<?xml version="1.0" encoding="UTF-8"?>
<alto xmlns="http://www.loc.gov/standards/alto/ns-v3#" xmlns:xlink="http://www.w3.org/1999/xlink" xmlns:xsi="http://www.w3.org/2001/XMLSchema-instance" xsi:schemaLocation="http://www.loc.gov/standards/alto/ns-v3# http://www.loc.gov/alto/v3/alto-3-0.xsd">
	<Description>
		<MeasurementUnit>pixel</MeasurementUnit>
		<sourceImageInformation>
			<fileName>/tmp/tess_5zzjnsvj_input.PNG</fileName>
		</sourceImageInformation>
		<OCRProcessing ID="OCR_0">
			<ocrProcessingStep>
				<processingSoftware>
					<softwareName>tesseract 5.3.4</softwareName>
				</processingSoftware>
			</ocrProcessingStep>
		</OCRProcessing>
	</Description>
	<Layout>
		<Page WIDTH="1031" HEIGHT="1620" PHYSICAL_IMG_NR="0" ID="page_0">
			<PrintSpace HPOS="0" VPOS="0" WIDTH="1031" HEIGHT="1620">
				<ComposedBlock ID="cblock_0" HPOS="274" VPOS="110" WIDTH="532" HEIGHT="31">
					<TextBlock ID="block_0" HPOS="274" VPOS="110" WIDTH="532" HEIGHT="31">
						<TextLine ID="line_0" HPOS="274" VPOS="110" WIDTH="532" HEIGHT="31">
							<String ID="string_0" HPOS="274" VPOS="112" WIDTH="80" HEIGHT="23" WC="0.91" CONTENT="Ständ."/><SP WIDTH="15" VPOS="112" HPOS="354"/>
							<String ID="string_1" HPOS="369" VPOS="113" WIDTH="38" HEIGHT="23" WC="0.93" CONTENT="Sv."/><SP WIDTH="17" VPOS="113" HPOS="407"/>
							<String ID="string_2" HPOS="424" VPOS="125" WIDTH="23" HEIGHT="3" WC="0.91" CONTENT="—"/><SP WIDTH="17" VPOS="125" HPOS="447"/>
							<String ID="string_3" HPOS="464" VPOS="113" WIDTH="71" HEIGHT="28" WC="0.96" CONTENT="Prop."/><SP WIDTH="15" VPOS="113" HPOS="535"/>
							<String ID="string_4" HPOS="550" VPOS="113" WIDTH="41" HEIGHT="23" WC="0.96" CONTENT="N:o"/><SP WIDTH="14" VPOS="113" HPOS="591"/>
							<String ID="string_5" HPOS="605" VPOS="113" WIDTH="34" HEIGHT="23" WC="0.95" CONTENT="15."/><SP WIDTH="140" VPOS="113" HPOS="639"/>
							<String ID="string_6" HPOS="779" VPOS="110" WIDTH="27" HEIGHT="23" WC="0.96" CONTENT="37"/>
						</TextLine>
					</TextBlock>
				</ComposedBlock>
				<ComposedBlock ID="cblock_1" HPOS="289" VPOS="175" WIDTH="546" HEIGHT="62">
					<TextBlock ID="block_1" HPOS="289" VPOS="175" WIDTH="546" HEIGHT="62">
						<TextLine ID="line_1" HPOS="289" VPOS="175" WIDTH="546" HEIGHT="28">
							<String ID="string_7" HPOS="289" VPOS="176" WIDTH="31" HEIGHT="27" WC="0.95" CONTENT="på"/><SP WIDTH="15" VPOS="176" HPOS="320"/>
							<String ID="string_8" HPOS="335" VPOS="175" WIDTH="73" HEIGHT="22" WC="0.95" CONTENT="stället"/><SP WIDTH="22" VPOS="175" HPOS="408"/>
							<String ID="string_9" HPOS="430" VPOS="176" WIDTH="39" HEIGHT="21" WC="0.95" CONTENT="och"/><SP WIDTH="22" VPOS="176" HPOS="469"/>
							<String ID="string_10" HPOS="491" VPOS="176" WIDTH="36" HEIGHT="21" WC="0.93" CONTENT="vid"/><SP WIDTH="22" VPOS="176" HPOS="527"/>
							<String ID="string_11" HPOS="549" VPOS="175" WIDTH="63" HEIGHT="22" WC="0.96" CONTENT="hvars"/><SP WIDTH="15" VPOS="175" HPOS="612"/>
							<String ID="string_12" HPOS="627" VPOS="176" WIDTH="68" HEIGHT="21" WC="0.93" CONTENT="beslut"/><SP WIDTH="16" VPOS="176" HPOS="695"/>
							<String ID="string_13" HPOS="711" VPOS="175" WIDTH="77" HEIGHT="28" WC="0.65" CONTENT="blifver"/><SP WIDTH="15" VPOS="175" HPOS="788"/>
							<String ID="string_14" HPOS="803" VPOS="175" WIDTH="32" HEIGHT="21" WC="0.91" CONTENT="be-"/>
						</TextLine>
						<TextLine ID="line_2" HPOS="292" VPOS="209" WIDTH="541" HEIGHT="28">
							<String ID="string_15" HPOS="292" VPOS="209" WIDTH="78" HEIGHT="22" WC="0.92" CONTENT="roende"/><SP WIDTH="14" VPOS="209" HPOS="370"/>
							<String ID="string_16" HPOS="384" VPOS="212" WIDTH="53" HEIGHT="19" WC="0.96" CONTENT="utan"/><SP WIDTH="16" VPOS="212" HPOS="437"/>
							<String ID="string_17" HPOS="453" VPOS="212" WIDTH="33" HEIGHT="19" WC="0.96" CONTENT="att"/><SP WIDTH="16" VPOS="212" HPOS="486"/>
							<String ID="string_18" HPOS="502" VPOS="209" WIDTH="74" HEIGHT="22" WC="0.96" CONTENT="besvär"/><SP WIDTH="11" VPOS="209" HPOS="576"/>
							<String ID="string_19" HPOS="587" VPOS="210" WIDTH="77" HEIGHT="21" WC="0.96" CONTENT="vidare"/><SP WIDTH="15" VPOS="210" HPOS="664"/>
							<String ID="string_20" HPOS="679" VPOS="211" WIDTH="35" HEIGHT="20" WC="0.93" CONTENT="mä"/><SP WIDTH="16" VPOS="211" HPOS="714"/>
							<String ID="string_21" HPOS="730" VPOS="217" WIDTH="39" HEIGHT="20" WC="0.92" CONTENT="ega"/><SP WIDTH="10" VPOS="217" HPOS="769"/>
							<String ID="string_22" HPOS="779" VPOS="216" WIDTH="54" HEIGHT="14" WC="0.96" CONTENT="rum."/>
						</TextLine>
					</TextBlock>
				</ComposedBlock>
				<ComposedBlock ID="cblock_2" HPOS="529" VPOS="267" WIDTH="64" HEIGHT="26">
					<TextBlock ID="block_2" HPOS="529" VPOS="267" WIDTH="64" HEIGHT="26">
						<TextLine ID="line_3" HPOS="529" VPOS="267" WIDTH="64" HEIGHT="26">
							<String ID="string_23" HPOS="529" VPOS="267" WIDTH="15" HEIGHT="26" WC="0.93" CONTENT="$"/><SP WIDTH="15" VPOS="267" HPOS="544"/>
							<String ID="string_24" HPOS="559" VPOS="267" WIDTH="34" HEIGHT="20" WC="0.95" CONTENT="51."/>
						</TextLine>
					</TextBlock>
				</ComposedBlock>
				<ComposedBlock ID="cblock_3" HPOS="289" VPOS="306" WIDTH="548" HEIGHT="577">
					<TextBlock ID="block_3" HPOS="289" VPOS="306" WIDTH="548" HEIGHT="577">
						<TextLine ID="line_4" HPOS="351" VPOS="306" WIDTH="484" HEIGHT="33">
							<String ID="string_25" HPOS="351" VPOS="306" WIDTH="65" HEIGHT="32" WC="0.93" CONTENT="Öfver"/><SP WIDTH="21" VPOS="306" HPOS="416"/>
							<String ID="string_26" HPOS="437" VPOS="311" WIDTH="98" HEIGHT="28" WC="0.86" CONTENT="grufoor,"/><SP WIDTH="20" VPOS="311" HPOS="535"/>
							<String ID="string_27" HPOS="555" VPOS="318" WIDTH="44" HEIGHT="14" WC="0.93" CONTENT="som"/><SP WIDTH="16" VPOS="318" HPOS="599"/>
							<String ID="string_28" HPOS="615" VPOS="311" WIDTH="110" HEIGHT="22" WC="0.96" CONTENT="bearbetas"/><SP WIDTH="15" VPOS="311" HPOS="725"/>
							<String ID="string_29" HPOS="740" VPOS="311" WIDTH="37" HEIGHT="21" WC="0.93" CONTENT="och"/><SP WIDTH="15" VPOS="311" HPOS="777"/>
							<String ID="string_30" HPOS="792" VPOS="311" WIDTH="43" HEIGHT="20" WC="0.96" CONTENT="icke"/>
						</TextLine>
						<TextLine ID="line_5" HPOS="294" VPOS="345" WIDTH="541" HEIGHT="28">
							<String ID="string_31" HPOS="294" VPOS="346" WIDTH="7" HEIGHT="19" WC="0.89" CONTENT="i"/><SP WIDTH="14" VPOS="346" HPOS="301"/>
							<String ID="string_32" HPOS="315" VPOS="346" WIDTH="34" HEIGHT="20" WC="0.89" CONTENT="sin"/><SP WIDTH="22" VPOS="346" HPOS="349"/>
							<String ID="string_33" HPOS="371" VPOS="345" WIDTH="69" HEIGHT="21" WC="0.96" CONTENT="helhet"/><SP WIDTH="23" VPOS="345" HPOS="440"/>
							<String ID="string_34" HPOS="463" VPOS="347" WIDTH="38" HEIGHT="19" WC="0.96" CONTENT="äro"/><SP WIDTH="18" VPOS="347" HPOS="501"/>
							<String ID="string_35" HPOS="519" VPOS="345" WIDTH="58" HEIGHT="27" WC="0.96" CONTENT="från"/><SP WIDTH="22" VPOS="345" HPOS="577"/>
							<String ID="string_36" HPOS="599" VPOS="345" WIDTH="70" HEIGHT="28" WC="0.93" CONTENT="dagen"/><SP WIDTH="16" VPOS="345" HPOS="669"/>
							<String ID="string_37" HPOS="685" VPOS="345" WIDTH="58" HEIGHT="27" WC="0.93" CONTENT="fullt"/><SP WIDTH="15" VPOS="345" HPOS="743"/>
							<String ID="string_38" HPOS="758" VPOS="345" WIDTH="77" HEIGHT="21" WC="0.91" CONTENT="äskäd-"/>
						</TextLine>
						<TextLine ID="line_6" HPOS="294" VPOS="379" WIDTH="541" HEIGHT="28">
							<String ID="string_39" HPOS="294" VPOS="380" WIDTH="50" HEIGHT="27" WC="0.95" CONTENT="liga,"/><SP WIDTH="23" VPOS="380" HPOS="344"/>
							<String ID="string_40" HPOS="367" VPOS="379" WIDTH="57" HEIGHT="21" WC="0.93" CONTENT="skall"/><SP WIDTH="21" VPOS="379" HPOS="424"/>
							<String ID="string_41" HPOS="445" VPOS="379" WIDTH="137" HEIGHT="28" WC="0.92" CONTENT="grufegaren,"/><SP WIDTH="22" VPOS="379" HPOS="582"/>
							<String ID="string_42" HPOS="604" VPOS="381" WIDTH="42" HEIGHT="19" WC="0.93" CONTENT="när"/><SP WIDTH="23" VPOS="381" HPOS="646"/>
							<String ID="string_43" HPOS="669" VPOS="379" WIDTH="166" HEIGHT="28" WC="0.91" CONTENT="bergsstyrelsen"/>
						</TextLine>
						<TextLine ID="line_7" HPOS="289" VPOS="412" WIDTH="546" HEIGHT="28">
							<String ID="string_44" HPOS="289" VPOS="412" WIDTH="75" HEIGHT="28" WC="0.88" CONTENT="Jinner"/><SP WIDTH="23" VPOS="412" HPOS="364"/>
							<String ID="string_45" HPOS="387" VPOS="413" WIDTH="35" HEIGHT="21" WC="0.93" CONTENT="det"/><SP WIDTH="22" VPOS="413" HPOS="422"/>
							<String ID="string_46" HPOS="444" VPOS="412" WIDTH="82" HEIGHT="28" WC="0.90" CONTENT="nödigt,"/><SP WIDTH="23" VPOS="412" HPOS="526"/>
							<String ID="string_47" HPOS="549" VPOS="413" WIDTH="46" HEIGHT="20" WC="0.96" CONTENT="låta"/><SP WIDTH="12" VPOS="413" HPOS="595"/>
							<String ID="string_48" HPOS="607" VPOS="413" WIDTH="31" HEIGHT="27" WC="0.96" CONTENT="pä"/><SP WIDTH="15" VPOS="413" HPOS="638"/>
							<String ID="string_49" HPOS="653" VPOS="420" WIDTH="50" HEIGHT="20" WC="0.93" CONTENT="egen"/><SP WIDTH="16" VPOS="420" HPOS="703"/>
							<String ID="string_50" HPOS="719" VPOS="412" WIDTH="116" HEIGHT="21" WC="0.96" CONTENT="bekostnad"/>
						</TextLine>
						<TextLine ID="line_8" HPOS="293" VPOS="446" WIDTH="540" HEIGHT="29">
							<String ID="string_51" HPOS="293" VPOS="449" WIDTH="104" HEIGHT="25" WC="0.92" CONTENT="upprätta"/><SP WIDTH="23" VPOS="449" HPOS="397"/>
							<String ID="string_52" HPOS="420" VPOS="453" WIDTH="128" HEIGHT="22" WC="0.91" CONTENT="noggranna"/><SP WIDTH="21" VPOS="453" HPOS="548"/>
							<String ID="string_53" HPOS="569" VPOS="447" WIDTH="36" HEIGHT="21" WC="0.93" CONTENT="och"/><SP WIDTH="12" VPOS="447" HPOS="605"/>
							<String ID="string_54" HPOS="617" VPOS="446" WIDTH="152" HEIGHT="28" WC="0.91" CONTENT="fullständiga"/><SP WIDTH="15" VPOS="446" HPOS="769"/>
							<String ID="string_55" HPOS="784" VPOS="446" WIDTH="49" HEIGHT="22" WC="0.93" CONTENT="kar-"/>
						</TextLine>
						<TextLine ID="line_9" HPOS="294" VPOS="480" WIDTH="541" HEIGHT="27">
							<String ID="string_56" HPOS="294" VPOS="484" WIDTH="39" HEIGHT="23" WC="0.92" CONTENT="tor,"/><SP WIDTH="24" VPOS="484" HPOS="333"/>
							<String ID="string_57" HPOS="357" VPOS="481" WIDTH="95" HEIGHT="21" WC="0.91" CONTENT="börande"/><SP WIDTH="22" VPOS="481" HPOS="452"/>
							<String ID="string_58" HPOS="474" VPOS="481" WIDTH="61" HEIGHT="21" WC="0.96" CONTENT="dessa"/><SP WIDTH="23" VPOS="481" HPOS="535"/>
							<String ID="string_59" HPOS="558" VPOS="481" WIDTH="37" HEIGHT="21" WC="0.93" CONTENT="och"/><SP WIDTH="23" VPOS="481" HPOS="595"/>
							<String ID="string_60" HPOS="618" VPOS="488" WIDTH="81" HEIGHT="14" WC="0.91" CONTENT="annars"/><SP WIDTH="24" VPOS="488" HPOS="699"/>
							<String ID="string_61" HPOS="723" VPOS="480" WIDTH="112" HEIGHT="22" WC="0.92" CONTENT="tillkomna"/>
						</TextLine>
						<TextLine ID="line_10" HPOS="293" VPOS="514" WIDTH="542" HEIGHT="29">
							<String ID="string_62" HPOS="293" VPOS="515" WIDTH="159" HEIGHT="27" WC="0.92" CONTENT="grufvekartor,"/><SP WIDTH="15" VPOS="515" HPOS="452"/>
							<String ID="string_63" HPOS="467" VPOS="515" WIDTH="55" HEIGHT="27" WC="0.88" CONTENT="efter"/><SP WIDTH="22" VPOS="515" HPOS="522"/>
							<String ID="string_64" HPOS="544" VPOS="515" WIDTH="177" HEIGHT="28" WC="0.88" CONTENT="bergsstyrelsens"/><SP WIDTH="10" VPOS="515" HPOS="721"/>
							<String ID="string_65" HPOS="731" VPOS="514" WIDTH="104" HEIGHT="28" WC="0.86" CONTENT="pröfning"/>
						</TextLine>
						<TextLine ID="line_11" HPOS="294" VPOS="549" WIDTH="541" HEIGHT="28">
							<String ID="string_66" HPOS="294" VPOS="549" WIDTH="37" HEIGHT="21" WC="0.95" CONTENT="och"/><SP WIDTH="22" VPOS="549" HPOS="331"/>
							<String ID="string_67" HPOS="353" VPOS="550" WIDTH="164" HEIGHT="25" WC="0.95" CONTENT="bestämmande,"/><SP WIDTH="23" VPOS="550" HPOS="517"/>
							<String ID="string_68" HPOS="540" VPOS="556" WIDTH="73" HEIGHT="21" WC="0.93" CONTENT="genom"/><SP WIDTH="16" VPOS="556" HPOS="613"/>
							<String ID="string_69" HPOS="629" VPOS="550" WIDTH="145" HEIGHT="27" WC="0.87" CONTENT="grufegarens"/><SP WIDTH="11" VPOS="550" HPOS="774"/>
							<String ID="string_70" HPOS="785" VPOS="549" WIDTH="50" HEIGHT="27" WC="0.89" CONTENT="för-"/>
						</TextLine>
						<TextLine ID="line_12" HPOS="294" VPOS="583" WIDTH="541" HEIGHT="29">
							<String ID="string_71" HPOS="294" VPOS="590" WIDTH="49" HEIGHT="22" WC="0.93" CONTENT="sorg"/><SP WIDTH="16" VPOS="590" HPOS="343"/>
							<String ID="string_72" HPOS="359" VPOS="584" WIDTH="8" HEIGHT="20" WC="0.94" CONTENT="i"/><SP WIDTH="14" VPOS="584" HPOS="367"/>
							<String ID="string_73" HPOS="381" VPOS="584" WIDTH="50" HEIGHT="20" WC="0.94" CONTENT="män"/><SP WIDTH="16" VPOS="584" HPOS="431"/>
							<String ID="string_74" HPOS="447" VPOS="584" WIDTH="30" HEIGHT="25" WC="0.93" CONTENT="af"/><SP WIDTH="11" VPOS="584" HPOS="477"/>
							<String ID="string_75" HPOS="488" VPOS="583" WIDTH="66" HEIGHT="28" WC="0.89" CONTENT="behof"/><SP WIDTH="18" VPOS="583" HPOS="554"/>
							<String ID="string_76" HPOS="572" VPOS="584" WIDTH="149" HEIGHT="27" WC="0.92" CONTENT="kompletteras"/><SP WIDTH="15" VPOS="584" HPOS="721"/>
							<String ID="string_77" HPOS="736" VPOS="586" WIDTH="55" HEIGHT="19" WC="0.96" CONTENT="samt"/><SP WIDTH="16" VPOS="586" HPOS="791"/>
							<String ID="string_78" HPOS="807" VPOS="585" WIDTH="28" HEIGHT="19" WC="0.93" CONTENT="ett"/>
						</TextLine>
						<TextLine ID="line_13" HPOS="295" VPOS="617" WIDTH="540" HEIGHT="28">
							<String ID="string_79" HPOS="295" VPOS="618" WIDTH="107" HEIGHT="27" WC="0.96" CONTENT="exemplar"/><SP WIDTH="15" VPOS="618" HPOS="402"/>
							<String ID="string_80" HPOS="417" VPOS="617" WIDTH="30" HEIGHT="28" WC="0.95" CONTENT="af"/><SP WIDTH="10" VPOS="617" HPOS="447"/>
							<String ID="string_81" HPOS="457" VPOS="618" WIDTH="102" HEIGHT="27" WC="0.93" CONTENT="samtliga"/><SP WIDTH="15" VPOS="618" HPOS="559"/>
							<String ID="string_82" HPOS="574" VPOS="618" WIDTH="76" HEIGHT="21" WC="0.96" CONTENT="kartor"/><SP WIDTH="15" VPOS="618" HPOS="650"/>
							<String ID="string_83" HPOS="665" VPOS="619" WIDTH="57" HEIGHT="20" WC="0.95" CONTENT="inom"/><SP WIDTH="16" VPOS="619" HPOS="722"/>
							<String ID="string_84" HPOS="738" VPOS="618" WIDTH="38" HEIGHT="26" WC="0.96" CONTENT="tid,"/><SP WIDTH="16" VPOS="618" HPOS="776"/>
							<String ID="string_85" HPOS="792" VPOS="624" WIDTH="43" HEIGHT="14" WC="0.96" CONTENT="som"/>
						</TextLine>
						<TextLine ID="line_14" HPOS="294" VPOS="652" WIDTH="541" HEIGHT="28">
							<String ID="string_86" HPOS="294" VPOS="652" WIDTH="31" HEIGHT="26" WC="0.93" CONTENT="af"/><SP WIDTH="11" VPOS="652" HPOS="325"/>
							<String ID="string_87" HPOS="336" VPOS="652" WIDTH="166" HEIGHT="28" WC="0.89" CONTENT="bergsstyrelsen"/><SP WIDTH="23" VPOS="652" HPOS="502"/>
							<String ID="string_88" HPOS="525" VPOS="652" WIDTH="128" HEIGHT="25" WC="0.95" CONTENT="bestämmes,"/><SP WIDTH="24" VPOS="652" HPOS="653"/>
							<String ID="string_89" HPOS="677" VPOS="652" WIDTH="32" HEIGHT="21" WC="0.93" CONTENT="dit"/><SP WIDTH="15" VPOS="652" HPOS="709"/>
							<String ID="string_90" HPOS="724" VPOS="652" WIDTH="111" HEIGHT="24" WC="0.96" CONTENT="insändas,"/>
						</TextLine>
						<TextLine ID="line_15" HPOS="296" VPOS="686" WIDTH="539" HEIGHT="28">
							<String ID="string_91" HPOS="296" VPOS="686" WIDTH="35" HEIGHT="20" WC="0.92" CONTENT="vid"/><SP WIDTH="15" VPOS="686" HPOS="331"/>
							<String ID="string_92" HPOS="346" VPOS="686" WIDTH="102" HEIGHT="28" WC="0.92" CONTENT="äfventyr"/><SP WIDTH="15" VPOS="686" HPOS="448"/>
							<String ID="string_93" HPOS="463" VPOS="688" WIDTH="33" HEIGHT="19" WC="0.93" CONTENT="att"/><SP WIDTH="15" VPOS="688" HPOS="496"/>
							<String ID="string_94" HPOS="511" VPOS="686" WIDTH="74" HEIGHT="28" WC="0.92" CONTENT="dylika"/><SP WIDTH="16" VPOS="686" HPOS="585"/>
							<String ID="string_95" HPOS="601" VPOS="686" WIDTH="75" HEIGHT="21" WC="0.91" CONTENT="kartor"/><SP WIDTH="15" VPOS="686" HPOS="676"/>
							<String ID="string_96" HPOS="691" VPOS="686" WIDTH="60" HEIGHT="24" WC="0.92" CONTENT="eljest"/><SP WIDTH="9" VPOS="686" HPOS="751"/>
							<String ID="string_97" HPOS="760" VPOS="692" WIDTH="75" HEIGHT="20" WC="0.95" CONTENT="genom"/>
						</TextLine>
						<TextLine ID="line_16" HPOS="294" VPOS="720" WIDTH="543" HEIGHT="28">
							<String ID="string_98" HPOS="294" VPOS="720" WIDTH="177" HEIGHT="28" WC="0.88" CONTENT="bergsstyrelsens"/><SP WIDTH="11" VPOS="720" HPOS="471"/>
							<String ID="string_99" HPOS="482" VPOS="720" WIDTH="181" HEIGHT="26" WC="0.92" CONTENT="föranstaltande"/><SP WIDTH="14" VPOS="720" HPOS="663"/>
							<String ID="string_100" HPOS="677" VPOS="722" WIDTH="116" HEIGHT="25" WC="0.92" CONTENT="upprättas"/><SP WIDTH="12" VPOS="722" HPOS="793"/>
							<String ID="string_101" HPOS="805" VPOS="720" WIDTH="32" HEIGHT="27" WC="0.96" CONTENT="pä"/>
						</TextLine>
						<TextLine ID="line_17" HPOS="294" VPOS="753" WIDTH="542" HEIGHT="29">
							<String ID="string_102" HPOS="294" VPOS="753" WIDTH="143" HEIGHT="29" WC="0.90" CONTENT="grufegarens"/><SP WIDTH="22" VPOS="753" HPOS="437"/>
							<String ID="string_103" HPOS="459" VPOS="754" WIDTH="122" HEIGHT="25" WC="0.90" CONTENT="bekostnad,"/><SP WIDTH="20" VPOS="754" HPOS="581"/>
							<String ID="string_104" HPOS="601" VPOS="755" WIDTH="107" HEIGHT="25" WC="0.89" CONTENT="äfvensom"/><SP WIDTH="15" VPOS="755" HPOS="708"/>
							<String ID="string_105" HPOS="723" VPOS="756" WIDTH="29" HEIGHT="18" WC="0.96" CONTENT="ett"/><SP WIDTH="15" VPOS="756" HPOS="752"/>
							<String ID="string_106" HPOS="767" VPOS="756" WIDTH="69" HEIGHT="18" WC="0.96" CONTENT="annat"/>
						</TextLine>
						<TextLine ID="line_18" HPOS="294" VPOS="788" WIDTH="542" HEIGHT="27">
							<String ID="string_107" HPOS="294" VPOS="788" WIDTH="109" HEIGHT="27" WC="0.96" CONTENT="exemplar"/><SP WIDTH="22" VPOS="788" HPOS="403"/>
							<String ID="string_108" HPOS="425" VPOS="788" WIDTH="29" HEIGHT="27" WC="0.93" CONTENT="af"/><SP WIDTH="17" VPOS="788" HPOS="454"/>
							<String ID="string_109" HPOS="471" VPOS="788" WIDTH="106" HEIGHT="21" WC="0.96" CONTENT="kartorna"/><SP WIDTH="22" VPOS="788" HPOS="577"/>
							<String ID="string_110" HPOS="599" VPOS="788" WIDTH="71" HEIGHT="21" WC="0.95" CONTENT="städse"/><SP WIDTH="15" VPOS="788" HPOS="670"/>
							<String ID="string_111" HPOS="685" VPOS="794" WIDTH="53" HEIGHT="15" WC="0.96" CONTENT="vara"/><SP WIDTH="11" VPOS="794" HPOS="738"/>
							<String ID="string_112" HPOS="749" VPOS="788" WIDTH="41" HEIGHT="27" WC="0.93" CONTENT="för"/><SP WIDTH="14" VPOS="788" HPOS="790"/>
							<String ID="string_113" HPOS="804" VPOS="794" WIDTH="32" HEIGHT="14" WC="0.93" CONTENT="ve-"/>
						</TextLine>
						<TextLine ID="line_19" HPOS="296" VPOS="821" WIDTH="539" HEIGHT="28">
							<String ID="string_114" HPOS="296" VPOS="822" WIDTH="133" HEIGHT="21" WC="0.87" CONTENT="derbörande"/><SP WIDTH="16" VPOS="822" HPOS="429"/>
							<String ID="string_115" HPOS="445" VPOS="822" WIDTH="188" HEIGHT="27" WC="0.91" CONTENT="bergstjensteman"/><SP WIDTH="17" VPOS="822" HPOS="633"/>
							<String ID="string_116" HPOS="650" VPOS="822" WIDTH="34" HEIGHT="20" WC="0.93" CONTENT="vid"/><SP WIDTH="10" VPOS="822" HPOS="684"/>
							<String ID="string_117" HPOS="694" VPOS="821" WIDTH="141" HEIGHT="28" WC="0.57" CONTENT="grufvefältet"/>
						</TextLine>
						<TextLine ID="line_20" HPOS="295" VPOS="856" WIDTH="140" HEIGHT="27">
							<String ID="string_118" HPOS="295" VPOS="856" WIDTH="140" HEIGHT="27" WC="0.96" CONTENT="tillgängligt."/>
						</TextLine>
					</TextBlock>
				</ComposedBlock>
				<ComposedBlock ID="cblock_4" HPOS="532" VPOS="914" WIDTH="66" HEIGHT="26">
					<TextBlock ID="block_4" HPOS="532" VPOS="914" WIDTH="66" HEIGHT="26">
						<TextLine ID="line_21" HPOS="532" VPOS="914" WIDTH="66" HEIGHT="26">
							<String ID="string_119" HPOS="532" VPOS="914" WIDTH="15" HEIGHT="26" WC="0.90" CONTENT="$"/><SP WIDTH="17" VPOS="914" HPOS="547"/>
							<String ID="string_120" HPOS="564" VPOS="914" WIDTH="34" HEIGHT="21" WC="0.90" CONTENT="52."/>
						</TextLine>
					</TextBlock>
				</ComposedBlock>
				<ComposedBlock ID="cblock_5" HPOS="292" VPOS="958" WIDTH="545" HEIGHT="506">
					<TextBlock ID="block_5" HPOS="292" VPOS="958" WIDTH="545" HEIGHT="506">
						<TextLine ID="line_22" HPOS="353" VPOS="958" WIDTH="483" HEIGHT="27">
							<String ID="string_121" HPOS="353" VPOS="958" WIDTH="65" HEIGHT="21" WC="0.95" CONTENT="Såväl"/><SP WIDTH="15" VPOS="958" HPOS="418"/>
							<String ID="string_122" HPOS="433" VPOS="958" WIDTH="70" HEIGHT="21" WC="0.96" CONTENT="under"/><SP WIDTH="16" VPOS="958" HPOS="503"/>
							<String ID="string_123" HPOS="519" VPOS="959" WIDTH="39" HEIGHT="20" WC="0.96" CONTENT="den"/><SP WIDTH="17" VPOS="959" HPOS="558"/>
							<String ID="string_124" HPOS="575" VPOS="959" WIDTH="32" HEIGHT="20" WC="0.93" CONTENT="tid"/><SP WIDTH="11" VPOS="959" HPOS="607"/>
							<String ID="string_125" HPOS="618" VPOS="958" WIDTH="162" HEIGHT="27" WC="0.92" CONTENT="försöksarbete"/><SP WIDTH="16" VPOS="958" HPOS="780"/>
							<String ID="string_126" HPOS="796" VPOS="959" WIDTH="40" HEIGHT="26" WC="0.91" CONTENT="på-"/>
						</TextLine>
						<TextLine ID="line_23" HPOS="294" VPOS="992" WIDTH="541" HEIGHT="27">
							<String ID="string_127" HPOS="294" VPOS="993" WIDTH="47" HEIGHT="26" WC="0.95" CONTENT="går,"/><SP WIDTH="24" VPOS="993" HPOS="341"/>
							<String ID="string_128" HPOS="365" VPOS="999" WIDTH="44" HEIGHT="14" WC="0.96" CONTENT="som"/><SP WIDTH="15" VPOS="999" HPOS="409"/>
							<String ID="string_129" HPOS="424" VPOS="992" WIDTH="39" HEIGHT="21" WC="0.96" CONTENT="ock"/><SP WIDTH="15" VPOS="992" HPOS="463"/>
							<String ID="string_130" HPOS="478" VPOS="992" WIDTH="54" HEIGHT="25" WC="0.96" CONTENT="efter"/><SP WIDTH="15" VPOS="992" HPOS="532"/>
							<String ID="string_131" HPOS="547" VPOS="993" WIDTH="35" HEIGHT="20" WC="0.93" CONTENT="det"/><SP WIDTH="15" VPOS="993" HPOS="582"/>
							<String ID="string_132" HPOS="597" VPOS="993" WIDTH="68" HEIGHT="20" WC="0.91" CONTENT="utmål"/><SP WIDTH="16" VPOS="993" HPOS="665"/>
							<String ID="string_133" HPOS="681" VPOS="993" WIDTH="70" HEIGHT="23" WC="0.93" CONTENT="blifvit"/><SP WIDTH="16" VPOS="993" HPOS="751"/>
							<String ID="string_134" HPOS="767" VPOS="992" WIDTH="68" HEIGHT="27" WC="0.92" CONTENT="lagdt,"/>
						</TextLine>
						<TextLine ID="line_24" HPOS="294" VPOS="1026" WIDTH="542" HEIGHT="29">
							<String ID="string_135" HPOS="294" VPOS="1027" WIDTH="71" HEIGHT="27" WC="0.90" CONTENT="åligge"/><SP WIDTH="16" VPOS="1027" HPOS="365"/>
							<String ID="string_136" HPOS="381" VPOS="1027" WIDTH="35" HEIGHT="20" WC="0.93" CONTENT="det"/><SP WIDTH="14" VPOS="1027" HPOS="416"/>
							<String ID="string_137" HPOS="430" VPOS="1028" WIDTH="119" HEIGHT="27" WC="0.92" CONTENT="grufegare"/><SP WIDTH="16" VPOS="1028" HPOS="549"/>
							<String ID="string_138" HPOS="565" VPOS="1027" WIDTH="51" HEIGHT="20" WC="0.96" CONTENT="eller"/><SP WIDTH="10" VPOS="1027" HPOS="616"/>
							<String ID="string_139" HPOS="626" VPOS="1026" WIDTH="119" HEIGHT="25" WC="0.96" CONTENT="förvaltare"/><SP WIDTH="10" VPOS="1026" HPOS="745"/>
							<String ID="string_140" HPOS="755" VPOS="1029" WIDTH="33" HEIGHT="19" WC="0.93" CONTENT="att"/><SP WIDTH="10" VPOS="1029" HPOS="788"/>
							<String ID="string_141" HPOS="798" VPOS="1033" WIDTH="38" HEIGHT="14" WC="0.91" CONTENT="an-"/>
						</TextLine>
						<TextLine ID="line_25" HPOS="293" VPOS="1061" WIDTH="544" HEIGHT="28">
							<String ID="string_142" HPOS="293" VPOS="1061" WIDTH="82" HEIGHT="26" WC="0.96" CONTENT="gående"/><SP WIDTH="22" VPOS="1061" HPOS="375"/>
							<String ID="string_143" HPOS="397" VPOS="1061" WIDTH="25" HEIGHT="20" WC="0.96" CONTENT="de"/><SP WIDTH="17" VPOS="1061" HPOS="422"/>
							<String ID="string_144" HPOS="439" VPOS="1061" WIDTH="9" HEIGHT="21" WC="0.93" CONTENT="i"/><SP WIDTH="15" VPOS="1061" HPOS="448"/>
							<String ID="string_145" HPOS="463" VPOS="1061" WIDTH="121" HEIGHT="28" WC="0.91" CONTENT="grufvorna"/><SP WIDTH="22" VPOS="1061" HPOS="584"/>
							<String ID="string_146" HPOS="606" VPOS="1061" WIDTH="83" HEIGHT="28" WC="0.93" CONTENT="årligen"/><SP WIDTH="24" VPOS="1061" HPOS="689"/>
							<String ID="string_147" HPOS="713" VPOS="1061" WIDTH="124" HEIGHT="20" WC="0.92" CONTENT="verkstälda"/>
						</TextLine>
						<TextLine ID="line_26" HPOS="294" VPOS="1095" WIDTH="541" HEIGHT="27">
							<String ID="string_148" HPOS="294" VPOS="1095" WIDTH="85" HEIGHT="21" WC="0.96" CONTENT="arbeten"/><SP WIDTH="18" VPOS="1095" HPOS="379"/>
							<String ID="string_149" HPOS="397" VPOS="1097" WIDTH="55" HEIGHT="19" WC="0.95" CONTENT="samt"/><SP WIDTH="11" VPOS="1097" HPOS="452"/>
							<String ID="string_150" HPOS="463" VPOS="1097" WIDTH="60" HEIGHT="24" WC="0.80" CONTENT="öjver"/><SP WIDTH="11" VPOS="1097" HPOS="523"/>
							<String ID="string_151" HPOS="534" VPOS="1095" WIDTH="95" HEIGHT="27" WC="0.96" CONTENT="beloppet"/><SP WIDTH="10" VPOS="1095" HPOS="629"/>
							<String ID="string_152" HPOS="639" VPOS="1095" WIDTH="30" HEIGHT="26" WC="0.96" CONTENT="af"/><SP WIDTH="7" VPOS="1095" HPOS="669"/>
							<String ID="string_153" HPOS="676" VPOS="1101" WIDTH="83" HEIGHT="15" WC="0.96" CONTENT="vunnen"/><SP WIDTH="10" VPOS="1101" HPOS="759"/>
							<String ID="string_154" HPOS="769" VPOS="1095" WIDTH="66" HEIGHT="20" WC="0.95" CONTENT="malm"/>
						</TextLine>
						<TextLine ID="line_27" HPOS="294" VPOS="1129" WIDTH="542" HEIGHT="28">
							<String ID="string_155" HPOS="294" VPOS="1129" WIDTH="52" HEIGHT="20" WC="0.96" CONTENT="eller"/><SP WIDTH="14" VPOS="1129" HPOS="346"/>
							<String ID="string_156" HPOS="360" VPOS="1129" WIDTH="74" HEIGHT="21" WC="0.96" CONTENT="metall"/><SP WIDTH="15" VPOS="1129" HPOS="434"/>
							<String ID="string_157" HPOS="449" VPOS="1132" WIDTH="57" HEIGHT="18" WC="0.93" CONTENT="samt"/><SP WIDTH="15" VPOS="1132" HPOS="506"/>
							<String ID="string_158" HPOS="521" VPOS="1129" WIDTH="138" HEIGHT="28" WC="0.90" CONTENT="uppfordrad"/><SP WIDTH="15" VPOS="1129" HPOS="659"/>
							<String ID="string_159" HPOS="674" VPOS="1129" WIDTH="90" HEIGHT="28" WC="0.92" CONTENT="ofyndig"/><SP WIDTH="11" VPOS="1129" HPOS="764"/>
							<String ID="string_160" HPOS="775" VPOS="1129" WIDTH="61" HEIGHT="27" WC="0.92" CONTENT="berg-"/>
						</TextLine>
						<TextLine ID="line_28" HPOS="294" VPOS="1163" WIDTH="543" HEIGHT="28">
							<String ID="string_161" HPOS="294" VPOS="1166" WIDTH="35" HEIGHT="18" WC="0.94" CONTENT="art"/><SP WIDTH="15" VPOS="1166" HPOS="329"/>
							<String ID="string_162" HPOS="344" VPOS="1163" WIDTH="108" HEIGHT="27" WC="0.91" CONTENT="äfvensom"/><SP WIDTH="11" VPOS="1163" HPOS="452"/>
							<String ID="string_163" HPOS="463" VPOS="1163" WIDTH="75" HEIGHT="21" WC="0.91" CONTENT="dertill"/><SP WIDTH="10" VPOS="1163" HPOS="538"/>
							<String ID="string_164" HPOS="548" VPOS="1163" WIDTH="101" HEIGHT="21" WC="0.96" CONTENT="använda"/><SP WIDTH="10" VPOS="1163" HPOS="649"/>
							<String ID="string_165" HPOS="659" VPOS="1163" WIDTH="128" HEIGHT="28" WC="0.96" CONTENT="dagsverken"/><SP WIDTH="12" VPOS="1163" HPOS="787"/>
							<String ID="string_166" HPOS="799" VPOS="1163" WIDTH="38" HEIGHT="20" WC="0.96" CONTENT="och"/>
						</TextLine>
						<TextLine ID="line_29" HPOS="294" VPOS="1197" WIDTH="542" HEIGHT="28">
							<String ID="string_167" HPOS="294" VPOS="1197" WIDTH="115" HEIGHT="21" WC="0.96" CONTENT="kostnader"/><SP WIDTH="25" VPOS="1197" HPOS="409"/>
							<String ID="string_168" HPOS="434" VPOS="1197" WIDTH="57" HEIGHT="27" WC="0.96" CONTENT="föra"/><SP WIDTH="25" VPOS="1197" HPOS="491"/>
							<String ID="string_169" HPOS="516" VPOS="1204" WIDTH="127" HEIGHT="21" WC="0.94" CONTENT="noggranna"/><SP WIDTH="31" VPOS="1204" HPOS="643"/>
							<String ID="string_170" HPOS="674" VPOS="1197" WIDTH="162" HEIGHT="28" WC="0.95" CONTENT="anteckningar,"/>
						</TextLine>
						<TextLine ID="line_30" HPOS="294" VPOS="1230" WIDTH="543" HEIGHT="28">
							<String ID="string_171" HPOS="294" VPOS="1230" WIDTH="84" HEIGHT="28" WC="0.95" CONTENT="hvaraf"/><SP WIDTH="19" VPOS="1230" HPOS="378"/>
							<String ID="string_172" HPOS="397" VPOS="1232" WIDTH="154" HEIGHT="26" WC="0.94" CONTENT="sammandrag"/><SP WIDTH="24" VPOS="1232" HPOS="551"/>
							<String ID="string_173" HPOS="575" VPOS="1231" WIDTH="120" HEIGHT="21" WC="0.94" CONTENT="sedermera"/><SP WIDTH="24" VPOS="1231" HPOS="695"/>
							<String ID="string_174" HPOS="719" VPOS="1231" WIDTH="56" HEIGHT="21" WC="0.94" CONTENT="skall"/><SP WIDTH="20" VPOS="1231" HPOS="775"/>
							<String ID="string_175" HPOS="795" VPOS="1230" WIDTH="42" HEIGHT="27" WC="0.96" CONTENT="för"/>
						</TextLine>
						<TextLine ID="line_31" HPOS="293" VPOS="1265" WIDTH="543" HEIGHT="28">
							<String ID="string_176" HPOS="293" VPOS="1265" WIDTH="75" HEIGHT="28" WC="0.67" CONTENT="hvarje"/><SP WIDTH="15" VPOS="1265" HPOS="368"/>
							<String ID="string_177" HPOS="383" VPOS="1266" WIDTH="26" HEIGHT="20" WC="0.96" CONTENT="år"/><SP WIDTH="16" VPOS="1266" HPOS="409"/>
							<String ID="string_178" HPOS="425" VPOS="1266" WIDTH="114" HEIGHT="20" WC="0.95" CONTENT="tillställas"/><SP WIDTH="16" VPOS="1266" HPOS="539"/>
							<String ID="string_179" HPOS="555" VPOS="1265" WIDTH="158" HEIGHT="28" WC="0.96" CONTENT="bergmästaren"/><SP WIDTH="15" VPOS="1265" HPOS="713"/>
							<String ID="string_180" HPOS="728" VPOS="1266" WIDTH="58" HEIGHT="20" WC="0.93" CONTENT="inom"/><SP WIDTH="15" VPOS="1266" HPOS="786"/>
							<String ID="string_181" HPOS="801" VPOS="1268" WIDTH="35" HEIGHT="18" WC="0.92" CONTENT="ut-"/>
						</TextLine>
						<TextLine ID="line_32" HPOS="292" VPOS="1299" WIDTH="545" HEIGHT="28">
							<String ID="string_182" HPOS="292" VPOS="1300" WIDTH="85" HEIGHT="27" WC="0.95" CONTENT="gången"/><SP WIDTH="22" VPOS="1300" HPOS="377"/>
							<String ID="string_183" HPOS="399" VPOS="1299" WIDTH="30" HEIGHT="27" WC="0.96" CONTENT="af"/><SP WIDTH="10" VPOS="1299" HPOS="429"/>
							<String ID="string_184" HPOS="439" VPOS="1299" WIDTH="110" HEIGHT="21" WC="0.96" CONTENT="Februari"/><SP WIDTH="14" VPOS="1299" HPOS="549"/>
							<String ID="string_185" HPOS="563" VPOS="1299" WIDTH="80" HEIGHT="21" WC="0.96" CONTENT="månad"/><SP WIDTH="15" VPOS="1299" HPOS="643"/>
							<String ID="string_186" HPOS="658" VPOS="1299" WIDTH="33" HEIGHT="21" WC="0.96" CONTENT="det"/><SP WIDTH="12" VPOS="1299" HPOS="691"/>
							<String ID="string_187" HPOS="703" VPOS="1299" WIDTH="134" HEIGHT="27" WC="0.96" CONTENT="påföljande"/>
						</TextLine>
						<TextLine ID="line_33" HPOS="293" VPOS="1333" WIDTH="543" HEIGHT="28">
							<String ID="string_188" HPOS="293" VPOS="1334" WIDTH="53" HEIGHT="25" WC="0.95" CONTENT="året,"/><SP WIDTH="15" VPOS="1334" HPOS="346"/>
							<String ID="string_189" HPOS="361" VPOS="1334" WIDTH="36" HEIGHT="20" WC="0.96" CONTENT="vid"/><SP WIDTH="14" VPOS="1334" HPOS="397"/>
							<String ID="string_190" HPOS="411" VPOS="1334" WIDTH="42" HEIGHT="20" WC="0.96" CONTENT="vite"/><SP WIDTH="15" VPOS="1334" HPOS="453"/>
							<String ID="string_191" HPOS="468" VPOS="1334" WIDTH="31" HEIGHT="26" WC="0.92" CONTENT="af"/><SP WIDTH="12" VPOS="1334" HPOS="499"/>
							<String ID="string_192" HPOS="511" VPOS="1334" WIDTH="63" HEIGHT="27" WC="0.91" CONTENT="tjugu"/><SP WIDTH="16" VPOS="1334" HPOS="574"/>
							<String ID="string_193" HPOS="590" VPOS="1333" WIDTH="62" HEIGHT="21" WC="0.96" CONTENT="mark"/><SP WIDTH="15" VPOS="1333" HPOS="652"/>
							<String ID="string_194" HPOS="667" VPOS="1340" WIDTH="32" HEIGHT="14" WC="0.96" CONTENT="om"/><SP WIDTH="10" VPOS="1340" HPOS="699"/>
							<String ID="string_195" HPOS="709" VPOS="1334" WIDTH="80" HEIGHT="20" WC="0.92" CONTENT="sådant"/><SP WIDTH="11" VPOS="1334" HPOS="789"/>
							<String ID="string_196" HPOS="800" VPOS="1340" WIDTH="36" HEIGHT="14" WC="0.91" CONTENT="ur-"/>
						</TextLine>
						<TextLine ID="line_34" HPOS="292" VPOS="1366" WIDTH="544" HEIGHT="29">
							<String ID="string_197" HPOS="292" VPOS="1367" WIDTH="99" HEIGHT="21" WC="0.91" CONTENT="aktlåtes."/><SP WIDTH="32" VPOS="1367" HPOS="391"/>
							<String ID="string_198" HPOS="423" VPOS="1368" WIDTH="88" HEIGHT="21" WC="0.95" CONTENT="Samma"/><SP WIDTH="23" VPOS="1368" HPOS="511"/>
							<String ID="string_199" HPOS="534" VPOS="1367" WIDTH="121" HEIGHT="28" WC="0.93" CONTENT="skyldighet"/><SP WIDTH="24" VPOS="1367" HPOS="655"/>
							<String ID="string_200" HPOS="679" VPOS="1368" WIDTH="70" HEIGHT="27" WC="0.91" CONTENT="äligge"/><SP WIDTH="23" VPOS="1368" HPOS="749"/>
							<String ID="string_201" HPOS="772" VPOS="1366" WIDTH="64" HEIGHT="28" WC="0.95" CONTENT="äfven"/>
						</TextLine>
						<TextLine ID="line_35" HPOS="292" VPOS="1401" WIDTH="543" HEIGHT="28">
							<String ID="string_202" HPOS="292" VPOS="1402" WIDTH="47" HEIGHT="25" WC="0.95" CONTENT="den,"/><SP WIDTH="24" VPOS="1402" HPOS="339"/>
							<String ID="string_203" HPOS="363" VPOS="1408" WIDTH="45" HEIGHT="14" WC="0.93" CONTENT="som"/><SP WIDTH="15" VPOS="1408" HPOS="408"/>
							<String ID="string_204" HPOS="423" VPOS="1401" WIDTH="109" HEIGHT="24" WC="0.66" CONTENT="bedrifver"/><SP WIDTH="18" VPOS="1401" HPOS="532"/>
							<String ID="string_205" HPOS="550" VPOS="1402" WIDTH="83" HEIGHT="20" WC="0.92" CONTENT="vaskeri"/><SP WIDTH="14" VPOS="1402" HPOS="633"/>
							<String ID="string_206" HPOS="647" VPOS="1404" WIDTH="55" HEIGHT="18" WC="0.92" CONTENT="samt"/><SP WIDTH="15" VPOS="1404" HPOS="702"/>
							<String ID="string_207" HPOS="717" VPOS="1401" WIDTH="118" HEIGHT="28" WC="0.92" CONTENT="sjömalms-"/>
						</TextLine>
						<TextLine ID="line_36" HPOS="293" VPOS="1435" WIDTH="542" HEIGHT="29">
							<String ID="string_208" HPOS="293" VPOS="1438" WIDTH="47" HEIGHT="26" WC="0.87" CONTENT="tägt"/><SP WIDTH="23" VPOS="1438" HPOS="340"/>
							<String ID="string_209" HPOS="363" VPOS="1436" WIDTH="52" HEIGHT="20" WC="0.93" CONTENT="eller"/><SP WIDTH="22" VPOS="1436" HPOS="415"/>
							<String ID="string_210" HPOS="437" VPOS="1436" WIDTH="112" HEIGHT="21" WC="0.93" CONTENT="bearbetar"/><SP WIDTH="11" VPOS="1436" HPOS="549"/>
							<String ID="string_211" HPOS="560" VPOS="1435" WIDTH="119" HEIGHT="29" WC="0.92" CONTENT="fyndighet"/><SP WIDTH="14" VPOS="1435" HPOS="679"/>
							<String ID="string_212" HPOS="693" VPOS="1436" WIDTH="8" HEIGHT="20" WC="0.95" CONTENT="i"/><SP WIDTH="16" VPOS="1436" HPOS="701"/>
							<String ID="string_213" HPOS="717" VPOS="1436" WIDTH="44" HEIGHT="20" WC="0.93" CONTENT="lösa"/><SP WIDTH="10" VPOS="1436" HPOS="761"/>
							<String ID="string_214" HPOS="771" VPOS="1435" WIDTH="64" HEIGHT="27" WC="0.93" CONTENT="jord-"/>
						</TextLine>
					</TextBlock>
				</ComposedBlock>
			</PrintSpace>
		</Page>
	</Layout>
</alto>
