1006 1614
400 65 35 21 N:o
446 65 20 21 5.
769 65 12 20 3

58 134 39 20 och
119 133 47 21 icke
189 133 67 21 heller
279 133 84 21 utöfvat
382 139 70 15 annan
472 133 81 21 verkan
573 135 26 18 än
616 132 101 27 möjligen
733 133 33 20 att
780 131 31 21 in-

58 169 132 19 strumenten
210 167 60 21 öfver
290 168 64 20 dessa
373 167 157 27 förrättningar
550 167 93 21 blifvit
639 162 12 36 i
660 166 86 22 formelt
761 166 52 20 hän-

58 201 78 21 seende
152 200 103 22 affattade
274 201 28 27 på
322 203 32 19 ett
368 201 101 26 måttliga
484 201 94 27 anspråk
594 200 152 21 motsvarande
762 201 51 20 sätt.

130 235 10 20 I
156 234 102 22 städerna
278 235 96 21 deremot
394 235 64 21 hafva
477 241 77 20 genom
574 241 28 14 nu
621 234 117 21 bestående
754 233 59 22 stad-

59 269 83 24 ganden
158 269 164 21 förhållandena
337 269 104 26 gestaltat
457 269 33 26 sig
506 269 148 25 väsendtligen
673 268 140 21 annorlunda.

60 303 42 21 Det
122 305 50 24 sätt,
188 303 82 27 hvarpå
286 304 200 26 bouppteckningar
506 304 38 20 och
561 302 113 22 arfskiften
690 302 123 24 verkstälts,

60 337 38 21 har
113 337 107 26 nämligen
236 338 7 20 i
259 337 118 21 allmänhet
391 337 47 21 icke
454 337 63 26 gifvit
533 338 115 24 anledning
664 336 32 21 till
710 335 104 27 befogade

59 371 172 26 anmärkningar,
248 371 39 21 och
303 371 61 21 äfven
381 371 36 21 det
432 371 113 26 fattigaste
561 371 27 20 bo
604 371 40 20 har
659 370 90 21 kommit
764 370 7 20 i
782 368 32 22 åt-

59 405 103 27 njutande
185 405 23 21 af
230 411 24 15 en
274 405 94 26 lagenlig
387 405 138 26 behandling.
560 405 39 20 Att
615 405 59 20 detta
690 409 125 21 gynsamma

59 439 135 21 förhällande
208 439 48 21 icke
271 438 132 21 motverkats
420 438 62 21 deraf
492 441 33 18 att
535 439 6 20 i
553 439 103 20 städerna
666 438 68 20 finnas
746 436 69 22 sterb-

60 473 46 26 hus.
129 473 60 21 hvari
213 473 127 26 delägarene
364 472 27 27 pä
414 473 72 26 grund
514 473 23 20 af
558 470 257 29 undantagsstadganden

60 507 76 27 sjelfve
158 509 41 24 äga
221 509 48 18 utse
292 507 55 26 gode
366 509 48 18 män
436 507 33 20 till
488 507 161 21 verkställande
668 506 23 21 af
708 505 107 26 ifrägava-

60 541 66 21 rande
146 541 160 26 förrättningar,
326 541 56 21 lärer
402 541 33 20 väl
452 541 152 26 förnämligast
619 541 53 20 böra
687 539 128 22 tillskrifvas

60 575 42 21 den
118 575 186 26 omständigheten
320 577 32 19 att
368 575 63 21 dessa
448 576 102 20 sterbhus
566 575 98 26 vanligen
675 575 88 20 tillhöra
773 573 42 21 den

61 609 85 21 bildade
162 609 197 26 samhällsklassen,
375 609 101 21 hvarföre
492 610 38 20 hos
547 610 127 25 delägarene
690 609 7 20 i
716 609 48 20 dem
783 607 32 21 of-

61 645 44 19 tast
125 643 129 21 förefunnits
273 643 117 27 tillräcklig
408 644 68 25 insigt
498 650 34 15 om
548 644 69 20 vädan
634 643 22 21 af
670 645 33 19 att
718 642 96 21 anförtro

36 695 3 4 .
61 677 67 26 sagda
143 677 155 27 förrättningar
317 678 23 20 åt
358 677 109 26 okunnige
488 678 40 21 och
544 678 118 25 oskicklige
677 676 137 22 boutredare.

60 711 34 21 Dä
109 711 70 21 denna
193 711 67 26 insigt
275 711 97 21 deremot
386 712 39 20 hos
442 712 113 21 städernas
567 712 68 25 öfrige
645 712 102 20 invänare
758 712 57 19 ännu

60 747 24 18 är
99 745 61 26 längt
175 745 55 21 ifrän
247 745 85 26 allmän,
353 746 68 24 torde,
441 746 25 20 sä
486 746 118 21 önskvärdt
623 746 36 20 det
674 747 27 19 än
716 750 51 15 vore
783 745 33 20 att

60 779 7 20 i
83 781 33 19 ett
132 781 67 24 ämne,
216 785 44 15 som
278 779 62 21 faller
359 779 69 21 under
447 780 41 20 den
508 780 108 21 allmänna
631 780 74 26 lagens
721 777 94 26 omräde,

60 813 69 21 likhet
147 813 6 20 i
175 813 161 21 bestämmelser
356 813 35 21 mä
406 813 73 21 kunna
494 814 60 25 råda,
571 814 64 20 likväl
651 811 165 28 äfventyrandet

60 847 24 21 af
98 847 39 21 den
154 847 165 26 rättssäkerhet,
328 854 28 14 nu
372 848 101 26 gällande
489 848 133 26 stadganden
638 847 130 21 härutinnan
783 852 33 15 er-

61 882 71 26 bjuda,
149 888 51 15 vara
216 882 33 21 för
265 882 118 21 vinnandet
398 882 23 21 af
435 883 94 21 nämnda
548 883 68 20 likhet
632 884 31 19 ett
678 881 73 22 alltför
767 881 49 26 dyr-

60 916 50 20 bart
132 916 59 25 offer,
215 916 101 21 hvarföre
333 916 61 21 Hans
409 916 123 27 Kejserliga
544 917 103 26 Majestät
664 916 62 21 äfven
744 916 74 20 ansett

60 950 68 26 sagda
145 950 133 26 stadganden
295 951 53 20 böra
363 950 147 22 oförändrade
526 951 125 21 bibehällas.

132 984 65 21 Emot
222 984 40 21 den
286 984 284 28 bouppteckningsprocent,
595 991 45 14 som
664 984 98 26 erlägges
787 982 30 27 pä

60 1018 69 26 grund
146 1018 22 21 af
182 1018 78 26 Kongl.
279 1018 181 27 förordningarne
479 1020 41 20 den
541 1021 9 19 1
571 1019 59 21 Mars
649 1019 53 21 1749
718 1017 40 21 och
774 1017 41 21 den

63 1052 24 20 10
110 1052 119 21 December
252 1054 55 20 1756
330 1052 23 21 af
374 1053 109 25 sterbhus,
507 1053 60 21 öfver
589 1053 73 21 hvilka
680 1052 82 21 värden
781 1056 35 16 om

59 1086 171 27 boutredningen
254 1093 28 15 nu
301 1087 83 26 äligger
402 1087 151 26 borgmästare
573 1088 39 20 och
631 1087 45 25 räd,
696 1088 30 24 är,
744 1085 71 21 säsom

60 1119 66 21 redan
149 1122 92 23 nämnts,
264 1121 100 21 anmärkt
383 1122 33 20 att
434 1121 126 21 densamma
579 1121 63 26 utgär
660 1120 48 22 icke
723 1120 94 20 allenast

59 1153 34 21 för
108 1153 151 27 behällningen
276 1155 6 20 i
298 1155 51 21 boet
364 1156 52 20 utan
437 1155 41 21 ock
498 1155 33 21 för
551 1155 40 21 den
608 1155 33 21 del
657 1154 23 22 af
695 1155 61 20 boets
772 1152 44 22 till-

59 1187 87 26 gångar,
162 1193 46 15 som
224 1190 121 19 motsvarar
360 1189 57 26 gäld.
447 1189 83 21 Enäri
550 1189 53 26 följd
622 1188 23 21 af
659 1189 61 20 detta
735 1186 80 22 förhäl-

59 1221 63 21 lande
138 1221 36 21 det
189 1221 42 21 kan
247 1222 86 21 inträffa
348 1222 40 21 och
403 1222 65 22 äfven
483 1223 75 25 händt,
574 1225 33 19 att
622 1224 7 19 i
645 1222 101 22 sterbhus
765 1220 50 22 med

59 1256 61 20 stora
135 1255 122 27 tillgängar,
276 1262 49 15 men
344 1256 98 27 betydlig
461 1257 57 26 gäld,
538 1256 277 27 bouppteckningsprocen-

58 1291 36 19 ten
118 1289 123 28 öfverstigit
262 1290 62 21 boets
347 1290 99 27 verkliga
465 1291 124 26 behällning
608 1291 39 21 och
666 1288 149 23 sterbhusdel-

58 1325 93 24 ägarene
173 1325 92 25 nödgats
288 1324 78 21 endast
388 1324 34 22 för
440 1325 39 21 det
497 1325 56 26 höga
572 1325 84 27 belopp,
672 1323 89 22 hvartill
777 1322 38 21 bo-
840 1323 2 3 '

58 1358 249 27 uppteckningsarvodet
325 1359 99 26 uppgätt,
445 1359 86 21 afträda
551 1359 50 21 boet
619 1359 33 21 till
672 1359 143 25 borgenärer-
