1023 2339
225 484 28 20 16
427 484 27 22 U.
470 484 27 22 B.
513 497 27 3 —
556 484 72 28 Prop.
644 484 40 22 N:o
700 484 22 21 9.

458 723 239 28 Reservationer.

268 786 34 21 Då
316 786 21 21 vi
352 785 48 23 icke
415 786 84 22 kunnat
515 786 77 22 förena
607 793 34 15 oss
657 793 35 15 om
707 786 26 21 de
744 786 86 27 åsigter,
841 792 46 15 som
896 786 58 21 inom

200 820 163 22 Sammansatta
383 820 56 28 Lag-
461 820 40 22 och
520 820 120 22 Ekonomie
659 820 107 22 utskottet
785 820 57 28 gjort
862 820 32 27 sig
909 820 46 28 gäl-

199 855 65 21 lande
283 854 135 22 beträffande
437 856 81 21 tvänne
538 855 33 21 till
585 855 77 28 frågan
679 862 35 15 om
726 854 177 28 jordafsöndring
917 854 38 22 hö-

200 890 68 21 rande
287 889 169 28 bestämningar,
472 890 65 22 hafva
551 890 21 21 vi
587 889 127 28 härigenom
728 889 59 22 velat
803 889 152 22 reservations-

199 924 33 21 vis
247 924 77 27 bringa
338 923 34 22 till
392 924 133 22 Ständernas
539 924 124 22 kännedom
678 924 41 22 och
734 923 101 28 pröfning
850 923 38 22 vår
902 922 52 23 afvi-

200 958 72 22 kande
287 958 89 27 mening
391 960 56 20 samt
463 960 26 20 de
504 958 54 26 skäl,
573 958 83 28 hvarpå
671 958 21 22 vi
707 958 63 22 stöda
785 958 130 20 densamma.

269 992 37 22 Uti
321 993 11 26 &
348 992 14 21 8
376 992 25 22 af
414 994 42 20 den
471 993 79 27 nådiga
565 993 166 27 propositionen
745 992 62 28 ingår
822 993 32 20 att
872 991 82 21 »afsön-

200 1028 55 20 drad
272 1026 64 22 mark
355 1026 39 22 bör
409 1027 8 21 i
433 1029 32 19 ett
479 1027 64 22 skifte
558 1027 111 22 innehålla
684 1027 131 21 åtminstone
830 1027 32 20 ett
876 1025 78 28 tredje-

200 1061 46 22 dels
261 1061 130 26 tunnland>,
406 1061 88 22 hvilken
509 1062 151 21 bestämmelse
670 1062 118 21 utskottets
798 1060 111 28 pluralitet
919 1066 35 15 an-

200 1097 43 20 sett
258 1095 54 22 böra
327 1095 134 22 oförändrad
475 1096 127 22 bibehållas.
632 1096 50 22 Men
698 1096 28 22 då
736 1096 68 21 redan
815 1102 30 14 nu
854 1094 100 28 gällande

199 1130 131 27 författning
349 1130 8 20 i
372 1131 80 25 ämnet,
468 1130 87 22 hvilken
570 1132 72 20 såsom
656 1130 82 22 allmän
752 1130 59 28 regel
825 1129 130 22 bestämmer

200 1164 93 28 parcells
308 1164 81 22 storlek
404 1164 34 22 till
453 1165 65 21 minst
532 1166 15 20 4
562 1165 114 26 tunnland,
692 1164 118 28 medgifver
824 1166 33 19 att
875 1163 19 21 »i
908 1164 48 20 när-

199 1198 66 22 heten
288 1198 24 22 af
332 1200 50 20 stad
404 1199 52 21 eller
475 1199 33 21 uti
528 1199 111 28 skärgård,
655 1199 53 22 eller
724 1200 28 20 då
766 1198 125 28 afsöndring
906 1197 50 22 sker

199 1232 34 22 för
255 1232 133 29 anläggning
410 1233 25 21 af
451 1234 135 26 vattenverk,
603 1234 63 26 bruk,
682 1233 72 22 fabrik
769 1233 52 22 eller
836 1239 73 15 annan
923 1232 32 20 in-

200 1268 90 21 dustriel
305 1268 142 27 inrättning»,
463 1268 106 27 parceller
579 1268 25 21 af
611 1268 84 21 mindre
706 1267 87 26 storlek,
804 1269 53 19 utan
866 1268 32 19 att
908 1267 47 20 der-

199 1301 35 22 för
256 1302 72 27 nägon
351 1301 146 28 begränsning
517 1302 143 26 föreskrifves,
677 1302 22 21 fä
715 1301 105 28 afskiljas,
835 1301 25 21 sä
874 1301 46 20 inse
934 1299 22 22 vi

200 1336 18 27 ej
242 1335 102 23 hvarföre
362 1343 51 15 man
433 1344 38 19 nu,
486 1338 40 20 när
540 1344 50 15 man
606 1337 118 21 förändrar
738 1337 61 20 detta
814 1335 119 28 stadgande
948 1334 8 21 i

200 1370 55 27 syfte
272 1373 33 19 att
315 1371 127 22 underlätta
451 1371 143 28 parcellering
606 1371 24 22 af
637 1371 84 22 mindre
729 1370 147 29 jordstycken,
887 1369 69 22 skulle

198 1404 73 22 införa
293 1406 84 21 sädana
395 1405 169 27 bestämmelser,
584 1413 46 14 som
644 1406 8 21 i
666 1406 59 22 vissa
738 1405 40 21 fall
792 1405 98 21 försvära
905 1404 51 21 den-

200 1446 90 15 samma.
320 1439 74 28 Enligt
410 1441 39 21 vär
463 1440 67 22 tanke
546 1441 43 21 kan
605 1447 57 19 man,
679 1441 41 20 när
734 1446 51 15 man
801 1445 26 15 en
837 1439 57 26 gäng
904 1438 52 21 ned-

200 1475 68 20 sätter
286 1474 95 27 parcells
401 1475 145 21 minimiareal
561 1475 33 21 till
610 1475 27 27 1/,
652 1474 109 21 tunnland
776 1473 40 22 och
830 1472 126 28 ytterligare

200 1508 96 22 derifrän
311 1508 82 22 tilläter
408 1510 112 27 undantag
535 1509 33 22 för
583 1509 73 28 urfjell
671 1509 41 22 och
727 1508 91 25 holmar,
833 1509 53 19 utan
900 1507 58 21 väda

198 1543 74 22 lemna
294 1543 229 29 parcelleringsrätten
545 1544 7 21 i
570 1543 102 23 afseende
691 1544 13 21 å
720 1543 87 22 arealen
821 1541 137 28 obegränsad

199 1578 41 21 och
262 1578 72 21 tillåta
353 1578 82 22 enhvar
453 1581 32 19 att
503 1578 109 23 förvärfva
627 1579 32 27 sig
674 1579 24 21 så
712 1578 49 21 litet
774 1576 124 29 jordstycke
912 1576 45 21 han

198 1612 38 21 vill
256 1612 40 22 och
311 1612 35 22 för
360 1613 39 21 sitt
414 1613 102 21 ändamål
531 1613 108 22 behöfver.
668 1611 173 23 Bestämmelsen
856 1612 32 20 att
903 1610 54 21 min-

199 1646 38 22 dre
252 1648 30 20 än
298 1647 27 27 1/3
340 1647 109 21 tunnland
463 1647 48 22 icke
527 1647 33 22 får
575 1648 113 20 afsöndras
704 1646 84 22 medför
800 1646 110 20 dessutom
920 1650 37 15 an-

199 1681 39 21 dra
260 1681 26 21 af
301 1681 57 21 intet
376 1682 133 22 motiverade
530 1682 145 27 olägenheter,
693 1682 72 20 såsom
780 1682 15 19 t.
812 1686 31 15 ex.
860 1680 32 20 att
907 1684 49 21 ega-

198 1722 40 15 ren
260 1716 26 22 af
304 1723 27 14 en
351 1716 83 27 parcell
449 1717 48 21 icke
513 1716 42 22 kan
571 1717 89 27 utvidga
676 1716 37 22 sitt
726 1714 139 29 jordområde
880 1719 78 21 genom

199 1752 33 19 att
248 1751 89 21 dermed
353 1751 134 21 sammanslå
500 1752 70 20 andra
585 1751 105 27 antingen
700 1750 50 21 från
760 1755 83 16 samma
854 1748 51 21 eller
915 1746 42 22 till-

198 1786 124 26 gränsande
338 1785 185 27 stomlägenheter
538 1785 93 22 afskilda
646 1784 114 29 parceller,
776 1782 75 23 hvilka
865 1788 50 16 vore
924 1781 34 22 för

198 1818 82 22 honom
295 1819 114 28 behöfliga,
425 1826 51 15 men
491 1820 47 21 icke
552 1820 8 20 i
575 1820 51 21 vidd
641 1819 111 28 uppginge
762 1818 34 21 till
807 1818 27 27 1/,
844 1816 114 26 tunnland,
