1034 1617
302 100 82 23 Ständ.
400 99 39 23 Sv.
454 111 27 4 —
496 100 73 27 Prop.
585 99 41 22 N:o
641 98 34 24 16.
823 99 13 21 9

565 164 18 23 $
597 163 19 19 5.

373 203 100 24 Rättighet
486 203 30 19 till
530 202 119 25 försäljning
663 202 26 25 af
695 202 130 25 maltdrycker
834 201 33 20 mä

315 237 86 19 hvarken
422 237 27 24 af
468 237 213 24 bryggeriinnehafvare
695 237 47 19 eller
757 237 26 24 af
795 235 71 21 behöri-

315 277 35 18 gen
364 272 82 23 antagen
461 271 174 24 försäljningsman
650 271 13 19 &
678 277 64 14 annan
753 277 75 18 person
837 270 29 24 öf-

316 305 93 24 verlätas,
424 306 48 19 utan
487 307 29 18 att
530 305 64 24 denne,
609 305 9 19 i
632 305 45 20 stad
687 305 26 24 af
719 305 105 25 magistrat
834 304 33 20 och

312 339 31 25 pä
365 339 65 20 landet
451 339 26 24 af
495 339 187 24 kommunalmämnä,
701 339 86 25 pröfvas
803 338 66 20 dertill

316 374 91 25 lämplig;
421 379 43 14 men
477 374 35 19 vill
525 373 126 25 innehafvare
665 373 27 25 af
698 373 169 25 försäljningsrät-

317 408 57 25 tighet
388 408 22 19 ät
423 407 87 20 särskild
524 408 137 24 föreståndare
678 407 91 25 anförtro
783 407 84 25 utöfnin-

315 448 36 19 gen
365 442 63 24 deraf,
444 442 58 24 hafve
516 442 32 24 lof
559 442 69 23 dertill,
643 442 44 20 med
700 442 63 19 vilkor
778 443 29 18 att
817 441 50 25 före-

317 476 116 20 ständarens
448 476 97 25 tjenlighet
559 476 33 19 och
607 476 109 25 lämplighet
731 477 26 23 af
763 476 105 25 magistrat

316 511 46 19 eller
377 510 182 20 kommunalmämnä
573 510 116 25 godkännes.

374 544 76 25 Aflider
472 544 40 24 den,
535 551 42 13 som
591 545 80 19 innehar
685 545 42 19 rätt
741 545 30 19 till
785 544 81 25 försälj-

316 579 46 24 ning
384 579 26 24 af
429 579 134 24 maltdrycker,
586 579 33 19 mä
633 579 86 20 rörelsen
734 579 25 24 af
771 578 96 20 sterbhus-

317 612 87 25 delegare
418 612 111 25 fortsättas,
548 612 43 20 med
605 613 63 19 vilkor
683 612 52 24 dock,
752 614 29 18 att
795 612 73 20 sädant

318 646 99 25 behörigen
432 647 85 19 anmäles
532 647 33 19 och
580 648 29 18 att
623 646 33 25 för
665 646 97 20 rörelsens
771 646 96 24 handhaf-

317 681 62 19 vande
400 681 68 20 ställes
490 682 78 24 lämplig
586 687 79 19 person,
689 681 71 23 som,
750 676 13 35 i
779 680 46 20 stad
847 680 26 24 af

318 715 105 25 magistrat
444 715 34 19 och
495 715 30 25 pä
543 715 65 20 landet
621 715 26 25 af
658 714 188 24 kommunalnämnä,
862 714 9 20 i

317 749 73 20 sädant
404 749 90 25 afseende
504 750 115 25 godkännes.

567 808 18 24 $
600 807 18 19 6.

375 847 29 24 Ej
417 847 33 19 mä
464 847 62 25 någon
539 847 30 25 pä
583 847 64 20 landet
661 847 65 24 forsla
739 846 130 25 maltdrycker

318 881 48 24 från
387 881 51 25 gård
460 882 31 18 till
508 881 51 25 gård
573 882 33 24 för
620 882 29 19 att
664 881 30 20 till
709 881 44 20 salu
768 880 102 25 utdjudas;

318 915 48 19 dock
388 916 24 18 är
434 915 32 19 det
487 916 212 24 bryggeriinnehafvare
720 915 85 24 obetaget
820 914 51 20 att
860 910 15 34 i

315 949 79 25 partier
408 950 27 24 af
445 950 61 19 minst
520 950 92 24 tjugufem
627 950 80 24 buteljer
721 949 40 25 (hel
775 949 56 25 korg)
846 948 25 20 el-

320 984 28 19 ler
363 984 58 20 slutet
442 984 46 20 kärl
502 984 25 24 af
538 984 60 20 minst
611 984 40 24 fem
665 984 75 20 kannor
751 984 30 24 pä
795 983 76 20 beställ-

319 1017 45 25 ning
385 1017 99 25 försända
505 1018 44 19 sina
565 1018 143 25 tillverkningar
724 1017 30 20 till
767 1017 104 24 afnämare

316 1051 30 26 pä
361 1052 70 19 landet.
463 1053 39 19 Till
515 1052 74 25 hugade
602 1052 71 25 köpare
687 1052 8 19 i
709 1051 46 20 stad
769 1051 33 20 mä
817 1051 54 25 bryg-

320 1086 168 25 geriinnehafvare
501 1087 46 24 fritt
560 1086 64 25 forsla
638 1086 45 19 sina
697 1085 152 26 tillverkningar.

573 1144 16 24 8
605 1143 19 19 7.

377 1188 195 25 Försäljningsställe
590 1188 30 25 pä
642 1188 69 23 landet,
735 1193 42 14 som
796 1187 9 20 i
822 1188 17 24 $
861 1187 13 19 3

322 1222 130 25 omförmäles,
468 1223 36 20 bör
519 1229 50 14 vara
583 1223 72 24 beläget
663 1223 59 19 minst
732 1228 22 13 en
763 1223 54 18 verst
827 1221 48 25 från

320 1257 63 24 kyrkä
398 1257 34 19 och
446 1257 40 24 fem
500 1259 54 18 verst
567 1257 48 24 frän
629 1257 52 20 stad.
703 1257 16 19 I
727 1256 106 20 allmänhet
841 1255 34 20 mä

322 1291 117 25 försäljning
461 1291 27 25 af
499 1291 128 25 maltdrycker
638 1291 30 25 pä
684 1291 65 20 landet
762 1290 40 20 icke
817 1289 58 20 heller

322 1325 57 20 idkas
393 1325 9 20 i
415 1325 92 20 närheten
521 1326 27 24 af
559 1325 84 25 offentlig
664 1325 55 20 skola
734 1325 46 20 eller
794 1324 82 23 kasern;

322 1359 196 21 kommunalstämma
539 1360 47 20 dock
606 1357 85 27 öbetaget
708 1361 30 18 att
757 1358 120 20 härutinnan

324 1394 65 19 tilläta
411 1394 23 20 de
454 1394 111 25 afvikelser,
582 1400 41 14 som
637 1394 65 20 kunna
716 1395 48 18 utan
779 1391 98 26 olägenhet

324 1427 114 25 medgifvas.
