1034 1620
393 112 35 22 N:o
443 111 32 22 16.
764 107 13 20 3

56 184 157 23 vidsträcktare
236 182 183 27 försäljningsrätt
439 181 22 21 af
479 180 134 27 bryggeriets
636 179 169 27 tillverkningar,

58 219 98 22 tillständ
172 218 71 21 dertill
259 217 102 21 utverkas
377 216 27 27 på
420 218 44 19 sätt
479 216 6 20 i
501 215 11 28 $
530 216 12 20 3
558 215 146 21 föreskrifves.

130 255 18 19 2.
180 252 91 21 Utöfvas
290 251 183 28 bryggerirörelse
492 250 23 21 af
532 251 70 26 bolag,
626 250 118 21 tillkomme
768 250 40 21 den

60 290 5 20 i
82 287 128 28 föregående
226 293 62 14 mom.
309 285 140 22 omförmälda
468 285 105 26 rättighet
592 285 92 27 bolaget,
700 291 48 15 men
763 284 46 21 icke

60 323 84 21 enskild
160 322 100 27 delegare
277 321 50 21 deri.

411 349 47 27 82

133 391 33 21 En
186 391 58 24 hvar,
264 395 46 15 som
329 389 27 27 pä
375 389 70 26 grund
464 389 23 21 af
500 389 25 27 88
541 390 13 20 2
570 389 39 21 och
626 390 11 19 3
654 389 6 20 i
676 389 78 26 nädiga
770 389 42 21 för-

64 426 117 26 ordningen
204 430 33 15 om
261 424 128 26 näringarne
409 423 22 21 af
449 423 41 21 den
511 424 23 20 31
556 423 58 21 Mars
635 424 53 21 1879
705 430 49 20 eger
770 424 43 20 rät-

64 460 69 27 tighet
156 461 32 19 att
210 459 50 20 idka
282 458 76 21 handel
379 458 6 20 i
405 458 54 25 stad,
481 464 51 14 vare
550 458 78 26 jemväl
645 458 121 26 berättigad
783 459 32 19 att

66 496 38 20 der
119 494 6 21 i
142 496 68 25 öppen
227 493 42 21 bod
285 493 33 20 till
337 492 133 27 afhemtning
489 492 90 27 försälja
594 493 27 25 öl,
637 494 73 25 porter
725 492 39 22 och
780 498 36 15 an-

68 530 39 20 dra
120 529 58 27 jästa
194 528 96 26 drycker.

419 556 12 26 $
448 557 18 19 3.

140 598 42 21 Vill
202 597 70 26 någon
292 597 64 20 vinna
375 597 104 26 rättighet
498 598 32 19 att
549 596 27 27 på
593 597 71 20 landet
680 597 32 20 till
729 596 89 21 afhemt-

71 633 50 26 ning
136 632 90 26 försälja
241 631 61 20 malt-
319 631 52 20 eller
386 632 67 19 andra
467 631 58 26 jästa
541 631 90 26 drycker
642 631 31 20 till
687 631 81 21 mindre
785 631 35 20 be-

71 668 48 25 lopp
137 669 25 18 än
178 666 56 21 hvad
250 665 5 21 i
272 665 11 28 &
301 666 8 19 1
328 665 12 20 å
356 665 101 26 bryggeri
473 665 27 26 på
516 665 73 21 landet
600 665 128 26 medgifvits,
740 665 81 22 ansöke

72 702 72 20 derom
160 700 122 24 skriftligen
299 700 38 20 hos
353 699 144 21 ordföranden
514 700 5 20 i
535 701 73 19 ortens
620 699 201 22 kommunalnämnd

72 736 46 21 med
141 734 84 27 uppgift
243 734 70 21 tillika
332 734 12 20 å
363 734 58 21 såväl
442 734 73 21 stället
531 735 37 20 der
584 734 153 27 försäljningen
754 737 23 18 är
793 735 29 20 af-

73 770 52 22 sedd
148 772 32 19 att
204 769 115 26 bedrifvas,
343 775 45 14 som
413 769 40 20 den
477 775 84 20 person,
582 769 22 20 af
622 769 84 20 hvilken
727 769 95 21 rörelsen

73 806 84 21 komme
180 806 32 19 att
234 804 99 20 förestås.
371 803 209 21 Kommunalnämnd
603 803 54 21 skall
677 804 98 21 deröfver
795 804 30 21 af-

76 840 56 26 gifva
147 839 106 27 yttrande,
274 838 81 21 hvilket
373 839 57 20 inom
451 844 25 15 en
496 838 77 21 månad
590 838 54 21 efter
660 839 34 20 det
710 838 115 22 ansöknin-

76 880 40 21 gen
131 873 96 27 ingifvits
244 873 141 21 öfverlemnas
401 872 33 21 till
451 872 226 21 kommunalstämmas
690 873 135 26 ordförande,

78 915 44 15 som
145 908 39 20 har
207 909 37 24 att,
269 907 24 21 så
315 910 60 18 snart
395 906 37 21 ske
452 907 48 26 kan,
520 907 28 27 på
566 907 215 21 kommunalstämma
797 908 30 20 in-

78 943 70 21 hemta
165 942 175 20 medlemmarnes
356 941 6 21 i
379 941 128 21 kommunen
524 942 85 26 mening
625 942 5 20 i
648 942 94 26 ärendet,
754 942 73 20 dervid

79 976 248 28 bryggeri-innehafvare
347 975 46 21 icke
413 982 50 19 eger
483 976 5 20 i
509 976 162 26 öfverläggning
691 977 51 20 eller
758 976 71 21 beslut

80 1011 90 26 deltaga.
204 1010 84 21 Varder
307 1010 185 26 framställningen
513 1010 23 20 af
555 1010 53 20 både
628 1010 202 22 kommunalnämnd

81 1045 39 21 och
136 1045 214 21 kommunalstämma
366 1044 85 26 ogillad,
469 1044 85 21 förfalle
570 1044 81 26 frågan.
681 1045 88 21 Bifaller
785 1046 46 20 åter

80 1079 124 27 någondera
220 1079 78 25 dertill,
315 1079 117 20 bestäinme
449 1078 71 21 tillika
541 1079 25 20 de
582 1079 70 20 vilkor
668 1080 36 20 och
721 1080 112 25 förbehåll,

84 1120 44 14 som
145 1114 71 20 kunna
232 1113 67 21 finnas
317 1113 78 26 nödiga
415 1113 32 20 till
469 1113 136 21 undvikande
621 1113 23 21 af
658 1114 107 21 missbruk
782 1114 52 21 eller

83 1148 110 21 underslef
207 1148 34 20 vid
263 1147 142 26 rättighetens
425 1147 105 26 utöfning.
562 1148 135 21 Ordförande
716 1149 6 20 i
738 1149 97 20 kommu-

84 1183 127 21 nalstämmä
226 1182 96 26 insände,
339 1182 56 20 inom
413 1184 32 18 tre
461 1182 78 21 veckor
556 1182 46 21 från
618 1183 36 20 det
670 1185 103 19 stämman
791 1182 44 22 häl-

84 1217 43 25 lits,
148 1216 36 21 det
202 1216 75 21 dervid
296 1216 61 21 förda
377 1216 108 26 protokoll
507 1216 38 21 och
565 1217 213 21 kommunalnämnds
794 1219 43 24 ytt-

86 1251 65 20 rande
165 1251 65 26 jemte
247 1252 49 25 eget
315 1250 112 21 utlätande
447 1251 32 20 till
497 1251 157 26 Länestyrelse,
672 1258 43 14 som
732 1258 56 20 eger,
806 1257 31 15 se-

88 1286 40 20 dan
151 1285 162 21 vederbörande
335 1286 74 25 pastor
433 1285 38 20 och
493 1285 152 27 kronobetjent
665 1286 70 21 blifvit
753 1287 3 20 i
773 1286 66 21 saken

88 1320 73 25 hörde,
178 1319 99 21 deröfver
293 1320 85 20 besluta
397 1320 46 25 och,
459 1320 7 20 i
482 1320 104 20 händelse
601 1320 23 20 af
639 1320 65 25 bifall,
721 1321 70 20 tillika
807 1322 33 19 ut-

88 1356 57 18 sätta
161 1354 65 26 tiden,
242 1354 121 20 hvarunder
380 1354 39 20 och
436 1354 80 26 stället,
534 1354 37 21 der
587 1354 152 27 försäljningen
756 1355 85 21 utöfvas

90 1388 41 26 mä,
148 1388 109 22 äfvensom
273 1388 174 22 föreständarens
463 1394 71 16 namn.
564 1389 131 21 Underrätte
710 1390 39 21 ock
768 1390 74 21 derom

92 1422 215 28 kommunalstyrelse
323 1423 38 21 och
377 1423 175 21 kronolänsman.
