1009 1620
287 104 28 22 U.
330 104 27 21 B.
373 116 28 3 —
416 104 71 28 Prop.
502 105 42 21 N:o
559 105 22 21 9.
769 105 14 20 9

263 166 72 27 blifvit
351 169 66 25 tagna
433 167 8 20 i
457 166 126 29 beräkning,
599 167 70 21 lemna
685 167 25 20 sä
722 169 45 19 stor
778 166 34 21 be-

263 200 106 28 hållning,
385 203 40 22 att,
441 201 56 26 efter
513 201 84 28 afdrag
613 201 30 27 af
654 203 107 19 räntorna
777 201 36 20 till

263 234 84 21 kronan
363 234 38 21 oeh
417 235 76 28 öfriga
509 235 114 28 utskylder
637 237 57 19 samt
703 235 58 27 föda
775 234 38 27 för

264 269 77 26 nödigt
363 269 64 21 antal
449 269 97 28 dragare
556 269 68 28 jemte
639 276 77 14 annan
733 269 78 26 boskap

263 302 109 27 afvensom
395 303 40 20 den
459 304 97 27 sytning,
575 303 104 21 hvarmed
694 303 119 22 hemmanet

263 337 44 20 kan
329 344 53 13 vara
405 337 122 26 besväradt,
549 340 29 19 ett
601 337 88 22 hushäll
707 337 30 28 af
747 339 66 19 minst

265 373 32 19 tre
318 371 117 25 fullvuxna
453 371 38 22 och
507 371 126 28 arbetsföra
645 379 104 20 personer
764 371 49 21 der-

264 404 62 24 ifrån
348 405 9 20 i
378 405 89 27 vanliga
483 406 28 20 är
525 405 44 21 kan
580 405 105 28 päräkna
699 405 65 21 säker
779 407 35 18 ut-

265 438 68 22 komst
348 438 38 22 och
403 438 112 29 bergning,
531 440 54 20 dock
600 442 33 18 att
648 440 65 26 äfven
727 440 41 20 den
779 438 35 22 de-

265 474 41 24 len,
325 480 44 14 som
387 473 58 21 skall
461 474 112 27 afskiljas,
589 474 125 27 innefattar
729 474 24 20 sä
769 475 46 19 stor

265 508 103 28 egorymd
383 508 38 20 och
437 508 24 20 sä
478 508 114 27 beskaffad
605 508 68 25 mark,
685 510 32 19 att
729 508 40 20 den
779 514 36 21 ge-

265 548 50 14 nom
332 542 122 27 uppodling
469 541 44 22 kan
528 544 57 19 utan
599 542 110 28 svärighet
725 542 90 26 bringas

267 576 34 21 till
317 575 115 22 enahanda
447 576 153 27 sjelfdeständ.
623 576 60 28 Egor
698 577 35 20 mä
749 575 66 21 likväl

265 609 47 21 icke
334 610 105 28 tilläggas
463 611 62 27 dylik
539 618 30 21 ny
585 610 98 28 lägenhet
699 611 8 20 i
720 611 51 24 flere
787 611 28 19 än

267 646 32 19 tre
321 644 112 21 särskilda
451 644 89 27 skiften,
560 645 19 27 ej
594 644 67 21 heller
675 643 140 22 annorlunda

266 680 29 19 än
311 681 32 18 att
359 679 194 26 stomlägenhetens
568 679 37 21 och
616 679 41 20 den
667 678 100 28 afskilda
781 677 35 21 de-

267 713 46 20 lens
328 713 85 20 mantal
427 712 75 22 kunna
514 713 9 20 i
533 713 106 28 lämpliga
651 713 54 21 bråk
715 714 100 19 utsättas.

515 776 16 26 $
545 777 21 20 2

473 815 145 22 Oförändrad.

518 878 15 27 $
548 880 20 19 3.

336 917 129 29 Jordegare,
481 925 46 14 som
542 918 107 21 åstundar
663 917 114 29 styckning
793 916 30 27 af

263 952 135 27 förenämnd
414 952 152 27 beskaffenhet,
583 952 79 21 ansöke
673 959 32 14 om
717 950 103 22 tillstånd

269 986 75 21 dertill
364 986 37 20 hos
421 986 148 26 Guvernören,
589 993 50 18 som,
655 987 38 20 der
707 984 112 22 sökanden

269 1020 73 21 tillika
365 1020 85 28 styrker
472 1022 37 20 sin
532 1023 46 18 rätt
599 1023 34 18 att
653 1020 62 28 öfver
729 1018 90 22 marken

265 1054 100 28 förfoga,
383 1054 129 28 förordnar
527 1055 148 21 landtmätare
690 1056 33 19 att
738 1054 81 20 råerna

269 1088 109 28 uppstaka
394 1089 38 21 och
448 1090 14 20 å
477 1089 132 21 hemmanets
624 1088 109 28 egokarta,
749 1088 72 20 derest

269 1123 72 21 sådan
352 1123 81 27 finnes,
449 1130 48 14 men
513 1124 9 20 i
537 1126 88 18 motsatt
635 1123 48 27 fall
699 1123 13 20 å
723 1122 42 27 för
780 1123 41 19 än-

270 1157 95 21 damålet
387 1158 122 26 upprättad
531 1164 30 21 ny
582 1157 65 21 karta
666 1158 83 20 insätta
764 1157 58 19 samt

271 1191 108 21 desamma
395 1193 78 25 genast
488 1192 117 27 rörlägga;
620 1190 38 22 och
673 1190 59 22 skall
747 1189 74 21 landt-

270 1227 100 19 mätaren
393 1225 57 26 efter
471 1225 112 21 verkstäld
605 1224 164 27 undersökning
788 1222 35 27 af-

270 1259 62 28 gifva
354 1259 116 21 utlätande
493 1259 60 28 öfver
575 1259 100 21 delarnes
699 1256 124 23 besutenhet

271 1294 110 24 äfvensom
401 1294 32 26 pä
447 1294 76 26 grund
539 1293 30 27 af
579 1293 40 21 den
634 1292 121 28 gradering
771 1290 53 21 eller

271 1327 170 28 klassifikation,
470 1334 46 14 som
542 1326 114 22 verkstälts
680 1326 37 21 vid
739 1326 85 20 senaste

271 1362 106 27 egoskifte
392 1361 59 25 eller,
463 1361 39 21 der
514 1368 28 20 ny
551 1361 120 27 gradering
681 1360 54 22 eller
745 1358 80 21 klassi-

266 1396 98 26 Fikation
379 1395 31 25 af
420 1394 107 28 sakegare
545 1394 111 26 ästundas,
671 1394 49 21 med
735 1392 90 27 ledning

271 1429 72 28 deraf,
366 1431 57 19 samt
441 1428 57 28 efter
510 1428 109 28 pröfning
635 1428 30 28 af
675 1428 100 21 delarnes
792 1426 33 20 in-
