1020 2339
239 495 14 20 2
547 498 36 22 N:o
598 498 22 22 9.

211 569 45 15 som
272 570 26 15 en
313 564 33 21 för
360 565 123 22 ändamålet
497 567 105 20 särskildt
616 568 88 20 nedsatt
719 567 80 21 komité
814 567 88 26 afgifvit,
917 566 39 21 har

210 597 81 28 förslag
306 599 110 28 uppgjorts
431 600 34 21 till
479 600 132 29 förordning,
628 602 110 27 angående
753 602 153 27 egostyckning
917 601 39 21 och

208 632 181 30 jordafsöndring,
405 635 74 21 afsedd
495 637 32 20 att
541 636 63 21 träda
620 636 6 21 i
642 636 99 27 gällande
757 636 58 21 kraft
825 637 6 20 i
843 636 71 21 stället
923 636 33 21 för

210 667 151 28 förordningen
377 669 23 21 af
414 669 39 22 den
471 671 24 20 19
511 670 118 21 December
647 671 53 21 1864
716 671 6 20 i
738 677 81 15 samma
833 673 67 25 ämne,
911 677 44 15 som

210 701 134 28 följaktligen
359 703 83 22 komme
458 706 32 19 att
500 705 125 27 upphäfvas.
655 705 71 21 Häraf
732 705 69 22 blefve
812 707 46 20 åter
869 712 25 15 en
905 706 50 20 nöd-

209 737 80 27 vändig
303 738 59 27 följd,
381 740 32 20 att
432 739 11 28 $
459 741 12 20 2
487 740 31 21 uti
534 740 154 27 förordningen
704 747 33 14 om
753 741 123 26 inteckning
892 741 6 20 i
913 741 43 20 fast

210 772 110 28 egendom,
336 773 70 27 gifven
422 774 40 22 den
481 775 13 21 9
510 775 120 22 November
647 776 61 26 1868,
725 776 24 20 så
763 775 46 21 vidt
824 775 58 21 detta
898 775 57 21 stad-

209 807 69 26 gande
301 807 76 22 hänför
397 808 33 27 sig
448 809 33 21 till
501 809 121 27 åberopade
638 810 126 26 förordning
780 810 23 21 af
817 810 40 21 den
875 811 23 20 19
913 810 41 21 De-

210 841 84 22 cember
311 843 60 27 1864,
386 843 66 21 borde
468 844 96 27 undergå
579 844 137 28 förändring;
732 845 39 21 och
786 844 37 21 vill
836 844 58 22 Hans
905 845 49 26 Kej-

209 876 79 27 serliga
303 876 101 28 Majestät
419 878 133 22 fördenskull
571 879 33 21 till
620 879 132 21 Ständernas
768 879 187 27 grundlagsenliga

208 910 130 28 behandling
354 912 129 22 öfverlemna
498 913 140 21 omförmälda
651 914 81 26 förslag
743 914 33 20 till
787 914 123 26 förordning
921 920 33 14 om

209 946 155 26 egostyckning
379 947 38 21 och
430 947 182 28 jordafsöndring,
627 948 109 21 äfvensom
746 948 71 21 tillika
827 948 77 21 föreslå
915 950 38 24 att,

208 980 5 20 i
234 980 103 22 händelse
360 981 119 22 detsamma
500 983 77 21 varder
599 985 95 25 antaget,
718 983 10 27 $
751 984 13 20 2
787 983 6 21 i
813 982 141 28 nyssberörda

208 1014 125 28 förordning
356 1016 22 20 af
399 1016 40 22 den
463 1018 12 20 9
497 1017 119 22 November
638 1018 54 20 1868
711 1017 112 21 förändras
838 1018 7 20 i
861 1017 93 27 enlighet

208 1050 49 20 med
272 1051 31 20 ett
318 1050 7 21 i
341 1051 77 21 sådant
437 1052 100 22 afseende
556 1053 115 27 uppgjordt
689 1052 90 27 förslag;
795 1052 93 21 varande
904 1052 49 21 ifrå-

208 1084 105 25 gakomna
328 1086 77 21 tvenne
421 1086 80 28 förslag
517 1087 22 21 af
553 1087 94 27 följande
662 1087 92 27 lydelse:

471 1161 125 34 Förslag
607 1162 43 26 till
662 1161 152 33 förordning,
828 1161 123 33 angående

411 1202 180 34 egostyckning
626 1202 44 26 och
704 1201 203 34 jordafsöndring
939 1201 15 26 ä

410 1242 88 27 frälse-
521 1243 43 26 och
588 1242 198 28 skattehemman
804 1243 65 25 samt
886 1243 65 32 lego-

410 1276 66 61 iv
499 1284 38 19 om
557 1278 83 33 nägon
661 1278 40 25 del
721 1277 27 26 af
765 1276 86 33 dylika
868 1277 83 32 lägen-

429 1318 56 20 eter.
914 1317 3 3 |:

261 1368 131 27 "Angående
408 1371 154 26 egostyckning
573 1371 39 20 och
620 1370 177 27 jordafsöndring
807 1371 13 19 å
828 1369 74 22 frälse-
913 1370 38 21 och

204 1401 170 22 skattehemman
395 1406 56 19 samt
470 1405 101 26 legoaftal
586 1411 34 15 om
636 1406 71 25 någon
724 1404 33 21 del
773 1404 23 21 af
810 1404 55 21 slika
880 1404 71 27 lägen-

202 1435 62 22 heter
280 1437 83 27 varder,
374 1438 49 21 med
433 1439 149 26 upphäfvande
592 1439 24 21 af
624 1439 81 26 nådiga
715 1438 151 27 förordningen
877 1439 74 20 härom

203 1470 23 21 af
240 1471 41 21 den
299 1472 24 21 19
339 1471 118 24 December
475 1475 59 26 1864,
550 1474 125 27 härigenom
687 1473 100 27 stadgadt
799 1474 69 20 såsom
879 1473 70 27 följer:

553 1531 11 28 8
582 1533 17 19 1.

274 1570 42 21 Vill
336 1577 64 20 egare
422 1572 23 20 af
463 1572 135 21 storskiftadt
617 1572 76 21 frälse-
713 1572 52 21 eller
780 1571 170 21 skattehemman

202 1604 52 22 eller
270 1605 93 27 lagligen
379 1606 87 22 afrösad
482 1607 34 21 del
531 1607 23 21 af
568 1607 77 21 sädant
655 1607 100 21 hemman
767 1606 61 21 deraf
836 1606 33 21 till
880 1613 69 14 annan

201 1638 105 22 Ofverläta
325 1640 57 27 jord,
404 1640 33 21 för
461 1642 31 20 att
515 1642 69 20 såsom
604 1641 168 27 sjelfbestäende
787 1640 101 27 lägenhet
902 1641 48 21 med

200 1673 124 22 omedelbar
339 1674 182 28 skattskyldighet
537 1676 32 20 till
585 1676 82 21 kronan
679 1682 51 20 egas
741 1676 39 20 och
791 1676 97 26 besittas,
900 1681 49 15 vare

200 1708 42 20 han
258 1708 33 21 till
307 1708 59 27 dylik
382 1710 156 27 egostyckning
552 1710 129 27 berättigad,
699 1710 45 21 ifall
761 1710 40 21 den
813 1710 136 21 äterstäende

200 1742 62 22 delen
286 1742 22 22 af
328 1743 129 27 lägenheten
481 1745 48 27 kan,
553 1746 65 20 sedan
639 1745 28 21 all
688 1746 49 20 dess
754 1744 126 27 afkastning
895 1744 54 22 efter

199 1777 102 21 medeltal
316 1778 48 21 från
381 1780 69 25 öppen
467 1780 57 27 åker,
541 1782 47 25 äng,
605 1780 53 27 skog
674 1780 41 21 och
730 1779 59 27 fiske,
803 1779 66 27 jemte
880 1779 69 27 öfriga

198 1810 109 23 förmåner
323 1812 39 22 och
378 1813 66 22 säkra
459 1814 163 22 inkomstkällor
638 1814 72 22 blifvit
725 1816 65 24 tagna
806 1814 7 21 i
823 1814 125 28 beräkning,
