1003 1620
274 100 22 23 U.
313 100 21 22 B.
346 111 30 5 —
392 99 61 29 Prop.
471 100 38 22 N:o
526 100 21 23 2.
756 99 13 21 5

463 158 16 27 $
494 160 20 19 6.

246 197 50 21 Med
316 198 114 27 undantag
446 198 29 26 af
487 198 49 21 dei
552 200 16 24 $
583 200 16 20 2
614 197 130 22 omnämnda
750 196 49 28 fall

178 232 35 20 må
228 232 131 28 inteckning,
375 239 45 14 som
431 232 89 27 jemlikt
529 232 185 28 förordningen
705 228 12 36 i
729 234 71 18 ämnet

178 266 29 27 af
219 266 39 21 den
274 268 14 19 9
303 266 118 22 November
437 268 60 20 1868
511 266 97 27 härefter
618 267 108 21 meddelas
736 267 8 19 i
748 266 52 27 fast

179 302 106 27 egendom,
301 301 45 21 icke
362 301 93 27 omfatta
471 302 71 21 sädan
557 302 53 20 derä
626 302 84 27 anlagd
722 302 78 20 inrätt-

179 337 53 27 ning
253 336 48 21 med
323 336 74 21 dertill
419 336 98 22 hörande
537 336 130 28 byggnader,
690 336 62 21 hvari
767 336 32 20 in-

180 371 98 27 teckning
293 370 43 22 kan
352 372 67 26 enligt
435 372 71 20 denna
516 371 138 28 förordning
670 371 94 27 beviljas.

465 437 16 24 $
495 436 20 21 7.

248 475 78 20 Denna
338 474 139 28 förordning
491 475 64 27 skall,
572 475 47 21 med
634 475 96 27 ändring
745 473 29 28 af
786 475 16 20 2

179 509 15 28 $
213 510 8 19 i
238 509 163 27 förordningen
423 509 29 27 af
471 510 40 20 den
531 511 14 19 9
561 510 118 20 November
695 511 59 19 1868
769 515 33 14 om

180 544 122 28 inteckning
317 544 9 20 i
335 544 51 27 fast
401 544 109 26 egendom,
521 544 59 26 från
597 544 39 21 den

282 580 44 20 188
345 574 20 37 —
380 578 69 27 blifva
463 579 105 27 gällande
584 579 8 20 i
606 580 73 20 stället
689 578 42 28 för
746 578 55 21 hvad

180 614 37 20 i7
232 616 16 22 $
263 614 28 20 17
306 613 49 27 kap.
372 613 28 21 H.
418 613 25 21 B.
461 616 56 18 samt
532 614 111 20 särskilda
660 613 141 27 öfverhetliga

175 647 167 29 författningar
364 649 57 20 varit
444 649 105 27 stadgadt
569 656 33 14 om
624 648 124 27 inteekning
764 647 37 21 och

175 682 149 27 Sörmänsrätt
333 682 42 27 för
389 682 127 29 förlagslän
532 684 35 20 till
583 683 54 21 bruk
648 683 38 21 och
692 682 110 27 fabriker,

182 724 46 14 men
250 718 21 26 ej
294 717 98 27 medföra
414 718 81 21 verkan
511 719 14 19 &
547 718 158 28 inteckningar,
730 716 72 22 hvilka

177 757 52 27 före
243 758 134 20 sistnämnde
392 758 43 28 dag
452 758 105 28 beviljats.

113 826 11 22 I
142 826 35 22 det
199 827 83 27 slutliga
302 827 147 27 uppgörandet
471 827 22 22 af
507 828 58 21 detta
581 826 221 28 sammanjemknings-

45 861 78 28 förslag
142 861 62 22 hafva
223 862 87 27 deltagit
326 861 143 22 ordföranden
485 862 155 27 Montgomery,
656 861 145 22 ledamöterne

45 896 99 22 Friherre
165 896 83 27 Wrede,
272 896 123 27 Grotenfelt,
418 897 97 26 Renvall,
539 897 115 26 Grönberg,
670 896 133 25 Rosengren,

45 931 18 22 J.
80 931 109 26 Forsman,
212 931 98 26 Grönvik,
332 931 87 27 Nysten,
443 931 113 27 Clouberg,
577 931 101 26 Heikura,
699 929 104 25 Laitinen,

45 965 127 21 Tensikkala
196 965 39 21 och
259 966 98 21 Jaatinen
382 967 55 19 samt
461 966 163 26 suppleanterne
649 964 94 22 Aminoff
764 963 39 22 och

45 1000 61 27 Berg.

115 1033 131 28 Helsingfors
261 1034 40 22 den
317 1035 26 21 29
359 1034 58 22 Mars
437 1035 60 21 1882.

117 1474 70 23 Bilaga
200 1475 29 17 till
242 1476 139 22 Lagutskottets
393 1476 126 17 Betänkande
532 1476 37 16 N:o
582 1475 17 18 2.
