1014 1620
411 97 36 22 N:o
462 97 21 22 3.
781 95 12 21 3

73 167 79 25 grannt
167 164 107 22 fixerande
290 165 23 21 af
326 164 241 22 lösdrifveriförseelsen
585 165 118 27 förebygga
720 162 102 29 godtyck-

73 200 68 26 lighet
156 200 35 20 vid
206 206 113 20 personers
335 199 128 21 anhållande
478 200 33 20 för
527 200 42 20 slik
585 199 110 26 förseelse,
712 198 111 22 öfverlem-

73 240 38 14 nas
127 234 87 21 härmed
230 234 32 21 till
279 234 130 21 Ständernas
425 234 126 27 antagande,
565 234 66 27 jemte
647 234 38 20 det
700 233 59 21 Hans
773 231 51 27 Kej-

74 269 79 25 serliga
175 268 103 28 Majestät
300 269 57 21 velat
378 269 96 21 inhemta
497 269 131 21 Ständernas
647 268 101 27 yttrande
764 266 59 22 öfver

73 303 140 21 förenämnda
228 303 81 27 förslag
324 304 33 20 till
376 303 129 27 kungörelse
520 304 110 26 angående
645 302 108 22 särskilda
768 301 55 21 iakt-

73 338 94 26 tagelser
182 338 35 21 vid
232 338 139 21 lösdrifvares
386 338 137 26 behandling.

277 446 128 33 Förslag
418 446 43 26 till
473 445 152 34 förordning,
639 445 127 34 angående
776 443 47 28 lös-

213 486 108 27 drifvare
340 486 44 26 och
404 486 71 27 deras
494 486 158 33 behandling.

425 561 11 27 8
454 562 18 20 1.

146 602 113 21 Arbetsför
281 602 55 21 finsk
359 602 149 27 medborgare,
525 608 45 15 som
586 603 58 20 utom
661 601 41 22 den
718 601 106 24 kommun,

74 637 38 21 der
135 637 41 20 han
200 637 52 20 eller
271 637 41 20 hon
329 636 38 21 har
383 637 39 20 sitt
437 638 59 19 rätta
510 637 27 20 bo
553 636 39 21 och
607 636 98 26 hemvist,
722 634 103 28 sysslolös

73 671 86 27 stryker
175 671 104 26 omkring,
295 673 50 19 utan
361 673 33 19 att
409 673 42 24 äga
467 671 32 21 sin
518 671 104 26 bergning
637 670 23 21 af
674 676 55 21 egna
739 669 86 26 tillgän-

73 712 38 21 gar
127 706 52 21 eller
195 711 75 21 genom
286 711 80 15 annans
382 705 104 26 värdnad,
503 705 38 22 och
553 705 102 27 derjemte
665 704 101 21 beträdes
777 703 47 21 med

74 740 93 27 osedligt
182 740 52 21 eller
249 741 108 26 vanartigt
371 739 137 27 lefnadssätt,
525 740 64 21 varde
609 740 71 21 säsom
699 738 127 22 lösdrifvare

73 775 99 20 anhällen
189 776 56 20 samt
259 775 23 21 af
296 777 71 19 ortens
388 775 183 27 polismyndighet
585 774 134 22 omedelbart
734 773 32 21 till
783 772 43 21 Gu-

74 811 115 19 vernörens
205 809 5 21 i
227 809 58 21 länet
300 809 130 27 behandling
446 810 83 20 insänd.

427 879 12 27 8
456 880 19 19 2.

144 914 31 25 Är
195 918 106 22 arbetsför
320 924 85 21 person,
421 918 88 22 hvilken
525 919 18 27 ej
560 918 23 22 af
597 924 53 21 egna
665 918 116 26 tillgängar
797 916 29 21 el-

74 953 31 21 ler
127 959 77 20 genom
219 959 81 15 annans
316 953 96 21 värdnad
429 955 52 24 äger
497 954 33 20 sin
546 953 103 27 bergning
665 952 39 22 och
720 952 46 20 icke
782 951 44 21 hel-

73 988 32 20 ler
120 988 95 26 åtnjuter
231 987 122 27 fattigvård,
370 988 93 20 beträdd
479 988 48 21 med
543 990 32 19 att
590 988 57 21 inom
660 994 53 20 egen
724 986 101 21 kommun

73 1022 47 22 föra
135 1024 33 19 ett
183 1022 187 27 kringstrykande,
389 1022 117 27 sysslolöst
517 1022 39 22 och
567 1022 92 26 osedligt
668 1022 101 25 lefverne,
781 1026 46 16 som

73 1056 33 21 till
129 1063 54 14 vana
206 1056 113 27 öfvergätt,
343 1057 39 21 och
405 1057 57 21 läter
481 1057 42 21 han
538 1057 33 26 sig
587 1057 17 27 ej
621 1058 57 20 rätta
693 1056 23 21 af
729 1055 98 26 varning,

74 1097 45 15 som
135 1091 40 21 bör
190 1091 78 21 honom
283 1091 7 21 i
306 1091 48 21 stad
369 1091 23 21 af
406 1091 239 27 fattigvärdsstyrelsen
660 1091 39 21 och
715 1090 28 27 pä
753 1089 74 21 landet

73 1124 23 22 af
117 1125 230 22 kommunalnämnden
370 1126 119 26 meddelas,
512 1126 65 21 varde
597 1126 78 26 jemväl
698 1125 43 21 han
757 1124 71 21 säsom

74 1159 129 22 lösdrifvare
225 1160 81 21 ansedd
330 1160 38 21 och
386 1160 151 21 underkastad
552 1159 110 22 enahanda
677 1158 88 28 påföljd,
782 1159 46 20 som

74 1194 7 21 i
97 1193 129 27 föregående
241 1194 12 26 8
268 1194 67 21 finnes
352 1195 75 20 utsatt.

428 1264 12 26 $
457 1265 20 19 3.

146 1303 67 21 Finsk
223 1304 148 26 medborgare,
382 1304 90 21 hvilken
485 1304 71 21 blifvit
566 1304 70 21 såsom
647 1302 182 28 kringstrykande

75 1340 58 18 utom
156 1338 91 20 Finland
267 1338 99 20 anhållen
382 1338 40 21 och
439 1338 34 21 till
490 1338 74 22 landet
579 1338 118 27 förpassad,
715 1339 24 19 är
754 1336 75 21 likale-

75 1372 37 21 des
128 1372 69 21 under
213 1372 25 21 de
254 1372 6 20 i
277 1372 10 28 $
306 1373 8 19 1
333 1372 130 22 omnämnda
479 1372 149 22 förhållanden
642 1372 99 22 förfallen
752 1372 33 20 att
796 1370 33 22 sä-

75 1412 46 15 som
137 1406 128 22 lösdrifvare
281 1406 117 22 betraktas.
