1036 1620
398 111 57 22 N:o
471 110 47 22 12.

357 461 69 24 Hans
442 461 154 29 Kejserliga
606 461 140 28 Majestäts
757 458 78 30 nådiga

289 496 130 29 proposition
439 495 32 24 till
492 495 102 24 Finlands
614 495 94 29 Ständer,
727 493 108 31 angående

290 530 89 29 ändring
398 530 7 23 i
424 530 100 29 gällande
542 530 132 30 stadganden
689 529 90 24 rörande
793 528 42 24 för-

289 564 122 30 valtningen
429 564 23 24 af
465 564 170 24 kronohemman.

156 630 10 20 I
188 630 40 20 den
244 629 140 27 lagstiftning,
402 636 46 14 som
464 630 68 26 gäller
548 629 132 21 beträffande
696 629 139 25 besittnings-

85 665 69 19 rätten
178 664 32 20 till
234 664 38 20 och
296 663 157 26 förvaltningen
477 664 23 20 af
522 664 192 20 kronohemmanen
733 663 6 20 i
756 662 79 25 landet,

85 698 38 20 har
146 698 100 20 behofvet
265 698 23 21 af
304 698 120 26 väsentliga
440 698 151 26 förändringar
607 698 4 20 i
630 704 74 14 senare
720 697 55 21 tider
791 702 45 15 mer

86 732 38 21 och
147 738 45 15 mer
210 732 121 21 framträdt.
361 732 31 27 Ty
410 732 93 21 nämnda
518 732 142 26 lagstiftning,
676 732 86 20 hvilken
777 731 59 21 inne-

85 766 65 22 fattas
173 766 188 28 hufvudsakligast
376 768 7 20 i
399 768 170 26 kungörelserna
585 767 22 21 af
622 767 40 21 den
678 768 24 20 31
720 766 45 21 Juli
783 766 51 20 1811

85 801 39 20 och
147 801 39 20 den
210 803 11 18 9
241 801 103 21 Februari
363 802 60 25 1852,
441 802 79 20 saknar
536 802 64 25 nödig
616 800 165 25 fullständighet
797 799 38 20 och

86 834 92 22 befinnes
200 835 77 26 jemväl
302 835 215 21 otillfredsställande
540 836 6 20 i
571 835 53 21 flera
647 835 65 26 delar,
736 841 45 14 som
803 833 34 21 för

86 869 62 21 dessa
171 870 134 25 lägenheters
327 870 110 21 förkofran
456 870 62 21 hafva
535 870 93 21 särskild
645 869 135 27 betydenhet,
797 867 38 22 och

86 904 25 20 de
134 904 96 21 häremot
248 904 77 26 gjorda
340 905 167 26 anmärkningar
523 907 37 18 äro
576 904 142 21 öfverhufvud
735 902 101 27 förtjenta

85 940 32 18 att
133 938 93 20 beaktas.
258 938 94 21 Sålunda
367 939 124 21 framhålles
512 939 64 20 bland
592 941 76 18 annat:
684 940 33 18 att
732 937 40 21 den
788 936 49 21 ord-

86 972 56 26 ning,
166 978 45 14 som
234 972 88 27 stadgas
338 973 33 21 för
387 975 44 19 rätt
447 973 32 21 till
496 973 121 27 inrymning
632 973 6 20 i
656 972 68 27 dylikt
738 972 98 20 hemman

86 1006 53 21 efter
155 1006 163 22 innehafvarens
334 1007 105 26 frånfälle,
457 1007 83 21 afviker
556 1007 46 21 från
619 1007 55 21 hvad
690 1007 5 20 i
712 1005 101 22 afseende
824 1004 13 21 å

85 1041 97 27 arfsföljd
198 1041 6 21 i
221 1041 78 21 allmän
315 1042 34 26 lag
366 1042 71 22 såsom
458 1042 40 21 ock
513 1042 7 20 i
536 1042 62 26 fråga
613 1048 34 14 om
663 1040 175 26 besittningsrätt

85 1076 32 20 till
141 1076 159 20 kronorusthäll
321 1078 23 18 är
363 1076 139 21 föreskrifvet
518 1078 61 23 samt,
596 1076 70 20 såsom
683 1076 6 20 i
705 1075 66 26 öfrigt
783 1074 54 26 jem-

85 1110 33 20 väl
142 1110 80 26 obillig,
244 1110 44 20 ofta
304 1110 62 26 gifvit
381 1110 84 27 upphof
480 1110 31 21 till
528 1110 82 27 osämja
626 1110 39 21 och
680 1108 157 26 misshällighe-

85 1146 33 18 ter
133 1145 56 19 inom
206 1144 126 27 familjerna,
349 1145 32 21 till
398 1145 69 21 skada
478 1145 38 21 och
528 1151 47 15 men
586 1144 34 21 för
630 1144 137 21 hemmanens
779 1142 58 21 sköt-

85 1178 30 21 sel
132 1178 38 21 och
186 1178 62 26 vård;
264 1181 32 19 att
312 1179 39 21 den
368 1178 78 22 afliden
462 1179 52 21 åbos
530 1179 62 25 enka,
608 1178 85 21 hvilken
709 1183 76 21 genom
797 1176 40 26 gif-

85 1212 99 21 termålet
199 1213 47 20 med
262 1213 77 20 honom
356 1213 91 20 kommit
462 1214 32 19 till
512 1213 126 25 hemmanet,
655 1212 89 27 tillagda
754 1210 83 22 förmån

85 1248 32 19 att
140 1247 151 26 tillgodonjuta
314 1253 103 15 mannens
434 1247 158 26 lifstidsstädja,
609 1247 24 20 så
649 1247 61 26 länge
726 1246 42 21 hon
784 1244 55 21 enka

86 1281 67 26 sitter,
177 1281 136 21 förnärmade
336 1281 92 21 barnens
452 1283 45 19 rätt
520 1281 39 21 och
575 1287 51 15 vore
642 1281 67 26 egnad
725 1282 33 19 att
773 1279 64 21 fram-

85 1315 58 21 kalla
158 1316 76 20 tvister
250 1316 88 21 emellan
355 1315 70 22 enkan
441 1316 40 21 och
497 1316 55 26 dem,
568 1321 46 16 som
630 1315 54 21 efter
699 1315 69 21 henne
786 1317 51 16 vore

85 1349 33 21 till
141 1349 119 28 åboskapet
283 1350 144 26 berättigade;
451 1352 34 19 att
504 1350 27 21 då
548 1350 48 25 åbo,
612 1356 51 14 vare
678 1349 33 27 sig
726 1349 7 20 i
748 1347 53 27 följd
817 1346 24 21 af

85 1383 151 21 efterlåtenhet
258 1384 7 20 i
289 1384 132 21 hemmanets
438 1384 52 20 häfd
506 1384 52 21 eller
574 1384 33 20 för
622 1390 69 14 annan
708 1382 71 24 orsak,
795 1381 44 20 för-

85 1416 93 22 verkade
201 1418 202 27 besittningsrätten
423 1418 32 20 till
477 1418 125 26 detsamma,
618 1418 53 20 hans
687 1418 53 20 barn
756 1415 83 27 derige-
