1031 1617
334 98 26 22 U.
374 98 24 22 B.
414 110 26 11 —
460 98 65 29 Prop.
540 99 38 23 N:o
594 97 16 23 1.

321 411 12 19 S

299 439 208 34 Lägutskottets
527 445 167 22 betänkande
709 445 38 22 N:o
762 444 15 23 4
792 445 8 22 i
814 450 39 17 an-

230 479 91 28 ledning
345 479 26 22 af
393 479 59 22 Hans
480 479 124 29 Kejserliga
630 479 115 29 Majestäts
771 479 82 28 nådiga

232 514 138 29 proposition
385 513 116 29 angäende
516 514 155 29 upphäfvande
686 513 26 24 af
724 514 59 22 vissa
794 513 58 22 stad-

230 548 87 29 ganden
332 548 98 23 rörande
446 548 126 29 skatteköp.

162 611 107 27 Samtliga
286 611 95 22 Ständen
397 611 64 22 hafva
477 612 121 27 hänskjutit
609 611 157 22 ofvannämnda
776 611 79 27 nädiga

92 646 136 27 proposition
248 646 32 21 till
300 646 162 27 Lagutskottet,
483 652 47 16 som
548 646 46 21 frän
614 646 120 28 Kejserliga
748 646 106 22 Senatens

91 680 111 22 allmänna
221 680 71 22 kansli
312 680 42 22 fätt
373 682 98 26 mottaga
491 681 159 21 underrättelse
670 681 79 26 derom,
772 682 32 20 att
819 680 35 22 vid

92 715 104 22 ärendets
224 715 161 27 handläggning
407 715 7 21 i
437 715 94 22 Senaten
557 715 70 27 någon
651 715 133 27 omröstning
807 714 47 22 icke

92 748 106 23 förefallit.

160 852 34 22 De
210 853 142 27 stadganden,
368 853 86 22 hvilkas
471 852 151 28 upphäfvande
637 853 6 21 i
660 852 40 22 den
716 852 80 28 nådiga
806 858 49 21 pro-

91 887 123 27 positionen
229 887 99 27 föreslås,
344 890 38 19 äro

163 924 41 20 1:0.
228 922 57 28 3:dje
299 922 97 27 punkten
411 922 8 21 i
434 922 77 27 Kongl.
527 922 151 27 förordningen
694 928 34 16 om
744 922 55 21 huru
812 920 43 22 för-

91 956 71 22 hållas
184 956 55 22 skall
259 956 49 22 med
328 957 27 21 de
371 956 99 22 hemman
488 957 40 22 och
542 957 202 26 kronolägenheter,
760 962 47 16 som
822 955 34 21 till

91 990 75 22 skatte
182 990 106 28 försäljas,
304 990 71 28 gifven
391 991 41 22 den
450 993 26 20 19
493 991 127 27 September
632 992 61 25 1723,
708 991 25 21 sä
743 990 46 22 vidt
800 990 55 21 deri-

90 1031 79 21 genom
186 1025 130 22 rusthällare
332 1025 122 22 tillerkänts
470 1027 45 27 rätt
530 1027 32 19 att
577 1025 7 21 i
600 1025 57 21 vissa
669 1025 37 21 fall
716 1024 88 22 framför
815 1023 40 22 äbo

91 1059 133 28 skatteköpa
240 1060 221 27 augmentshemman,
476 1066 46 15 som
538 1061 24 20 är
577 1060 68 21 under
658 1059 116 22 rusthället
785 1058 70 23 ansla-

91 1096 47 25 get;
154 1094 87 22 hvilken
256 1094 71 27 punkt
342 1095 7 20 i
364 1095 33 21 sin
413 1094 75 21 helhet
504 1096 24 19 är
542 1093 24 22 af
578 1093 95 28 följande
688 1093 105 22 innehäll:

163 1130 33 25 »3.
224 1128 170 22 Vidkommande
405 1129 271 26 Augments-Hemmanen,
688 1129 24 21 sä
723 1129 39 21 bör
773 1118 83 41 Åboen,

90 1168 49 16 som
160 1163 70 22 under
244 1163 120 27 krigstiden
382 1165 22 20 et
420 1163 79 22 sådant
514 1163 104 22 Hemman
634 1162 33 22 för
682 1163 86 27 utlagor
781 1162 75 21 besut-

91 1197 33 26 tit,
148 1197 40 22 och
204 1197 39 21 sitt
258 1197 76 22 arbete
352 1197 38 22 der
405 1197 120 28 nederlagt,
541 1204 52 15 vara
607 1199 97 20 närmast
718 1199 24 20 at
756 1197 21 21 få
792 1197 66 26 kiöpa

92 1232 38 21 det
150 1231 32 22 till
204 1231 86 27 Skatte;
311 1231 34 22 Vil
366 1232 19 21 ei
405 1227 76 26 Åboen
502 1232 37 21 det
554 1232 24 21 til
594 1232 34 27 sig
643 1232 52 25 lösa,
712 1232 25 21 så
752 1231 35 22 må
802 1230 56 22 efter

90 1267 80 21 honom
191 1266 157 22 Rusthällaren
367 1273 53 15 vara
439 1268 99 20 närmast
558 1267 74 26 dertil;
651 1266 50 22 Men
716 1266 68 27 ligger
798 1265 59 26 Aug-

90 1303 85 19 mentet
193 1301 25 21 så
233 1302 40 19 när
288 1300 21 21 in
326 1301 24 21 til
367 1301 111 22 Stammen
495 1301 40 21 och
551 1301 50 22 dess
618 1307 58 21 egor,
692 1302 22 19 at
730 1301 37 21 det
782 1299 77 22 länder

92 1335 124 22 Rusthållet
236 1335 25 21 til
282 1335 102 27 styrckio,
406 1335 53 22 eller
478 1335 56 22 varit
554 1335 108 22 derunder
676 1335 77 21 härtils
769 1333 91 23 häfdadt

90 1369 42 22 och
158 1370 100 26 brukadt,
282 1369 25 22 så
331 1371 23 20 at
376 1369 126 22 Rusthållet
524 1370 85 27 igenom
632 1370 142 26 Augmentets
797 1368 60 21 bort-

90 1404 109 22 mistande
222 1405 69 21 skulle
312 1404 114 27 försvagas
446 1405 42 21 och
508 1405 72 21 kunna
598 1404 55 22 råka
672 1404 24 21 til
716 1403 138 27 undergång;

160 1443 140 23 Lagutskottets
312 1442 118 19 betänkande
443 1444 37 17 N:o
493 1444 16 17 4.
