1031 1620
200 100 27 21 14

365 100 82 23 Ständ.
463 99 37 23 Sv.
516 112 28 3 —
558 99 72 28 Prop.
646 99 41 22 N:o
702 98 35 22 16.

375 164 27 24 af
412 163 136 25 maltdrycker,
571 162 82 20 Velrädd
674 162 42 20 med
731 161 64 25 oloflig
809 160 119 26 försäljning

376 198 26 24 af
414 198 81 20 bränvin
510 198 46 19 eller
571 197 64 19 andra
650 196 75 20 brända
741 196 45 20 eller
805 194 122 22 destillerade

376 232 137 25 spritdrycker,
537 232 70 23 dömes,
630 233 53 18 utom
705 231 31 19 till
753 230 68 25 derför
836 229 93 25 stadgadt

376 273 78 17 ansvar,
471 267 30 19 sin
516 266 179 25 utskänkningsrätt
709 266 50 24 efter
773 265 62 20 denna
849 264 79 25 förord-

375 301 46 25 ning
434 301 98 24 förlustig.

620 353 17 23 $
651 352 30 19 19.

434 392 124 24 Förbrytelse
581 393 40 18 mot
643 393 17 24 &
673 392 24 19 13
713 390 82 25 straffas
810 390 43 20 med
868 390 58 23 böter,

376 426 66 25 första
462 426 73 25 gängen
554 426 48 24 frän
622 426 33 19 och
672 425 43 20 med
729 425 107 25 sjuttiofem
851 425 30 19 till
895 424 33 20 och

376 461 43 19 med
442 460 101 20 etthundra
566 461 66 24 femtio
654 460 56 19 mark
730 459 33 20 och
778 459 64 20 andra
855 459 73 24 gången

376 495 48 24 från
439 495 33 19 och
486 495 43 19 med
544 495 102 19 etthundra
660 494 67 25 femtio
743 493 30 20 till
787 493 32 20 och
834 493 43 20 med
891 495 37 17 tre-

376 529 77 20 hundra
468 529 62 20 mark.
560 529 49 20 Sker
624 529 31 20 det
670 529 61 24 tredje
751 528 73 25 gången
839 528 46 20 eller
899 527 29 24 of-

377 565 48 22 tare,
448 570 47 13 vare
516 564 32 19 Dot
562 564 47 24 frän
625 563 33 20 och
672 563 43 20 med
731 563 105 20 trehundra
851 562 30 19 till
895 562 33 19 och

377 597 43 20 med
434 598 112 20 sexhundra
560 598 63 19 mark.

620 657 17 23 $
651 656 36 19 20.

434 696 74 24 Bryter
530 695 63 25 någon
615 697 40 18 mot
675 694 153 25 föreskrifterna
846 694 8 19 i
872 695 12 24 $
905 694 23 19 11

377 735 57 14 mom.
449 730 15 24 2
479 730 45 19 eller
538 730 18 23 3,
573 729 45 20 eller
632 730 9 19 i
655 731 33 23 $$
703 729 24 20 16
743 729 46 20 eller
802 729 26 19 17
841 735 47 13 vare
899 728 31 19 bot

377 763 66 24 första
464 764 73 24 gången
558 763 48 25 från
628 763 33 20 och
683 763 43 20 med
742 763 93 24 tjugufem
851 763 29 19 till
895 763 33 19 och

377 798 43 19 med
441 798 105 24 sjuttiofem
568 798 62 19 mark.
660 797 49 20 Sker
724 798 31 18 det
773 797 62 20 andra
849 797 78 25 gången,

379 832 41 19 böte
434 832 48 24 från
497 832 33 19 och
544 832 43 19 med
601 832 66 24 femtio
683 832 30 19 till
727 832 33 19 och
775 831 42 20 med
827 831 101 20 etthundra

378 866 66 24 femtio
466 866 56 20 mark
540 866 33 20 och
587 872 47 14 vare
649 866 30 20 sin
693 866 180 24 utskänkningsrätt
887 865 41 25 för-

379 900 63 25 lustig.

622 953 17 23 $
653 952 33 19 21.

435 986 128 29 Öfverträder
584 991 62 24 någon
661 990 91 25 förbudet
765 991 9 19 i
795 990 8 27 $
818 991 14 19 5
846 997 56 13 mom.
918 991 11 18 1

378 1025 46 19 eller
445 1025 111 19 underlåter
575 1026 29 18 att
618 1025 86 25 fullgöra
718 1024 51 20 hvad
783 1025 9 19 i
805 1031 57 13 mom.
877 1026 15 18 2
908 1024 25 24 af

378 1065 76 14 samma
476 1058 16 28 $
513 1059 86 26 stadgas,
623 1060 41 19 böte
684 1059 49 25 från
753 1059 33 20 och
801 1059 43 19 med
859 1060 26 18 tio
901 1059 30 19 till

378 1094 34 19 och
426 1093 43 20 med
482 1094 74 24 fyratio
573 1094 62 19 mark.

622 1150 16 27 $
653 1151 36 19 22.

436 1190 67 23 Böter,
528 1196 41 13 som
590 1191 36 19 äro
642 1191 84 19 ädömda
741 1191 57 24 enligt
812 1190 61 19 denna
888 1189 42 25 för-

379 1224 87 24 ordning,
490 1224 80 24 tillfalla
593 1224 29 20 till
644 1224 33 20 tvä
696 1224 116 25 tredjedelar
827 1224 104 24 äklagaren

379 1258 34 19 och
435 1264 23 14 en
480 1258 91 24 tredjedel
594 1258 120 25 angifvaren,
738 1258 27 20 dä
780 1258 22 20 de
815 1259 117 24 gemensamt

379 1292 55 20 ätala
456 1292 134 25 förbrytelsen,
614 1299 42 13 men
679 1293 105 24 äklagaren
807 1292 81 24 odeladt,
905 1292 27 19 dä

378 1326 39 20 han
439 1332 65 14 ensam
525 1326 55 25 utför
601 1327 64 19 målet.
700 1326 36 20 Vid
759 1326 97 20 bristande
874 1326 58 19 betal-

378 1360 135 25 ningstillgång
528 1361 117 24 förvandlas
660 1362 79 19 böterna
755 1360 29 20 till
798 1360 85 25 fängelse
898 1360 33 20 vid

379 1396 65 18 vatten
459 1395 32 19 och
506 1395 53 23 bröd,
576 1395 137 20 motsvarande
729 1401 22 14 en
767 1395 91 24 tredjedel
868 1395 25 24 af
901 1395 30 19 bö-

381 1428 120 25 tesbeloppet.
