1031 1623
214 119 25 20 12
430 119 20 20 U.
466 119 19 20 B.
501 129 28 4 —
545 119 53 24 Prop.
614 118 31 20 N:o
660 119 31 20 15.

349 182 162 29 Inmutnings
527 182 47 23 och
589 181 189 30 grufvestadga.

491 237 10 19 1
517 236 114 25 Kapitlet.

233 280 39 23 Om
287 280 93 23 föremål
395 280 36 23 för
445 280 125 29 inmutning
585 280 42 22 och
642 281 42 21 när
700 279 42 23 den
757 279 89 23 tillåten
862 281 32 21 är.

539 343 44 28 81.

251 383 100 23 Föremäl
373 383 33 22 för
428 384 120 27 inmutning
569 385 37 20 äro
626 383 57 28 guld,
704 383 78 26 silfver,
799 383 142 28 gvicksilfver,

182 418 89 27 platina,
284 419 55 27 jern,
354 418 42 28 bly,
410 419 89 27 koppar,
516 418 56 27 zink,
589 420 57 24 tenn,
657 418 77 21 kobolt
744 418 39 21 och
795 418 70 22 nickel
873 418 69 27 jemte

183 453 62 22 deras
261 453 96 26 malmer,
373 453 108 27 myrmalm
497 452 95 22 härifrån
609 453 55 21 dock
674 452 145 27 undantagen.
839 453 102 27 Sjömalm

182 487 36 22 mä
232 487 67 22 likväl
313 487 94 22 inmutas
424 487 77 22 endast
516 487 33 22 för
564 488 43 21 viss
624 487 67 22 redan
703 485 97 29 befintlig
810 487 53 22 eller
873 487 69 22 under

184 521 130 28 anläggning
329 521 94 22 varande
439 522 192 27 bruksinrättning,
648 521 35 22 vid
698 521 87 22 hvilken
801 522 66 21 sädan
877 522 64 21 malm

183 556 163 27 tillgodogöres.

251 590 29 21 Af
297 590 51 27 guld
367 590 40 21 och
423 589 77 27 silfver,
517 597 46 15 som
578 590 47 22 frän
640 590 114 27 fyndighet
769 590 6 21 i
791 591 53 26 berg
859 590 81 27 vinnas,

183 624 56 22 skall
261 625 32 20 till
313 625 83 21 kronan
412 625 98 27 erläggas
526 625 42 22 fem
584 627 97 25 procont.
713 625 43 22 För
770 625 58 26 guld,
844 631 47 16 som
906 627 34 20 ut-

181 659 79 22 vaskas
275 659 46 22 från
337 659 47 22 lösa
396 659 115 28 jordlager,
528 660 99 27 erlägges
642 659 33 22 för
686 659 74 28 hvarje
771 659 67 22 utmä]
848 659 33 22 till
891 659 49 22 kro-

182 700 41 15 nan
238 694 44 21 viss
298 693 54 28 ärlig
367 693 67 28 afgift,
451 694 62 22 hvars
529 694 164 22 bestämmande
710 694 123 22 ankommer
849 694 13 21 ä
874 693 66 22 Sena-

181 730 48 20 tens
245 728 118 22 Ekonomie
379 729 160 27 Departement,
559 735 46 15 som
618 729 81 27 jemväl
714 729 40 21 har
770 731 33 19 att
817 729 7 21 i
839 728 101 22 afseende

182 764 12 20 &
210 763 126 27 uppbörden
353 762 22 22 af
389 764 66 26 sagde
466 763 91 27 aigifter,
569 764 124 21 kontrollen
706 762 98 22 deröfver
814 765 57 19 samt
881 763 59 21 tiden

181 797 33 22 för
237 797 100 28 afgiftens
361 798 130 27 erläggande
514 798 100 22 meddela
638 798 26 22 de
684 797 140 27 föreskrifter,
841 804 46 15 som
903 798 36 21 be-

181 831 69 22 finnas
265 832 86 27 nödiga.

535 873 11 28 8
563 875 18 19 2.

251 908 137 32 Öfvergifven
411 913 52 22 eller
486 913 68 22 sönad
569 913 76 27 grufva
660 913 42 22 och
718 912 96 22 derinvid
830 911 109 26 befintliga

181 953 51 21 varp
253 946 23 22 få
295 947 19 27 ej
336 947 53 28 ånyo
412 947 94 22 inmutas
526 950 52 19 utan
594 947 98 22 tillstånd
708 947 23 21 af
742 947 130 27 jordägaren
889 947 52 21 eller

180 981 14 22 å
213 981 117 28 kronojord
345 982 40 21 och
405 982 92 21 boställe
513 982 22 21 af
553 981 160 22 innehafvaren.
743 975 19 28 Ä
778 981 91 22 boställe
886 981 55 22 skall

182 1015 58 22 bifall
257 1016 32 21 till
305 1016 146 27 inmutningen
467 1017 101 21 utverkas
581 1017 81 27 jemväl
678 1015 23 22 af
716 1016 42 21 den
772 1016 52 21 eller
840 1016 26 21 de
882 1022 58 21 myn-

181 1050 107 27 digheter,
304 1051 72 21 hvilka
392 1051 59 21 öfver
466 1051 103 22 bostället
584 1051 64 21 hafva
664 1051 110 21 inseende.

248 1085 68 21 Förut
337 1085 119 22 bearbetad
480 1085 51 22 eller
554 1085 98 22 inmutad
674 1084 114 28 fyndighet
805 1084 7 21 i
832 1084 108 27 jordlager

180 1119 51 21 eller
247 1119 32 28 sjö
295 1119 42 22 kan
354 1119 103 27 deremot,
475 1120 64 21 sedan
556 1120 41 21 den
613 1119 70 22 blifvit
700 1118 130 27 öfvergifven
847 1119 52 21 eller
909 1119 31 20 in-

179 1153 183 26 mutningsrätten
377 1153 128 27 förverkats,
514 1155 55 26 änyo
584 1154 100 26 inmutas,
695 1153 90 22 säframt
800 1153 37 21 det
848 1153 50 21 sker
908 1153 33 21 för

179 1187 107 22 vinnande
301 1187 24 22 af
345 1188 95 27 mineral,
465 1194 45 16 som
534 1189 67 26 enligt
621 1188 133 27 föregäende
774 1189 64 26 utgör
852 1187 89 22 föremäl

178 1221 34 22 för
229 1221 128 28 inmutning.

534 1257 46 27 83.

249 1292 9 19 1
277 1297 63 15 mom.
365 1291 127 28 Fyndighet,
509 1298 45 15 som
570 1294 24 19 är
611 1291 91 27 belägen
718 1291 29 27 pä
762 1290 82 22 mindre
856 1290 85 21 afständ
966 1318 4 4 —

178 1327 28 19 än
222 1325 118 21 etthundra
362 1325 83 23 famnar
466 1326 46 22 frän
534 1326 91 26 bonings
645 1326 53 22 eller
714 1326 74 26 uthus,
804 1327 61 23 tomt,
882 1324 58 22 träd-

177 1358 62 27 gärd,
255 1360 36 21 vid
307 1360 54 26 gärd
376 1361 78 27 anlagd
470 1361 59 27 park,
546 1360 203 27 fabriksinrättning
760 1360 49 21 med
820 1359 71 22 dertill
902 1359 38 21 hö-

176 1393 67 22 rande
260 1394 126 26 byggnader
402 1395 53 21 eller
465 1395 78 21 allmän
553 1395 107 27 byggnad,
672 1394 132 27 anläggning
812 1394 53 22 eller
876 1394 64 26 plats,

176 1434 51 15 vare
244 1428 19 27 ej
281 1428 32 21 till
328 1428 121 28 inmutning
465 1430 84 21 tillåten
565 1432 52 18 utan
632 1429 99 21 tillstånd
747 1428 23 22 af
776 1428 88 28 jordens
876 1434 64 21 egare

245 1467 196 19 Ekonomiutskottets
454 1468 115 18 betänkande
582 1468 37 18 N:o
631 1468 16 18 6.
