1000 1623
246 109 35 24 U.
296 109 43 23 B.
356 121 30 5 —
401 108 105 29 Prop.
521 108 59 23 N:o
595 109 28 22 9.

332 344 180 28 Lagutskottets
528 345 144 21 betänkande
688 345 31 21 N:o
735 345 11 21 2
762 345 5 21 i
783 351 32 15 an-

263 379 74 27 ledning
359 379 22 21 af
396 379 48 21 Hans
460 379 104 28 Kejserliga
579 380 97 27 Majestäts
692 379 66 28 nådiga
772 385 42 22 pro-

261 414 86 28 position,
364 413 92 28 angående
472 414 109 27 inteekning
596 415 6 20 i
618 414 108 21 mekaniska
741 414 32 21 och
788 414 27 21 in-

262 448 90 22 dustriela
374 448 45 22 verk
442 450 48 20 samt
512 449 40 21 med
574 449 37 21 dem
632 449 92 21 likartade
747 449 67 20 inrätt-

261 483 73 27 ningar.

123 547 42 21 Vid
180 548 83 20 senaste
277 546 103 27 landtdag
394 546 132 22 inlemnades
542 546 32 21 till
589 546 106 27 vällofliga
712 546 103 27 Borgare-

56 582 85 21 ståndet
156 583 31 20 ett
201 581 218 27 petitionsmemorial,
435 581 60 21 hvari
510 580 116 26 framhölls,
642 581 102 21 hurusom
759 586 55 22 myc-

55 616 39 21 ken
120 615 113 22 osäkerhet
257 622 50 15 vore
322 615 58 22 inom
395 615 163 28 lagskipningen
573 615 94 22 rådande
683 615 7 21 i
705 615 59 27 fråga
779 621 35 16 om

54 649 205 28 förlagsinteckning,
274 650 7 21 i
297 650 36 21 det
348 656 26 15 en
390 649 33 22 del
439 650 88 21 domare
542 651 54 20 trott
607 650 59 21 detta
677 649 137 22 rättsinstitut

55 691 50 15 vara
120 691 75 20 genom
210 684 149 27 förordningen
374 691 35 15 om
424 684 124 27 inteckning
561 684 7 21 i
578 684 41 22 fast
629 684 103 27 egendom
743 683 22 22 af
774 683 40 22 den

54 720 13 20 9
83 719 120 21 November
226 720 54 20 1868
296 718 122 28 upphäfvet,
434 719 77 21 medan
526 718 92 22 flertalet
634 719 34 21 väl
683 720 70 20 ansett
769 718 45 22 det-

55 760 80 15 samma
157 760 51 15 vara
232 753 21 22 af
275 754 40 21 den
330 760 65 21 nyare
410 753 160 27 lagstiftningen
586 753 107 27 oberördt,
709 759 49 15 men
772 752 42 22 sin-

54 788 91 21 emellan
160 788 54 21 varit
230 787 21 22 af
265 788 26 21 de
306 791 54 18 mest
375 788 122 27 skiljaktiga
508 788 79 27 åsigter
597 788 6 21 i
615 788 26 21 de
651 788 112 27 vigtigaste
774 786 39 22 dit-

53 822 94 22 hörande
162 822 76 27 frågor,
254 823 70 21 såsom
340 823 91 21 rörande
442 825 62 19 arten
514 822 22 22 af
546 823 26 21 de
582 823 149 26 inrättningar,
743 821 71 22 hvilka

52 857 114 26 rätteligen
181 857 70 22 kunde
265 857 65 22 blifva
352 857 89 21 föremål
456 857 34 21 för
505 857 66 22 sådan
585 857 130 27 inteckning,
731 855 82 23 beskaf-

52 891 99 22 fenheten
173 891 23 22 af
216 892 26 21 de
263 891 146 27 förbindelser,
434 891 33 22 för
482 891 72 22 hvilka
570 891 58 28 dylik
643 891 100 22 säkerhet
756 890 56 27 finge

52 925 114 27 meddelas,
182 925 40 22 den
238 928 49 24 rätt,
302 932 46 15 som
364 932 76 21 genom
456 925 148 28 inteckningen
620 932 86 20 vunnes,
723 925 39 22 och
775 925 37 21 hu-

52 959 74 22 ruvida
149 960 40 21 den
211 967 50 15 vore
284 961 144 21 underkastad
450 960 144 28 preskription
616 960 52 22 eller
689 960 53 27 icke,
757 960 56 21 samt

52 994 85 22 hvilken
160 995 121 27 myndighet
304 995 67 22 borde
390 1001 62 16 anses
468 995 89 27 behörig
572 997 32 20 att
619 995 98 22 meddela
732 993 80 22 inteck-

52 1028 50 27 ning
116 1029 7 21 i
138 1029 221 28 fabriksinrättningar
378 1030 27 27 på
420 1029 79 22 landet.
530 1030 33 21 Då
578 1036 81 15 samma
673 1029 85 22 institut
773 1028 39 21 lik-

52 1063 33 21 väl
107 1063 130 22 fortfarande
257 1064 8 21 i
280 1064 118 21 vidsträckt
414 1065 55 20 mått
484 1064 134 27 begagnades
634 1064 39 21 och
690 1063 122 27 derigenom

52 1097 98 22 bevisade
166 1097 31 22 sin
213 1099 163 26 nödvändighet,
392 1098 104 27 föreslogs
512 1098 68 22 tillika
594 1105 27 15 en
635 1097 132 27 underdånig
776 1103 37 21 pe-

51 1131 63 22 tition
129 1131 32 22 till
176 1132 59 22 Hans
250 1133 118 27 Kejserliga
384 1133 102 26 Majestät
509 1139 34 16 om
565 1133 123 27 fullständig
707 1130 106 23 omarbet-

51 1165 50 27 ning
116 1165 22 22 af
151 1166 158 28 lagstiftningen
324 1167 92 22 rörande
431 1167 209 27 fabriksinteckning.

118 1201 70 21 Sedan
203 1201 151 28 Lagutskottet
370 1201 81 28 afgifvit
467 1201 135 22 betänkande
617 1201 9 21 i
640 1201 74 26 saken,
725 1199 86 23 anhöllo

50 1234 119 23 Ständerna
191 1235 31 22 uti
245 1236 131 27 underdånig
392 1236 110 22 skrifvelse
525 1236 23 21 af
562 1237 39 20 den
616 1237 14 20 4
645 1235 88 22 Januari
750 1235 62 26 1878,

50 1269 36 21 det
101 1269 81 22 täcktes
198 1270 59 21 Hans
272 1270 118 27 Kejserliga
405 1271 102 26 Majestät
522 1271 6 20 i
543 1271 67 21 nåder
621 1270 43 22 låta
680 1269 132 22 underkasta

49 1303 97 27 gällande
162 1303 129 29 lagstiftning
315 1305 111 27 angående
440 1305 202 27 förlagsinteckning
666 1311 26 15 en
715 1303 97 22 fullstän-

50 1338 35 27 dig
107 1338 90 22 revision
218 1341 54 19 samt
294 1339 93 22 derefter
408 1339 110 27 förelägga
540 1339 84 22 landets
638 1339 93 22 Ständer
746 1336 64 28 nådig

48 1373 132 27 proposition
196 1373 7 21 i
218 1375 77 20 ämnet.

117 1407 11 21 I
142 1407 113 27 anledning
269 1407 22 22 af
305 1408 70 21 denna
390 1408 146 27 underdåniga
544 1408 89 27 petition
644 1408 40 21 har
691 1407 60 21 Hans
761 1406 51 27 Kej-

48 1440 77 27 serliga
133 1441 99 27 Majestät
240 1442 48 21 låtit
295 1442 100 22 utarbeta
402 1442 39 22 och
448 1442 32 22 för
486 1449 29 15 nu
520 1442 126 22 församlade
652 1442 92 22 Ständer
749 1440 63 22 fram-

118 1482 139 21 Lagutskottets
269 1482 117 17 betänkande
399 1482 39 18 N:o
451 1482 18 19 2.
