1048 2339
209 531 13 20 2
426 529 24 23 U.
465 529 24 23 B.
505 542 29 3 —
548 529 66 29 Prop.
629 529 39 24 N:o
682 528 16 24 1.

182 595 29 21 Så
230 595 40 22 bör
288 595 36 22 vid
344 595 78 22 sådant
441 595 89 22 serskilt
544 595 50 26 mål,
610 598 38 19 när
664 595 37 22 det
716 595 35 22 vid
767 595 84 22 handen
867 594 75 28 gifves,

178 635 56 22 noga
254 629 99 23 deröfver
372 631 111 25 ransakas,
504 630 40 22 och
560 630 26 22 så
601 630 63 22 framt
679 629 264 28 Augments-Hemmanet

178 663 96 23 befinnes
294 671 52 15 vara
365 664 24 22 af
402 671 26 16 en
444 665 68 21 sådan
528 665 108 26 omistelig
650 663 151 24 beskaffenhet
816 664 33 22 för
866 663 76 22 sielfva

179 698 115 27 Stammen,
319 699 28 21 då
370 699 23 22 til
413 699 135 22 Rusthållets
570 699 94 28 styrckio
685 699 153 22 Rusthållaren
853 698 89 22 framför

179 727 75 28 Åboen
270 733 24 22 til
310 733 63 28 kiöps
389 734 103 22 lemnas*.

247 768 42 22 2:0.
313 770 44 20 5:te
377 767 10 29 $
407 768 32 22 uti
458 768 77 28 Kongl.
554 768 146 28 kungörelsen
715 767 23 23 af
750 768 42 22 den
808 770 27 20 24
850 768 90 22 Januari

180 804 61 25 1790,
258 803 112 27 angående
386 803 37 21 det
437 809 47 15 som
498 803 36 22 vid
549 803 122 27 skatteköp,
687 803 7 21 i
705 802 115 28 anledning
832 802 22 22 af
862 802 79 28 Kongl.

178 837 114 28 Majestäts
314 837 126 28 förordning
462 838 42 22 den
528 840 24 20 21
578 838 102 22 Februari
703 839 61 25 1789,
785 838 74 21 vidare
879 837 7 21 i
902 838 40 21 akt

178 873 63 26 tagas
257 872 46 27 bör,
320 873 25 21 så
360 873 101 27 lydande:

248 907 62 26 »Wid
334 908 234 26 augments-hemmans
588 907 132 28 försäljande
740 907 25 22 til
786 907 72 22 skatte
879 907 62 21 bör
930 903 14 36 i

178 942 109 22 anseende
310 942 25 22 til
357 942 167 23 förmonsrätten
548 942 91 22 emellan
663 942 69 22 åboen
756 942 40 22 och
820 944 79 25 ägaren
920 941 23 22 af

178 976 116 22 rusthållet
310 976 52 22 eller
377 979 112 25 stommen,
506 979 24 20 at
544 978 118 21 skatterätt
677 977 70 25 vinna,
764 976 82 22 aldeles
861 976 79 22 förhål-

178 1010 32 22 las
234 1016 47 16 som
304 1011 161 27 Förordningen
489 1018 34 16 om
546 1012 118 27 skatteköp
688 1012 41 21 den
753 1013 25 19 19
803 1011 59 27 Sept.
887 1012 52 20 1723

178 1045 130 22 härutinnan
328 1046 95 27 stadgar,
444 1047 25 21 så
488 1048 33 20 att
535 1046 70 22 åboen
620 1046 28 28 på
663 1048 126 25 augmentet
805 1048 23 19 är
843 1047 97 20 närmast

178 1082 23 19 at
219 1080 23 22 få
255 1080 125 22 hemmanet
395 1081 32 21 till
442 1082 73 21 skatte
531 1082 75 26 inlösa,
624 1082 73 21 derest
712 1082 27 20 de
756 1080 186 26 omständigheter

177 1114 48 22 icke
244 1114 124 28 förefinnas,
389 1122 47 15 som
456 1116 153 27 förordningen
625 1116 91 21 omtalar
731 1116 41 21 och
787 1114 81 27 hvaraf,
886 1114 55 22 efter

176 1148 132 28 föregången
329 1156 56 21 noga
404 1151 131 27 ransakning
553 1150 101 28 pröfvadt
673 1150 84 26 varder,
777 1152 23 19 at
815 1151 125 25 augmentet

178 1183 22 22 af
221 1184 68 22 sådan
313 1184 108 28 omistelig
443 1184 149 22 beskaffenhet
614 1184 34 22 för
670 1184 76 28 sjelfva
771 1186 107 20 stommen
900 1190 38 15 an-

177 1224 35 16 ses
228 1218 64 22 kan".

246 1255 41 20 3:0.
313 1254 50 21 8:de
378 1253 11 28 $
404 1254 7 20 i
426 1254 77 27 Kongl.
524 1254 147 22 resolutionen
686 1253 29 28 pä
731 1252 155 28 krigsbefälets
902 1252 38 22 be-

176 1289 50 20 svär
241 1287 24 22 af
279 1288 42 21 den
337 1289 26 20 18
380 1288 92 27 Augusti
489 1290 61 25 1752,
567 1288 83 22 hvilket
664 1288 84 27 lagrum
765 1289 25 20 är
800 1287 7 22 i
818 1287 32 22 sin
865 1287 76 22 helhet

176 1322 84 27 intaget
276 1322 6 21 i
299 1322 41 21 den
355 1323 79 26 nädiga
449 1323 169 26 propositionen.

246 1425 78 22 Säsom
343 1426 6 21 i
370 1427 41 21 den
430 1427 79 28 nädiga
525 1427 163 27 propositionen
704 1428 132 24 omnämnes,
852 1425 88 28 petitio-

176 1460 80 22 nerade
276 1460 123 23 Ständerna
417 1462 35 21 vid
468 1463 88 20 senaste
570 1461 105 27 landtdag
691 1467 35 16 om
742 1460 78 27 ätgärd
836 1460 32 21 till
885 1466 55 21 upp-

174 1494 108 23 häfvande
298 1495 24 22 af
335 1495 153 23 ofvananförda
503 1497 141 26 stadganden,
660 1496 40 21 och
718 1496 37 21 det
770 1497 25 19 är
805 1495 7 21 i
823 1495 119 27 anledning

175 1529 63 22 deraf
251 1535 46 16 som
312 1530 61 22 Hans
384 1531 103 27 Majestät
497 1531 109 21 framstält
616 1537 29 15 nu
656 1530 148 27 föreliggande
815 1529 124 28 lagförslag.

244 1564 34 22 De
297 1564 34 22 för
346 1565 41 23 den
403 1566 149 27 underdäniga
567 1565 211 28 ständerpetitionen
794 1564 90 22 anförda
900 1565 41 21 och

174 1599 7 21 i
202 1599 41 21 den
267 1599 79 27 nädiga
365 1600 163 27 propositionen
549 1600 122 27 äberopade
688 1600 48 21 skäl
752 1605 42 21 ega
809 1598 62 22 äfven
887 1598 53 22 fort-

173 1632 97 28 farande,
289 1634 68 27 enligt
374 1635 122 21 Utskottets
515 1635 92 27 mening,
624 1635 33 21 sin
672 1634 54 22 fulla
742 1634 107 27 giltighet.
879 1634 61 21 Inom

174 1668 116 22 Utskottet
314 1668 39 22 har
379 1668 85 22 derföre
491 1669 18 27 ej
536 1669 68 22 heller
626 1668 126 28 ifrägasatts
775 1668 72 27 nägon
870 1673 70 16 annan

174 1702 92 27 ändring
287 1702 21 22 af
328 1704 41 21 den
388 1704 79 26 nädiga
485 1704 169 27 propositionen,
671 1706 27 19 än
715 1703 107 21 huruvida
839 1702 38 22 det
892 1702 48 22 icke

173 1742 53 16 vore
250 1737 49 21 skäl
322 1740 38 24 att,
382 1738 7 21 i
407 1738 155 27 sammanhang
580 1738 50 22 med
649 1738 41 22 den
705 1737 125 27 föreslagna
844 1735 96 27 lagstift-

173 1771 176 27 ningsätgärden,
375 1773 144 27 uttryckligen
540 1773 100 26 förklara,
662 1774 33 20 att
717 1771 222 28 augmentshemman,

173 1811 47 15 som
239 1805 139 23 härförinnan
394 1806 74 27 blifvit,
487 1809 58 19 emot
559 1806 101 22 förbudet
676 1807 6 21 i
698 1807 78 27 Kongl.
792 1805 148 23 resolutionen

173 1838 23 23 af
214 1840 42 21 den
278 1842 26 20 18
324 1841 94 27 Augusti
439 1843 62 25 1752,
521 1841 89 22 afskildt
628 1841 48 22 frän
696 1840 100 26 rusthäll,
813 1839 127 23 hädanefter

243 1879 142 23 Lagutskottets
398 1880 116 19 betänkande
527 1881 36 18 N:o
576 1881 16 17 4.
