1003 1620
217 99 28 22 10
386 99 82 24 Ständ.
483 100 38 23 Sv.
539 112 24 4 —
581 101 71 26 Prop.
668 100 40 22 N:o
725 100 22 22 6.

188 162 119 27 ordningen
330 163 41 21 den
394 163 11 20 1
429 163 91 27 Augusti
535 163 56 21 1863
607 162 127 22 meddelade
750 162 194 28 bestämningarna

187 196 49 22 icke
250 203 52 15 vara
317 197 24 21 af
354 203 83 21 omsorg
453 204 35 15 om
503 198 147 21 rättsvårdens
666 197 102 22 säkerhet
783 197 109 28 påkallad,
908 197 34 22 för

187 231 33 22 sin
236 231 35 21 del
286 231 57 22 velat
359 232 69 21 uttala
443 233 41 20 den
499 232 150 27 underdåniga
662 232 73 26 tanke,

461 269 30 18 att
512 267 35 20 den
568 268 9 19 i
594 267 72 25 nådiga
686 267 138 25 förordningen
843 269 26 23 af
881 268 36 19 den
930 268 12 19 1

393 302 83 25 Augusti
496 303 53 18 1863
567 302 102 26 påbjudna
692 302 144 24 likställigheten
851 302 26 24 af
889 308 52 13 sven-

393 336 35 19 ska
450 337 33 19 och
503 336 64 24 finska
585 336 84 25 språken
682 337 9 18 i
704 336 90 24 afseende
809 336 12 19 å
837 336 58 20 deras
909 343 33 12 an-

392 371 95 24 vändning
509 371 33 19 vid
563 371 130 19 domstolarne
707 371 9 18 i
730 370 65 20 landet
808 370 9 19 i
829 370 111 24 hufvudsak

392 405 39 19 icke
453 405 34 19 bör
501 405 115 25 uppskjutas
630 405 77 23 utöfver
722 405 35 19 den
772 405 55 23 förut
841 405 99 19 bestämda

394 439 59 24 tiden;
475 446 40 12 men
537 440 29 18 att
583 440 9 18 i
606 439 23 19 de
643 439 43 23 fall,
703 438 34 20 der
751 438 190 25 undantagsbestäm-

392 474 70 24 ningar
483 473 62 24 blifva
566 473 123 25 oundvikliga
712 473 25 23 af
749 472 100 25 anledning
865 474 29 18 att
909 472 32 20 do-

380 506 2 2 *
393 506 59 25 mare,
469 514 40 13 som
524 508 18 24 ej
556 508 35 19 äro
607 507 80 25 pligtige
702 508 30 18 att
742 507 30 24 pä
785 507 64 23 finska
863 507 79 25 språket

394 542 70 24 affatta
486 542 134 25 expeditioner,
640 542 40 19 icke
694 542 60 24 åtaga
768 542 29 24 sig
812 542 51 19 detta
878 541 63 24 frivil-

394 576 38 24 ligt,
456 576 58 20 saken
537 576 53 20 torde
613 576 47 19 böra
676 576 72 19 ordnas
764 576 29 23 så,
809 577 30 18 att
852 575 89 19 vederbö-

393 611 61 19 rande
474 611 64 23 finska
555 612 77 23 parter,
657 610 26 20 då
704 610 69 19 svensk
788 610 108 24 expedition
911 610 30 19 till

394 644 41 20 dem
457 645 87 25 utgifves,
568 644 62 20 tillika
650 644 73 20 erhålla
736 644 51 24 finsk
801 644 140 24 öfversättning

395 679 62 24 deraf.

256 712 47 21 Den
326 711 7 21 i
353 712 12 20 1
390 713 10 25 8
415 712 106 27 ingående
536 712 142 26 bestämning,
696 713 32 19 att
744 711 123 27 expedition
883 711 60 21 öfver

187 745 83 22 hufvud
292 746 40 20 bör
354 746 85 21 affattas
462 747 29 26 på
514 746 35 20 det
572 746 72 27 språk,
661 745 107 22 svenskan
784 745 51 21 eller
849 745 92 25 finskan,

187 778 83 23 hvilket
284 779 25 21 af
322 780 49 26 den,
387 787 45 14 som
447 780 57 28 gjort
519 778 89 23 ärendet
623 780 119 27 anhängigt
757 780 52 20 eller
819 780 39 20 hos
868 781 74 20 veder-

187 813 97 22 börande
300 813 130 28 tjensteman
446 815 63 20 äskat
525 814 159 27 expeditionen,
696 814 75 21 dervid
782 813 120 28 skriftligen
914 813 29 22 el-

186 847 32 22 ler
233 847 121 28 muntligen
372 848 124 27 begagnats,
507 849 40 21 har
556 849 162 20 Presteståndet
729 850 72 19 ansett
810 848 48 21 icke
869 847 74 21 kunna

186 881 51 22 leda
252 882 33 21 till
301 882 83 21 önskad
400 883 51 20 reda
467 883 39 20 och
522 883 101 20 säkerhet
638 883 7 20 i
661 882 62 27 fråga
733 889 34 14 om
778 882 70 21 finska
858 884 85 25 parters

185 917 45 20 rätt
253 918 32 19 att
308 916 83 22 erhålla
412 917 149 26 expeditioner
580 918 29 26 på
624 917 76 25 finska,
716 923 50 14 men
782 917 96 20 deremot
893 917 7 20 i
916 917 27 20 de

187 949 100 22 enskilda
299 950 67 21 fallen
377 951 72 21 lemna
459 958 46 14 rum
516 951 33 21 för
559 951 115 21 osäkerhet
685 951 41 20 och
736 951 141 26 tvistigheter,
889 951 54 20 enär

185 984 163 21 vederbörande
363 985 131 26 tjenstemän
509 985 7 20 i
531 985 73 27 hvarje
620 985 102 21 särskildt
737 985 39 20 fall
792 985 53 26 egde
860 985 82 26 afgöra,

185 1018 110 22 huruvida
316 1019 153 26 expeditionen
491 1019 39 21 bör
552 1020 29 26 på
596 1020 36 20 det
648 1025 41 15 ena
703 1018 52 21 eller
771 1020 68 19 andra
855 1018 88 27 språket

185 1052 107 26 utfärdas,
309 1065 26 4 —
347 1059 26 15 en
384 1053 68 27 fråga,
463 1060 45 15 som
519 1053 46 21 ofta
575 1060 41 20 nog
629 1053 73 21 kunde
712 1053 59 26 gifva
782 1053 117 26 anledning
909 1051 34 22 till

185 1086 59 22 olika
259 1087 141 27 uppfattning
415 1087 40 21 hos
470 1087 160 22 vederbörande
645 1087 130 27 tjensteman
788 1087 40 20 och
839 1086 104 27 sakegare

185 1123 57 19 samt
257 1121 7 21 i
280 1121 44 22 alla
338 1121 116 22 händelser
469 1121 66 22 blifva
551 1121 57 22 olika
623 1121 92 28 afgjord,
731 1121 94 21 alltefter
840 1121 103 21 vederbö-

185 1157 68 20 rande
276 1156 143 27 tjenstemans
442 1157 68 20 större
533 1156 52 21 eller
599 1156 84 21 mindre
699 1155 137 27 benägenhet
851 1157 33 19 att
899 1155 44 21 till-

185 1191 80 26 godose
288 1190 70 21 finska
375 1190 115 27 sakegares
506 1192 43 19 rätt
564 1191 7 20 i
587 1198 28 13 nu
630 1190 166 27 ifrågavarande
811 1189 131 21 hänseende.

185 1224 34 21 Då
234 1225 37 21 det
287 1224 119 22 emellertid
421 1232 50 14 vore
487 1225 113 27 högeligen
615 1224 125 25 önskvärdt,
756 1226 33 19 att
805 1224 26 20 de
846 1223 48 21 frön
909 1222 35 22 till

185 1258 112 28 missämja
320 1259 40 21 och
382 1259 58 27 split,
455 1260 88 21 hvartill
557 1259 76 27 frågan
648 1266 36 14 om
698 1258 72 22 finska
785 1258 99 28 språkets
899 1258 45 20 rätt

184 1293 37 21 vid
243 1293 120 21 domstolar
385 1294 40 20 och
449 1293 134 22 embetsverk
605 1293 63 27 gifvit
687 1293 125 27 anledning,
827 1292 8 21 i
850 1299 27 14 en
893 1298 51 15 snar

184 1327 89 21 framtid
289 1327 142 27 aflägsnades,
448 1328 40 22 har
503 1329 160 21 Presteståndet
679 1329 54 19 trott
744 1327 151 27 ifrågakomna
905 1333 38 14 an-

185 1362 93 27 ordning
301 1362 53 21 böra
370 1362 87 28 utbytas
473 1365 44 19 mot
532 1370 27 14 en
574 1370 80 18 annan,
670 1369 46 14 som
732 1362 73 20 kunde
821 1361 72 21 lemna
908 1367 35 15 ve-

185 1395 136 22 derbörande
336 1396 132 28 tjensteman
484 1404 26 14 en
526 1397 104 21 konstant
646 1397 58 27 regel
719 1396 7 21 i
742 1397 60 20 detta
812 1395 130 22 hänseende.

183 1429 34 21 En
241 1430 69 21 sådan
325 1430 80 26 kunde,
422 1431 67 27 enligt
504 1431 172 21 Presteståndets
691 1430 73 26 tanke,
781 1430 84 24 vinnas,
881 1429 6 20 i
903 1429 38 21 fall
