1028 1623
214 116 26 19 14
519 116 35 22 N:o
570 117 31 21 15.

184 185 30 25 är,
231 185 39 26 att,
294 184 64 21 innan
381 185 113 27 malmtägt
513 185 33 21 får
566 186 23 20 af
603 186 77 21 honom
696 186 106 27 vidtagas,
819 185 118 27 bevisligen

184 217 92 22 affordra
289 219 129 27 jordegaren
433 220 107 27 yttrande,
557 220 105 21 huruvida
678 220 39 21 och
733 220 33 21 till
781 220 55 21 huru
848 222 44 19 stor
903 219 33 21 del

183 252 43 20 han
246 252 37 22 vill
306 253 33 21 sin
362 255 44 19 rätt
421 254 7 20 i
451 254 141 26 malmfyndet
607 254 105 27 begagna,
728 254 82 21 hvilket
825 254 111 21 utlåtande

185 286 68 22 denne
269 288 55 20 skall
340 288 102 21 anmodas
458 290 39 25 att,
508 288 35 21 vid
552 289 219 27 jordegareandelens
785 289 83 27 förlust,
880 289 57 21 inom

184 321 74 21 trettio
283 322 67 26 dagar
373 322 93 21 derefter
490 322 79 27 afgifva
592 323 33 21 till
648 323 130 27 inmutaren,
802 329 33 15 om
854 323 42 20 han
913 324 24 19 är

184 354 73 22 bosatt
273 356 57 21 inom
346 356 41 21 den
403 357 107 27 kommun,
527 358 37 20 der
580 357 140 27 fyndigheten
736 360 24 18 är
776 357 96 27 belägen,
884 357 52 21 eller

185 389 6 21 i
207 392 66 19 annat
296 390 37 21 fall
355 391 34 21 till
407 392 54 20 hans
478 392 38 20 der
530 392 99 21 vistande
646 392 85 27 ombud,
747 392 81 20 hvilket
845 392 6 20 i
867 392 68 20 sådan

183 424 103 22 händelse
302 425 38 21 bör
355 432 52 15 vara
422 426 116 27 uppgifvet.

254 455 44 26 Äro
311 460 114 27 jordegare
441 461 58 27 flere,
516 462 34 20 må
567 462 77 20 sådant
659 461 101 27 yttrande
772 461 48 21 dem
831 461 104 21 affordras

184 500 75 20 genom
275 495 129 26 kungörelse
423 496 6 20 i
445 496 83 26 kyrkan
543 496 34 21 till
594 497 40 20 den
650 496 133 27 församling,
799 496 56 21 inom
871 496 64 21 hvars

184 529 86 21 område
286 530 205 27 malmfyndigheten
508 533 23 18 är
546 530 97 27 belägen.

255 563 60 22 Efter
337 564 138 21 förenämnde
498 565 42 20 tids
564 566 81 25 utgång
668 565 57 21 kalle
749 565 120 20 inmutaren
894 565 40 20 den

183 597 53 20 eller
259 598 25 21 de
305 598 121 28 jordegare,
451 605 44 14 som
518 599 33 20 till
571 599 140 26 begagnande
727 599 23 21 af
764 599 33 21 sin
811 599 123 26 jordegare-

184 631 63 21 andel
263 632 33 27 sig
312 633 88 27 anmält,
416 635 33 19 att
464 634 12 20 å
492 635 68 19 utsatt
576 633 38 27 tid,
630 633 67 21 minst
712 633 79 27 fjorton
803 633 66 26 dagar
880 633 54 21 efter

183 665 111 28 kallelsen,
311 667 39 20 och
366 669 12 19 å
394 667 70 21 anvist
480 667 63 22 ställe
559 668 57 20 inom
631 667 129 22 kommunen
775 667 159 21 sammanträda

183 699 33 21 för
238 702 33 19 att
294 701 184 22 öfverenskomma
494 708 33 15 om
543 702 123 26 grunderna
681 702 33 21 för
730 702 151 26 malmtägtens
897 701 36 21 be-

183 734 118 21 drifvande.
332 736 78 21 Kunna
426 736 106 21 inmutare
548 736 39 21 och
601 737 114 26 jordegare
733 736 18 27 ej
763 736 74 21 härom
848 736 33 26 sig
891 735 42 21 för-

184 775 46 20 ena,
247 770 64 21 varde
327 771 67 20 saken
414 771 24 20 af
451 771 128 26 inmutaren,
596 771 55 21 efter
667 771 116 26 stämning,
799 771 85 20 anmäld
900 770 33 21 till

184 803 102 22 domstols
309 804 100 28 pröfning
429 805 38 21 och
483 805 123 21 inmutaren
622 805 120 22 emellertid
757 805 122 27 berättigad
895 806 38 26 att,

183 838 90 21 oaktadt
286 839 125 27 jordegares
427 840 145 26 bestridande,
584 840 151 26 fyndighetens
743 839 145 21 bearbetande
896 840 37 25 på-

183 871 67 28 börja,
274 873 38 21 der
334 874 42 20 han
400 874 74 21 ställer
496 874 96 26 antaglig
611 874 82 26 borgen
708 874 33 20 för
757 874 28 20 all
801 874 40 20 den
857 874 77 20 förlust

183 906 38 21 och
238 907 68 21 skada
315 908 129 26 jordegaren
456 908 122 27 derigenom
589 908 130 27 tillskyndas
729 908 50 21 kan.
809 907 125 21 Domstolen

182 940 118 22 bestämme
316 942 66 21 sedan
399 943 40 20 den
455 943 120 26 ersättning
590 943 122 21 inmutaren
728 943 87 26 erlägga
831 942 61 21 skall.

255 976 84 20 Brister
359 976 114 27 jordegare
496 977 6 20 i
525 976 145 27 fullgörandet
693 977 23 20 af
730 977 41 21 den
786 977 78 21 honom
879 976 7 21 i
902 976 31 27 sjö

184 1010 94 20 enskildt
302 1010 114 27 åliggande
438 1011 276 27 upptagningsskyldighet,
737 1011 85 21 tillfalle
843 1011 91 21 sålunda

184 1043 114 22 förverkad
315 1045 62 21 andel
394 1046 7 20 i
416 1045 205 27 malmfyndigheten
638 1046 123 20 inmutaren
777 1045 54 27 sjelf,
844 1046 37 20 der
891 1045 43 21 han

183 1078 79 21 sådant
277 1080 71 26 yrkar.

461 1158 20 22 5
496 1158 157 28 Kapitlet.

498 1222 34 21 Om
549 1221 68 22 utmål.

526 1278 11 27 $
554 1279 33 21 25.

255 1318 71 22 Sedan
342 1318 170 22 försöksarbetet
528 1320 12 20 å
556 1319 97 21 inmutad
664 1318 102 27 lägenhet
777 1319 24 20 så
811 1318 61 27 långt
882 1318 51 21 fort-

182 1352 78 21 skridit
283 1355 33 19 att
339 1353 41 21 den
403 1353 87 27 angifna
511 1353 238 27 mineralanledningen
763 1352 78 22 hunnit
856 1352 77 21 under-

181 1386 64 21 sökas
261 1388 40 20 och
316 1387 68 21 blifva
399 1388 63 27 känd,
478 1394 51 15 vare
545 1388 123 20 inmutaren
683 1387 124 27 berättigad
822 1388 33 20 att
870 1386 22 21 få
902 1389 31 19 ett

179 1420 54 22 visst
248 1422 68 21 utmål
334 1422 34 26 sig
383 1422 105 28 anvisadt,
504 1422 149 22 innefattande
670 1422 37 21 det
722 1423 106 25 utrymme
839 1422 28 26 på
878 1428 54 14 mar-
