1009 1620
219 83 14 20 4
423 83 28 22 U.
467 84 28 21 B.
512 95 24 4 —
554 84 72 28 Prop.
643 85 40 21 N:o
699 84 21 21 9.

191 145 164 22 ensstämmelse
378 147 50 19 med
449 153 92 15 numera
563 147 97 21 rådande
675 146 157 27 förhållanden,
848 145 100 23 hvarföre

191 181 32 19 ett
237 178 76 29 tillägg
328 180 8 20 i
351 180 78 22 sådant
443 180 56 28 syfte
513 181 70 27 gjorts
596 181 34 21 till
645 182 11 26 $
671 181 21 20 3.
940 205 6 3 N

259 213 32 22 Pä
313 214 37 21 det
371 216 34 20 att
427 215 134 28 anteckning
583 215 8 21 i
610 215 107 28 jordebok
732 214 25 23 af
768 215 114 22 tillämnad
898 221 49 21 ego-

191 248 115 28 styckning
321 248 47 22 icke
382 250 37 20 mä
433 249 25 22 af
471 249 113 23 Guvernör
599 251 108 21 anordnas
722 250 7 20 i
744 250 26 21 de
785 249 46 26 fall,
841 250 29 20 dä
879 250 69 20 sädan

191 282 114 28 styckning
327 282 48 22 icke
397 283 91 22 kommit
510 284 33 21 till
563 285 70 25 ständ,
649 284 104 28 antingen
769 284 33 21 till
817 283 55 28 följd
888 282 63 22 deraf

191 318 33 20 att
246 317 127 22 densamma
394 318 25 21 af
439 318 67 28 högre
520 318 85 22 instans
620 318 121 28 förvägrats
756 318 53 22 eller
824 318 124 22 Guvernörs

191 351 72 27 utslag
285 352 112 21 derstädes
419 352 70 22 blifvit
504 354 102 25 ändradt,
622 353 53 22 eller
689 352 111 22 sökanden
815 352 25 22 af
853 359 27 14 en
895 352 53 21 eller

190 392 73 15 annan
279 385 118 28 anledning
411 386 48 22 icke
476 387 79 22 önskat
569 388 96 27 fullfölja
680 388 41 20 den
737 386 92 23 ansökta
839 386 109 27 stycknin-

190 426 48 21 gen,
254 419 41 22 har
317 420 108 22 utskottet
446 421 33 22 uti
501 423 12 25 $
535 422 14 21 4
563 422 58 27 gjort
635 422 166 27 ifrågavarande
817 420 131 27 anteckning

190 454 109 22 beroende
322 454 25 22 af
367 455 115 28 sakegares
503 455 114 28 skriftliga,
640 456 25 22 af
681 455 88 28 behörig
784 455 116 28 utredning
916 455 32 21 ät-

190 489 70 28 följda
275 489 102 22 anmälan
393 490 82 25 derom,
491 492 34 19 att
539 490 175 22 bestämmandet
728 490 25 21 af
765 491 41 20 den
823 496 42 21 nya
875 489 73 28 lägen-

190 523 77 22 hetens
283 523 84 22 manta]
381 524 40 21 och
437 524 60 22 skatt
511 525 78 22 vunnit
604 525 51 28 laga
669 524 65 22 kraft.
763 525 44 20 För
822 526 32 19 att
869 524 79 21 under-

190 557 56 22 lätta
261 558 204 23 ästadkommandet
479 559 25 22 af
517 560 73 21 denna
605 559 102 22 anmälan
721 559 40 22 har
775 558 107 22 utskottet
893 557 55 22 dock

190 595 55 19 trott
261 593 37 21 det
313 593 53 22 böra
380 593 119 28 medgifvas
515 594 113 27 sakegare,
644 601 47 14 som
705 595 78 20 sådant
794 593 110 25 ästundar,
915 594 33 19 att

191 627 34 22 för
241 628 49 21 dess
304 627 142 27 insändande,
462 630 54 19 utan
531 628 74 22 vidare
620 628 69 28 afgift,
705 628 68 21 anlita
789 629 73 20 ortens
872 627 76 21 krono-

191 661 120 28 betjening,
329 662 8 21 i
352 662 117 28 anledning
484 663 81 21 hvaraf
577 669 77 16 senare
669 669 64 15 mom.
748 662 25 21 af
785 663 14 20 4
815 663 10 26 &
841 661 70 22 blifvit
927 661 24 21 af

191 696 108 21 utskottet
313 696 8 21 i
335 696 223 22 öfverensstämmelse
573 697 90 22 härmed
678 697 99 21 ändradt.

259 731 35 21 En
316 730 55 29 följd
389 731 26 22 af
427 732 42 21 den
484 731 7 21 i
507 733 10 26 8
533 732 13 20 3
561 731 132 22 föreskrifna
707 731 93 28 omgång
815 732 25 20 är
854 732 40 23 att,
910 731 39 20 der

191 765 79 21 ansökt
290 765 156 28 egostyckning
461 766 48 21 icke
524 766 90 21 kommit
629 766 34 21 till
679 767 70 24 ständ,
765 765 25 22 af
801 765 147 21 landtmätare

191 799 92 27 utlagda
297 801 63 20 rösen
375 800 86 21 komme
472 802 32 19 att
519 800 34 21 till
567 801 74 27 möjlig
652 800 115 27 olägenhet
777 799 34 21 för
818 799 130 27 jordegaren

191 834 88 26 gvarstä
294 834 60 27 uppä
368 834 69 26 mark,
453 841 45 15 som
513 834 56 22 varit
583 834 77 22 afsedd
675 836 33 20 att
723 834 92 28 styckas.
836 833 50 21 Med
896 833 52 21 hän-

191 875 39 21 syn
248 868 35 21 till
302 869 42 21 den
362 868 8 21 i
387 870 28 20 13
430 869 50 27 kap.
495 869 21 21 J.
532 869 23 22 B.
573 870 132 20 omnämnda
719 868 83 28 påföljd
817 868 34 21 för
866 867 82 21 bortta-

190 904 71 26 gande
277 902 24 22 af
314 902 50 28 laga
379 904 35 20 rör
429 903 41 21 och
480 904 99 21 rästenar
590 906 55 19 samt
657 904 28 20 dä
695 904 36 20 det
742 903 61 21 torde
814 902 75 21 kunna
899 901 50 21 leda

190 936 34 22 till
238 937 58 22 väda
311 939 33 19 att
359 938 108 27 medgifva
481 938 98 21 tillständ
597 938 22 21 ät
632 938 116 27 jordegare
763 939 32 19 att
810 938 54 20 utan
874 936 74 21 vidare

191 971 99 27 aflägsna
305 972 82 21 sädana
402 973 70 25 rösen,
489 972 40 22 har
544 972 109 22 utskottet
669 973 71 20 ansett
755 971 32 27 sig
802 971 32 21 uti
850 977 26 15 en
892 977 28 20 ny
931 970 17 26 $,

191 1012 46 15 som
260 1006 128 21 betecknats
403 1007 50 21 med
468 1006 219 27 ordningsnummern
702 1007 19 24 6,
736 1005 54 21 böra
804 1005 72 21 införa
890 1005 58 20 stad-

189 1040 72 27 gande
282 1041 81 25 derom,
379 1042 32 19 att
427 1040 72 28 dylika
515 1042 62 20 rösen
593 1040 57 28 finge
667 1041 76 20 endast
758 1040 69 20 under
841 1039 108 21 landtmä-

190 1076 58 20 tares
263 1074 74 28 tillsyn
352 1075 162 22 undanskaffas.
545 1076 10 20 I
569 1075 56 27 följd
639 1074 26 22 af
677 1074 148 28 inskjutandet
841 1072 25 22 af
877 1074 73 20 denna

190 1116 43 20 nya
255 1110 11 26 &
289 1109 66 22 hafva
377 1109 44 22 alla
443 1111 26 20 de
491 1110 70 27 öfriga
576 1111 23 25 $$
615 1110 32 20 uti
663 1108 118 22 utskottets
797 1107 114 21 redaktion
927 1106 25 22 af

188 1142 249 29 författningsförslaget
452 1143 85 22 erhållit
553 1145 97 20 närmast
666 1143 66 26 högre
747 1148 105 15 nummer.

259 1177 44 22 För
324 1178 111 22 vinnande
450 1178 25 21 af
487 1178 128 27 erforderlig
630 1176 135 28 offentlighet
781 1176 40 21 och
837 1175 63 21 deraf
912 1174 36 21 be-

189 1212 81 21 roende
285 1212 165 26 rättssäkerhet,
466 1212 103 21 särskildt
583 1213 52 20 med
651 1211 102 21 afseende
769 1211 12 20 å
791 1210 61 24 börd,
860 1209 89 21 hvilken

186 1246 52 27 jord
260 1246 25 21 af
305 1246 166 28 ifrågavarande
487 1246 149 22 beskaffenhet
653 1246 25 20 är
692 1244 156 25 underkastad,
862 1243 41 21 har
918 1244 32 19 ut-

189 1280 82 22 skottet
294 1280 73 22 funnit
389 1282 37 20 det
448 1288 53 14 vara
520 1280 144 27 erforderligt,
680 1281 33 19 att
728 1285 63 21 egare
807 1277 25 22 af
845 1276 104 22 utbruten

188 1314 110 28 lägenhet,
317 1315 68 21 borde
400 1314 107 22 förklaras
523 1315 18 27 ej
558 1314 93 22 allenast
667 1313 130 27 berättigad,
812 1313 34 20 att
861 1311 88 21 dermed

187 1348 92 27 lagfara,
303 1351 54 19 utan
379 1349 42 21 ock
436 1349 84 28 skyldig
535 1351 33 19 att
583 1349 80 21 sådant
678 1347 93 27 fullgöra
785 1346 60 21 inom
860 1346 42 20 den
917 1344 32 21 tid

188 1382 40 21 och
243 1383 38 21 vid
296 1384 36 20 det
347 1383 108 29 äfventyr,
470 1390 47 15 som
531 1383 7 21 i
553 1383 102 27 gällande
671 1381 156 27 författningar
841 1380 38 20 äro
891 1380 57 20 stad-

187 1417 56 27 gade
266 1416 8 21 i
296 1417 103 22 afseende
422 1418 13 21 å
450 1418 49 27 köp,
515 1417 65 22 skifte
596 1417 53 21 eller
663 1416 66 28 gåfva
743 1414 25 22 af
777 1415 58 27 jord,
853 1413 40 22 och
909 1414 40 21 har
