1017 2339
221 483 13 21 8
436 482 22 24 U.
475 482 22 25 B.
513 495 30 5 —
559 482 62 31 Prop.
638 482 37 25 N:o
690 482 21 24 7.

192 540 44 27 pris
257 540 88 28 betinga
366 541 31 27 sig
412 548 45 15 mer
473 544 27 20 än
516 548 27 16 en
558 542 61 27 ringa
635 542 34 21 del
685 540 22 22 af
720 540 37 22 sitt
771 540 95 28 verkliga
880 540 70 22 värde.

191 574 112 22 Utskottet
317 575 39 21 har
371 575 82 22 derföre
468 576 47 22 icke
530 576 69 21 heller
607 576 82 21 kunnat
699 575 89 22 omfatta
798 576 59 21 detta
867 574 84 27 förslag,

192 608 40 21 och
247 609 36 21 det
297 610 24 21 så
336 609 83 28 mycket
433 609 88 28 mindre,
537 617 46 15 som
599 610 106 21 utskottet
719 609 67 22 håller
798 609 50 27 före,
858 611 32 20 att
899 609 53 22 real-

191 643 98 22 krediten
304 643 114 28 ingalunda
432 644 69 22 skulle
515 644 114 27 befrämjas
645 650 76 21 genom
737 645 31 20 ett
782 645 25 20 så
820 643 133 28 fullständigt

192 677 67 28 afsteg
275 677 46 22 från
345 678 40 21 den
402 678 7 21 i
424 679 37 21 vär
476 678 134 28 lagstiftning
624 678 76 22 hittills
715 677 85 28 hyliade
815 679 67 21 sunda
897 678 55 27 prin-

192 711 32 28 cip
240 713 32 20 att
280 714 103 28 panträtt
397 712 7 21 i
419 713 144 27 lösegendom,
573 713 75 22 endast
664 713 27 22 dä
707 713 41 21 den
764 715 24 19 är
802 712 88 22 förenad
905 712 47 22 med

191 745 116 28 besittning
322 747 22 22 af
357 747 74 28 tinget,
447 748 94 27 ätnjuter
556 747 95 28 rättsligt
665 747 76 28 skydd.

260 781 51 22 Med
333 782 98 22 afseende
453 783 13 21 &
490 782 35 22 det
547 782 90 22 anförda
660 782 39 22 har
723 782 35 22 det
772 783 59 26 synts
847 782 105 21 utskottet

192 815 158 28 oundgängligt,
361 818 32 20 att
407 816 122 28 inteckning
545 816 23 22 af
581 816 112 22 industriel
707 816 117 27 inrättning
838 816 47 22 icke
895 816 57 21 med-

192 850 58 22 delas
265 851 133 22 annorlunda
413 854 26 19 än
454 852 7 21 i
476 852 153 26 sammanhang
644 851 49 21 med
707 850 121 27 inteckning
843 850 7 22 i
866 851 40 21 den
920 850 32 22 fa-

190 884 85 28 stighet,
299 885 66 22 hvarä
386 886 144 27 inrättningen
553 888 24 20 är
599 886 84 27 anlagd.
715 885 74 22 Säsom
810 892 25 15 en
851 887 51 19 nära
918 884 32 22 till

190 919 68 22 hands
273 919 98 27 liggande
387 922 62 25 utväg
465 920 99 28 erbjuder
579 920 32 28 sig
625 920 75 22 härvid
712 920 35 21 det
755 920 78 27 jemväl
851 920 56 21 inom
918 921 33 19 ut-

190 954 81 21 skottet
296 954 119 28 föreslagna
439 956 118 26 stadgande
583 957 32 19 att
639 954 110 22 industriel
772 954 117 27 inrättning
904 954 46 21 icke

191 988 66 22 borde
272 988 21 22 få
308 988 109 22 intecknas
432 990 7 20 i
454 992 65 19 annat
535 989 43 27 fall,
595 992 26 19 än
637 990 28 21 då
681 988 40 22 den
737 991 24 19 är
775 989 77 27 anlagd
867 990 27 26 på
905 988 46 22 der-

191 1022 32 21 till
245 1022 92 28 lagligen
359 1023 113 22 afsöndrad
485 1024 49 26 jord
551 1024 52 21 eller
618 1026 62 24 tomt,
695 1023 92 27 hvilken,
803 1030 49 14 vare
867 1023 32 27 sig
913 1029 37 15 un-

191 1057 37 21 der
250 1058 90 26 egande-
355 1058 52 22 eller
428 1058 177 27 besittningsrätt,
624 1058 122 21 innehafves
762 1057 22 21 af
797 1057 153 27 inrättningens

191 1098 68 20 egare.
290 1092 61 21 Dock
366 1092 39 22 har
420 1093 105 21 utskottet
540 1093 47 21 icke
603 1093 67 21 heller
686 1092 81 21 kunnat
782 1092 72 21 förena
869 1092 31 27 sig
916 1098 33 14 om

191 1126 59 21 detta
265 1126 84 27 förslag.
380 1127 42 21 Det
443 1133 62 21 synes
527 1127 106 27 nemligen
649 1127 76 21 endast
740 1126 7 21 i
761 1126 61 27 ringa
837 1127 48 21 mån
900 1132 50 15 vara

190 1160 107 22 utförbart
319 1160 7 22 i
348 1161 53 27 stad,
425 1162 38 21 der
485 1161 46 22 icke
550 1161 91 22 allenast
656 1163 33 20 ett
703 1160 129 27 begränsadt
846 1162 104 26 utrymme

191 1197 51 19 utan
257 1194 62 22 äfven
329 1195 224 28 byggnadsordningar
563 1196 39 21 och
613 1196 68 22 andra
692 1195 187 27 ordningsstadgar
888 1194 62 27 lägga

191 1229 156 27 oöfverstigliga
363 1230 75 22 hinder
453 1231 6 21 i
476 1233 66 25 vägen
557 1230 32 22 för
605 1237 26 15 en
647 1230 131 22 allmännare
794 1229 120 27 afsöndring
930 1228 22 22 af

190 1264 121 21 tomtdelar.
343 1264 62 21 Såväl
420 1266 27 25 på
463 1265 71 21 landet
549 1272 46 14 som
610 1265 7 21 i
632 1265 48 21 stad
696 1264 68 21 skulle
779 1264 71 21 härtill
866 1264 84 21 komma

190 1298 67 21 andra
272 1298 137 27 svårigheter,
425 1299 104 22 likartade
545 1299 48 21 med
609 1299 54 26 dem,
673 1298 105 21 utskottet
794 1297 106 22 ofvanföre
915 1297 36 22 be-

190 1333 51 20 rört.
265 1332 76 21 Såsom
360 1333 94 27 exempel
470 1333 66 28 härpå
552 1334 35 21 må
602 1333 123 22 framhållas
741 1333 39 20 den
796 1332 106 26 händelse,
918 1333 33 20 att

189 1366 46 21 från
251 1373 26 14 en
293 1367 66 21 redan
373 1367 114 22 intecknad
499 1367 150 28 jordlägenhet
665 1367 137 22 afsöndrades
817 1368 55 19 tomt
882 1365 32 22 för
924 1372 26 15 en

189 1400 111 22 industriel
323 1401 122 28 inrättning,
468 1402 85 21 hvilken
569 1402 123 21 sedermera
707 1401 67 21 blefve
788 1401 65 26 jemte
868 1401 82 20 tomten

189 1435 102 21 särskildt
305 1435 119 22 intecknad.
456 1429 19 28 Å
490 1436 66 21 andra
571 1436 61 21 sidan
646 1436 40 21 har
702 1435 36 22 det
753 1435 45 21 icke
814 1435 90 26 undgått
918 1435 32 20 ut-

189 1469 91 21 skottets
297 1470 188 27 uppmärksamhet
500 1472 31 19 att
547 1470 42 27 det,
605 1470 7 21 i
624 1469 116 28 synnerhet
750 1468 130 23 beträffande
891 1468 59 21 indu-

189 1503 59 22 striel
263 1503 117 28 inrättning
395 1505 27 26 på
443 1505 78 26 landet,
537 1505 42 21 kan
595 1511 51 15 vara
661 1505 7 20 i
685 1505 41 26 hög
743 1504 53 27 grad
811 1503 91 27 önskligt
918 1505 32 19 att

189 1538 91 21 särskild
303 1540 54 19 tomt
379 1539 33 21 för
433 1539 40 22 den
493 1539 124 22 industriela
631 1539 124 27 inrättning,
782 1538 115 27 afsöndras,
923 1538 27 26 på

190 1572 36 21 det
244 1572 47 22 icke
305 1573 74 27 hvarje
393 1573 127 28 inteckning,
536 1573 176 22 som”fastställes
730 1573 7 21 i
754 1580 26 14 en
794 1572 156 28 jordlägenhet,

189 1607 34 20 må
239 1606 86 22 komma
340 1610 32 18 att
388 1608 89 21 omfatta
493 1608 42 21 alla
551 1608 50 22 derå
617 1608 92 26 anlagda
723 1607 147 27 inrättningar.
900 1606 50 21 Men

188 1640 107 22 utskottet
317 1648 62 15 anser
404 1642 132 27 lagstiftaren
551 1642 18 27 ej
586 1642 53 22 böra
653 1642 76 26 stadga
744 1642 66 26 något
824 1642 64 26 tvång
903 1640 47 21 här-

188 1675 89 21 utinnan
292 1678 52 19 utan
360 1676 60 27 lungt
435 1676 72 22 kunna
523 1676 129 22 öfverlemna
668 1682 112 21 omsorgen
796 1675 74 22 härom
882 1676 23 20 åt
916 1680 34 16 ve-

189 1709 134 22 derbörande
335 1710 58 27 jord-
409 1711 40 21 och
464 1711 150 27 fabriksegare.

257 1744 112 22 Utskottet
391 1745 40 21 har
446 1746 88 21 sålunda
556 1747 86 20 stannat
663 1745 36 21 vid
714 1745 40 21 den
769 1744 61 27 åsigt,
846 1745 32 20 att
893 1744 36 21 det
944 1744 6 20 i

188 1777 41 21 den
245 1778 77 28 nådiga
344 1780 159 26 propositionen
522 1780 95 27 åsyftade
633 1779 100 22 ändamål
749 1779 83 21 säkrast
848 1778 38 22 och
902 1778 48 22 med

188 1812 77 22 minsta
281 1813 114 27 olägenhet
409 1814 42 22 kan
467 1814 73 22 vinnas
555 1821 76 21 genom
647 1816 33 20 ett
695 1814 117 26 stadgande
828 1812 22 22 af
858 1813 92 21 innehåll

257 1853 141 22 Lagutskottets
411 1854 116 18 betänkande
540 1855 38 17 N:o
591 1854 17 18 2.
