1020 1620
302 100 26 22 U.
344 100 26 22 B.
386 111 28 5 —
428 99 71 29 Prop.
515 100 41 22 N:o
571 99 35 23 10.
793 100 14 20 9

152 163 38 21 Uti
211 163 111 27 ingressen
344 162 34 23 till
400 162 245 28 författningsförslaget
660 163 40 21 har
712 162 81 29 jemväl
807 168 27 16 en

87 197 83 22 mindre
192 196 126 29 förändring
338 197 109 27 vidtagits,
463 197 8 21 i
485 198 36 21 det
537 199 32 20 att
589 204 76 15 senare
680 204 63 15 mom.
759 196 24 22 af
795 196 13 21 1
823 197 11 26 8

83 233 15 20 4
114 232 49 27 kap.
179 231 24 21 B.
218 231 26 22 B.
258 232 69 22 blifvit
342 232 97 26 nämndt,
454 232 71 22 såsom
533 232 34 21 för
577 232 116 22 framtiden
702 232 49 21 icke
760 231 73 22 vidare

83 266 108 28 gällande,
209 267 53 21 enär
276 267 60 21 detta
350 266 84 28 lagrum
449 266 86 22 erhållit
550 266 34 22 sin
600 266 154 28 motsvarighet
769 266 7 20 i
790 265 43 22 för-

87 300 79 28 slagets
182 301 12 20 6
210 302 17 26 8.

149 334 73 28 Några
243 335 82 21 mindre
347 335 154 28 förändringar
515 336 8 20 i
538 335 108 28 språkligt
660 335 123 22 hänseende
799 334 32 22 uti

83 369 27 21 de
125 368 62 23 äfven
198 369 62 28 eljest
270 370 159 28 omredigerade
439 371 24 26 $$
474 370 65 22 hafva
547 370 80 28 jemväl
636 370 8 21 i
655 370 41 21 den
706 370 71 21 finska
786 368 45 28 lag-

83 404 73 20 texten
171 403 69 22 blifvit
255 404 107 27 vidtagna.

149 437 31 22 På
194 439 70 26 grund
278 439 25 21 af
314 439 56 21 hvad
385 439 108 22 utskottet
507 439 8 21 i
530 440 36 20 det
581 438 130 28 föregående
721 438 46 22 haft
777 439 53 20 äran

83 471 83 28 anföra,
180 472 34 22 får
228 472 105 23 utskottet
348 473 57 28 förty
419 474 111 22 vördsamt
545 473 80 22 föreslå

288 510 32 18 att
335 508 85 21 landets
435 508 120 28 höglofliga
567 508 94 21 Ständer
670 509 66 20 måtte
747 509 82 25 antaga

220 540 40 22 den
274 541 82 28 nådiga
362 542 173 27 propositionen,
551 541 85 21 likvisst
650 542 48 21 med
714 541 67 28 ofvan
791 547 39 14 an-

219 575 67 27 tydda
301 575 122 27 ändringar
437 576 9 20 i
461 575 41 21 den
513 575 132 27 föreslagna
656 575 173 27 författningen,

219 608 83 22 hvilken
316 610 8 20 i
333 609 63 29 följd
411 610 71 26 deraf
487 610 94 21 kommer
591 612 33 18 att
634 609 84 22 erhålla
724 608 105 29 följande

218 644 90 27 lydelse:

244 711 159 29 Förordning,
418 712 122 27 angående
555 713 85 27 vägars
656 712 44 22 och
715 712 84 22 broars

290 746 124 28 byggande
429 746 46 22 och
489 746 131 23 underhåll
635 746 13 22 å
663 745 88 23 landet.

282 786 50 21 Med
355 786 156 27 upphäfvande
528 786 30 27 af
577 786 57 22 hvad
649 787 9 20 i
672 793 76 15 senare
766 791 61 15 mom.

216 819 30 28 af
257 821 38 27 1$
308 822 14 19 4
337 820 49 28 kap.
402 821 37 20 och
454 822 30 21 25
499 821 50 27 kap.
564 821 26 20 B.
607 822 28 20 B.
650 823 56 19 samt
716 819 112 22 särskilda

216 861 18 15 o.
250 861 16 15 s.
282 862 18 15 v.
316 855 66 28 enligt
397 855 170 28 propositionen.

497 923 16 28 $
527 925 20 19 1.

447 962 145 22 Oförändrad.

497 1026 16 27 $
525 1027 21 20 2.

280 1064 11 20 I
311 1063 63 28 öfrigt
396 1063 46 23 lika
464 1066 50 20 med
534 1066 151 22 motsvarande
701 1066 11 26 $
727 1064 8 22 i
749 1070 78 22 propo-

213 1098 91 21 sitionen
324 1098 94 21 förutom
434 1100 33 20 att
483 1100 61 21 ordet
562 1100 215 28 »tullmjölgvarnar«
794 1099 34 20 ut-

212 1131 61 28 bytes
283 1134 43 19 mot
336 1132 116 28 uttrycket,
464 1134 155 28 mjölgvarnar,
637 1135 26 20 »ä
674 1134 72 21 hvilka
757 1133 71 21 malas

213 1168 43 18 mot
272 1166 143 27 ersättninge.

491 1229 16 28 $
521 1231 20 20 3.

280 1267 84 28 Hvarje
382 1269 99 28 tingslag
495 1269 59 21 skall
564 1269 123 27 framdeles
703 1272 79 26 utgöra
798 1272 30 19 ett

208 1300 41 27 för
264 1301 33 28 sig
312 1301 67 22 skildt
394 1302 198 29 vägbyggnadslag,
608 1304 79 22 hvilket
699 1305 86 26 åligger
795 1306 33 19 att

211 1334 55 24 efter
288 1335 25 21 de
334 1336 106 27 grunder,
461 1343 46 15 som
521 1337 10 20 i
544 1337 16 28 $
573 1339 15 20 4
603 1337 133 27 bestämmas,
753 1337 75 22 lands-

210 1370 70 26 vägar
301 1369 37 21 och
356 1369 66 22 broar
437 1371 60 21 inom
513 1371 117 22 detsamma
646 1372 69 28 bygga
731 1371 40 21 och
786 1378 49 15 un-.

210 1402 110 27 derhälla;
334 1404 131 28 tingslagets
479 1404 126 22 kommuner
614 1406 54 21 dock
677 1406 98 26 obetaget
787 1408 40 24 att,

121 1440 139 20 Sammansatta
270 1442 48 24 Lag-
330 1443 32 18 och
374 1443 189 20 Ekonomiutskottets
575 1444 112 19 betänkande
698 1444 37 20 N:o
747 1446 17 17 5.
