1023 1620
315 98 22 23 U.
355 99 22 22 B.
393 111 29 5 —
438 99 61 29 Prop.
516 99 37 23 N:o
569 99 21 22 2.
790 99 12 20 9

71 156 98 22 lemnade
190 156 138 21 utlåtandena
350 156 61 27 gåfvo
427 156 62 27 ingen
506 156 115 27 anledning
636 156 33 21 till
685 157 40 21 den
740 155 92 27 uppfatt-

71 190 58 27 ning,
152 192 31 19 att
198 190 169 22 vaccinationens
382 192 62 26 nytta
459 190 68 22 skulle
543 190 140 27 någorstädes
699 190 7 21 i
720 191 47 20 vårt
782 189 50 21 land

72 224 153 22 underskattas.
242 224 99 22 Tvärtom
357 230 62 22 synes
435 224 142 27 motvillighet
592 224 39 22 och
646 224 88 22 tredska
747 225 31 20 att
788 223 44 21 låta

71 258 109 22 vaccinera
195 258 45 22 sina
255 258 53 22 barn
323 258 52 22 böra
390 258 78 22 räknas
484 258 33 22 till
533 258 96 27 enstaka,
640 258 103 28 sällsynta
753 258 80 27 undan-

72 294 36 26 tag
130 294 55 20 samt
206 293 36 21 det
264 292 105 28 egentliga
387 292 85 22 hindret
490 293 33 21 för
538 293 171 21 vaccinationens
724 292 108 28 spridning

71 326 21 22 få
108 327 62 21 sökas
184 327 7 21 i
207 327 146 21 distrikternas
363 327 157 22 vidsträckthet
531 327 39 21 och
581 327 182 27 anordningarnas
774 326 60 22 deraf

71 361 131 28 härflytande
217 361 142 27 olämplighet.
385 362 46 21 Der
445 362 70 26 någon
531 361 83 22 fördom
630 361 73 27 finnes,
719 363 67 25 yttrar
801 360 32 27 sig

72 396 68 21 denna
155 396 7 21 i
177 396 94 26 motvilja
285 398 45 19 mot
345 396 152 27 borttagandet
512 396 21 21 af
548 396 136 21 vaccinämne
695 396 47 21 från
753 395 25 21 de
789 401 44 21 ym-

72 430 54 27 pade
144 429 86 22 barnen.
260 429 31 22 På
309 429 25 22 de
349 429 62 22 flesta
426 432 58 19 orter
499 430 39 21 har
553 436 56 20 man,
625 429 62 22 äfven
702 429 53 22 efter
770 429 62 26 1859,

71 463 93 28 frivilligt
186 463 92 22 fortfarit
293 466 31 19 att
339 463 137 28 framskjutsa
490 471 115 21 ymparene
621 464 52 22 eller
688 463 80 22 betalat
785 463 47 20 dem

72 498 185 27 skjutsersättning
279 498 7 21 i
308 498 125 27 penningar.
464 499 33 21 En
513 499 34 21 del
562 499 127 21 kommuner
704 497 61 22 hafva
780 497 53 21 före-

71 532 64 27 slagit
149 533 42 21 vite
206 532 32 22 för
253 533 54 26 dem,
315 539 45 15 som
377 533 99 21 tredskas
491 535 32 20 att
538 533 73 22 hemta
625 533 45 21 sina
681 533 53 21 barn
744 531 32 22 till
786 537 48 16 vac-

72 566 91 22 cination
179 567 51 21 eller
245 567 133 26 granskning.
401 567 96 22 Allmänt
512 567 111 28 framlyser
638 567 92 28 insigten
745 573 35 15 om
792 566 41 21 frå-

72 607 52 20 gans
139 601 43 27 vigt
197 601 39 21 och
251 601 88 22 intresse
355 601 32 21 för
403 601 49 22 dess
467 601 124 28 främjande.

140 635 42 22 Det
204 637 52 25 steg,
279 642 46 15 som
347 642 78 20 genom
439 635 146 28 föreliggande
600 636 83 27 Nådiga
698 635 135 27 Proposition

71 670 66 26 tages,
157 671 33 20 att
205 669 127 22 öfverlemna
347 671 161 22 vaccinationen
523 671 23 21 åt
561 671 164 22 kommunernas
741 675 91 21 omsorg,

71 702 92 29 framgår
184 704 34 21 vid
232 704 76 21 sådant
323 705 133 22 förhållande
471 706 70 21 såsom
557 711 26 15 en
599 705 92 28 naturlig
706 703 125 27 utveckling.

71 737 121 22 Utskottets
208 738 136 22 medlemmar
358 738 64 22 hafva
439 739 83 22 derföre
538 739 103 28 enhälligt
656 740 48 21 med
719 738 58 22 bifall
790 744 44 15 om-

71 771 64 22 fattat
157 772 69 21 denna
241 772 86 28 princip.
358 773 104 22 Deremot
476 773 64 22 hafva
555 773 57 22 olika
627 774 80 27 åsigter
721 775 65 26 yppat
801 772 32 27 sig

71 805 8 21 i
100 805 59 27 fråga
180 812 35 15 om
230 807 169 21 vaccinationens
414 807 137 22 förklarande
566 808 34 21 för
615 808 144 26 obligatorisk,
775 807 7 21 i
798 807 36 21 det

72 846 26 15 en
114 840 34 22 del
163 840 22 21 af
198 840 115 22 utskottets
329 841 139 22 medlemmar
482 844 72 20 ansett
568 843 66 26 något
648 843 65 26 tvång
726 841 46 21 icke
783 847 51 15 vara

72 874 79 27 nödigt,
167 874 28 22 då
211 875 34 21 det
261 876 122 20 nuvarande
398 876 88 21 hindret
500 876 33 21 för
543 876 170 22 vaccinationens
724 876 110 26 framgång

72 910 24 19 är
118 910 32 20 att
171 909 53 22 söka
246 909 45 21 icke
314 909 30 21 uti
363 910 84 27 menige
463 916 60 16 mans
538 910 87 22 tredska
641 910 51 22 eller
707 909 127 28 likgiltighet

71 944 51 20 utan
146 942 7 22 i
178 943 40 22 den
243 943 126 27 bristfälliga
391 944 180 27 organisationen.
602 944 32 22 De
656 950 109 22 personer,
788 949 45 15 som

70 976 84 23 komme
173 980 32 19 att
220 978 91 21 drabbas
327 978 22 21 af
362 978 59 27 vitet,
439 985 51 15 vore
506 978 80 22 sådana
600 978 76 28 fattiga
691 979 40 21 och
747 978 87 26 aflägset

70 1010 89 28 boende,
175 1012 72 21 hvilka
261 1012 23 21 af
297 1012 80 27 blygsel
393 1014 34 20 att
442 1012 125 28 uppenbara
582 1013 37 21 sitt
635 1013 74 22 elände
725 1012 52 22 eller
788 1012 46 22 svå-

70 1044 70 28 righet
153 1048 33 19 att
201 1046 138 22 framkomma
354 1046 33 22 till
401 1047 186 27 ympningsstället
597 1047 85 21 afhållit
692 1047 32 27 sig
735 1046 98 26 derifrån,

71 1079 39 22 och
126 1080 36 22 det
177 1080 68 22 skulle
261 1080 94 22 medföra
371 1088 26 14 en
413 1082 80 26 mängd
509 1081 126 27 obehagliga
650 1081 139 22 trakasserier
801 1080 33 21 för

69 1112 298 30 kommunalmyndigheterna
390 1117 33 19 att
446 1115 55 22 först
519 1116 44 21 låta
578 1116 96 26 uppsöka
689 1116 62 21 dessa
765 1114 7 21 i
788 1114 46 21 sina

68 1148 115 26 smygvrår,
206 1149 80 21 inkalla
309 1149 50 22 eller
374 1149 88 22 inställa
478 1150 48 21 dem
541 1149 33 22 för
589 1151 32 20 att
635 1149 119 28 föreläggas
770 1148 63 27 viten,

68 1180 50 22 fälla
134 1181 47 22 dem
197 1183 77 25 dertill,
289 1185 52 25 göra
355 1183 74 22 försök
445 1184 34 21 till
495 1184 36 21 det
543 1184 91 21 ådömda
644 1184 62 21 vitets
717 1183 116 26 uttagande

68 1217 56 19 samt
146 1215 98 28 slutligen
263 1216 44 22 lika
322 1217 142 27 misslyckade
480 1218 72 21 försök
567 1220 32 19 att
614 1218 44 21 låta
673 1218 48 21 dem
737 1216 97 22 afarbeta

69 1249 122 27 detsamma,
208 1252 51 19 enär
274 1251 62 27 ingen
351 1252 70 21 skulle
437 1252 50 26 vilja
500 1252 97 27 begagna
606 1252 32 27 sig
649 1252 22 22 af
680 1252 61 22 deras
752 1250 80 22 arbete.

68 1283 47 22 Den
137 1284 56 26 goda
211 1284 66 22 saken
292 1286 70 21 kunde
377 1286 48 21 icke
441 1286 112 22 befordras
569 1292 76 21 genom
660 1284 137 24 våldförande
812 1284 24 22 af

67 1317 142 23 individernas
228 1318 70 28 frihet,
315 1320 38 21 och
369 1321 91 26 tvånget
475 1327 51 15 vore
542 1322 23 20 så
580 1321 84 27 mycket
679 1319 82 23 mindre
776 1318 58 22 befo-

67 1351 51 27 gadt
140 1358 46 16 som
208 1352 85 22 bildade
311 1360 103 21 personer
429 1354 49 22 icke
494 1355 111 26 saknades,
621 1354 70 22 hvilka
706 1353 23 23 af
743 1353 91 27 öfverty-

67 1385 56 26 gelse
146 1388 101 21 motsatte
263 1387 31 27 sig
309 1388 168 22 vaccinationen.
509 1389 51 21 Man
575 1388 67 22 borde
657 1388 52 22 söka
725 1388 66 21 verka
806 1388 27 26 på

67 1418 27 22 de
111 1422 146 26 motsträfviga
272 1422 39 22 och
327 1422 106 27 likgiltiga
449 1429 78 20 genom
542 1422 130 22 folkskrifter
687 1429 34 15 om
738 1422 95 22 vaccina-

135 1460 191 19 Ekonomiutskottets
339 1462 120 17 betänkande
473 1462 38 18 N:o
525 1462 17 18 2.
