1031 1620
221 99 29 22 14

386 102 83 23 Ständ.
484 103 37 22 Sv.
537 115 28 4 —
580 103 73 28 Prop.
668 103 41 22 N:o
724 103 34 22 10.

399 166 33 19 är.
468 165 140 29 Väglagning
631 167 35 20 må
682 165 52 22 dock
749 167 23 26 ej
783 165 112 28 påbjudas
911 171 39 14 un-

399 199 39 21 der
453 200 86 21 sådana
556 201 57 20 tider
627 201 30 27 af
668 201 54 24 året,
732 200 29 21 då
770 201 48 20 vår-
830 200 52 21 eller
892 199 58 22 höst-

398 233 57 21 sådd
477 234 54 21 eller
551 235 168 21 skördearbeten
738 234 14 21 å
772 236 60 19 orten
855 234 93 21 allmänt

395 268 68 27 pågå,
486 268 45 21 icke
553 268 69 22 heller
637 269 69 21 under
728 275 120 14 sommaren
864 274 84 15 annars

398 303 29 19 än
443 302 35 25 då,
495 303 7 20 i
513 302 65 28 följd
593 303 31 27 af
635 303 160 27 utskärningar
811 309 75 20 genom
902 304 46 19 vat-

399 337 34 18 ten
463 336 51 21 eller
542 343 75 14 annan
642 336 103 28 tillfällig
767 336 76 25 skada,
866 338 79 25 vägens

401 370 178 21 iståndsättande
594 371 43 20 kan
653 377 53 15 vara
718 370 24 27 af
748 370 77 21 nöden.
848 370 46 21 För
902 369 46 27 för-

397 405 112 20 summelse
524 406 33 19 att
566 404 113 28 behörigen
688 404 133 21 underhålla
829 406 40 25 väg
876 404 70 27 plikte

397 437 86 21 enskild
501 438 158 28 väglottsegare
672 445 37 15 sex
719 438 63 21 mark
792 438 37 21 och
841 440 105 25 entrepre-

396 473 41 20 nör
452 472 59 21 ända
529 472 36 21 till
576 472 88 28 fyratio
681 472 73 26 mark;
769 472 37 21 och
822 479 34 21 ege
868 472 76 21 krono-

397 506 101 24 länsman
513 506 59 21 makt
588 509 32 19 att
637 507 45 21 låta
699 507 40 21 den
758 506 136 28 bristfälliga
909 509 35 18 vä-

397 547 42 21 gen
455 543 43 18 mot
515 540 48 28 lega
573 540 116 28 förbättra
705 540 38 22 och
759 540 119 22 kostnaden
893 540 50 21 här-

391 574 42 28 för
449 574 38 21 hos
503 574 40 21 den
567 575 253 28 vägbyggnadsskyldige
841 578 53 19 utan
913 576 31 20 vi-

397 609 53 21 dare
466 609 92 28 omgång
567 612 84 25 uttaga,
663 610 70 21 derest
744 610 68 21 denne
827 609 43 21 icke
885 610 57 21 inom

391 643 58 28 Jyra
471 643 76 28 dagar,
569 643 55 26 efter
648 643 114 28 bevisligen
786 643 94 22 erhållen
898 644 46 21 till-

394 677 89 28 sägelse,
500 678 125 21 densamma
641 681 73 18 ersatt.

636 735 16 26 $
667 736 35 20 11.

463 775 52 20 Alla
531 775 141 27 landsvägar,
687 774 87 21 hvarest
789 773 153 28 skjutsanstal-

394 810 33 18 ter
451 809 80 25 finnas,
555 809 52 20 böra
622 809 138 27 uppmätas
750 805 12 35 i
779 809 89 20 versttal
885 812 56 18 samt

392 842 75 28 hvarje
478 845 57 18 verst
545 842 112 21 utmärkas
666 842 47 21 med
724 848 24 14 en
757 842 74 27 stolpe.
858 842 82 22 Gräns-

392 876 86 27 stolpar
498 876 91 21 emellan
613 876 43 26 län,
679 876 95 20 härader
794 876 37 20 och
849 876 91 21 socknar

392 910 53 21 böra
459 910 60 21 invid
534 912 67 26 vägen
617 910 125 28 uppställas
758 909 37 21 och
811 910 47 21 med
874 911 66 27 nödig

387 940 101 36 påskrift
502 940 86 36 förses.
606 944 47 22 Der
668 944 107 28 landsväg
791 944 61 21 delar
867 945 34 27 sig
917 945 22 20 åt

391 979 35 20 två
442 979 53 21 eller
505 979 60 27 flera
580 978 53 26 håll,
649 978 61 21 skola
725 978 84 27 stolpar
822 980 116 26 upprättas

389 1012 48 21 med
452 1013 79 25 visare,
547 1012 133 28 angifvande
696 1014 68 24 orten,
780 1012 32 20 dit
826 1014 68 26 vägen
911 1014 29 20 le-

390 1046 51 26 der;
463 1046 70 21 likaså
548 1046 59 21 skall
621 1046 36 21 vid
674 1046 77 27 hvarje
766 1046 129 27 gästgifveri
913 1053 25 14 en

389 1080 76 27 stolpe,
479 1087 44 14 som
534 1080 83 21 utvisar
627 1079 163 28 gästgifveriets
801 1087 71 18 namn,
884 1087 54 21 upp-

388 1116 79 19 sättas.
492 1114 178 27 Ifrågavarande
684 1114 142 27 vägmätning
837 1114 37 21 och
886 1116 52 26 väg-

387 1148 124 28 stolparnes
526 1147 140 28 uppförande
681 1148 44 25 bör,
737 1147 75 21 liksom
824 1148 64 21 deras
899 1156 38 14 un-

388 1182 93 25 derhåll,
497 1182 98 21 bekostas
610 1182 30 26 af
651 1182 103 20 häradets
770 1182 39 20 lott
820 1182 8 20 i
838 1182 98 26 sakören,

387 1223 55 19 men,
454 1217 39 20 der
503 1216 62 21 dessa
581 1216 20 27 ej
616 1215 76 21 dertill
702 1215 83 27 förslå,
805 1215 30 28 af
846 1216 25 20 de
887 1219 50 25 väg-

388 1249 211 29 byggnadsskyldige
629 1250 58 20 inom
716 1249 222 29 vägbyggnadslaget;

387 1284 55 21 dock
453 1284 57 21 skall
526 1284 19 27 ej
561 1283 83 21 mindre
659 1284 146 27 uppmätning
817 1284 27 26 af
850 1284 85 21 sådana

386 1318 65 21 äldre
466 1320 75 26 vägar,
553 1318 12 20 å
576 1317 74 21 hvilka
661 1317 61 24 förut
734 1317 101 27 brukliga
846 1318 89 21 milstol-

383 1358 46 21 par
438 1352 91 27 funnits
545 1352 117 25 inrättade,
673 1354 30 18 än
714 1351 152 27 verststolpars
881 1359 55 21 upp-

382 1386 99 26 förande
497 1386 36 20 vid
549 1386 63 20 dessa
634 1387 70 26 vägar
721 1385 77 27 första
820 1386 86 27 gången
923 1388 13 20 å

385 1420 140 21 statsverkets
534 1420 117 21 bekostnad
658 1419 136 21 verkställas.
813 1419 77 27 Rifver
898 1422 39 20 nå-
