1028 1620
251 106 80 23 Ständ.
346 107 37 22 Sv.
402 118 22 3 —
441 107 72 27 Prop.
529 107 40 22 N:o
584 106 34 23 15.
758 105 27 21 17

271 169 72 21 sedeln
360 169 79 28 häfven
461 175 76 22 genom
559 169 81 28 klagan
658 169 37 21 hos
711 168 104 28 bergssty-

271 203 76 26 relsen,
363 210 32 15 om
411 203 41 21 den
468 203 111 22 inmutade
589 203 148 28 fyndigheten
753 203 20 27 ej
783 204 34 19 ut-

272 239 39 26 gör
321 237 96 28 föremål
427 237 41 27 för
483 238 125 27 inmutning
623 238 69 27 enligt
706 238 15 26 $
736 238 19 24 1,
771 243 46 15 men

273 272 56 27 efter
343 273 111 26 stämning
469 271 37 22 hos
522 272 109 26 domaren,
648 279 32 14 om
686 271 41 28 för
739 271 79 21 inmut-

275 307 78 27 ningen
369 309 70 18 annat
453 305 79 22 hinder
547 308 73 19 möter.

331 341 36 20 Då
382 340 91 22 klander
487 341 31 26 af
529 341 103 20 mutsedel
647 342 9 19 i
671 341 90 20 berörda
773 340 48 28 fall

275 369 77 33 gjorts,
375 376 34 19 mä
431 377 132 26 guvernören
581 375 31 27 pä
628 375 122 28 ansökning
766 375 55 21 med-

277 409 49 21 dela
344 408 85 28 förbud
447 408 42 28 för
511 409 92 21 arbetets
624 409 131 27 vidtagande
771 409 51 21 eller

273 443 157 27 fortsättande.

335 477 50 21 Har
400 478 123 21 inmutaren
540 477 103 22 verkstält
658 478 72 21 arbete
745 478 13 20 &
769 477 54 28 fyn-

280 512 73 28 dighet
371 512 31 28 pä
423 512 72 28 grund
517 512 30 27 af
566 512 110 26 mutsedel,
695 519 44 14 som
755 512 69 22 seder-

281 554 58 14 mera
357 547 118 27 förklaras
497 547 65 28 ogild,
579 554 49 14 vare
644 546 85 29 skyldig
745 549 32 19 att
793 554 33 14 er-

282 583 57 20 sätta
355 581 31 21 all
400 581 81 26 förlust
497 581 36 22 och
549 581 74 25 skada,
642 588 45 15 som
703 582 123 28 derigenom

283 616 59 25 skett,
359 615 36 22 och
411 616 106 21 dessutom
531 615 108 28 förfallen
656 616 35 21 till
701 623 81 14 ansvar
792 623 36 14 en-

285 651 40 27 ligt
348 650 42 27 lag,
414 657 32 14 om
467 650 44 21 han
529 657 75 21 genom
620 651 142 20 vilseledande
777 651 51 20 eller

280 685 78 27 falska
373 684 113 28 uppgifter
501 685 38 20 hos
555 685 159 27 bergmästaren
728 684 100 28 förskaf-

281 720 40 26 fat
343 719 33 27 sig
398 719 119 21 mutsedeln
541 719 52 20 eller
608 719 31 27 pä
655 721 69 19 annat
740 721 43 19 sätt
798 718 31 21 be-

287 753 112 28 drägligen
415 754 9 19 i
439 753 65 21 saken
519 753 98 21 handlat.

527 810 14 27 $
557 811 34 19 13.

347 855 144 29 Stridigheter
513 862 33 14 om
569 856 182 28 inmutningsrätt
771 856 63 21 emel-

291 891 37 21 lan
349 890 72 21 skilda
444 891 109 20 inmutare
576 890 29 27 af
623 897 82 15 samma
715 890 119 28 fyndighet

291 925 107 25 äfvensom
417 924 83 28 frägor
523 931 32 14 om
577 924 92 22 klander
684 924 30 28 af
724 925 112 21 meddelad

293 960 101 20 mutsedel
409 960 8 19 i
433 959 25 21 de
476 959 54 27 fall,
553 966 77 14 senare
657 962 111 20 momentet
784 958 27 28 af
823 959 14 27 $

293 995 27 20 11
329 996 131 22 omnämner,
472 996 108 25 upptagas
591 993 39 21 och
637 993 91 28 pröfvas
735 994 32 28 pä
775 996 63 19 stäm-

293 1029 53 27 ning
362 1028 28 24 af
401 1028 117 21 domstolen
533 1028 9 20 i
557 1028 40 20 den
613 1030 41 23 ort,
671 1028 38 20 der
719 1028 119 28 fyndighe-

295 1066 34 18 ten
344 1065 27 19 är
387 1062 94 28 belägen.
513 1062 43 20 Och
573 1069 55 19 vare,
645 1062 29 21 dä
690 1063 101 21 mutsedel
806 1065 34 19 ut-

297 1097 84 21 verkats
399 1097 32 27 pä
455 1096 40 21 den
515 1097 79 27 grund,
611 1099 32 19 att
658 1097 67 21 redan
741 1097 100 21 inmutad

292 1131 118 29 Jyndighet
426 1130 74 28 blifvit
515 1130 133 28 öfvergifven
665 1132 52 20 eller
727 1131 114 27 föreskrif-

297 1173 37 15 ven
350 1164 195 29 arbetsskyldighet
561 1165 53 21 derä
624 1165 148 27 försummad,
783 1165 60 26 förre

299 1202 122 19 inmutaren
436 1200 21 27 ej
472 1199 87 28 skyldig
575 1202 31 18 att
613 1200 58 26 från
681 1201 33 20 sin
728 1200 116 27 besittning

300 1235 55 24 vika,
372 1235 68 20 innan
456 1234 118 21 domstolen
585 1233 115 26 förklarat
715 1234 76 21 honom
800 1235 45 20 rät-

302 1269 93 28 tigheten
410 1268 75 21 dertill
496 1268 117 28 förlustig.

361 1303 209 27 Inmutningsrätten
595 1302 34 21 till
650 1302 170 29 guldfyndighet
839 1302 9 21 i

303 1339 45 20 lösa
365 1338 118 28 jordlager
508 1344 50 14 vare
581 1339 53 19 utan
660 1338 72 20 vidare
757 1338 91 27 omgång

302 1372 125 28 förverkad,
436 1372 29 20 dä
475 1372 124 20 inmutaren
604 1370 135 28 försummat
749 1374 33 19 att
792 1372 58 20 inom

301 1406 150 29 föreskrifven
474 1406 33 20 tid
529 1406 89 27 erlägga
634 1406 40 20 den
691 1406 8 20 i
714 1407 15 27 $
744 1407 12 19 1
772 1408 77 18 omför-

306 1441 73 21 mälda
396 1440 77 27 afgift.
