1092 1739
90 313 64 18 Ständ.
167 320 50 12 svar.

230 138 26 20 14
477 139 29 22 U.
522 140 28 21 B.
568 152 26 3 —
611 140 73 28 Prop.
702 140 40 22 N:o
758 140 22 22 5.

228 208 86 27 utgifter
336 208 99 22 broarnas
459 209 112 27 byggande
590 210 37 20 och
651 209 112 21 underhåll
785 210 69 20 skulle
874 210 32 20 för
924 211 61 19 stats-

229 242 73 21 verket
326 243 100 26 medföra,
447 244 105 20 komiténs
574 244 79 26 förslag
669 244 127 20 därutinnan
812 244 48 20 icke
876 244 71 21 kunde
964 244 21 20 af

228 277 124 27 regeringen
368 284 62 14 anses
444 278 102 28 lämpligt.

297 311 10 20 I
323 312 123 21 ständernas
467 318 48 14 svar
530 312 12 21 å
558 312 40 21 den
615 312 76 27 nådiga
707 312 156 28 propositionen
875 313 109 20 framhölls

227 345 126 27 sedermera,
369 346 34 20 det
419 346 88 27 Präste-,
522 346 104 28 Borgare-
642 346 38 21 och
694 346 163 22 Bondestånden
874 348 6 19 i
892 347 92 27 enlighet

226 380 48 20 med
299 380 154 22 Sammansatta
475 380 116 22 Ekonomi-
614 384 54 18 samt
684 380 64 22 Stats-
764 382 38 20 och
818 381 165 27 Bevillningsut-

227 414 88 21 skottets
330 415 7 19 i
353 414 64 22 saken
433 415 79 27 afgifna
528 415 132 21 betänkande
676 416 88 21 anslutit
778 416 32 27 sig
824 416 31 20 till
869 416 40 20 den
925 416 7 20 i
947 416 36 20 nå-

227 449 48 27 diga
298 449 155 27 propositionen
479 450 119 27 föreslagna
620 450 76 27 grund,
719 452 29 19 att
764 450 160 28 vägbyggnads-
944 451 37 20 och

227 483 210 28 underhållstungan,
459 491 45 14 som
527 484 33 21 för
580 484 57 21 tiden
656 484 84 22 hvilade
760 484 53 21 blott
836 484 11 21 å
864 484 119 22 mantalsatt

225 518 53 27 jord,
300 517 65 22 borde
381 519 116 21 utsträckas
512 519 32 20 till
560 519 64 21 andra
639 518 170 28 jordlägenheter
825 520 38 20 och
879 520 104 30 näringar,

225 561 46 12 sum
288 552 71 22 kunde
375 559 61 15 ansos
451 554 7 20 i
473 555 66 19 större
556 553 51 21 eller
622 553 82 21 mindre
720 554 48 20 män
784 554 22 20 af
816 555 92 26 vägarna
919 554 63 26 draga

226 589 66 24 nytta.
322 587 33 21 En
371 588 114 27 följdriktig
501 587 133 28 tillämpning
649 588 21 20 af
680 587 70 21 denna
761 588 59 26 åsikt,
832 588 78 27 ansågo
921 588 60 20 dessa

226 621 68 25 stånd,
317 621 97 21 fordrade
438 622 39 27 väl,
498 624 30 19 att
551 622 95 25 resande,
668 628 46 15 som
731 622 96 27 begagna
843 622 78 20 allmän
937 624 45 24 väg,

226 656 65 20 borde
315 656 83 27 erlägga
420 663 26 14 en
469 656 42 21 viss
534 656 53 21 efter
610 656 132 28 väglängden
762 657 98 27 afpassad
876 656 105 28 vägafgift,

226 697 49 14 men
291 690 26 21 då
333 691 70 20 denna
418 691 18 27 ej
453 691 68 20 skulle
537 691 85 20 komma
637 693 29 18 att
682 691 70 21 lemna
768 691 63 27 något
843 691 138 27 väsentligare

226 725 74 27 bidrag
323 725 31 20 till
378 727 101 25 vägarnas
503 725 109 21 underhåll
637 725 39 21 och
692 725 124 28 uppbörden
832 725 59 21 däraf
906 725 75 28 ansågs

225 759 66 21 blifva
313 760 87 20 förenad
423 760 48 21 med
494 759 115 28 omgångar
627 760 39 21 och
682 760 118 25 kostnader,
816 766 45 14 som
878 760 18 27 ej
913 759 68 22 skulle

225 794 32 21 stå
272 794 7 20 i
295 794 96 27 behörigt
406 794 132 21 förhållande
553 794 31 21 till
597 794 126 27 inkomsten,
735 794 56 21 höllo
804 795 65 26 sagda
879 797 30 18 tre
920 794 60 21 stånd

225 829 54 20 dock
295 829 44 20 före
355 832 29 17 att
399 829 73 27 frågan
489 829 72 20 därom
577 829 65 20 borde
656 829 89 20 förfalla.
776 829 153 27 Ridderskapet
941 829 39 20 och

224 863 71 21 Adeln
311 863 95 21 däremot
421 863 110 28 godkände
544 863 46 21 icke
608 865 30 19 att
655 863 244 28 väghållningsbesväret
912 863 68 21 skulle

224 897 63 21 lättas
309 904 77 20 genom
409 897 48 21 dess
480 897 148 21 utsträckande
650 897 32 21 till
706 898 64 27 några
785 898 7 20 i
807 897 130 21 förhållande
959 897 21 20 få

224 931 245 26 samhällsmedlemmar,
485 934 51 19 utan
552 932 72 27 gjorde
640 931 84 22 ståndet
739 931 98 28 gällande
853 934 30 19 att
897 932 30 21 till
940 932 40 20 lin-

224 966 80 21 drande
320 966 21 21 af
357 966 79 21 bördan
458 967 32 20 för
508 967 54 25 dem,
578 966 70 21 hvilka
664 973 50 14 voro
730 966 22 21 af
766 966 124 21 densamma
906 966 74 21 betun-

223 1001 61 26 gade,
299 1001 6 20 i
323 1000 88 21 främsta
432 1003 92 18 rummet
539 1000 26 21 de
581 1000 65 21 borde
661 1000 92 27 bidraga,
770 1000 71 21 hvilka
857 1000 122 27 begagnade

224 1037 92 25 vägarna
331 1035 52 20 eller
399 1035 38 20 ock
453 1035 93 26 lindring
558 1035 156 20 åstadkommas
728 1041 76 21 genom
820 1041 26 14 en
863 1035 60 25 skatt,
934 1041 44 14 som

223 1069 68 21 skulle
308 1069 79 22 drabba
403 1070 41 21 alla
459 1069 153 27 skattskyldiga
626 1069 7 20 i
650 1076 80 14 samma
746 1069 127 28 proportion.

292 1104 42 20 Vid
357 1104 222 27 detaljgranskningen
606 1105 21 20 af
650 1104 158 27 propositionen
823 1103 156 24 observerades,

222 1140 31 19 att
268 1139 125 26 regeringen
414 1139 144 26 tillmötesgått
577 1139 125 20 ständernas
718 1139 34 20 vid
768 1137 127 28 föregående
911 1137 68 21 landt-

222 1172 41 27 dag
282 1173 128 20 därutinnan
426 1173 92 21 uttalade
534 1173 157 26 önskningsmål
710 1173 39 20 och
764 1172 108 27 föreslagit
887 1172 92 21 kronans

221 1207 118 27 åläggande
355 1210 30 17 att
399 1207 7 20 i
425 1207 241 28 väghållningsbesväret
684 1207 84 27 deltaga
783 1207 19 26 ej
819 1206 53 21 blott
886 1206 32 21 för
933 1207 46 20 sina

221 1241 76 27 parker
315 1243 51 19 utan
390 1242 39 21 ock
444 1242 32 21 för
492 1242 46 21 sina
553 1242 67 28 öfriga
634 1242 77 28 skogar
726 1242 40 21 och
781 1240 197 28 öfverloppsjordar.

220 1275 103 22 Däremot
339 1276 79 28 ansågo
429 1277 111 21 ständerna
554 1277 136 27 regeringens
700 1276 85 27 förslag,
796 1278 30 19 att
837 1276 72 27 hvarje
920 1276 57 20 kom-

220 1316 53 15 mun
288 1311 69 21 skulle
378 1310 57 22 bilda
449 1311 64 21 skildt
528 1310 186 28 vägbyggnadslag
729 1310 46 21 icke
788 1308 74 30 egnadt
875 1312 29 19 att
915 1310 62 20 värka

219 1344 7 20 i
242 1345 42 21 den
300 1345 21 21 af
335 1346 114 21 ständerna
465 1346 93 20 önskade
574 1345 126 27 riktningen.
729 1344 34 22 Dä
778 1344 67 27 enligt
860 1344 118 20 förordnin-

223 1385 41 20 gen
275 1386 35 14 om
321 1380 253 27 kommunalförvaltving
584 1380 12 20 å
606 1380 72 20 landet
688 1380 72 26 hvarje
770 1378 124 27 församling
905 1378 70 21 kunde

219 1413 34 21 för
267 1414 33 27 sig
315 1414 58 21 bilda
388 1420 26 15 en
431 1414 101 21 kommun
547 1414 40 21 och
602 1414 26 20 de
643 1415 55 19 mest
714 1413 89 21 befarna
821 1414 91 26 vägarna
928 1419 50 15 van-

218 1447 58 27 ligen
291 1448 62 21 ledde
369 1448 46 21 från
432 1455 25 15 en
473 1448 142 27 moderkyrka
630 1448 31 21 till
676 1454 27 15 en
721 1454 77 20 annan,
810 1447 77 21 medan
897 1447 80 28 kapell-

288 1493 48 23 Lag-
349 1494 33 18 och
395 1494 184 18 Ekonomiutskottets
591 1494 111 18 betänkande
715 1494 38 17 N:o
766 1494 17 17 4.
