1095 1753
260 158 26 18 80
474 155 22 22 U.
513 155 21 22 B.
552 169 25 2 —
594 156 61 27 Prop.
672 155 35 22 N:o
723 155 21 21 6.

231 226 48 14 som
301 218 128 22 föranledas
453 218 26 21 af
492 218 84 22 skiften
592 218 54 22 eller
662 218 71 21 andra
749 218 236 21 landtmäteriförrätt-

230 253 88 28 ningar,
335 253 64 21 skola
413 252 93 29 pröfvas
522 252 43 22 och
580 253 91 28 afgöras
683 252 25 22 af
717 252 200 29 egodelningsrätt.
943 252 42 22 Ge-

231 294 53 14 nom
300 287 61 21 detta
376 287 126 28 stadgande
518 287 39 21 har
573 295 31 13 nu
615 288 97 27 ändring
723 289 38 26 egt
772 294 49 14 rum
831 287 50 21 icke
891 287 95 21 allenast

231 322 7 20 i
253 322 65 28 fråga
333 329 36 14 om
385 323 151 27 rättegången
552 322 6 20 i
574 322 45 21 mål
634 321 117 28 angående
768 321 148 21 vattenskifte
931 324 54 18 utan

231 356 68 21 också
322 355 140 22 beträffande
486 355 144 28 stridigheter
652 355 40 22 vid
707 357 96 26 rågång,
819 363 48 14 som
883 358 38 25 egt
936 363 50 14 rum

231 393 55 18 utan
302 391 163 27 sammanhang
480 390 50 21 med
542 390 75 27 skifte,
629 391 7 20 i
646 393 26 26 ty
683 393 33 18 att
725 389 86 29 jämväl
822 390 65 21 dessa
897 389 88 22 skiftes-

231 425 45 20 mål
291 425 163 28 undandragits
470 425 112 21 ordinarie
598 425 109 21 domstols
722 424 116 29 pröfning.
869 424 52 21 Men
937 424 48 21 där-

232 461 60 20 emot
307 459 40 21 har
359 467 82 20 genom
453 459 70 28 sagda
533 459 125 28 stadgande
669 459 50 21 icke
730 461 76 26 någon
817 459 98 28 ändring
925 459 61 21 skett

231 493 140 22 beträffande
387 494 260 27 egodelningsrätternas
663 494 134 28 kompetens
812 493 51 21 med
879 493 106 22 afseende

231 529 13 20 å
259 527 186 22 beskaffenheten
461 528 24 21 af
498 529 28 20 de
541 528 51 25 mål,
609 535 48 14 som
680 528 71 28 enligt
775 527 108 28 förslaget
905 528 80 21 under-

231 562 61 28 ligga
315 563 63 21 deras
402 563 129 28 afgörande.
567 563 257 28 Egodelningsrätterna
847 565 38 18 äro
908 562 77 21 därför

230 597 50 21 icke
303 597 70 21 häller
389 597 72 28 enligt
475 597 109 28 förslaget
600 597 107 28 behöriga
723 599 32 19 att
771 599 102 26 upptaga
888 597 96 28 egande-

230 633 65 20 rätts-
317 631 43 22 och
384 632 222 28 besittningstvister,
631 639 48 14 som
702 631 141 29 uppkommit
859 631 7 21 i
881 631 57 28 följd
961 631 25 21 af

230 666 68 21 skifte
309 666 54 21 eller
374 666 244 29 rågångsförrättning,
630 669 56 18 utan
697 666 135 28 underligga
843 665 141 22 fortfarande

230 700 27 21 de
273 701 111 21 ordinarie
401 701 157 22 domstolarna.

136 742 40 22 38.
298 734 162 28 Stadgandena
475 735 6 21 i
497 737 12 19 3
525 735 13 28 &
555 738 38 18 äro
609 735 104 21 hemtade
728 735 52 21 från
797 736 39 20 195
852 734 14 28 S
882 734 7 21 i
903 742 80 20 propo-

84 770 52 22 (1958
147 770 6 17 i
163 765 59 37 prop.)
234 765 91 37 sitionen
349 769 42 21 och
415 769 65 28 skilja
500 770 35 28 sig
550 769 52 21 från
617 770 160 20 motsvarande
792 769 170 27 bestämningar
976 769 8 21 i

228 804 112 28 sistsagda
363 804 88 28 lagrum
474 804 136 22 därutinnan
633 807 32 18 att
688 804 59 21 hvad
772 804 6 21 i
801 806 12 18 2
829 811 66 14 mom.
914 804 68 28 195
970 800 16 37 S

228 841 65 25 säges
316 846 36 14 om
367 838 86 22 vikarie
469 838 35 22 för
519 839 219 21 länelandtmätaren
754 838 50 22 med
821 838 123 28 anledning
960 838 25 21 af

228 872 174 28 bestämningen
417 873 7 21 i
441 875 26 19 10
482 873 13 29 &
513 874 25 20 14
553 873 51 28 kap.
621 873 135 21 utelemnats
772 873 50 21 från
834 872 148 22 förevarande

228 909 13 19 3
257 906 23 29 S;
297 909 32 19 att
345 906 147 22 föreskriften
507 907 7 21 i
537 910 5 18 3
558 915 66 13 mom.
642 910 40 18 195
698 908 13 28 8
727 915 37 14 om
780 906 158 29 önskligheten
950 909 32 18 att

228 941 28 21 de
279 943 38 19 tvä
337 942 7 20 i
363 941 123 22 landtbruk
508 942 101 28 kunniga
629 942 153 21 ledamöterna
803 942 6 20 i
825 941 157 28 egodelnings-

228 978 74 18 rätten
318 978 132 26 genomgått
465 976 186 28 jordbruksskola
666 976 109 21 likaledes
786 976 134 21 utelemnats
931 975 49 21 från

228 1012 13 18 3
257 1010 13 28 8
287 1010 42 20 och
345 1012 80 19 ersatts
441 1010 50 21 med
508 1010 64 22 ordet
588 1010 123 26 ,erfarne*,
728 1017 48 14 som
793 1010 78 21 insatts
887 1009 94 22 framför

228 1044 167 25 landtbrukare,
412 1047 58 18 samt
485 1047 33 18 att
532 1044 62 21 tiden
609 1044 36 21 för
658 1044 71 28 sagda
739 1044 134 21 ledamöters
884 1044 96 25 mandat,

228 1081 54 18 enär
298 1078 37 21 det
351 1081 64 25 synts
431 1079 110 21 utskottet
560 1079 119 28 olämpligt
694 1081 33 18 att
742 1085 114 21 personer,
872 1085 49 14 som
935 1077 45 22 väl-

226 1112 35 27 jas
284 1113 33 20 till
339 1120 29 13 en
391 1113 134 28 befattning,
546 1113 82 21 inneha
644 1113 130 21 densamma
789 1114 29 27 på
833 1112 79 25 lifstid,
928 1112 53 21 fixe-

228 1149 45 18 rats
289 1150 56 17 samt
363 1147 106 21 bestämts
485 1147 34 21 till
534 1147 46 21 fem
596 1149 29 19 år.

540 1326 43 26 20
601 1327 70 31 kap.

132 1394 40 21 48.
296 1390 14 19 4
325 1389 14 28 8
355 1392 24 17 är
398 1388 144 29 likalydande
558 1388 51 21 med
625 1390 40 19 207
681 1388 14 28 S
711 1388 7 21 i
734 1387 170 28 propositionen
919 1389 62 18 utom

82 1422 139 23 (207
132 1417 20 38 $i
161 1422 60 23 prop.)
228 1425 33 18 att
276 1423 63 20 tiden
354 1423 37 21 för
406 1423 158 28 kungörelsen,
580 1423 7 20 i
601 1422 148 21 betraktande
761 1421 25 22 af
795 1421 44 21 den
850 1421 132 28 skyndsam-

227 1457 39 21 het
289 1457 155 21 skiftesmålen
467 1457 101 22 erfordra
588 1457 43 22 och
645 1457 29 20 då
691 1465 28 13 en
735 1457 34 20 tid
784 1455 26 22 af
823 1457 39 20 två
877 1455 83 21 veckor
976 1455 5 20 i

296 1497 50 23 Lag-
360 1497 32 18 och
406 1497 182 18 ekonomiutskottets
601 1497 116 20 betänkande
729 1496 39 19 N:o
782 1497 17 17 5.
