1098 1742
351 148 28 22 U.
397 147 26 22 B.
440 160 26 2 —
483 148 74 27 Prop.
573 147 41 22 N:o
631 147 20 21 1.
850 147 26 21 23

120 223 25 17 är
172 219 7 21 i
206 218 114 22 beroende
348 219 23 21 af
396 218 84 22 andras
498 218 65 29 hjälp
582 218 36 22 för
636 218 35 22 sin
691 218 107 22 existens.
834 218 42 22 Ut-

120 253 88 21 skottet
234 252 43 23 har
304 252 79 23 därför
408 253 7 21 i
440 252 74 22 likhet
535 252 53 22 med
606 252 45 22 den
670 252 86 30 nådiga
774 253 101 29 proposi-

120 288 78 22 tionen
220 288 108 21 omfattat
351 287 43 22 den
414 288 100 28 mening,
534 289 36 20 att
587 288 75 21 såsom
681 287 77 22 vilkor
775 287 36 22 för
828 287 48 22 val-

120 324 76 20 rätten
215 322 43 22 bör
275 322 131 28 uppställas
424 322 93 22 fordran
536 322 30 28 på
579 330 29 13 en
621 321 72 22 sådan
706 322 109 28 inkomst,
828 329 48 15 som

120 356 46 22 kan
184 364 66 14 anses
268 356 77 22 lämna
364 356 130 29 nödtorftig
513 356 117 29 bärgning
649 356 61 22 inom
726 356 150 30 kroppsarbe-

121 394 77 18 tarnes
225 391 69 21 klass.
330 391 12 21 I
370 391 142 22 Ständernas
539 390 162 30 underdåniga
719 391 98 29 petition
836 390 40 22 vid

124 425 62 22 1897
215 426 36 22 års
278 425 114 29 landtdag
419 425 119 23 framhölls
567 425 135 29 betydelsen
729 426 23 21 af
780 428 34 20 att
838 425 39 22 det

121 460 85 22 minsta
233 460 83 29 belopp
336 460 23 22 af
377 460 108 26 inkomst,
504 468 47 14 som
571 460 72 21 borde
662 460 103 22 medföra
783 460 93 27 valrätt,

121 495 83 21 funnes
236 494 120 22 faststäldt
383 495 7 21 i
414 494 123 29 grundlag,
566 494 95 22 emedan
680 494 133 29 därigenom
832 494 45 22 den

122 529 110 29 politiska
250 531 124 20 rösträtten
394 529 123 29 frigjordes
535 530 51 20 från
606 529 28 21 de
648 529 148 21 kommunala
808 531 68 19 stäm-

121 571 91 15 mornas
243 563 77 22 beslut
350 572 36 13 om
415 564 120 22 skattöret.
572 563 53 22 Med
654 563 172 29 godkännande
854 563 24 21 af

122 598 76 22 denna
215 598 154 30 uppfattning
387 598 42 22 har
448 598 7 21 i
475 598 42 22 den
531 598 87 29 nådiga
632 598 174 29 propositionen
819 598 59 22 före-

122 633 81 29 slagits
231 634 74 20 såsom
333 640 132 21 gemensam
490 633 122 22 valcensus
635 633 35 22 för
689 632 46 22 alla
754 632 77 22 städer
849 639 29 15 en

122 668 140 21 årsinkomst
281 668 23 20 af
322 668 49 21 800
395 668 70 27 mark,
485 667 42 22 och
547 667 35 22 för
600 667 178 29 landsbyggden
797 674 28 14 en
843 666 35 22 in-

122 702 76 22 komst
217 702 23 22 af
260 702 48 21 500
327 702 71 22 mark.
433 702 123 22 Utskottet
574 702 114 22 erkänner
706 702 36 21 till
758 701 56 22 fullo
827 701 51 21 vik-

122 743 39 15 ten
186 737 23 21 af
233 736 29 22 de
280 736 146 30 principiella
450 737 56 27 skäl,
526 744 47 14 som
592 737 107 27 betingat
717 735 161 30 upptagandet

122 771 24 21 af
163 771 122 21 valcensus
304 772 8 20 i
330 771 274 29 Landtdagsordningen.
632 771 36 21 En
682 770 135 22 ekonomisk
830 770 48 22 val-

123 812 87 21 census,
235 813 47 14 som
302 807 48 20 står
368 805 49 22 helt
435 806 41 21 och
496 806 73 21 hållet
587 805 129 22 oberoende
735 805 23 22 af
776 805 102 21 beskatt-

122 840 94 28 ningen,
227 841 72 21 måste
318 840 60 22 dock
397 840 68 22 alltid
483 843 22 19 te
525 840 35 28 sig
579 841 73 21 såsom
666 848 48 13 mer
724 839 55 22 eller
789 838 89 23 mindre

122 874 145 29 godtycklig.
305 874 48 23 Och
381 875 74 22 såsom
483 875 28 21 de
536 875 149 22 ekonomiska
704 873 175 23 förhållandena

122 909 100 22 faktiskt
250 913 38 18 äro
316 909 130 29 gestaltade
470 911 13 20 å
511 909 27 22 de
561 909 75 22 skilda
656 911 92 20 orterna
766 909 7 21 i
792 908 87 27 landet,

123 944 90 21 komme
232 944 51 21 med
302 951 27 14 en
349 944 66 29 dylik
434 944 131 29 anordning
584 944 124 21 orättvisor
726 943 42 22 och
787 943 92 28 olägen-

122 978 65 22 heter
213 978 40 22 vid
278 979 193 28 genomförandet
495 979 74 28 enligt
587 979 134 21 Utskottets
740 977 70 22 tanke
828 977 52 22 icke

123 1015 35 19 att
175 1013 80 21 kunna
273 1013 122 22 undvikas.
422 1013 11 21 I
452 1013 63 22 olika
533 1013 89 22 trakter
641 1013 69 22 ställa
728 1013 38 28 sig
778 1011 100 23 lefnads-

123 1047 156 22 kostnaderna
298 1048 52 21 icke
369 1047 131 29 obetydligt
519 1047 67 23 olika.
624 1047 53 22 Med
697 1046 107 23 afseende
823 1046 57 22 härå

123 1081 71 22 hafva
211 1082 334 29 kommunalförfattningarna
564 1082 88 22 lämnat
670 1083 24 20 åt
707 1080 173 23 vederbörande

123 1117 135 21 kommuner
283 1120 70 25 öppet
371 1120 35 18 att
424 1117 61 21 inom
505 1117 62 22 vissa
585 1121 95 24 gränser
699 1116 83 29 själfva
802 1115 79 29 afgöra

123 1158 35 14 om
178 1150 40 22 det
236 1151 82 22 minsta
338 1151 84 28 belopp
441 1152 23 21 af
482 1151 108 27 inkomst,
606 1159 48 14 som
664 1151 59 22 skall
733 1158 55 14 vara
799 1149 83 22 under-

124 1185 94 22 kastadt
246 1185 133 22 kommunal
408 1186 157 28 beskattning.
601 1185 71 22 Detta
697 1185 83 28 belopp
807 1185 73 21 måste

123 1219 39 22 väl
189 1227 65 14 anses
283 1221 7 20 i
312 1221 63 27 regel
394 1224 115 18 motsvara
528 1220 221 22 existensminimum
768 1219 36 22 för
822 1225 58 22 resp.

124 1256 66 20 orter.
227 1255 120 29 Beloppen
376 1255 79 22 kunna
474 1255 76 28 växla,
568 1255 8 21 i
595 1254 53 22 stad
666 1254 84 22 mellan
769 1254 49 21 400
838 1252 43 23 och

124 1289 49 21 800
196 1289 72 28 mark,
287 1290 29 28 pä
334 1289 80 22 landet
432 1289 85 22 mellan
537 1289 49 22 200
605 1289 43 22 och
667 1289 49 22 600
735 1288 71 22 mark.
836 1287 47 22 För

124 1323 144 22 närvarande
292 1326 70 27 utgör
380 1324 121 21 valcensus
521 1325 7 20 i
548 1324 14 21 6
582 1323 78 22 städer
679 1324 49 21 800
747 1323 71 26 mark,
840 1322 7 21 i
869 1322 11 20 1

124 1357 51 22 stad
200 1357 48 22 700
268 1358 72 28 mark,
359 1359 8 20 i
387 1359 13 20 6
421 1358 77 21 städer
517 1359 49 21 600
585 1358 73 27 mark,
677 1359 7 20 i
704 1358 13 21 2
737 1357 77 22 städer
833 1356 50 22 500

124 1391 65 22 mark
214 1392 43 22 och
281 1393 8 21 i
309 1393 30 21 22
360 1393 77 21 städer
455 1393 50 21 400
524 1393 72 22 mark.
634 1392 88 22 Genom
742 1391 44 22 den
804 1391 8 21 i
830 1397 53 22 pro-

123 1426 134 29 positionen
284 1427 132 29 föreslagna
444 1427 121 22 valcensus
591 1427 23 22 af
632 1427 50 22 800
701 1426 65 22 mark
793 1426 91 21 komme

123 1460 40 22 vid
191 1461 84 22 sädant
303 1461 145 22 förhällande
474 1462 23 21 af
519 1461 121 22 städernas
660 1462 111 25 invänare
790 1459 46 24 alla
855 1459 29 22 de

194 1504 220 24 Grundlagsutskotteis
428 1505 121 18 betänkande
561 1505 39 18 N:o
614 1506 14 16 1.
