1092 1739
339 141 28 22 U.
385 141 26 22 B.
428 153 27 3 —
471 141 73 28 Prop.
561 141 41 22 N:o
618 140 23 22 5.
851 140 26 21 67

120 215 59 15 mera
194 211 26 19 än
237 209 56 21 förut
308 210 84 21 komme
408 212 30 19 att
453 210 100 27 anläggas
570 210 52 21 eller
638 211 29 20 att
682 210 117 27 ombyggas
812 209 67 27 enligt

120 250 27 15 en
163 244 76 27 dyrare
255 244 76 25 metod,
351 244 38 21 har
412 244 108 21 Utskottet
540 246 68 19 ansett
624 244 58 21 detta
697 244 78 26 bevisa,
791 246 31 19 att
837 244 41 20 den

121 284 42 21 nya
179 278 61 27 lagen
258 278 51 21 varit
325 278 121 27 nödvändig
461 278 32 21 för
505 278 153 28 vägväsendets
669 278 68 21 sunda
751 278 126 27 utveckling.

191 312 70 21 Större
269 313 134 21 erkännande
412 315 26 18 än
447 313 20 21 ät
477 313 127 21 sistberörda
611 313 155 27 invändningar
775 313 37 20 har
818 314 61 25 synts

123 347 106 21 Utskottet
249 347 50 21 böra
314 347 91 21 skänkas
421 347 34 21 det
472 347 174 27 betraktelsesätt,
662 353 45 15 som
723 347 91 27 päyrkar
830 349 49 24 väg-

122 381 178 28 byggnadslagets
322 381 154 28 inskränkning
496 382 31 21 till
549 382 131 21 kommunen
697 381 67 21 under
779 381 100 22 framhäf-

122 416 69 20 vande
206 416 21 21 af
243 416 40 20 den
299 419 56 18 stora
366 416 123 27 betydelsen
500 417 21 20 af
532 416 40 21 den
585 416 137 20 kommunala
732 416 147 27 själfstyrelse-

122 450 121 28 principens
265 450 132 28 tillämpning
420 450 61 22 äfven
504 450 49 21 med
576 450 100 21 afseende
698 450 12 20 ä
732 450 147 27 vägväsendet.

123 484 108 22 Utskottet
246 485 37 20 har
298 487 69 19 ansett
382 486 31 26 sig
430 485 72 20 kunna
517 485 116 26 förutsätta,
654 486 29 19 att
706 484 70 21 denna
798 484 81 28 princip

123 519 121 27 antagligen
267 526 49 14 vore
339 520 68 26 egnad
428 521 30 19 att
479 520 86 26 kraftigt
580 519 88 27 bidraga
684 519 31 21 till
731 526 25 14 en
778 518 102 27 förnuftig

125 554 123 27 utveekling
263 554 21 20 af
299 555 98 26 vägnätet
411 554 7 20 i
433 554 78 21 landet.

194 588 118 21 Päverkadt
334 588 21 20 af
377 588 87 20 anförda
487 588 133 27 synpunkter
636 588 38 20 har
690 588 106 20 Utskottet
812 589 69 19 ansett

125 623 31 27 sig
179 622 51 21 böra
253 622 81 26 föreslä,
358 622 35 21 det
408 622 47 21 hela
471 622 72 21 landet
558 622 70 21 skulle
643 622 103 21 förklaras
761 624 74 25 utgöra
851 623 30 19 ett

126 656 192 28 vägbyggnadslag,
338 656 94 21 indeladt
447 657 6 19 i
469 657 89 26 distrikt,
575 657 61 20 hvart
652 657 38 20 och
706 658 29 19 ett
751 655 129 22 omfattande

126 698 25 14 en
185 691 108 21 kommun.
330 690 11 21 I
368 691 69 21 denna
463 692 145 20 kombination
634 692 38 20 har
697 690 109 22 Utskottet
831 692 50 19 trott

125 726 31 26 sig
184 726 63 20 hafva
270 725 69 21 funnit
368 732 26 14 en
420 725 78 28 lycklig
524 726 84 26 lösning
633 726 20 20 af
679 725 77 27 frågan.
782 724 32 21 De
840 724 41 20 för-

126 760 63 27 delar,
205 766 45 14 som
274 766 24 14 ur
320 760 144 20 förstnämnda
485 760 117 27 stadgande
624 760 68 20 skulle
710 760 95 26 härflyta,
821 758 60 22 torde

126 801 25 14 ur
166 794 55 21 hvad
238 794 62 21 ofvan
316 794 79 21 anförts
410 794 107 21 allaredan
533 794 87 27 framgå.
650 794 82 20 Genom
750 794 41 20 den
806 799 75 15 senare

127 829 160 27 bestämningen
311 828 81 27 afsåges
415 828 86 21 framför
524 828 37 22 allt
582 830 30 19 att
626 828 73 21 kunna
715 828 21 21 åt
750 828 131 20 kommunen

127 863 131 21 öfverlämna
280 863 18 27 ej
322 863 81 21 mindre
427 863 34 21 det
484 862 107 28 praktiska
614 862 175 28 genomförandet
804 862 21 20 af
841 862 41 20 den

127 897 120 27 föreslagna
269 897 166 27 beskattningen,
451 898 137 26 hvarigenom
611 897 77 21 folkets
708 897 69 27 gamla
798 896 85 28 själfbe-

127 932 161 26 skattningsrätt
305 932 84 20 komme
405 932 31 20 till
451 932 123 21 omedelbar
589 932 135 27 tillämpning
739 933 25 19 än
781 931 39 21 ock
836 930 47 21 ord-

128 965 78 21 nandet
227 965 21 21 af
269 965 158 21 naturaarbetet
450 965 35 21 vid
500 965 237 28 landsvägsbyggandet
752 965 39 21 och
808 965 77 20 under-

128 999 65 22 hållet
215 999 108 22 äfvensom
345 1002 30 19 att
399 1000 76 21 bereda
491 1000 137 27 användning
643 1000 33 21 för
691 1000 41 21 den
748 998 137 22 kommunala

129 1034 247 27 själfstyrelseprincipen
398 1035 6 20 i
425 1036 76 19 största
524 1035 86 26 möjliga
633 1034 143 27 utsträckning
800 1032 85 22 äfven
874 1028 15 37 i

128 1068 69 27 öfrigt.

197 1103 170 21 Vidkommande
392 1103 25 21 de
443 1103 119 28 föreslagna
587 1103 185 28 förändringarnas
798 1091 82 45 genom-
887 1091 89 45 Åtgärder
989 1102 41 18 nöd-

127 1137 88 21 förande
231 1137 7 20 i
254 1137 109 28 praktiken
376 1138 38 20 har
425 1137 108 22 Utskottet
547 1139 68 20 ansett
626 1138 32 27 sig
673 1137 51 22 böra
741 1136 145 29 systematiskt
901 1132 75 32 vändiga
988 1130 31 19 för

128 1178 105 21 gruppera
248 1172 144 27 stadgandena
407 1172 110 27 angående
535 1172 250 27 kostnadsberäkningen,
799 1173 86 26 vägöre-
892 1161 139 46 v

128 1206 127 27 sättningen,
269 1206 94 21 skattens
379 1206 165 26 bestämmande,
559 1207 137 27 uppbärande
712 1207 38 20 och
761 1206 124 27 indrifning,
1017 1201 5 4 i

128 1240 123 27 vägarbetet
270 1243 54 18 samt
339 1241 26 20 de
388 1241 69 20 därtill
480 1241 138 27 erforderliga
641 1241 95 21 medlens
757 1240 130 27 förvaltning

128 1275 39 20 och
183 1274 125 28 fördelning.
338 1275 33 20 En
387 1275 161 28 genomgående
563 1275 93 21 sträfvan
672 1276 38 20 hos
727 1275 106 21 Utskottet
852 1273 34 21 vid

129 1308 72 21 dessas
217 1308 108 21 ordnande
336 1309 38 20 har
389 1309 59 24 varit,
463 1311 30 19 att
515 1309 23 21 så
554 1310 44 20 vidt
614 1309 81 28 möjligt
710 1309 80 22 fördela
806 1308 81 21 arbetet

128 1343 12 20 å
155 1343 108 21 allaredan
279 1343 127 28 förefintliga
421 1344 149 27 myndigheter
586 1345 38 20 och
645 1344 165 28 korporationer.

198 1377 36 21 Ett
256 1377 109 28 undantag
388 1378 38 21 har
449 1378 55 21 dock
528 1379 108 20 befunnits
659 1379 77 27 nödigt.
766 1378 12 21 I
800 1378 40 20 och
856 1377 33 21 för
899 1377 134 24 Vägnänvndo.

128 1411 156 22 verkställande
307 1412 20 21 af
349 1412 117 27 beräkning
487 1413 61 20 öfver
567 1413 111 27 byggnads
699 1413 38 20 och
756 1411 132 22 underhålls-
905 1406 116 34 kostnadsbe-

128 1445 143 22 kostnaderna
287 1459 26 2 —
329 1453 26 14 en
379 1446 71 27 åtgärd
473 1447 75 21 främst
565 1447 65 27 nödig
653 1447 32 20 för
708 1448 30 20 att
761 1447 72 20 kunna
853 1446 35 21 be-
921 1435 89 22 räkning:

198 1490 49 24 Lag-
259 1492 33 17 och
304 1491 186 19 Ekonomiutskottets
504 1492 110 18 betänkande
627 1492 38 18 N:o
678 1493 17 17 4.
