1092 1700
95 553 32 18 201
141 554 16 23 8.

93 929 33 16 202
138 928 16 23 8.

89 1164 33 17 203
134 1164 17 22 8.

84 1410 33 16 204
130 1409 16 22 &.

203 137 26 19 72
444 138 22 22 U.
484 138 21 22 B.
522 151 26 4 —
565 138 62 28 Prop.
644 139 35 22 N:o
695 138 22 22 6.

202 200 42 26 att,
258 198 61 22 efter
333 200 77 29 aflagd
427 200 35 29 ed,
478 201 147 29 tillhandagä
641 202 54 21 med
711 201 178 29 upplysningar.
914 201 47 22 Vid

204 232 71 22 behof
288 234 38 21 mä
340 236 78 20 rätten
434 236 43 21 ock
491 236 105 21 inhemta
611 236 111 29 yttrande
737 236 28 22 af
779 236 97 28 behörig
896 236 65 22 fack-

202 268 146 28 myndighet.

556 310 49 28 88.

272 348 162 23 Ordföranden
450 350 50 22 före
510 350 143 28 protokollet
666 350 39 22 vid
717 350 243 30 egodelningsrättens

201 383 187 22 sammanträden
402 386 61 20 samt
472 385 158 21 underteckne
641 385 129 22 detsamma
781 385 13 21 å
804 387 89 19 rättens
903 388 57 24 väg-

201 424 49 14 nar.
275 417 127 23 Utlåtande
418 418 56 22 eller
485 420 150 28 upplysning,
647 427 49 14 som
708 420 27 21 af
743 419 134 29 sakkunnig
888 418 71 29 afgif-

200 458 47 22 ves,
264 452 60 22 skall
338 452 9 22 i
362 453 141 28 protokollet
517 454 100 29 intagas.

555 512 13 21 9
583 512 20 27 8:

270 550 172 23 Ordförandens
458 551 8 22 i
481 551 231 29 egodelningsrätten
727 551 104 29 aflöning
841 551 70 29 utgår
920 550 38 22 till

201 584 48 22 fast
264 585 84 28 belopp
364 585 42 22 och
421 586 114 21 bestrides
551 587 26 20 af
590 587 141 21 statsmedel.

268 619 129 28 Angående
416 620 46 21 den
477 621 138 28 ersättning,
631 629 49 14 som
696 621 37 22 för
748 628 52 14 resa
815 620 38 21 till
868 622 90 19 rättens

199 655 187 21 sammanträden
400 655 142 22 tillkommer
555 655 158 22 ordföranden
724 655 121 22 äfvensom
857 655 37 21 för
904 661 51 15 resa

199 687 44 22 och
260 691 99 19 närvaro
375 689 39 22 vid
430 690 170 21 sammanträde
615 690 38 21 för
668 690 158 21 ledamöterne
842 689 9 21 i
863 688 93 29 egodel-

198 722 147 29 ningsrätten
360 726 60 19 samt
435 724 329 29 förrättningslandtmätaren
780 723 42 22 och
836 723 119 22 tillkallad

198 756 140 30 sakkunnig,
362 759 25 20 så
409 758 43 21 ock
474 759 38 21 till
533 759 60 21 huru
615 761 48 19 stor
679 759 38 22 del
733 758 73 22 sådan
821 757 134 28 ersättning

199 791 42 22 bör
256 792 106 29 erläggas
377 793 27 21 af
413 793 142 28 sakegarene
565 793 56 22 eller
631 794 57 28 utgå
699 801 27 14 ur
737 793 118 22 allmänna
869 791 86 28 medel;

198 825 79 23 derom
292 827 94 28 stadgas
400 827 9 22 i
424 827 175 22 administrativ
615 831 52 25 väg.

544 886 28 21 10
587 886 19 26 8.

266 924 156 29 Stridigheter
436 925 9 21 i
460 925 127 28 anledning
611 925 26 21 af
650 924 304 28 landtmäteriförrättning,

195 965 50 14 som
268 959 72 28 angår
363 959 115 28 stadsjord
501 962 95 25 ensamt,
613 959 145 29 handläggas
778 959 73 28 enligt
867 959 29 20 de
913 958 41 21 all-

195 995 87 19 männa
296 993 132 28 grunderna
438 993 8 22 i
457 993 76 22 denna
543 993 40 29 lag
593 994 26 21 af
627 994 156 28 magistraten
793 993 74 22 såsom
879 993 74 21 första

194 1026 111 27 domstol;
328 1027 44 22 och
393 1028 61 21 skall
476 1035 37 14 om
535 1028 216 29 ändringssökande
774 1028 9 21 i
803 1027 52 22 dess
874 1027 79 28 utslag

193 1061 119 29 tillämpas
328 1061 61 22 hvad
405 1069 37 15 om
458 1062 199 29 egodelningsrätt
672 1063 103 28 stadgas.

542 1120 25 21 11
584 1121 19 27 8.

262 1159 92 29 Högsta
376 1160 99 22 domstol
493 1160 9 22 i
520 1160 132 22 skiftesmål
671 1164 25 18 är
712 1160 115 22 Senatens
844 1159 108 21 Justitie-

192 1193 168 29 departement.

513 1263 27 21 20
556 1263 72 21 KAP.

499 1314 144 22 Förfarandet.

546 1366 47 27 18.

258 1405 82 29 Angår
362 1406 158 29 skiftesfråga,
544 1413 49 15 som
615 1406 61 21 skall
693 1406 37 22 till
746 1405 203 29 egodelningsrätt

186 1437 148 30 hänskjutas,
358 1440 136 28 lägenheter
524 1441 63 21 inom
619 1440 62 22 olika
707 1439 242 29 egodelningsrätters

256 1479 48 23 Lag-
316 1479 31 18 och
358 1480 174 18 ekonomiutskottets
544 1480 111 18 betänkande
667 1480 36 18 N:o
716 1482 17 16 5.
