1092 1748
366 147 23 22 U.
406 147 22 22 B.
444 160 27 3 —
487 147 61 28 Prop.
564 147 35 22 N:o
615 147 21 22 6.
828 149 24 20 11

127 210 57 28 följd
200 209 26 22 af
239 209 28 22 de
282 210 123 29 ändringar
419 210 129 22 Ständerna
556 210 105 28 företogo
672 211 7 20 i
690 210 124 22 detsamma
824 210 58 21 dock

126 244 65 21 ledde
211 244 80 21 endast
309 245 35 20 till
362 244 147 22 utfärdandet
524 245 25 21 af
562 244 165 29 förordningen
742 245 44 21 den
803 247 26 18 10
843 251 39 15 no-

126 279 92 21 vember
239 281 54 18 1892
315 279 118 28 angäende
448 279 60 21 vissa
523 279 142 28 stadganden
681 279 96 21 rörande
792 279 52 28 lega
858 278 26 22 af

125 312 51 29 jord
198 315 29 26 pä
249 313 82 21 landet.
361 313 39 28 Ny
422 313 143 29 proposition
580 314 7 20 i
602 315 76 20 ämnet
702 313 179 22 öfverlemnades

127 347 76 22 därför
218 347 35 21 till
270 349 53 19 1894
339 349 35 20 ärs
390 347 116 29 landtdag,
523 355 47 14 som
586 348 51 21 med
651 348 61 21 vissa
723 347 159 28 förändringar

127 384 70 25 antog
219 381 114 28 förslaget,
350 382 7 21 i
372 381 58 28 följd
450 381 83 22 hvaraf
550 382 165 28 förordningen
732 382 43 21 den
792 384 25 19 12
830 382 52 28 juni

129 418 54 19 1895
199 416 116 28 angäende
331 416 94 28 delning
441 416 25 21 af
477 416 186 28 jordlägenheter
678 416 138 23 utfärdades.

194 450 40 22 Uti
253 450 74 21 denna
347 450 144 29 författning,
507 451 65 21 hvari
586 451 28 21 de
629 451 80 21 hittills
725 451 105 28 gällande
845 451 36 21 be-

128 485 169 28 stämningarna
320 492 36 14 om
378 485 105 21 vilkoren
497 485 37 22 för
553 485 114 29 klyfning,
684 485 54 21 eller
754 485 127 22 förordnin-

128 526 70 22 garna
222 520 43 21 den
288 522 27 19 30
335 520 51 28 juni
407 522 54 19 1747
478 520 43 22 och
536 520 44 21 den
596 522 11 19 1
623 527 59 14 mars
700 522 61 22 1852,
778 527 35 14 om
830 527 50 21 ego-

127 554 122 28 styckning
265 554 42 22 och
320 554 188 28 jordafsöndring
523 557 58 19 samt
592 554 117 29 angäende
721 554 98 29 egobyte
832 554 49 21 blif-

126 588 34 22 vit
174 588 172 26 sammanförda,
362 589 121 25 meddelas,
492 591 62 19 utom
569 589 104 21 vilkoren
688 589 36 21 för
734 589 146 21 verkställan-

128 622 38 22 det
185 622 25 22 af
225 623 146 28 jorddelning
386 623 51 21 utaf
451 623 174 28 ifrägavarande
640 624 49 27 slag
704 626 58 18 samt
777 623 25 21 af
815 623 65 21 hvem

128 657 69 21 sädan
213 657 92 28 delning
320 658 35 20 fär
371 658 71 25 äskas,
458 665 134 21 noggranna
607 657 143 22 föreskrifter
763 657 117 29 angäende

126 691 141 22 förfarandet
289 692 38 21 vid
350 692 123 28 styckning
496 692 43 21 och
561 692 156 28 parcellering,
736 692 81 21 medan
833 694 47 19 äter

128 726 139 21 beträffande
286 726 178 21 verkställandet
483 726 25 21 af
522 726 188 28 klyfningsskifte
726 726 104 22 hänvisas
846 726 34 21 till

128 760 59 22 hvad
210 760 62 22 förut
291 763 24 19 är
334 760 107 28 stadgadt
456 760 54 22 eller
525 761 34 21 till
574 760 305 28 landtmäterireglementets

127 794 174 29 bestämningar.
324 795 66 21 Dock
405 795 126 21 innehäller
545 795 164 28 förordningen
725 795 43 21 den
784 795 96 27 ändring

126 829 8 21 i
149 829 122 21 sistnämda
285 829 170 28 bestämningar
471 832 32 18 att
519 829 146 28 skiljeräerna
680 830 96 20 emellan
791 830 27 20 de
834 836 46 21 nya

126 863 162 28 lägenheterna
305 864 54 21 böra
374 864 39 22 vid
429 864 163 28 utstakningen
607 864 54 21 eller
676 864 139 21 omedelbart
831 864 48 21 där-

126 897 57 22 efter
206 898 115 28 rörläggas
345 901 57 19 samt
425 901 32 18 att
477 899 189 28 klyfningsskifte
684 899 50 21 icke
750 906 60 13 mera
826 899 53 20 fast-

126 932 75 22 ställes
217 933 25 21 af
255 933 133 21 häradsrätt.
411 933 12 21 I
438 933 75 22 stället
529 933 57 22 skall
598 933 171 26 landtmätaren,
781 933 28 21 dä
820 933 59 28 klyf-

126 966 137 29 ningsskifte
278 968 81 20 vunnit
374 968 52 28 laga
441 968 67 25 kraft,
525 968 74 21 införa
614 968 91 21 delarna
721 970 73 19 säsom
807 968 73 20 skilda

126 1001 131 28 lägenheter
271 1002 8 20 i
291 1001 164 29 jordregistret,
475 1010 48 14 som
543 1002 25 21 af
582 1002 163 28 förordningen
760 1002 73 21 tillika
848 1002 32 20 in-

126 1035 66 26 föres,
216 1038 57 19 samt
295 1036 78 21 därom
395 1036 82 21 teckna
500 1036 62 22 bevis
578 1038 13 20 &
606 1036 80 21 kartan
705 1036 43 22 och
766 1036 114 28 delnings-

126 1069 163 22 instrumentet.
319 1070 127 22 Enahanda
468 1070 131 22 förfarande
622 1071 58 21 skall
700 1070 86 28 jämväl
809 1070 71 28 enligt

126 1104 162 28 förordningen
311 1105 112 27 iakttagas
444 1105 39 21 vid
499 1105 167 28 egostyckning
681 1105 43 21 och
738 1104 142 29 jordafsönd-

126 1138 57 28 ring.
206 1139 151 21 Föreskrifter
373 1140 118 27 angäende
506 1140 126 28 ordningen
647 1140 38 21 vid
698 1139 122 21 sistnämda
831 1139 49 27 slag

127 1172 26 22 af
164 1172 145 29 jorddelning
327 1175 82 26 utgöra
424 1173 36 22 för
476 1174 70 28 öfrigt
562 1181 28 13 en
606 1176 46 19 stor
668 1174 36 20 del
720 1173 24 22 af
757 1173 123 21 innehället

127 1207 7 21 i
150 1208 54 20 1895
220 1209 35 19 års
274 1207 140 29 förordning.
445 1208 37 20 En
497 1208 132 28 utveckling
644 1208 6 20 i
666 1207 214 29 parcellagstiftnin-

127 1248 45 21 gen
187 1244 24 18 är
226 1241 120 22 tillätelsen
362 1244 33 18 att
410 1242 107 21 afsöndra
533 1242 110 22 strömfall
656 1242 42 21 och
709 1242 95 21 skiftadt
814 1241 66 21 fiske-

126 1277 83 19 vatten.
240 1276 36 20 En
298 1283 75 13 annan
392 1276 98 28 ändring
505 1276 7 21 i
527 1276 155 28 stadgandena
698 1276 117 28 angående
830 1282 50 22 par-

128 1309 107 29 cellering
250 1312 25 19 är
291 1310 173 28 bestämningen
479 1313 34 19 att
527 1310 68 22 också
610 1310 68 22 sådan
693 1310 138 28 förrättning
842 1309 38 21 all-

125 1343 33 21 tid
173 1344 58 20 skall
245 1344 87 22 utföras
348 1344 26 21 af
386 1344 157 22 landtmätare.

193 1378 41 22 Uti
244 1378 173 29 nyssbeskrifna
428 1379 126 28 stadgande
565 1386 36 15 om
612 1379 148 28 parcellering
770 1378 26 22 af
801 1380 79 19 ström-

126 1411 41 22 fall
186 1413 43 20 och
247 1413 136 21 fiskevatten
399 1413 101 22 infördes
516 1421 82 20 genom
613 1413 165 28 förordningen
793 1413 44 20 den
852 1414 28 19 23

124 1445 42 29 juli
183 1448 54 19 1902
253 1447 44 20 den
311 1446 142 29 förändring,
469 1449 34 19 att
518 1447 50 22 med
584 1447 134 28 afsöndring
733 1447 25 21 af
769 1446 112 22 strömfall

193 1486 50 23 Lag-
257 1486 33 18 och
303 1486 185 19 ekonomiutskottets
501 1487 115 18 betänkande
628 1487 38 19 N:o
679 1488 17 17 5.
