1092 1748
466 132 42 21 N:o
522 132 13 21 6
822 132 28 20 25

122 201 33 20 ler
173 202 70 19 annat
260 200 76 29 dylikt
355 201 112 28 ändamål,
486 201 56 21 eller
556 201 140 21 tillkommer
710 201 108 28 lägenhet
833 203 46 19 sär-

122 234 59 21 skild
201 234 87 22 förmån
310 235 74 21 såsom
404 235 119 28 stenbrott,
544 235 113 22 strömfall
677 235 55 21 eller
751 235 63 27 fiske,
831 235 48 21 deri

122 269 74 28 öfriga
210 269 132 28 lägenheter
358 269 19 28 ej
394 269 70 22 hafva
479 269 45 28 del;
540 269 29 22 då
583 269 69 22 varde
666 269 39 22 vid
717 269 113 29 egoskifte
840 269 38 22 be-

122 303 82 28 höfligt
223 303 72 22 utmål
315 303 25 22 af
356 304 65 21 mark
441 304 77 21 dertill
537 305 8 20 i
564 304 122 29 afräkning
701 305 14 20 å
729 305 149 28 lägenhetens

122 338 88 28 egolott
225 337 107 22 lemnadt.

470 402 26 21 61
514 403 18 27 8.

191 441 85 29 Hvarje
291 442 109 28 lägenhet
415 443 59 20 skall
489 443 39 21 vid
544 442 113 29 egoskifte
672 443 109 28 tilläggas
796 441 61 22 hvad
870 441 8 21 i

121 476 55 21 vidd
192 476 42 21 och
249 476 85 29 godhet
350 476 57 22 efter
422 477 123 28 gradering
561 477 42 22 och
619 477 182 28 delningsgrund
817 478 61 19 emot

122 510 50 21 dess
189 511 87 28 egolott
292 519 76 13 svarar
384 514 64 24 samt,
463 512 53 21 med
526 511 143 29 någorlunda
678 511 62 28 jemn
750 511 128 28 blandning

122 544 23 21 af
159 545 75 21 bättre
249 545 43 21 och
307 548 73 19 sämre
394 546 72 27 mark,
482 546 85 21 erhålla
583 546 35 21 sin
633 545 111 29 behöriga
759 545 68 22 andel
843 545 35 21 så-

121 579 37 21 väl
178 579 26 21 af
221 579 53 22 åker
293 580 42 21 och
350 583 46 25 äng
412 581 55 20 eller
482 581 76 21 dertill
573 580 83 29 tjenlig
671 580 142 29 odlingsjord
829 587 48 14 som

122 613 25 22 af
160 613 71 22 sådan
245 615 69 27 mark,
332 622 46 14 som
396 615 81 21 endast
493 618 24 19 är
532 615 37 21 till
584 615 126 28 skogsväxt
726 614 137 23 användbar.

190 648 45 21 För
255 649 66 21 odlad
342 649 55 21 eller
417 649 133 29 odlingsbar
567 649 53 28 jord
640 650 37 20 må
695 649 109 28 lägenhet
819 648 59 22 dock

121 683 109 28 tilläggas
246 683 133 28 skogsmark
395 684 55 21 eller
465 686 106 26 tvärtom,
585 684 7 21 i
604 683 41 22 fall
657 684 38 21 det
705 683 35 22 för
751 683 126 22 beredande

121 717 25 21 af
164 717 97 28 lämplig
282 718 173 28 egoanordning
474 718 73 21 finnes
567 718 82 29 nödigt
669 719 54 20 eller
743 718 135 28 delegarene

121 751 78 22 derom
214 751 196 22 öfverenskomma
426 753 42 21 och
484 753 56 21 slikt
554 753 81 28 utbyte
651 755 56 19 utan
722 753 100 27 verkligt
833 751 44 22 för-

120 785 57 29 fång
193 786 45 21 kan
254 786 44 21 ske.

468 850 28 21 62
512 852 18 26 8.

189 889 92 28 Egorna
300 889 36 21 för
354 890 80 28 hvarje
453 890 110 28 lägenhet
583 890 69 28 skola,
673 892 25 20 så
712 890 51 22 vidt
778 890 99 28 möjligt,

121 923 80 28 läggas
221 924 7 20 i
248 926 34 18 ett
301 924 226 28 sammanhängande
546 925 75 28 skifte,
641 932 51 14 men
712 925 65 28 eljest
792 925 8 21 i
815 925 26 21 så
855 924 24 21 få

120 958 85 28 dylika,
222 966 48 14 som
286 958 64 22 deras
365 959 159 22 beskaffenhet
540 960 42 21 och
597 960 58 28 läge,
671 962 56 20 utan
740 960 92 28 förfång
843 958 36 22 för

120 993 76 27 någon
221 992 111 29 delegare,
356 993 124 29 medgifva.
514 994 121 22 Erfordras
657 994 52 22 med
728 994 150 28 iakttagande

120 1026 65 22 häraf
200 1026 35 22 för
250 1028 76 27 någon
342 1028 108 28 lägenhet
464 1028 55 22 flere
535 1032 28 18 än
579 1031 34 19 tre
629 1028 90 28 skiften,
731 1028 41 22 och
783 1028 46 22 kan
839 1028 39 21 det

120 1060 19 28 ej
160 1068 84 21 genom
263 1062 144 28 utflyttning,
428 1064 30 26 på
478 1066 46 18 sätt
543 1063 74 22 nedan
637 1066 58 25 sägs,
712 1062 121 30 afhjelpas;
849 1062 29 21 då

119 1096 37 20 må
176 1095 50 29 fyra
242 1096 83 21 skiften
341 1096 44 22 den
401 1097 109 28 lägenhet
525 1098 30 28 på
570 1097 118 22 enahanda
703 1100 46 19 sätt
763 1098 115 28 tilläggas.

119 1129 28 28 Ej
168 1130 44 28 må,
227 1133 55 18 utan
299 1130 240 29 egodelningsrättens
554 1131 144 29 begifvande,
714 1132 53 21 flere
783 1135 29 18 än
827 1131 52 29 fyra

120 1164 85 21 skiften
220 1165 77 27 någon
312 1165 109 28 lägenhet
436 1166 106 22 tilldelas.

187 1198 53 22 Med
263 1199 68 21 ofvan
354 1200 111 29 stadgade
488 1200 113 22 förbehåll
625 1208 37 14 om
685 1200 136 29 utflyttning
841 1201 38 20 må

118 1233 73 21 likväl
206 1233 8 21 i
230 1233 74 29 öfriga
326 1234 63 21 delar
404 1234 26 21 af
446 1235 127 28 Uleåborgs
596 1236 37 20 län
657 1238 64 19 utom
743 1235 134 28 Kemijärvi,

118 1267 118 22 Kuusamo
257 1268 42 21 och
314 1269 136 28 Kuolajärvi
466 1270 95 21 socknar
576 1269 117 22 äfvensom
708 1270 171 28 Lappmarkens

118 1301 71 23 härad
209 1310 39 17 sex
268 1306 59 18 samt
345 1303 8 22 i
373 1304 100 21 nämnda
500 1305 96 21 socknar
615 1305 44 21 och
674 1305 69 21 härad
759 1306 48 20 åtta
823 1304 56 22 skif-

118 1338 40 19 ten
172 1337 79 28 hvarje
266 1338 108 27 lägenhet
389 1338 117 29 tilläggas,
518 1342 55 18 utan
589 1341 34 20 att
639 1339 239 28 egodelningsrättens

118 1371 140 28 begifvande
273 1372 76 21 dertill
364 1372 119 23 erfordras.

188 1406 84 27 Utmål,
288 1414 48 14 som
352 1407 74 28 enligt
442 1407 28 22 60
485 1409 13 26 &
513 1408 41 21 bör
569 1408 8 21 i
593 1408 120 28 afräkning
730 1409 12 20 ä
755 1408 122 28 lägenhets

119 1440 88 31 egolott
229 1441 93 28 lemnas,
346 1447 59 16 samt
426 1441 63 22 inom
514 1450 74 14 annan
609 1442 154 29 samfällighet
778 1443 99 27 belägen
