1095 1745
847 150 11 20 7

131 220 36 20 ten
200 218 69 21 såsom
302 218 64 22 sådan
398 219 68 27 jämte
495 218 121 22 afkomsten
646 218 46 22 från
724 218 13 22 &
760 218 128 27 fastigheten

133 252 109 22 bedrifven
266 253 211 27 mejeri-handtering
498 253 40 21 och
565 259 70 15 annan
658 253 99 27 binäring
777 253 31 21 till
829 252 59 28 jord-

135 287 83 25 bruket,
234 287 70 21 såvidt
319 288 73 20 därvid
408 287 139 27 lägenhetens
563 294 54 20 egna
632 287 118 27 produkter
761 287 127 27 tillgodogö-

133 328 40 19 ras,
196 321 38 21 och
255 322 36 20 det
306 322 6 20 i
327 322 13 26 &
357 322 25 20 17
398 328 65 14 mom.
479 322 20 27 a)
515 323 68 25 säges,
599 323 31 19 att
646 322 58 20 såväl
720 322 27 21 de
762 321 31 21 uti
808 323 80 25 vägun-

133 356 103 21 derhållet
251 356 21 20 in
288 357 77 19 natura
380 356 127 26 deltagande
519 356 174 26 jordlägenheter
710 362 46 15 som
772 356 116 27 kronopar-

133 390 37 21 ker
194 390 38 21 och
255 389 68 27 öfriga
343 390 81 21 kronan
445 390 106 27 tillhöriga
567 390 83 21 marker
665 389 85 28 påföras
766 392 31 19 ett
811 391 78 26 vägöre

132 424 32 21 för
180 424 72 27 hvarje
268 424 51 21 fulla
333 424 43 21 200
391 430 46 15 mar
468 424 23 21 af
503 424 62 21 deras
581 424 71 25 värde,
668 424 140 27 uppskattadt
823 424 66 27 enligt

132 458 58 21 vissa
204 457 137 26 föreskrifter,
357 458 24 21 så
396 458 38 21 bör
448 458 76 26 jorden
541 458 48 21 med
602 458 87 27 ledning
704 457 23 22 af
740 458 36 21 det
785 458 104 21 inkomst-

133 493 83 26 belopp,
240 499 45 14 som
310 493 93 20 erhållits
423 492 33 21 för
469 493 50 26 jord
535 493 39 20 och
590 492 106 27 fastighet,
712 493 80 21 åsättas
807 494 32 19 ett
853 492 35 21 ka-

133 527 117 26 pitalvärde
266 527 32 21 för
313 529 32 19 att
359 529 119 25 vägörenas
493 527 58 21 antal
567 527 61 21 skola
643 527 73 21 kunna
732 527 114 21 beräknas.

202 561 34 21 Då
251 561 7 21 i
273 561 113 27 förslagets
402 561 48 27 kap.
466 561 34 22 III
516 563 12 26 &
544 562 27 21 46
587 563 98 20 närmare
700 568 66 21 anges
782 561 25 22 de
823 567 64 21 grun-

133 595 42 25 der,
192 595 106 22 hvarefter
314 595 181 28 uppskattningen
512 595 23 22 af
547 595 141 28 fastighetens
704 596 65 21 värde
779 595 53 22 skall
845 595 42 26 ske,

133 630 39 21 och
192 630 62 21 dessa
270 629 146 28 förnämligast
432 631 87 26 utgöras
535 630 22 21 af
570 630 140 27 fastighetens
726 631 51 26 köp-
793 630 50 21 eller
859 629 29 22 äf-

133 670 40 15 ven
190 671 17 14 s.
222 664 19 21 k.
257 664 120 21 bankvärde
392 671 27 14 m.
435 671 36 20 m.,
482 665 68 21 måste
566 665 92 27 tydligen
675 665 35 21 vid
726 664 161 27 förvandlingen

134 698 22 21 af
175 698 194 27 inkomstbeloppet
391 699 31 21 till
440 698 180 28 fastighetsvärde
643 699 58 21 detta
724 699 71 21 ställas
811 698 76 28 jämfö-

133 733 89 21 relsevis
245 733 43 27 lågt
310 733 6 21 i
338 733 132 22 förhållande
493 734 31 21 till
546 734 121 21 inkomsten
688 733 48 22 från
753 733 134 27 fastigheten,

134 767 51 21 eller
206 768 48 20 med
275 768 66 20 andra
356 768 39 20 ord
410 768 123 21 inkomsten
549 768 68 21 måste
632 768 104 21 beräknas
750 774 50 15 vara
815 768 72 25 sådan,

133 803 32 19 att
187 801 138 27 fastighetens
349 802 81 26 egande
456 802 38 21 och
518 802 110 22 brukande
648 804 23 19 är
690 802 32 21 för
737 802 150 22 innehafvaren

133 835 143 27 fördelaktigt.
305 836 124 21 Inkomsten
446 836 23 21 af
481 836 128 28 fastigheten
626 837 61 21 torde
703 836 71 22 därför
788 836 46 22 icke
849 842 38 16 un-

133 870 37 20 der
192 870 65 26 något
278 870 68 21 vilkor
361 871 53 20 böra
428 871 73 21 anslås
517 872 68 20 under
602 871 60 26 10%,
684 870 23 22 af
727 870 160 27 fastighetsvär-

133 903 41 26 det,
190 904 87 21 emedan
294 904 35 21 det
345 904 38 21 här
398 905 98 21 använda
511 905 196 27 inkomstbeloppet
718 906 87 26 utgöres
815 904 23 21 af
847 905 40 20 den

132 937 221 29 kommunaltaxering
375 939 158 22 underkastade
555 939 136 26 inkomsten,'
704 939 92 22 därifrån
812 939 77 21 endast

131 972 107 21 allmänna
253 979 64 15 onera
332 973 38 21 och
387 973 26 21 de
428 974 136 27 nödvändiga
577 973 194 22 driftkostnaderna
781 973 33 22 för
825 979 62 21 egen-

135 1007 89 21 domens
246 1007 79 21 skötsel
341 1009 36 19 äro
399 1007 122 22 afräknade.
550 1008 86 27 Antoge
651 1015 49 14 man
718 1008 66 26 109/),
799 1007 41 22 blir
852 1007 36 21 ka-

133 1041 127 27 pitalvärdet
275 1041 33 22 för
323 1042 39 21 den
379 1042 80 21 mantal
475 1043 69 21 åsatta
556 1043 77 26 jorden
645 1043 7 20 i
662 1042 225 22 landskommunerna:

648 1081 106 14 Motsvarande
762 1085 27 10 an-

649 1099 21 14 tal
684 1100 65 16 vägören
755 1095 31 39 Eä

649 1117 45 13 mant.
700 1117 38 16 jord;
745 1117 9 13 &

649 1134 41 13 mark
698 1134 31 14 enl.
736 1133 48 14 komi-

664 1151 35 14 töns
709 1151 61 17 förslag.

162 1173 6 20 i
185 1173 95 27 Nylands
388 1174 33 21 län
440 1175 139 25 175,510,000
595 1174 60 21 mark
685 1174 91 26 877,550

161 1224 10 9 »
185 1201 48 28 Åbo
249 1214 18 15 o.
283 1208 90 27 B:borgs
398 1225 11 9 ,
437 1209 141 26 287,290,000
618 1225 10 9 ,
666 1209 110 25 1,436450

160 1258 10 9 »
185 1242 132 21 Tavastehus
401 1259 11 9 »
442 1243 139 26 184,130,000
621 1259 9 9 =,
686 1243 90 26 920,650

160 1293 10 8 »
184 1276 93 27 Viborgs
398 1294 11 8 »
438 1277 141 26 158,320,000
622 1294 10 9 ,
686 1277 90 26 791.600

161 1327 10 9 »
185 1310 31 21 S:t
230 1310 87 22 Michels
399 1327 10 10 »
438 1311 141 26 113,590,000
622 1328 10 8 ,
685 1311 91 25 =—567,950

160 1361 10 9 »
183 1344 85 27 Kuopio
396 1362 11 9 »
436 1345 140 27 153,370,000
620 1362 13 10 ,
686 1345 90 26 —766,850

159 1395 11 9 »
183 1378 57 22 Vasa
395 1396 10 9 »
433 1380 141 26 285,670,000
621 1396 9 9 =,
665 1380 111 26 1,428,350

160 1429 11 9 »
184 1413 120 26 Uleåborgs
397 1430 11 9 »
437 1413 140 27 137,050,000
621 1430 10 9 =,
657 1409 16 35 —
685 1413 91 26 685,250

239 1453 10 20 I
265 1453 47 21 hela
327 1453 72 21 landet
416 1453 161 26 1,494,930,000
592 1454 60 21 mark
667 1454 111 26 7,474,650
788 1454 101 26 vägören.
