1092 1748
446 132 43 22 N:o
503 133 13 21 6
804 132 29 21 43

101 201 130 22 utlåtandet
250 201 116 29 missnöjd,
382 202 68 21 lände
467 202 38 21 det
520 202 47 21 lika
581 201 54 22 fullt
650 202 38 20 till
703 201 157 27 efterrättelse,

102 236 44 20 den
162 234 124 29 missnöjde
302 236 59 21 dock
376 236 108 28 obetagot
499 238 33 19 att
546 235 57 22 efter
613 235 181 29 förrättningens
805 235 56 21 slut-

101 269 96 22 förande
215 270 42 21 hos
275 270 227 28 egodelningsrätten
522 270 54 22 söka
592 270 98 28 ändring
706 270 75 21 såsom
796 270 8 21 i
820 269 41 21 122

102 306 13 26 8
130 304 99 29 stadgas.

445 357 40 21 119
502 358 18 26 8.

171 396 34 21 På
223 396 75 28 grund
314 396 23 22 af
351 396 108 28 förening
475 397 54 21 eller
544 396 124 28 utlåtande,
685 404 49 14 som
750 396 7 21 i
774 396 40 22 117
831 396 30 20 el-

102 432 33 20 ler
156 431 42 21 118
217 432 12 26 &
248 433 98 26 nämnts,
367 431 77 28 äligge
463 431 250 28 förrättningsmännen
730 433 39 25 att,
786 430 39 22 der
841 429 19 29 ej

103 465 230 22 öfverenskommelse
353 474 37 14 om
411 466 44 21 don
477 466 132 28 ersättning,
631 473 49 14 som
699 466 8 20 i
727 465 79 28 hvarje
820 464 42 22 fall

102 500 41 22 bör
162 499 173 29 ifrägakomma,
357 500 24 22 af
399 500 169 22 vederbörande
588 500 104 28 delegaro
714 499 93 29 träffats,
823 499 39 21 be-

102 534 72 22 räkna
189 534 131 22 densamma
335 537 59 19 samt
409 538 105 25 uppgöra
529 534 136 29 fullständig
676 534 131 28 fördelning
818 534 42 21 och

102 569 74 22 likvid
192 568 25 22 af
231 570 254 28 ersättningsbeloppet.

445 643 42 22 120
502 645 18 26 8.

172 683 45 22 Vid
232 683 145 22 beräknande
393 684 23 21 af
425 684 249 28 utflyttningskostnad
686 684 58 21 skall
755 683 107 22 afseende

103 718 8 21 i
130 718 125 28 synnerhet
274 718 70 22 fästas
365 718 48 22 dels
433 719 13 20 &
464 718 186 22 beskaffenheten
666 718 22 21 af
704 718 27 21 de
747 718 49 27 hus,
813 725 48 14 som

103 752 44 21 den
162 752 139 28 utflyttande
311 753 93 28 lemnar,
416 753 75 21 säsom
502 760 37 14 om
550 753 27 20 de
588 755 38 18 äro
637 753 25 20 sä
671 751 145 30 bristfälliga,
829 754 34 19 att

103 786 149 29 ombyggnad
267 787 90 22 ändock
371 787 114 28 förestätt,
501 788 54 21 eller
570 790 38 19 äro
625 788 24 20 sä
664 787 60 28 goda
740 787 43 21 och
793 786 70 22 hafva

104 821 81 21 sädant
199 821 58 28 läge,
273 823 34 20 att
322 822 77 27 nägon
415 821 23 22 af
449 821 28 21 de
489 821 74 28 öfrige
574 821 133 28 delegarene
718 821 78 21 kunna
806 820 57 29 vilja

103 855 49 21 dem
170 855 37 21 till
223 858 70 19 större
309 856 54 22 eller
378 856 89 22 mindre
484 856 37 22 del
536 856 78 28 inlösa,
631 856 47 21 dels
693 855 42 22 ock
741 851 11 38 ä
747 855 116 29 tillgän-

103 897 44 21 gen
163 890 30 28 pä
208 890 206 28 byggnadsämnen
430 891 44 21 och
489 890 181 22 arbetsbiträden
686 890 52 22 med
753 898 61 14 mera
828 890 35 21 sä-

103 924 61 28 dant,
181 932 49 14 som
245 925 45 21 kan
306 925 51 21 leda
373 925 36 21 till
425 928 73 19 större
513 925 89 22 lättnad
612 925 41 21 och
665 925 88 21 mindre
764 924 99 22 kostnad

102 959 40 22 vid
157 959 179 29 utflyttningens
352 960 175 21 verkställande.

130 1109 31 21 11.
191 1109 178 29 Förrätimingens
383 1109 121 27 afslutande
518 1109 106 27 äfvensom
639 1109 196 29 ändringssökande

201 1149 36 21 och
250 1149 133 29 granskning
398 1151 54 19 samt
466 1149 115 27 införande
595 1149 9 22 i
616 1149 148 29 jordregistret.

446 1229 41 21 121
504 1230 18 26 8.

172 1269 75 21 Sedan
267 1269 178 22 skifteslinierna
465 1269 78 22 blifvit
562 1269 120 21 utstakade
698 1269 42 21 och
756 1268 106 28 rörlagda

103 1306 59 19 samt
179 1304 135 28 delegarene
329 1304 101 22 anvisats
447 1304 65 21 deras
528 1304 110 28 egolotter
655 1303 42 22 och
713 1303 150 28 ersättnings-

103 1338 129 22 likviderna
247 1338 128 28 uppgjorts,
391 1338 59 22 skall
465 1338 135 28 ingeniören
615 1338 99 22 förklara
729 1337 134 22 förrättnin-

103 1381 45 20 gen
164 1372 100 22 afslutad
279 1375 60 19 samt
353 1373 134 21 underrätta
502 1373 133 28 delegarene
645 1372 60 22 hvad
716 1372 44 21 den
771 1371 93 22 dermed

104 1407 124 28 missnöjde
250 1407 36 22 för
308 1407 129 22 bevarande
461 1407 24 21 af
505 1407 35 22 sin
559 1408 61 20 talan
640 1407 41 21 har
700 1409 34 18 att
753 1406 110 27 iakttaga.

103 1441 69 22 Hvad
192 1441 95 22 sålunda
305 1441 110 28 förelupit
430 1441 71 22 varde
515 1441 9 22 i
538 1441 138 28 protokollet
691 1443 113 26 upptaget
820 1440 43 21 och
