1092 1739
207 137 28 21 30
469 137 28 23 U.
514 138 28 22 B.
558 150 27 3 —
600 138 74 28 Prop.
691 138 41 22 N:o
748 138 22 21 5.

207 212 29 15 en
261 206 32 21 för
316 206 208 28 vägbyggnadslaget
545 213 123 21 gemensam
684 206 108 28 vägkassa,
806 206 110 21 hvaremot
931 206 37 21 det

206 240 25 21 sä
254 240 83 22 kallade
361 241 174 27 vägunderhället
556 242 22 20 in
601 243 76 19 natura
706 241 52 21 eller
773 240 81 21 arbetet
868 240 33 21 för
916 242 52 26 vägs

205 274 101 22 hällande
321 275 7 20 i
344 275 81 27 laggillt
439 276 59 21 skick
514 276 80 27 äligger
609 276 26 20 de
651 276 6 20 i
673 282 85 14 momm.
775 274 40 27 a,b
832 274 39 22 och
886 281 12 14 c
913 281 54 21 upp-

206 310 99 21 räknade
319 309 269 29 beskattningsföremälen,
602 310 72 20 hvilka
689 309 125 28 därjämte,
805 305 13 37 i
829 309 100 21 händelse
945 309 21 21 af

206 344 71 27 behof,
292 344 87 28 bidraga
394 345 48 21 med
458 345 126 27 penningar;

278 378 45 22 från
347 379 140 27 nyssberörda
509 379 56 27 regel
588 385 50 21 eger
653 379 109 27 undantag
777 384 47 15 rum
840 378 6 20 i
862 378 22 20 så
900 378 65 21 måtto

209 414 31 20 att
255 419 26 15 ur
296 413 40 21 den
359 420 157 20 gemensamma
539 414 117 26 vägkassan
678 413 102 21 bestridas
796 412 104 27 åtskilliga
915 412 49 21 med

211 447 175 27 vägunderhållet
403 448 100 21 förenade
519 448 91 27 utgifter,
626 447 69 21 såsom
711 447 32 21 för
755 446 129 28 anläggning
899 446 21 21 af
935 453 29 21 ny

209 481 79 21 allmän
312 484 40 26 väg
373 483 39 21 och
435 483 136 27 omläggning
586 482 20 21 af
621 482 92 27 gammal
729 482 71 24 sådan,
818 480 109 22 underhåll
943 481 22 20 af

209 522 30 20 ny
263 516 78 22 allmän
365 519 44 25 väg,
432 517 54 21 intill
509 517 48 21 dess
580 517 40 21 den
643 516 67 28 ingått
731 516 7 20 i
754 515 134 27 vägdelning,
909 516 56 20 samt

208 550 115 28 byggando
338 552 39 20 och
393 552 111 21 underhåll
519 552 22 20 af
555 552 77 20 allmän
649 551 37 19 bro
702 551 40 20 och
757 550 61 27 färja;

277 586 47 20 hela
340 586 263 27 väghållningskostnaden
619 586 59 20 inom
694 584 214 28 vägbyggnadslaget,
919 584 44 20 däri

205 620 132 21 inberäknad
360 621 61 21 äfven
445 621 117 21 kostnaden
585 620 32 21 för
640 620 132 20 underhållet
795 619 21 21 af
835 618 28 21 all
878 618 84 22 indelad

205 656 41 26 väg
269 655 56 20 inom
349 655 110 27 distriktet,
481 655 131 21 sistnämnda
635 654 89 21 kostnad
741 655 106 26 upptagen
862 653 100 28 antingen

204 689 32 21 till
261 689 36 21 det
319 689 82 28 belopp,
417 690 84 21 hvartill
519 690 123 21 densamma
658 689 68 21 blifvit
742 689 21 20 af
778 687 89 22 särskild
882 687 79 21 nämnd

207 724 134 27 uppskattad,
364 724 51 21 eller
437 725 39 20 ock
499 725 31 20 till
552 724 36 21 det
603 724 82 27 belopp,
700 730 45 14 som
762 723 34 20 vid
812 722 148 27 försiggången

207 758 230 27 entreprenadauktion
461 759 32 20 för
515 758 90 22 arbetets
628 758 133 27 fullgörande
784 757 110 26 betingats,
920 756 41 21 för-

205 792 60 21 delas
287 793 69 21 såsom
380 793 97 28 vägskatt
499 793 11 21 å
526 793 102 27 samtliga,
651 793 31 20 till
706 791 126 28 deltagande
847 791 7 20 i
870 790 91 27 väghåll-

209 827 161 28 ningsbesväret
387 828 97 27 skyldiga
500 827 232 27 beskattningsföremål
749 827 53 21 efter
817 826 35 21 det
868 826 56 21 antal
939 826 23 21 så

206 861 84 22 kallade
312 864 97 25 vägören,
424 869 44 14 som
484 863 7 20 i
507 862 86 27 stadgad
610 862 90 27 ordning
716 861 69 21 blifvit
800 861 72 26 hvarje
888 859 74 32 sådant

203 895 90 22 föremål
309 896 58 24 åsatt,
383 897 47 20 med
447 897 133 27 iakttagande
596 897 59 20 däraf
670 898 30 19 att
716 896 26 21 de
761 895 3 20 i
780 901 85 14 momm.
882 901 18 20 a,
915 894 19 26 b,
950 901 11 14 c

205 930 41 21 och
262 931 12 20 d
291 930 138 21 omförmälda
453 931 259 27 beskattningsföremålen
735 930 83 27 påföras
840 931 30 19 ett
885 931 76 25 vägöre

205 964 32 21 för
260 965 71 27 hvarje
354 965 53 21 falla
423 966 40 20 200
479 965 59 21 mark
561 966 21 20 af
604 965 162 28 fastigheternas
790 964 34 20 vid
847 963 113 21 verkställd

203 999 100 27 taxering
322 1000 139 27 uppskattade
481 1000 63 21 värde
559 1002 55 19 samt
628 1001 66 20 större
709 998 133 22 industriella
850 998 111 20 inrättnin-

203 1039 39 21 gar
258 1033 39 21 och
313 1033 137 22 landthandel
465 1036 30 19 ett
510 1036 76 25 vägöre
602 1034 32 21 för
649 1034 72 27 hvarje
732 1034 27 21 40
771 1033 58 20 mark
842 1032 40 21 och
894 1032 67 27 öfriga

202 1067 6 20 i
226 1074 64 14 mom.
306 1074 11 15 e
333 1068 87 21 afsedda
443 1068 233 27 beskattningsföremål
699 1070 29 19 ett
749 1069 77 26 vägöre
842 1066 32 21 för
888 1066 73 27 hvarje

204 1102 41 21 100
262 1102 59 21 mark
343 1103 22 20 af
388 1103 35 20 det
447 1103 80 27 belopp,
545 1103 84 20 hvartill
652 1103 97 20 behållna
771 1101 120 21 inkomsten
913 1100 47 21 från

202 1136 49 21 dem
269 1137 34 20 vid
319 1139 71 19 senast
406 1137 112 21 verkställd
527 1137 222 27 kommunaltaxering
759 1135 139 28 uppskattats,
907 1134 53 21 dock

201 1173 37 23 att,
253 1171 70 20 därest
345 1171 69 21 denna
435 1171 93 21 inkomst
543 1171 81 28 uppgår
638 1171 32 21 till
684 1171 42 21 400
742 1169 61 22 mark
818 1175 48 15 men
882 1169 78 21 under-

201 1205 66 27 stiger
294 1205 61 27 1,000
376 1205 66 26 mark,
458 1212 26 14 en
507 1212 82 15 summa
612 1206 21 20 af
654 1206 41 21 300
711 1205 59 21 mark
786 1204 18 27 ej
821 1203 32 21 får
868 1205 91 25 vägören

200 1239 94 27 påföras;

270 1274 36 22 vid
325 1274 70 21 denna
411 1275 120 27 fördelning
546 1274 53 21 skall
615 1274 26 21 de
660 1275 2 20 i
678 1280 87 15 momm.
780 1272 38 28 a,b
834 1272 39 21 och
889 1278 11 14 c
915 1278 44 14 om-

200 1309 94 21 nämnda
317 1308 234 28 beskattningsföremäl
567 1308 165 28 tillgodoräknas
748 1308 36 20 det
799 1307 21 21 af
835 1306 48 21 dem
900 1306 59 20 verk-

201 1343 77 21 ställda
293 1343 210 21 naturaunderhället
517 1344 53 20 efter
585 1343 35 21 det
636 1343 69 27 värde,
720 1342 86 21 hvartill
821 1341 116 21 detsamma
951 1340 8 20 i

199 1377 136 21 förestäende
350 1378 66 21 mätto
431 1378 112 27 upptagits,
558 1378 54 20 dock
628 1379 35 25 att,
679 1378 70 20 därest
765 1376 116 21 öfverskott
892 1375 7 20 i
910 1376 49 26 väg-

199 1411 77 21 kassan
301 1412 68 21 skulle
393 1412 80 28 uppstå,
489 1412 80 21 hvilket
591 1412 99 27 antydde,
706 1412 12 20 å
733 1417 41 15 ena
796 1410 67 25 sidan,
879 1411 29 19 att
923 1409 36 21 be-

199 1446 64 20 rörda
285 1446 234 28 beskattningsföremäl
535 1446 126 21 verkställde
677 1444 154 29 vägunderhäll
846 1444 32 21 till
893 1446 65 18 större

267 1491 49 23 Lag-
328 1492 33 17 och
373 1492 187 18 Ekonomiutskottets
572 1492 112 18 betänkande
695 1491 39 18 N:o
746 1492 18 16 4.
