1092 1698
88 467 100 23 78905
166 456 26 39 F.

82 686 21 16 14
115 685 11 22 8
139 687 22 16 95
173 687 20 18 F,

112 710 22 16 44
146 709 16 22 8.

108 943 31 17 171
152 943 17 23 8.

108 1184 53 22 Nytt.

110 1371 21 18 47
144 1372 17 22 8.

215 138 12 19 6
458 136 21 22 U.
496 136 22 22 B.
534 149 28 3 —
578 136 62 28 Prop.
656 136 35 22 N:o
708 136 20 22 6.

215 201 46 19 rätt
276 198 141 27 innehafvas,
433 199 23 21 få
471 199 91 29 klyfvas
576 200 74 21 under
661 199 28 21 de
700 199 35 21 för
745 198 77 22 frälse-
833 199 43 22 och
887 200 84 21 skatte-

214 233 107 21 hemman
335 233 70 22 ofvan
419 233 138 22 föreskrifna
571 234 81 21 vilkor.

283 268 50 28 Lag
352 274 85 15 samma
455 275 54 14 vare
530 275 37 14 om
586 267 91 27 sådana,
698 268 51 21 stad
768 268 54 21 eller
840 268 82 21 allmän
939 267 32 22 in-

216 302 104 28 rättning
342 302 115 29 tillhöriga
476 302 141 28 lägenheter,
636 310 49 14 som
700 302 52 22 med
768 302 98 28 stadgad
882 302 89 22 åborätt

215 336 101 22 besittas.

567 422 49 28 38.

283 462 69 22 Hvad
367 462 8 22 i
391 465 11 19 1
419 463 43 21 och
477 464 12 20 2
505 463 28 29 88
550 462 104 29 stadgats
669 462 59 29 gälle
738 462 8 21 i
756 462 136 28 tillämpliga
908 462 62 22 delar

214 496 69 22 äfven
305 496 107 22 särskildt
435 496 131 29 skattlagda
588 499 51 26 torp
662 497 43 21 och
727 496 110 28 utjordar,
858 496 59 22 dock
935 498 35 20 att

214 530 81 29 hvarje
318 531 37 21 del
377 531 58 21 skall
456 531 116 21 innehålla
591 531 69 21 minst
678 530 46 22 fem
741 530 108 22 hektarer
866 530 103 22 skattbar

212 565 71 22 mark.

566 641 14 19 4
595 640 20 28 8.

283 680 56 21 Rätt
357 682 34 19 att
406 680 45 21 läta
467 680 80 29 klyfva
562 680 108 29 lägenhet
686 679 125 22 tillkomme
827 679 51 21 dess
894 686 73 21 egare.

282 714 58 25 Den,
357 721 48 14 som
421 722 53 21 eger
489 714 52 26 viss,
558 714 100 29 lagligen
673 713 105 22 bestämd
793 713 68 22 andel
875 713 7 21 i
892 713 76 28 lägen-

213 749 46 25 het,
283 756 53 14 varo
359 749 109 22 likaledes
487 749 130 28 berättigad
637 751 34 19 att
686 756 84 21 genom
784 747 108 29 klyfning
906 748 23 21 fä
944 750 24 19 sä

212 785 49 19 stor
280 783 44 21 lott
343 783 23 21 af
381 783 148 28 lägenhetens
546 783 158 28 egoförmäner
720 785 22 19 ät
758 782 36 29 sig
808 782 110 21 utbruten
933 782 35 21 till

213 817 61 22 skild
289 817 114 29 lägenhet,
419 825 49 14 som
482 820 127 20 motsvarar
624 825 85 14 samma
724 817 73 22 andel.

566 900 12 19 5
594 899 20 28 &.

281 932 33 27 Är
337 938 108 28 lägenhet
467 938 7 21 i
497 938 155 28 samfällighet
671 938 52 21 med
742 937 72 21 andra
828 937 139 28 lägenheter,

213 971 56 22 eller
283 972 69 21 hafva
368 972 51 22 dess
435 972 131 21 skiftesräer
581 972 40 21 vid
637 972 118 21 storskifte
772 971 54 21 eller
838 978 75 14 annan
923 971 44 21 del-

213 1006 63 28 ning,
293 1014 48 14 som
357 1007 72 28 enligt
445 1006 62 22 äldre
522 1006 38 28 lag
575 1006 130 26 verkstälts,
716 1006 97 21 lemnats
824 1006 7 21 i
841 1006 127 28 väsentliga

214 1040 63 21 delar
293 1041 127 28 orörlagda,
435 1042 37 20 mä
485 1040 85 28 jemväl
585 1040 107 28 klyfning
708 1040 49 26 ske;
776 1040 60 21 dock
851 1040 57 21 skall
923 1040 45 21 del-

212 1074 87 28 ningen
314 1074 135 22 inskränkas
465 1075 95 21 allenast
574 1074 36 22 till
625 1074 27 22 de
668 1082 61 20 egor,
746 1081 48 14 som
810 1074 72 21 under
892 1074 76 28 lägen-

212 1108 71 22 heten
306 1109 100 21 enskildt
427 1109 87 26 häfdas,
535 1112 58 18 samt
612 1109 60 28 gälla
687 1109 81 21 endast
784 1108 125 22 tillsvidare
925 1108 43 22 och

211 1143 61 21 intill
288 1144 51 20 dess
355 1143 80 29 slutlig
449 1143 108 29 klyining
572 1145 29 27 pä
616 1143 100 28 begäran
731 1142 101 29 lagligen
847 1143 68 21 skett.

281 1178 86 28 Sämjo-
387 1178 54 21 eller
462 1185 74 14 annan
551 1178 99 21 likartad
666 1178 94 27 delning
775 1179 43 24 mä,
834 1177 73 21 ehvad
923 1178 45 21 den

211 1219 85 21 genom
315 1212 152 22 landtmätare
487 1212 85 22 utförts
592 1212 54 21 eller
660 1212 57 26 icke,
733 1212 81 21 häfvas
830 1212 86 28 jemväl
931 1220 36 20 ge-

213 1253 55 15 nom
283 1246 70 22 sädan
369 1246 107 28 klyfning
491 1254 48 14 som
554 1246 8 21 i
577 1246 71 21 första
664 1253 67 15 mom.
746 1248 98 19 nämnts.

566 1328 12 18 6
594 1326 20 28 8.

280 1365 36 21 Dä
337 1365 109 28 lägenhet
469 1365 97 28 klyfves,
590 1372 48 14 som
656 1372 84 21 genom
756 1364 141 28 sämjoskifte
913 1364 54 22 eller

210 1399 137 22 annorledes
365 1403 24 18 är
412 1399 125 22 tillsvidare
561 1399 73 26 delad,
653 1399 41 22 bör
714 1399 80 28 hvarje
816 1399 111 28 delegare,
943 1401 24 20 sä

209 1434 54 21 vidt
277 1434 46 21 han
339 1434 39 21 det
393 1435 70 28 yrkar
477 1436 58 19 samt
552 1434 94 28 lämplig
661 1434 42 21 och
717 1434 66 28 redig
794 1434 173 28 egoanordning

278 1475 47 22 Lag-
337 1475 31 18 och
381 1475 175 18 ekonomiutskottets
568 1475 110 18 betänkande
690 1474 36 19 N:o
738 1475 16 18 5.
