1092 1739
347 150 27 21 U.
392 150 27 21 B.
436 162 26 3 —
478 149 76 28 Prop.
569 149 41 22 N:o
627 149 23 22 5.
849 149 25 20 51

114 218 44 21 alla
191 218 108 27 köpstads-
331 219 39 20 och
402 218 220 27 landtjurisdiktioner
649 217 48 22 med
721 218 109 27 undantag
855 217 21 20 af

117 252 170 21 residensstaden
317 252 140 28 Köpenhamn
481 253 40 20 och
543 254 28 19 ön
595 252 122 25 Bornholm,
744 251 53 22 dock
822 251 54 21 skall

117 287 35 20 det
180 288 93 19 närmast
294 287 139 20 intresserade
470 287 107 20 distriktet
606 286 71 21 lämna
702 288 31 19 ett
757 286 66 27 högre
846 285 31 21 bi-

117 321 57 27 drag.
205 320 120 27 Utgifterna
347 320 104 21 bestridas
475 321 21 21 af
518 323 69 18 staten
609 327 77 20 genom
708 320 40 21 den
769 320 106 21 allmänna

119 355 122 27 vägkassan.
260 354 74 21 Denna
351 355 86 27 uppbär,
453 355 91 21 förutom
561 355 174 27 bompenningar,
750 361 45 14 som
812 353 65 22 emel-

117 389 62 21 lertid
187 395 28 14 nu
221 389 33 21 till
259 391 74 19 största
341 389 61 21 delen
411 391 36 19 äro
456 389 122 26 afskaffade,
584 389 39 21 och
630 389 65 27 nägra
703 389 82 20 mindre
793 388 84 21 inkom-

118 426 49 23 ster,
182 423 41 21 den
239 423 23 20 sä
277 423 82 21 kallade
375 424 132 26 vägskatten,
522 423 87 21 hvilken
631 425 86 25 utgöres
732 423 22 21 af
768 423 37 21 allt
820 423 57 20 hart-

119 458 59 26 korn,
194 458 47 20 med
257 458 108 26 undantag
380 458 33 21 för
428 458 141 28 Köpenhamn
586 458 39 21 och
640 458 123 26 Bornholm,
778 458 38 20 och
831 464 46 14 som

119 492 73 28 skiljer
207 492 32 28 sig
253 492 45 21 frän
315 493 65 20 andra
396 493 81 21 direkta
493 493 134 21 statsskatter
645 492 129 27 därigenom,
791 494 29 19 att
836 492 41 20 den

120 527 46 21 icke
190 528 23 19 är
234 527 95 21 faststäld
352 527 32 21 till
407 529 30 19 ett
460 528 52 20 visst
533 527 82 27 belopp,
634 528 50 19 utan
700 526 127 21 bestämmes
843 532 33 21 ge-

121 568 48 14 nom
193 561 40 21 den
256 561 64 27 ärliga
341 561 138 28 finanslagen,
503 561 54 21 dock
580 562 19 26 ej
623 561 59 21 öfver
700 562 30 20 ett
746 561 50 21 visst
811 560 57 21 maxi

121 602 64 14 mum.
215 595 106 27 Därjämte
344 596 58 20 skola
426 596 72 28 hvarje
522 598 54 18 amts
598 596 112 27 köpstäder
733 596 38 20 och
788 594 90 22 landtdi-

121 630 62 21 strikt
204 630 84 27 erlägga
311 630 31 22 till
361 630 117 27 vägkassan
501 637 26 15 en
551 630 103 27 tredjedel
677 630 22 20 af
720 630 35 21 det
777 630 31 21 till
831 629 48 21 huf-

122 664 197 27 vudlandsvägarna
334 665 6 20 i
356 667 67 18 amtet
437 665 73 27 hvarje
527 664 22 22 är
564 664 104 28 ätgäende
685 664 87 28 belopp;
784 663 54 22 dock
849 665 30 19 att

122 699 60 21 häraf
203 698 68 28 aldrig
294 698 39 22 kan
352 699 82 21 fordras
449 706 59 14 mera
524 701 25 19 än
566 701 30 19 ett
611 699 7 20 i
634 699 34 27 lag
683 705 37 21 per
735 698 23 22 år
773 697 105 22 bestämdt

121 733 82 28 belopp.
241 733 143 27 —Köpstäderna
400 733 100 28 slutligen
517 734 71 20 lämna
610 733 62 21 äfven
689 735 29 19 ett
733 732 98 22 särskildt
847 732 32 20 bi-

123 768 51 26 drag
190 767 31 21 till
237 774 76 20 genom
329 768 108 21 desamma
448 768 92 27 löpande
550 770 66 24 gator,
627 768 71 20 hvilka
713 769 75 25 utgöra
803 773 27 15 en
845 766 35 21 del

121 802 23 20 af
158 802 241 27 hufvudlandsvägarna.

191 836 33 21 De
247 836 81 21 mindre
350 836 165 27 landsvägarnas
531 836 129 28 anläggning
678 836 39 21 och
732 834 111 22 underhäll
859 836 22 19 är

122 870 47 21 icke
191 872 60 19 stats-
267 872 50 19 utan
339 870 281 28 kommunalangelägenhet
641 870 33 20 för
696 870 72 27 hvarje
783 868 99 22 särskildt

124 906 53 20 amts
201 904 110 28 köpstäder
332 905 39 21 och
391 904 149 22 landtdistrikt.
571 904 101 22 Arbetets
695 904 110 21 utförande
821 902 61 27 skall,

124 939 26 27 pä
165 945 80 15 samma
261 941 41 19 sätt
317 946 43 14 som
378 939 34 21 vid
431 939 244 27 hufvudlandsvägarna,
693 939 37 21 ske
753 945 76 21 genom
845 944 38 14 en-

124 974 207 26 treprenadauktion.
367 974 81 20 Endast
473 976 39 18 när
537 973 57 21 detta
619 976 65 18 stöter
706 973 26 27 pä
747 973 135 27 svärigheter,

126 1008 37 20 bör
188 1008 35 20 det
245 1008 92 27 besörjas
359 1008 21 20 in
404 1010 75 19 natura
502 1008 21 21 af
544 1008 154 27 jordbrukarne
721 1008 6 20 i
743 1008 65 20 amtet
829 1006 54 22 efter

125 1042 111 20 enahanda
251 1042 130 21 föreskrifter
396 1049 45 14 som
457 1042 57 27 gälla
530 1042 89 21 rörande
643 1042 238 26 hufvudlandsvägarna

126 1076 123 27 Utgifterna
263 1076 91 21 fördelas
369 1076 91 21 emellan
477 1076 142 28 köpstäderna
634 1076 40 21 och
689 1075 170 22 landtdistrikten
876 1074 8 20 i

126 1110 131 21 förhällande
278 1110 32 21 till
333 1111 127 21 hartkornet.
493 1110 142 22 Föreskrifvet
659 1113 23 18 är
703 1110 53 22 dock
772 1112 29 19 ett
816 1108 68 22 maxi-

127 1151 58 14 mum
212 1144 33 21 för
271 1145 36 21 det
333 1145 82 27 belopp,
445 1152 45 14 som
518 1152 36 21 per
581 1148 69 18 tunna
679 1145 98 21 hartkorn
804 1144 80 26 ärligen

126 1179 35 20 mä
177 1181 103 25 upptagas
303 1179 32 21 till
357 1180 114 26 utgifterna
487 1180 33 20 för
536 1179 26 21 de
578 1180 82 20 mindre
676 1180 38 20 och
730 1178 153 21 hufvudlands-

127 1215 92 25 vägarna
235 1213 144 21 tillsammans.
409 1213 41 21 Det
466 1214 82 27 äligger
563 1214 107 20 dessutom
691 1214 72 26 hvarje
778 1215 56 19 amts
852 1212 33 20 sä-

127 1247 33 21 väl
177 1247 112 27 köpstäder
311 1254 44 14 som
377 1248 145 21 landtdistrikt
538 1250 30 19 att
583 1247 87 22 bekosta
686 1248 74 27 nödigt
774 1246 112 22 iständsät-

127 1280 64 22 tande
213 1282 39 20 och
275 1282 61 27 ärligt
353 1282 110 21 underhäll
480 1282 23 21 af
518 1289 76 20 genom
615 1284 64 19 amtet
700 1282 89 27 löpande
810 1280 77 28 gamla,

127 1318 58 18 ännu
201 1316 18 27 ej
237 1316 197 26 grundförbättrade
449 1317 84 21 mindre
549 1316 131 27 landsvägar,
691 1316 89 21 sälunda
790 1317 30 19 att
831 1314 56 20 vissa

130 1350 129 28 betydligare
275 1351 84 20 arbeten
377 1350 97 22 bekostas
491 1351 21 21 af
527 1350 70 22 därtill
615 1350 97 27 skyldiga
728 1348 160 29 köpstadskom-

128 1390 77 15 muner
227 1384 39 21 och
290 1391 25 14 ur
335 1387 81 18 amtens
432 1384 71 21 därtill
519 1384 87 22 afsedda
620 1384 51 21 fond
687 1386 54 19 samt
763 1384 35 21 det
820 1382 68 27 öfriga

128 1418 82 22 arbetet
232 1419 79 21 utföres
333 1419 21 20 in
379 1421 74 19 natura
475 1419 23 20 af
521 1419 70 21 därtill
613 1418 88 28 pliktiga
726 1416 161 23 hartkornsbru-

129 1453 50 20 kare
202 1452 54 22 efter
279 1453 25 21 de
319 1453 108 21 faststälda
450 1454 188 26 vägdelningarna,
656 1452 70 21 hvilka
747 1452 72 20 kunna
847 1450 42 21 för-

200 1498 47 22 Lag-
260 1498 33 18 och
305 1498 185 18 Ekonomiutskottets
500 1498 112 18 betänkande
624 1498 38 17 N:o
675 1498 17 17 4.
