1095 1739
448 129 43 22 N:o
504 130 12 21 5
806 130 24 20 11

174 197 152 22 Beträffande
340 197 147 29 anläggning
501 197 27 22 af
536 198 123 28 spängväg
669 197 74 28 gäller
753 197 63 22 hvad
826 197 35 21 of-

105 239 48 14 van
168 239 37 14 om
220 232 145 29 anläggning
380 232 27 21 af
420 231 115 30 landsväg
551 235 26 18 är
591 231 118 29 stadgadt.

462 297 12 19 3
490 296 21 26 8.

175 335 104 28 Uppstär
294 335 68 29 fråga
380 342 36 14 om
434 335 146 29 anläggning
598 335 26 21 af
640 342 32 21 ny
691 338 53 25 väg,
756 335 29 21 dä
802 333 61 22 skall

107 369 86 28 derom,
216 369 53 22 ifall
291 369 121 22 Guvernör
430 369 21 28 ej
467 369 56 28 sjelf
537 369 71 22 väckt
623 369 91 28 frägan,
731 369 132 28 ansökning

107 407 69 24 göras
198 403 43 22 hos
263 403 159 27 Guvernören,
445 411 49 14 som
516 403 61 22 låter
596 404 14 21 &
628 403 235 22 kommunalstämma

107 438 59 21 höra
187 438 175 22 vederbörande
378 438 282 29 vägbyggnadsskyldige
676 441 67 24 samt,
759 438 41 21 der
816 445 47 13 om-

107 472 193 29 ständigheterna
315 473 84 21 sädant
414 473 100 28 päkalla,
530 472 118 22 meddelar
658 471 157 22 förordnande
826 471 38 22 för

107 507 222 28 distriktsingeniör,
345 507 156 21 landtmätare
512 507 56 21 eller
579 514 78 14 annan
667 506 105 22 tekniskt
783 506 81 21 bildad

108 548 85 21 person
207 543 36 20 att
258 541 21 28 ej
294 541 90 22 mindre
400 541 137 28 undersöka,
553 542 95 21 utstaka
663 541 44 22 och
723 541 13 21 ä
751 541 67 21 karta
829 541 35 20 af-

109 577 61 20 fatta
185 575 148 30 lämpligaste
348 576 167 28 sträckningen
529 577 38 20 för
583 576 45 21 den
644 575 133 29 föreslagna
788 579 76 24 vägen

109 610 51 28 och,
176 610 9 21 i
200 610 67 29 fråga
283 617 36 15 om
336 610 120 29 landsväg,
469 611 88 28 jemväl
575 613 111 26 upprätta
708 610 67 29 profil
798 611 66 20 öfver

110 645 46 21 den
185 645 124 21 utstakade
333 645 75 28 linjen
430 649 30 17 än
484 645 43 22 ock
547 649 106 24 uppgöra
673 645 26 21 af
717 645 87 28 nödiga
823 644 41 21 rit-

109 679 85 29 ningar
210 679 44 22 och
269 680 27 21 af
309 679 195 29 planteckningar
520 679 85 28 ätföljd
620 679 244 28 kostnadsberäkning

110 713 38 22 för
170 713 148 29 vägarbetets
340 714 127 21 utförande
484 714 73 29 jemte
577 713 152 29 erforderliga
751 713 114 29 brobygg-

110 748 73 21 nader
198 748 120 21 äfvensom
334 748 87 21 föreslä
436 748 37 21 för
489 752 87 25 vägens
593 747 124 30 byggande
729 749 42 20 och
782 747 83 22 under-

110 782 50 21 häll
184 782 150 29 nödvändiga
358 790 72 21 grus-,
455 783 74 27 sand-,
556 785 60 19 sten-
641 782 44 21 och
707 782 158 29 lertägtsplat-

112 825 43 14 ser.
185 817 50 21 Har
258 825 77 14 annan
355 821 30 18 än
408 817 215 29 distriktsingeniör
644 817 115 22 verkstält
781 817 84 20 under-

112 851 137 28 sökningen,
265 851 60 22 skall
338 851 88 28 jemväl
442 851 45 22 den
503 851 155 22 sistnämndes
673 851 111 29 yttrande
799 851 66 21 öfver

112 886 113 28 förslaget
240 886 44 21 och
299 886 302 29 kostnadsberäkningarna
615 886 122 27 inhemtas,
747 885 119 22 hvarefter

111 921 154 21 Guvernören
283 921 155 22 öfverlemnar
460 921 96 22 ärendet
574 921 37 22 till
630 921 176 28 undersökning
826 920 39 21 vid

111 959 79 18 ortens
209 955 141 22 Häradsrätt
366 956 50 28 och,
432 955 71 22 sedan
519 956 52 22 dess
587 955 148 22 betänkande
750 955 115 28 afgifvits,

112 989 119 22 meddelar
259 990 77 28 utslag
361 990 8 21 i
395 990 78 21 saken.
501 991 77 21 Anser
607 990 152 22 Guvernören
784 988 82 22 dervid

112 1026 37 19 att
170 1024 117 28 särskildt,
310 1025 53 21 med
386 1024 145 29 betydligare
550 1025 101 21 kostnad
669 1024 109 22 förenadt
794 1024 72 28 bygg-

112 1059 108 21 nadssätt
235 1059 60 21 skall
310 1059 124 28 tillämpas,
450 1059 57 22 eller
522 1059 75 22 finner
612 1059 122 22 Guvernör
749 1058 26 21 af
789 1065 77 14 annan

112 1093 70 21 orsak
197 1093 127 21 understöd
340 1094 26 20 af
380 1093 135 21 statsmedel
531 1101 56 13 vara
598 1094 36 20 för
644 1092 222 29 väganläggningen

112 1127 129 28 päkalladt,
258 1127 41 21 bör
317 1127 103 29 utslaget
441 1128 136 21 hemställas
597 1128 112 21 Senatens
727 1127 139 21 Ekonomie-

112 1161 168 29 departement,
301 1169 48 14 som
365 1162 40 21 vid
421 1162 108 21 ärendets
545 1162 95 29 slutliga
655 1162 112 28 pröfning
780 1160 87 30 jemväl

113 1196 140 21 bestämmer
267 1204 38 14 om
320 1196 43 22 och
378 1196 91 22 hvilket
485 1196 84 28 bidrag
581 1196 25 22 af
616 1196 118 22 allmänna
745 1196 75 21 medel
831 1195 37 21 mä

114 1230 37 21 för
166 1230 133 22 ändamälet
313 1230 109 29 ätnjutas.

182 1264 130 22 Enahanda
332 1265 101 29 ordning
448 1265 60 22 skall
524 1265 8 21 i
547 1265 141 29 tillämpliga
704 1265 64 21 delar
782 1264 86 22 iaktta-

112 1306 44 21 gas
174 1299 41 21 vid
233 1300 179 28 handläggning
430 1300 27 21 af
471 1300 80 28 frägor
567 1308 36 13 om
619 1300 142 28 indragning
776 1299 26 21 af
815 1302 53 25 väg,

114 1333 154 29 omläggning
286 1334 26 21 af
330 1334 86 28 backig
432 1334 56 22 eller
503 1334 68 29 eljest
586 1334 37 22 för
637 1334 103 21 rörelsen
755 1334 113 28 obegväm

114 1371 46 25 väg
182 1370 61 19 samt
265 1368 137 29 förändring
424 1369 27 21 af
471 1369 115 29 landsväg
609 1369 36 21 till
668 1368 66 28 dylik
755 1372 47 24 väg
816 1367 54 22 med

115 1402 136 22 kostbarare
273 1403 179 29 öfverbyggnad
475 1404 122 21 äfvensom
620 1404 27 20 af
667 1403 73 21 redan
762 1402 107 28 befintlig

113 1437 86 29 farväg
209 1437 37 21 till
257 1438 114 28 landsväg
386 1438 57 21 eller
459 1438 84 28 byväg.
