1089 1700
115 232 37 22 68.

110 335 51 22 Nytt.

113 739 38 22 78

111 1295 54 22 Nytt.

210 124 28 20 24
452 124 21 22 U.
490 124 21 22 B.
527 137 28 3 —
571 124 61 28 Prop.
649 124 34 23 N:o
699 124 22 23 6.

563 188 13 21 6
591 189 20 26 8.

281 226 64 22 Gode
370 230 100 19 männen
495 228 74 29 väljas
594 228 37 22 till
654 228 64 21 antal
740 227 27 22 af
783 227 71 21 minst
874 234 39 14 sex
928 226 39 22 för

212 260 80 29 hvarje
307 261 177 22 landskommun
500 263 14 21 å
529 262 87 22 allmän
635 262 233 22 kommunalstämma
883 261 37 21 för
936 268 30 14 en

211 295 35 21 tid
262 295 26 21 af
302 298 34 19 tre
352 296 32 21 år.
413 296 67 22 Dock
495 297 66 28 skall,
577 297 72 21 sedan
665 299 34 19 ett
715 297 24 21 år
754 296 91 22 förlidit
856 296 60 21 efter
926 296 40 21 det

211 329 28 21 de
262 330 59 21 först
342 330 68 22 valde
433 332 36 20 sin
492 331 135 29 befattning
642 331 107 27 tillträdt,
766 338 29 14 en
811 330 113 28 tredjedel
939 329 28 22 af

211 363 52 22 dem
286 364 43 22 och
352 365 60 21 efter
425 366 136 28 ytterligare
577 368 34 19 ett
626 366 37 21 års
679 365 92 29 förlopp
787 364 92 22 hälften
894 364 26 21 af
934 364 28 21 de

211 398 146 22 återstående
379 400 61 21 efter
461 400 103 28 lottning
587 400 55 29 afgå
665 402 59 20 samt
743 401 54 27 nytt
812 399 38 21 val
866 398 26 22 af
905 398 60 30 gode

211 437 54 18 män
280 434 35 21 uti
330 434 28 21 de
374 435 126 28 afgåendes
515 435 68 22 ställe
599 436 37 20 för
651 435 103 29 följande
764 437 35 19 tre
811 435 25 20 år
846 435 117 20 förrättas.

280 469 11 21 I
306 469 38 22 val
362 469 27 22 af
402 470 60 28 gode
476 473 54 18 män
546 470 94 29 deltaga
655 470 34 27 de,
706 477 48 14 som
771 473 39 18 äro
826 469 36 21 för
878 469 8 21 i
901 476 64 14 man-

210 503 34 21 tal
260 505 46 20 satt
318 503 54 29 jord
387 504 200 29 röstberättigade,
604 504 43 22 och
661 504 143 22 tillkommer
818 504 89 21 enhvar
917 503 47 21 väl-

208 537 51 29 jare
275 545 29 14 en
318 541 55 18 röst.

280 572 65 22 Gode
364 577 54 17 män
437 573 37 22 till
494 574 91 21 biträde
605 574 40 21 vid
665 573 143 29 förrättning
822 573 63 21 inom
901 572 64 22 stads

210 607 93 21 område
317 609 64 20 utses
396 608 26 21 af
436 608 157 28 magistraten.

562 695 48 26 78.

279 734 100 21 Utöfver
401 734 62 22 hvad
484 735 9 21 i
516 735 11 20 1
551 736 12 26 $
579 737 64 25 sagts
658 734 62 28 gälle
735 741 38 14 om
788 733 123 22 valbarhet
926 733 37 21 till

209 768 47 28 god
271 775 53 14 man
344 768 62 22 hvad
421 769 8 21 i
444 769 67 29 fräga
533 776 37 14 om
593 768 241 22 häradsnämndeman
850 768 113 28 stadgats.

279 802 57 28 Den,
352 810 49 14 som
417 803 80 22 blifvit
511 804 38 20 till
563 803 46 29 god
625 810 53 14 man
693 802 90 28 utsedd,
795 803 37 21 mä
843 802 20 28 ej
874 802 88 22 undan-

209 836 73 29 draga
298 838 35 28 sig
348 838 97 28 sysslan,
462 838 39 22 der
516 838 47 21 han
574 838 20 28 ej
606 838 72 21 redan
688 840 35 19 tre
734 838 26 20 är
770 836 108 22 innehaft
890 836 70 22 sädan

210 871 134 29 befattning
366 872 56 22 eller
443 873 100 28 uppnätt
568 872 74 21 sextio
659 872 36 21 ärs
711 872 65 21 älder
791 871 56 21 eller
862 871 46 21 kan
924 870 39 22 för

208 906 42 21 silt
266 906 121 22 befriande
403 907 83 21 anföra
499 908 73 20 annat
587 907 87 28 vigtigt
690 906 57 28 skäl,
759 913 49 14 som
818 905 145 22 kommunal-

208 942 115 20 stämman
338 941 56 21 eller
409 942 152 28 magistraten
575 941 142 29 godkänner.

559 1027 15 21 8
589 1028 19 26 8.

278 1066 52 22 God
352 1074 54 14 man
429 1067 89 29 aflägge
533 1066 64 22 inför
612 1066 99 22 domstol
727 1066 28 21 ed
771 1067 35 20 att
820 1066 60 21 efter
896 1066 68 21 bästa

208 1100 106 22 förstånd
337 1101 44 21 och
404 1103 101 19 samvete
527 1101 108 28 uppfylla
659 1101 44 21 den
721 1100 85 22 honom
823 1100 141 28 uppdragna

207 1134 135 30 befattning
365 1135 43 22 och
430 1135 51 22 icke
504 1135 81 22 dervid
605 1135 150 29 uppsåtligen
773 1138 57 25 göra
848 1137 61 19 orätt
925 1134 36 22 för

207 1169 63 22 kvad
286 1170 68 21 orsak
369 1169 56 22 eller
439 1170 74 21 under
527 1169 63 22 hvad
605 1170 57 21 sken
679 1169 39 22 det
733 1176 56 15 vara
806 1169 42 22 mä.

560 1251 47 26 98.

276 1290 47 22 Vid
345 1290 144 29 förrättning
511 1291 37 21 må
569 1290 47 29 god
639 1298 54 14 man
708 1290 71 22 äfven
795 1290 52 20 från
863 1293 99 25 angrän-

207 1324 71 21 sande
294 1324 110 22 kommun
420 1325 91 22 anlitas.

276 1358 46 22 Till
345 1366 29 14 en
397 1359 43 21 och
463 1366 87 14 samma
567 1359 144 28 förrättning
727 1359 57 21 böra
800 1358 60 22 helst
876 1366 86 14 samme

205 1392 61 28 gode
288 1396 54 18 män
366 1394 120 21 användas
501 1394 42 21 och
557 1393 62 29 gälle
635 1393 45 28 det,
697 1393 61 21 ändå
774 1395 36 19 att
824 1392 137 22 förrättnin-

204 1433 48 21 gen
267 1426 91 29 fortgår
372 1427 63 21 inom
450 1428 54 20 flere
519 1428 144 21 kommuner.

275 1466 47 23 Lag-
334 1466 31 18 och
377 1466 174 20 ekonomiutskottets
562 1467 110 18 betänkande
684 1467 36 18 N:o
731 1468 18 17 5.
