1095 1748
363 154 22 22 U.
403 154 22 21 B.
442 167 26 3 —
484 153 62 28 Prop.
565 153 34 22 N:o
616 153 20 22 6.
823 154 27 19 29

125 224 97 22 egarene
240 217 38 21 till
296 217 83 22 fördel.
409 217 29 22 89
453 218 13 26 8
481 217 50 21 åter
546 216 130 21 innehåller
696 217 183 27 bestämningen,

125 254 35 19 att
174 251 116 28 lägenhet,
306 259 49 14 som
371 255 26 18 är
412 251 95 22 försedd
523 251 52 21 med
590 251 97 28 lämplig
698 250 181 29 egoanordning,

125 286 82 21 endast
226 285 38 22 till
284 293 27 14 en
331 286 38 21 del
389 285 113 22 behöfver
520 285 109 28 indragas
645 285 8 21 i
668 285 213 28 nyskiftesförrätt-

126 320 63 29 ning.
216 320 146 28 Stadgandet
377 320 8 21 i
399 320 28 21 92
438 320 14 28 8
464 320 108 28 angifver
586 319 28 21 de
625 319 203 28 förutsättningar,
840 325 41 14 un-

127 355 40 20 der
182 354 81 21 hvilka
279 354 86 28 parcell
380 354 53 21 icke
448 357 57 18 utan
520 361 97 21 egarens
628 353 42 22 och
681 352 200 29 inteckningshaf-

127 396 82 14 varens
228 389 119 28 samtycke
367 389 38 20 mä
423 388 110 29 indragas
548 389 9 20 i
572 388 112 28 nyskifte,
700 387 43 22 och
758 388 8 21 i
783 388 28 21 93
826 389 13 25 &
857 390 25 18 är

128 423 177 28 bestämningen
316 423 121 28 angäende
448 423 119 28 delegares
577 426 89 25 vägran
675 424 35 19 att
718 421 164 22 underskrifva

128 457 116 28 protokoll
260 457 66 21 öfver
342 457 83 27 beslut,
440 464 47 14 som
499 457 46 21 han
556 457 112 28 muntligt
678 457 111 28 godkänt,
801 456 26 21 af
835 463 47 14 ma-

128 491 172 29 terielträttslig
315 491 168 21 beskaffenhet.

196 526 38 21 Nu
253 526 121 20 anmärkta
394 526 164 21 förhällanden
578 529 39 18 äro
636 526 89 28 egnade
745 527 34 19 att
793 524 90 30 ytterli-

129 568 54 20 gare
198 560 45 22 öka
258 560 89 22 bristen
363 561 30 28 pä
409 560 202 29 öfverskädlighet
625 560 42 22 hos
677 560 153 28 lagförslaget
841 559 42 21 och

130 595 104 21 försvära
250 594 73 29 enligt
339 594 128 22 utskottets
483 595 71 21 tanke
570 594 51 22 dess
636 594 157 28 inhemtande,
809 596 26 26 ty
847 600 37 15 om

130 629 114 21 utskottet
264 629 42 21 ock
325 629 38 21 väl
383 629 92 27 förstär,
492 632 35 18 att
542 629 8 21 i
565 636 29 14 en
609 629 39 29 lag
664 629 26 21 af
703 628 73 22 sädan
791 628 93 22 omfatt-

131 664 56 28 ning
202 670 48 15 som
266 664 45 20 den
327 663 134 29 föreslagna
473 664 154 27 skifteslagen
639 665 34 19 ett
683 662 202 22 sammanförande

131 698 27 21 af
170 698 128 21 materiella
314 698 42 21 och
372 698 108 20 formella
492 700 134 19 rättssatser
636 697 74 21 under
721 704 87 14 samma
818 704 67 21 para-

131 732 55 28 graf
201 732 51 21 icke
268 732 67 21 alltid
351 732 46 21 kan
413 732 116 21 undvikas
545 732 43 21 och
605 734 34 19 att
654 732 40 20 det
708 732 99 28 mängen
822 732 63 28 gäng

132 770 25 18 är
172 774 28 13 en
216 766 107 21 smaksak
335 773 36 14 om
383 766 88 21 sädana
485 766 90 28 lagrum
586 766 66 21 skola
662 766 92 28 intagas
765 765 71 21 bland
847 764 39 22 det

132 808 42 14 ena
190 800 56 21 eller
261 800 72 21 andra
349 800 76 28 slaget
438 800 26 21 af
474 800 180 28 bestämningar,
666 800 42 21 har
719 800 114 20 utskottet
842 798 44 22 lik-

132 834 38 21 väl
185 834 51 21 icke
252 834 89 21 kunnat
357 834 65 22 finna
437 836 35 19 att
487 834 66 22 dessa
569 834 146 28 synpunkter
730 838 40 17 äro
786 833 100 28 tillämp-

133 868 47 29 liga
200 869 13 21 &
232 868 28 22 de
278 868 71 22 ofvan
372 869 152 28 uppräknade
547 869 79 21 fallen.
656 868 82 29 Enligt
760 868 126 21 utskottets

133 903 93 29 mening
246 903 77 21 tarfva
343 903 81 22 därför
443 911 28 13 en
491 903 46 29 god
557 903 37 22 del
614 903 26 21 af
656 903 205 28 bestämningarna
879 901 9 21 i

133 937 163 29 lagförslagets
319 938 76 28 fjärde
416 937 89 29 kapitel
525 938 163 28 omplacering,
709 945 36 14 om
763 937 66 28 redig
844 936 43 22 och

135 972 51 22 klar
205 972 89 22 inblick
309 973 8 20 i
332 973 29 21 de
379 972 36 22 uti
433 973 72 28 sagda
523 972 89 29 kapitel
631 972 145 21 behandlade
795 971 92 21 skiftes-

133 1006 87 22 former
235 1006 59 21 skall
310 1006 80 22 kunna
405 1007 90 21 vinnas.

201 1041 51 21 Den
271 1041 74 28 tredje
365 1041 278 28 hufvudanmärkningen
658 1040 116 22 utskottet
788 1040 100 28 nödgats

135 1078 55 26 göra
206 1078 48 18 mot
269 1075 44 21 den
328 1076 88 28 nådiga
431 1076 175 28 propositionen
623 1076 83 20 hänför
718 1075 35 28 sig
763 1075 37 21 till
811 1074 77 21 affatt-

135 1110 86 28 ningen
237 1110 25 20 af
276 1110 165 28 lagförslagets
458 1110 106 21 enskilda
579 1110 142 28 paragrafer.
747 1109 45 21 Till
808 1116 28 14 en
851 1108 38 21 del

135 1147 39 18 äro
189 1144 119 28 nämligen
322 1144 169 28 paragraferna
506 1144 9 22 i
530 1144 112 28 förslaget
658 1144 30 28 pä
698 1144 25 21 sä
734 1145 46 19 sätt
791 1142 97 27 skrifna,

136 1180 34 19 att
185 1178 44 21 den
244 1178 129 28 rättsregel,
391 1178 96 22 hvilken
503 1179 8 21 i
527 1178 51 22 dem
591 1178 126 28 uttryckes,
728 1178 51 21 icke
790 1176 99 22 omedel-

138 1212 50 21 bart
203 1212 145 28 framträder,
365 1213 8 20 i
389 1212 40 22 det
444 1215 35 19 att
495 1213 72 28 sagda
579 1213 63 28 regel
654 1212 111 28 antingen
775 1212 114 21 förekom-

136 1254 48 13 mer
199 1247 8 20 i
221 1254 29 13 en
270 1247 183 28 mellanmening
471 1247 56 21 eller
543 1246 73 29 döljes
632 1247 26 21 af
671 1246 144 28 oväsentliga
831 1246 60 21 före-

137 1280 94 22 skrifter
250 1280 56 22 eller
325 1280 70 22 ocksä
411 1281 100 21 afslutar
527 1281 73 21 andra
615 1281 8 21 i
638 1281 140 29 paragrafen
793 1281 98 27 intagna

136 1314 155 22 föreskrifter.
320 1315 12 21 I
347 1315 75 21 andra
437 1316 136 28 paragrafer
589 1318 83 26 tynges
688 1314 203 28 framställningen

137 1349 26 21 af
180 1349 175 28 upprepningar
377 1349 45 21 och
440 1350 169 28 hänvisningar
628 1350 36 20 till
683 1350 73 21 andra
773 1349 91 28 lagrum
883 1348 9 20 i

136 1383 119 28 förslaget.
286 1383 117 29 Slutligen
419 1387 39 18 äro
473 1384 75 21 under
561 1391 86 14 samma
658 1384 112 29 paragraf
779 1390 113 15 samman-

137 1417 67 22 förda
225 1418 181 28 bestämningar,
426 1418 81 21 hvilka
521 1419 52 20 icke
588 1418 71 21 hafva
676 1418 141 21 omedelbart
833 1424 59 14 sam-

137 1451 117 29 manhang
269 1452 52 21 med
337 1452 134 21 hvarandra
486 1453 82 20 medan
585 1453 49 20 äter
648 1452 151 28 stadganden,
811 1451 82 22 hvilka

205 1491 51 24 Lag-
269 1491 34 18 och
315 1492 186 18 ekonomiutskottets
514 1492 116 18 betänkande
642 1491 37 19 N:o
692 1493 17 16 5.
