1095 1742
310 147 28 21 U.
355 147 27 22 B.
398 159 28 3 —
442 146 72 29 Prop.
531 146 43 22 N:o
590 146 22 22 5.
820 144 27 21 93

92 215 161 27 landsbyggden
280 228 26 2 —
333 218 31 19 att
387 216 26 21 de
434 216 137 21 kommunala
592 214 187 28 myndigheternas
808 215 39 25 ytt-

92 250 66 21 rande
179 250 7 20 i
208 250 95 21 ärenden
318 250 23 21 af
353 256 30 15 nu
398 250 160 27 ifrägavarande
574 250 46 26 slag
635 249 125 27 visserligen
775 249 7 20 i
798 248 50 21 flere

92 284 136 21 hänseenden
255 284 53 27 egde
323 287 45 19 stor
384 284 113 27 betydelse,
520 290 48 15 men
584 286 36 24 att,
637 286 50 19 enär
703 284 26 20 de
745 282 103 28 uttryckte

93 318 145 27 majoritetens
266 318 85 28 mening
382 319 59 21 inom
471 319 121 27 respektive
617 318 137 21 kommunala
776 323 72 21 organ,

93 353 40 21 och
155 353 61 21 deras
240 353 56 21 äsikt
310 353 39 21 och
365 353 50 25 skäl,
431 353 70 21 hvilka
516 353 140 27 tilläfventyrs
677 358 52 15 voro
744 351 23 22 af
779 357 68 15 annan

94 387 136 27 uppfattning
246 388 98 26 vanligen
359 388 81 20 erhöllo
455 394 25 15 en
502 388 50 26 föga
575 387 194 21 tillfredsställande
786 386 62 21 fram-

94 421 106 27 ställning,
217 421 149 27 farhägan"
336 417 36 36 för
388 422 120 27 ensidighet
530 422 74 21 härvid
630 421 46 21 icke
697 427 51 15 vore
770 421 78 21 uteslu-

94 458 42 18 ten.
178 456 10 20 I
212 456 76 21 sådant
305 456 99 22 afseende
426 463 51 15 vore
500 457 97 21 däremot
618 456 103 21 domstols
744 454 105 28 protokoll

94 490 120 22 merändels
229 490 23 22 af
267 493 45 19 stor
327 491 107 27 betydelse
445 491 39 21 och
498 492 49 20 dess
558 491 109 21 utlåtande
680 490 97 27 vanligen
788 489 60 21 äfven

95 524 97 27 prägladt
205 524 23 22 af
246 527 68 19 större
329 525 138 27 objektivitet.
496 526 50 20 Med
568 525 81 27 hänsyn
673 524 31 22 till
725 525 63 21 dessa
805 530 44 14 om-

96 560 144 26 ständigheter
257 560 39 21 och
312 560 26 21 då
353 560 39 21 hos
408 560 83 26 menige
510 566 47 15 man
574 559 174 27 föreställningen
765 565 33 15 om
814 558 35 21 be-

96 594 94 26 tydelsen
211 594 23 21 af
254 594 171 22 underdomstols
449 594 108 22 utlåtande
580 594 31 21 uti
633 594 63 20 dessa
711 593 73 27 frågor
799 598 50 16 vore

96 628 80 26 rotfäst,
192 628 38 21 har
246 629 109 21 Utskottet
370 628 60 22 äfven
451 631 60 19 enats
527 636 34 14 om
585 631 31 18 att
638 628 105 21 bibehålla
761 627 90 22 berörda

97 663 123 26 stadgande.

166 698 26 27 $$
216 699 18 25 5,
257 698 18 23 6,
299 699 11 21 7
326 698 38 22 och
381 698 12 21 8
409 700 37 19 äro
468 699 49 21 med
533 698 25 28 88
573 698 19 26 4,
608 698 19 24 5,
643 698 13 20 6
671 698 39 21 och
727 698 11 20 7
754 698 6 20 i
774 695 129 29 nådiga
857 690 20 40 $$
911 695 17 22 5,6,
938 694 56 18 70.8.

97 732 166 27 propositionen,
288 732 95 22 fränsedt
407 733 67 27 några
498 732 153 22 redaktionella
673 732 152 27 förändringar,
843 724 47 28 i($$
899 725 17 31 %
924 724 18 22 5
954 724 39 21 6,0.

97 766 121 22 hufvudsak
241 767 41 21 lika
304 767 96 27 lydande.
430 767 59 21 Dock
511 767 38 21 har
565 767 111 21 Utskottet
690 768 70 19 ansett
775 766 77 26 skäligt
865 754 37 51 i
913 758 55 41 Ean
964 752 18 46 4
986 781 10 17 i

98 800 132 27 föreskrifva,
246 801 36 21 det
296 802 114 26 landsvägs
425 802 67 20 bredd
508 802 6 20 i
529 801 73 27 regeln
618 801 38 21 bör
672 807 50 15 vara
732 801 65 20 minst
806 800 45 28 fem
864 811 52 17 1983
927 810 23 18 k.
963 809 21 18 F.

98 837 67 19 meter
180 836 40 20 och
235 836 78 26 byvägs
329 836 65 20 minst
408 836 53 27 fyra
477 838 71 18 meter.
578 835 141 27 Fullföljande
739 835 111 27 grundsat-
866 840 13 22 g
891 840 10 17 1
913 840 8 17 i
933 838 52 18 1883

99 875 44 20 sen,
159 871 31 20 att
205 870 7 21 i
229 870 149 21 vidsträcktast
393 870 86 27 möjliga
500 870 47 21 mån
564 870 78 21 bereda
657 870 83 21 landets
755 869 96 22 kommu-
870 864 14 38 —
897 868 22 18 X
932 868 22 18 X.

99 910 38 15 ner
153 904 79 21 tillfälle
248 907 32 18 att
294 905 84 26 deltaga
392 905 7 20 i
415 905 155 26 behandlingen
587 905 39 20 oeh
643 904 124 27 afgörandet
781 903 22 22 af
811 899 60 25 frä-$
882 898 19 17 2-
917 897 41 23 kap.
971 897 24 17 25

99 945 39 20 gor
161 939 91 20 rörande
275 939 148 27 vägväsendet,
447 939 38 21 har
505 939 111 21 Utskottet
630 938 7 21 i
652 939 62 26 lagen
736 938 75 27 intagit
826 944 26 14 en

98 972 110 21 föreskrift
230 973 60 21 äfven
313 974 78 25 därom,
410 976 31 18 att
457 975 111 25 guvernör,
584 973 64 21 innan
664 973 41 21 han
721 973 59 26 afgör
794 972 60 27 fråga

99 1013 35 14 om
149 1007 65 27 färjas
228 1008 78 20 storlek
314 1008 38 21 och
363 1007 144 28 beskaffenhet
515 1009 39 20 bör
562 1008 7 21 i
578 1008 64 21 saken
651 1008 54 21 höra
715 1007 138 21 vederböran-

98 1041 266 22 dekommunalstämma.
373 1042 49 22 Med
430 1043 151 21 föranledande
588 1042 22 21 af
614 1043 145 26 stadgandena
766 1042 24 27 i$
798 1042 12 21 8
816 1041 37 21 har

100 1075 110 22 Utskottet
225 1079 71 18 ansett
311 1077 32 26 sig
361 1077 52 21 böra
428 1077 116 25 framhälla,
559 1079 31 19 att
606 1077 35 21 det
653 1077 46 21 icke
709 1076 88 27 undgätt
805 1076 48 21 dess

100 1110 196 27 uppmärksamhet,
312 1113 31 18 att
362 1111 34 21 vid
419 1111 54 21 1882
492 1111 35 21 års
543 1111 102 27 landtdag
659 1111 31 21 uti
706 1111 41 25 det,
762 1111 7 20 i
783 1110 71 21 anled-

100 1145 52 26 ning
167 1144 22 21 af
202 1145 138 26 regeringens
356 1145 133 27 proposition
504 1146 111 26 angäende
630 1145 125 26 förordning
770 1151 34 15 om
820 1146 35 19 vä-

101 1185 48 20 gars
166 1179 39 20 och
221 1179 74 21 broars
316 1179 111 27 byggande
443 1179 38 22 och
497 1180 111 21 underhåll
623 1180 12 21 å
649 1180 72 21 landet
737 1179 82 27 afgifna,
835 1178 22 21 af

101 1213 115 21 ständerna
238 1213 111 27 godkända
364 1214 239 21 utskottsbetänkandet
617 1220 35 15 om
667 1213 121 27 föreslagna
803 1215 52 19 mot-

101 1247 104 21 svarande
231 1248 116 27 stadgande
370 1248 63 21 bland
449 1251 65 18 annat
529 1250 55 25 sägs:
611 1257 31 10 »—
667 1261 17 3 —
707 1261 19 2 —
750 1261 21 2 —
790 1261 23 2 —
830 1260 25 3 —

101 1294 27 3 —
144 1282 127 27 stadgandet
293 1282 56 21 afser
371 1285 31 18 att
417 1283 126 26 möjliggöra
558 1283 99 26 luftdrag,
672 1283 28 26 pä
715 1283 35 21 det
765 1285 92 24 vägarna

101 1316 24 21 sä
147 1316 83 27 mycket
254 1323 86 14 snarare
362 1317 35 20 mä
419 1317 111 26 upptorka,
546 1323 48 15 men
611 1317 26 21 dä
652 1317 26 21 de
694 1319 68 19 större
777 1317 80 24 träden,

101 1350 67 27 enligt
191 1351 115 21 utskottets
321 1351 143 26 förmenande,
475 1351 60 22 icke
529 1346 12 36 i
545 1351 118 21 nämnvärd
674 1351 52 27 grad
737 1351 72 21 härvid
819 1352 38 19 äro

101 1384 125 27 hinderliga,
238 1385 38 21 har
292 1385 61 22 deras
369 1385 152 27 bortrödjande
536 1386 58 21 invid
609 1385 160 27 landsvägarna,
780 1386 27 26 på
815 1386 43 19 sätt

101 1418 7 21 i
123 1419 162 26 propositionen
308 1419 143 26 föreskrifves,
473 1420 46 21 icke
541 1422 81 19 ansetts
638 1419 23 21 af
674 1420 183 27 nödvändigheten

101 1452 116 27 betingadt.
244 1454 42 21 Om
301 1455 172 26 propositionens
488 1454 159 28 ifrågavarande
663 1455 116 26 stadgande
789 1453 70 22 blefve

171 1499 49 22 Lag-
234 1500 32 17 och
278 1500 188 17 Ekonomiutskottets
478 1500 112 18 betänkande
602 1500 37 17 N:o
653 1501 17 17 4.
