1092 1745
443 124 55 22 N:o
514 123 23 22 6

320 447 74 26 Hans
416 447 174 34 Kejserliga
612 447 153 34 Majestäts
784 446 87 34 nådiga

253 494 151 34 proposition
427 495 40 24 till
490 495 109 25 Finlands
621 495 100 25 Ständer
743 503 38 17 om
804 496 66 23 anta-

252 541 75 33 gande
346 541 24 25 at
388 541 40 33 lag
447 540 120 35 angående
585 541 205 26 skiftesväsendet.

183 610 78 22 Under
276 618 28 13 en
319 610 57 28 följd
392 609 26 22 af
435 611 25 20 år
475 610 41 21 har
531 618 27 13 en
577 611 99 21 revision
692 610 25 21 af
730 609 141 29 lagstiftnin-

115 653 45 20 gen
178 645 118 28 angående
318 644 192 22 skiftesväsendet
526 645 7 21 i
548 645 97 21 Finland
665 645 114 21 framstått
798 645 74 20 såsom

116 680 119 21 önskvärd.
266 679 74 21 Sedan
363 679 52 21 med
438 679 125 28 anledning
585 679 68 21 häraf
665 687 28 13 en
712 679 43 21 den
770 679 27 20 21
814 679 58 28 april

117 714 56 21 1884
189 714 83 21 tillsatt
286 713 87 22 komité
388 714 34 21 uti
439 713 123 22 aflemnadt
577 713 143 22 betänkande
735 713 100 28 angifvit
845 713 28 22 de

116 749 115 21 allmänna
246 748 120 28 principer,
383 755 48 14 som
446 748 71 21 borde
532 748 67 29 följas
612 748 38 22 vid
661 748 178 28 genomförande
851 747 25 22 af

116 783 86 28 nödiga
217 782 107 22 reformer
340 783 29 28 på
384 783 174 28 ifrågavarande
574 783 155 28 rättsområde,
741 785 58 19 samt
813 783 60 27 Lag-

116 817 155 39 beredningen
288 818 73 27 enligt
377 817 106 29 uppdrag
498 817 115 22 utarbetat
628 817 87 28 förslag
730 817 36 21 till
781 825 33 20 ny
824 817 49 28 lag-

117 851 108 29 stiftning
240 852 8 21 i
264 855 82 24 ämnet,
363 852 41 21 har
419 852 64 21 Hans
498 852 130 28 Kejserliga
643 851 112 34 Majestät,
767 851 57 22 efter
835 851 38 21 det

116 887 90 21 landets
221 887 118 21 Hofrätter
355 887 43 20 och
409 886 145 22 Guvernörer
565 886 115 21 äfvensom
693 881 181 34 Öfverstyrelsen

117 921 35 22 för
167 921 175 28 landtmäteriet,
358 921 180 28 Forststyrelsen
556 921 42 21 och
613 921 260 28 Landtbruksstyrelsen

118 955 93 28 afgifvit
226 939 134 38 utlåtanden
376 955 65 22 öfver
456 955 95 22 berörda
566 955 132 28 lagförslag,
710 955 51 21 låtit
771 958 104 25 uppgöra

117 990 86 28 förslag
221 991 36 20 till
280 991 70 27 nådig
373 990 266 28 landtdagsproposition
655 997 37 14 om
708 989 128 29 antagande
852 989 25 22 af

118 1025 38 28 lag
172 1025 118 28 angående
306 1024 198 22 skiftesväsendet.

186 1059 35 21 De
237 1059 61 21 delar
314 1058 23 22 af
355 1058 266 29 skifteslagstiftningen,
637 1066 48 14 som
701 1061 101 18 närmast
817 1058 59 21 varit

118 1094 8 21 i
141 1093 69 22 behof
226 1093 25 21 af
263 1093 106 28 revision,
387 1093 96 21 hänföra
494 1093 36 28 sig
541 1093 35 21 till
587 1093 80 28 frågan
679 1101 35 14 om
725 1092 151 22 befordrande

119 1127 25 22 af
157 1127 223 28 skiftesregleringar
395 1127 6 21 i
419 1127 85 22 sådana
527 1127 126 28 skifteslag,
673 1127 89 22 hvilkas
778 1127 98 28 tidigare

119 1163 122 27 olämpligt
263 1162 80 21 delade
363 1169 55 21 egor
435 1162 83 21 bereda
541 1162 140 28 svårigheter
696 1161 35 22 för
745 1161 132 22 införandet

120 1197 43 21 och
186 1197 178 28 tillämpningen
380 1196 26 21 af
419 1204 80 13 senare
522 1197 68 21 tiders
613 1196 109 28 framsteg
737 1197 7 20 i
757 1195 119 29 jordbruk,

120 1233 58 19 samt
200 1231 36 21 till
260 1231 135 28 spörsmålet
418 1238 37 14 om
479 1231 200 28 åvägabringande
697 1230 24 21 af
742 1238 25 13 en
793 1229 84 29 skynd-

120 1273 109 14 sammare
245 1266 42 21 och
306 1273 60 14 mera
386 1265 88 22 erfaren
490 1265 107 28 pröfning
613 1265 25 21 af
651 1265 27 21 de
694 1265 38 21 vid
749 1264 128 29 egoskiften

121 1299 142 29 uppstående
278 1299 148 28 tvistigheter
441 1302 28 18 än
486 1299 35 21 för
536 1299 140 22 närvarande
691 1299 19 28 ej
727 1299 72 21 sällan
815 1299 63 21 kom-

120 1341 48 14 mer
184 1334 84 21 sådana
284 1333 148 28 stridigheter
448 1334 37 21 till
502 1334 41 21 del.

188 1368 12 21 I
215 1368 150 21 betraktande
388 1368 64 21 deraf
474 1371 35 19 att
526 1368 93 28 jordens
641 1368 110 28 lämpliga
767 1375 112 14 samman-

122 1403 114 28 dragning
255 1403 42 21 och
316 1403 96 28 delning
426 1406 71 25 utgör
518 1404 77 27 något,
611 1403 80 22 hvaraf
706 1403 19 28 ej
741 1405 88 18 ensamt
844 1402 34 27 de,

120 1437 79 22 hvilka
214 1437 70 22 saken
299 1440 101 19 närmast
416 1439 78 27 angår,
510 1441 55 18 utan
581 1437 119 22 samhället
715 1437 8 21 i
738 1437 50 21 dess
801 1436 79 22 helhet
