1095 1745
237 162 27 20 14
471 162 27 23 U.
515 163 26 21 B.
560 175 26 2 —
603 162 72 29 Prop.
693 163 41 22 N:o
750 162 21 21 1.

235 229 74 22 hället
323 230 8 21 i
348 230 50 21 dess
414 230 85 27 helhet,
516 238 37 14 om
569 231 44 21 den
630 234 29 18 än
675 234 26 18 är
716 230 90 22 mindre
821 230 8 21 i
845 233 90 26 ögonen
950 230 43 21 fal-

235 263 40 22 len
297 264 43 22 och
363 264 35 21 för
421 264 44 22 den
480 265 76 28 ytliga
572 265 156 21 betraktelsen
744 265 46 21 kan
806 264 96 22 framstå
917 265 74 21 säsom

235 298 91 21 mindre
340 299 105 28 lysande.

307 333 155 28 Naturligtvis
477 333 47 22 kan
539 334 71 27 ingen
625 337 57 24 göra
701 333 101 29 anspråk
813 333 30 28 på
859 335 35 20 att
909 333 7 21 i
928 332 65 22 detta

237 367 108 21 afseende
367 367 119 29 förutsäga
509 368 115 28 följderna
647 368 26 21 af
693 368 125 28 ändringar
838 367 26 22 af
876 367 116 29 ifrågava-

235 401 74 22 rande
324 401 164 22 beskaffenhet.
512 402 53 21 Men
582 402 140 29 farhågorna
738 402 79 21 kunna
832 401 52 22 icke
900 401 90 22 afvisas.

237 435 49 21 Och
301 435 8 21 i
323 435 80 29 hvarje
419 436 41 21 fall
475 444 69 20 synes
560 436 39 21 det
614 444 55 13 vara
685 437 88 28 vågadt
788 436 26 22 af
826 438 35 19 ett
875 436 53 21 litet
941 435 50 22 folk

236 476 49 15 som
301 470 39 21 det
355 470 75 22 finska
446 473 33 19 att
496 470 95 28 vidtaga
607 478 27 14 en
650 470 83 22 reform
750 470 26 22 af
788 471 26 21 så
825 470 66 28 långt
902 470 89 28 gående

237 504 119 28 betydelse
378 512 47 14 som
450 505 44 21 den
517 504 26 22 af
561 504 115 22 utskottet
693 505 139 28 föreslagna,
849 504 29 22 då
893 504 28 22 de
936 504 56 27 folk,

236 545 48 15 som
300 539 30 28 gå
352 539 8 21 i
380 541 90 26 spetsen
487 538 36 22 för
538 539 171 28 utvecklingen,
726 540 82 20 tvekat
824 542 34 18 att
873 542 56 25 göra
944 538 44 22 det.

235 572 47 22 Det
305 573 76 21 kunde
403 573 83 27 hända,
512 576 35 18 att
570 574 135 28 yrkandena
728 574 29 28 på
779 574 142 28 qvinnornas
944 573 47 21 del-

236 607 101 29 tagande
360 608 8 20 i
390 608 40 21 det
452 608 109 28 politiska
577 608 67 21 lifvet
659 608 61 22 inom
738 616 28 13 en
782 608 51 21 icke
849 608 25 21 så
890 607 100 29 aflägsen

236 641 94 22 framtid
352 642 65 21 skola
440 643 49 21 visa
512 642 36 28 sig
572 642 69 22 hafva
665 643 75 21 berott
760 643 28 27 på
811 642 102 28 misstag.
943 642 48 28 Jag

236 676 46 21 kan
305 676 147 29 följaktligen
468 677 50 21 icke
536 677 88 21 biträda
640 677 111 28 förslaget
768 684 36 14 om
822 677 44 21 den
882 676 109 29 politiska

236 713 136 19 rösträttens
388 711 164 21 utsträckande
568 711 68 21 äfven
653 711 35 21 till
705 711 105 28 qvinnor.

308 745 46 21 För
374 745 43 21 den
441 745 109 21 händelse
567 748 34 18 att
616 745 169 21 ofvananförda
803 745 149 29 grundsatser
967 745 27 21 af

236 779 124 21 ständerna
376 779 141 29 godkändes,
533 780 36 21 får
581 780 41 28 jag
639 780 117 22 vördsamt
771 780 123 21 hemställa

442 860 30 19 att
499 859 138 20 betänkandet
661 859 65 27 blefve
754 859 33 20 till
813 859 97 20 utskottet
932 858 56 21 äter-

373 893 131 20 remitteradt
527 893 49 21 med
601 893 109 21 anmodan
734 895 33 19 att
784 893 107 21 omarbeta
909 892 78 28 lagför-

372 927 66 27 slaget
461 927 30 28 på
511 927 135 28 grundvalen
663 928 28 27 af
705 928 94 27 följande
818 927 171 27 bestämningar:

442 997 20 26 a)
485 997 13 20 I
513 997 53 26 stad,
584 1003 46 14 som
648 997 65 27 enligt
732 997 107 20 utskottets
850 996 80 27 förslag
944 1003 46 20 eger

373 1031 56 26 välja
450 1031 50 27 flere
517 1033 30 18 än
565 1038 26 13 en
609 1033 151 26 representant,
778 1033 57 18 utses
854 1030 82 28 hälften
951 1037 37 20 ge-

372 1071 51 14 nom
447 1065 112 21 allmänna
582 1066 36 20 val
635 1066 37 20 och
689 1066 71 20 andra
778 1065 81 28 hilften
877 1065 28 27 af
918 1065 69 20 stads-

372 1099 139 28 fullmäktige.
548 1099 50 21 Kan
626 1100 80 21 antalet
729 1100 20 28 ej
765 1100 69 27 jemnt
852 1099 62 27 delas,
933 1100 56 20 utses

371 1140 76 21 genom
474 1134 111 21 allminna
604 1135 35 20 val
655 1142 26 13 en
701 1142 58 13 mera
778 1136 29 19 än
824 1141 76 21 genom
918 1134 69 20 slads-

372 1168 138 28 fullmäktige.

441 1237 19 27 b)
483 1238 53 20 Stad
553 1238 48 21 med
618 1238 84 20 mindre
719 1240 30 18 än
767 1240 99 18 sextusen
884 1237 105 21 invånare

373 1274 57 18 utser
458 1280 25 13 en
511 1272 163 27 landtdagsman
697 1279 78 21 genom
792 1272 130 21 allmännna
939 1272 48 25 val;

371 1313 50 14 men
442 1306 120 27 derutöfrer
579 1307 56 26 välja
653 1306 192 28 stadsfullmäktige
863 1306 10 20 i
889 1306 100 27 samtliga

372 1340 33 21 till
422 1347 84 14 samma
525 1341 35 20 län
579 1341 92 20 hörande
689 1341 71 20 städer
777 1340 27 28 af
818 1341 56 20 detta
886 1340 46 27 slag
943 1340 44 21 till-

370 1381 112 14 sammans
500 1382 27 13 en
544 1377 145 26 vepresentani
707 1382 35 13 om
755 1375 112 20 städernas
878 1381 111 14 samman-

371 1409 61 27 lagda
460 1409 136 21 invänaretal
620 1409 85 28 uppgår
732 1409 34 21 till
791 1409 91 26 12,000,
901 1408 35 21 två
953 1415 36 14 om

370 1443 33 21 det
420 1443 85 28 uppgår
523 1444 34 20 till
574 1444 84 26 18,000
675 1451 18 14 o.
711 1451 17 14 s.
750 1451 17 14 v.
804 1443 87 21 Finnes
917 1443 9 20 i
952 1443 37 21 län

370 1478 74 21 endast
467 1485 26 14 en
516 1478 49 21 stad
588 1478 49 21 med
662 1478 85 21 mindre
771 1480 29 18 än
826 1478 72 26 6,000
923 1477 64 21 invä-

304 1519 202 23 Grundlagsutskottets
519 1520 110 17 betänkande
642 1521 37 16 N:o
691 1521 15 16 1.
