1092 1698
365 136 22 22 U.
404 136 23 22 B.
442 148 27 4 —
485 136 61 28 Prop.
562 136 35 22 N:o
613 136 21 22 6.
849 136 26 19 49

119 200 48 28 pris
190 198 44 22 och
256 198 158 29 uppförandet
431 198 27 22 af
472 206 47 22 nya
534 199 8 21 i
557 199 66 22 deras
638 198 67 22 ställe
721 206 56 14 vara
791 198 86 22 fördel-

120 233 107 28 aktigare
243 236 30 18 än
288 232 86 22 husens
388 233 120 29 flyttning,
519 233 114 22 beräknas
645 233 161 29 ersättningen
817 233 60 21 efter

120 267 131 22 kostnaden
267 270 35 18 att
316 268 101 28 uppföra
432 275 47 21 nya
493 268 44 21 hus
547 267 52 22 med
610 268 85 28 afdrag
705 268 26 21 af
739 268 40 21 det
790 267 87 29 bjudna

120 302 80 29 priset.
231 300 48 23 Äro
302 302 74 22 husen
398 302 26 22 så
440 302 78 28 gamla
534 302 56 22 eller
605 302 55 29 eljes
676 302 150 28 bristfälliga,
842 304 36 20 att

121 336 150 29 ombyggnad
293 336 27 22 af
333 336 52 22 dem
401 336 61 22 ändå
477 337 61 21 varit
553 337 28 21 af
592 336 83 28 nöden,
692 336 70 22 varde
778 336 45 22 den
839 336 38 22 be-

120 370 105 22 räknade
240 370 282 29 utflyttningskostnaden
538 371 101 22 derefter
651 371 102 29 jemkad.

469 446 28 22 50
512 447 20 26 8.

192 485 50 22 Har
264 485 112 29 sakegare
399 485 95 22 erhållit
515 489 74 18 sämre
607 485 88 22 häfdad
708 485 53 29 jord
776 486 9 21 i
800 485 78 23 stället

123 520 38 22 för
176 520 76 21 bättre
268 520 56 21 eller
338 520 133 28 ouppodlad
479 520 53 29 jord
542 520 37 22 för
590 520 75 27 odlad,
675 520 56 22 eller
741 520 42 22 har
793 520 84 22 honom

123 554 56 29 eljes
202 554 106 28 frångått
325 554 99 28 förmån,
440 561 49 15 som
504 554 39 22 vid
559 554 198 29 egograderingen
773 554 44 22 och
832 554 46 22 för-

124 588 127 28 delningen
274 588 50 21 icke
347 588 90 22 kunnat
460 590 67 27 tagas
549 589 8 21 i
576 588 137 29 beräkning,
729 596 56 14 vare
804 589 75 21 berät-

124 622 66 30 tigad
212 624 36 20 att
266 622 26 22 af
308 622 51 28 den,
376 630 48 14 som
440 622 135 30 derigenom
590 623 53 21 haft
658 623 82 28 fördel,
756 623 75 22 undfå
845 630 34 14 er-

123 657 113 28 sättning.
266 657 46 21 För
337 657 109 21 minskad
472 658 137 28 afkastning
633 657 64 21 intill
721 657 52 22 dess
795 657 84 29 jorden

125 692 83 21 hinner
230 691 110 22 försättas
359 692 8 20 i
385 691 109 29 behörigt
512 691 67 22 skick
593 691 61 23 skall
669 692 112 22 likaledes
797 693 83 21 ersätt-

124 727 58 28 ning
197 726 84 28 gifvas.

194 760 167 28 Ersättningen
382 760 127 22 fastställes
525 760 60 22 efter
601 760 229 29 omständigheterna
845 762 35 20 att

124 795 58 29 utgå
197 795 8 21 i
220 795 136 28 penningar,
374 794 78 22 arbete
472 795 56 21 eller
547 794 80 30 gödsel
641 794 63 28 eller,
723 794 34 22 för
777 794 103 28 minskad

124 829 144 29 afkastning,
284 830 8 21 i
308 829 135 30 penningar,
460 829 122 29 spannmål
597 829 60 29 eller,
668 825 71 38 foder.

471 905 28 21 51
515 905 20 27 8.

194 944 50 21 Har
267 945 111 28 sakegare
401 944 106 29 frångått
530 944 57 29 skog
607 944 56 21 eller
682 944 139 29 plantering,
838 943 43 22 och

125 979 43 21 har
183 978 51 22 icke
252 979 78 28 någon
346 979 56 21 eller
418 979 82 21 endast
515 982 74 18 sämre
603 978 58 29 skog
677 978 56 21 eller
748 978 132 29 plantering

125 1013 85 21 honom
213 1009 16 36 i
250 1013 80 22 stället
344 1013 97 28 tillagts,
457 1013 65 28 njute
539 1013 36 21 för
591 1013 87 28 skogen
689 1013 56 21 eller
754 1013 127 28 planterin-

125 1055 46 21 gen
180 1048 131 28 ersättning
326 1047 26 22 af
362 1047 45 22 den
415 1047 57 22 eller
483 1048 58 27 dem,
550 1047 79 22 hvilka
641 1047 67 22 deraf
717 1047 72 22 hafva
799 1047 82 22 fördel.

195 1082 49 28 Lag
260 1089 87 14 samma
355 1089 61 20 vare,
429 1089 35 14 om
476 1082 111 28 sakegare
598 1081 39 22 vid
649 1081 96 29 delning
755 1081 26 22 af
789 1089 92 21 gemen-

125 1123 49 14 sam
190 1116 138 29 skogsmark
344 1116 92 21 erhållit
452 1120 74 17 sämre
542 1116 127 29 ståndskog
685 1119 29 18 än
729 1116 79 21 andra.

195 1151 47 20 Der
265 1151 173 28 ersättningens
460 1150 117 29 gäldande
599 1151 51 20 med
670 1151 129 28 penningar
815 1157 67 14 anses

126 1185 106 22 medföra
254 1185 130 29 olägenhet,
408 1185 47 21 kan
478 1185 111 28 sakegare
612 1185 127 29 berättigas
761 1187 36 19 att
814 1185 13 21 å
843 1192 39 15 an-

126 1219 67 22 visad
208 1220 61 28 plats
284 1219 74 22 under
368 1220 48 21 viss
427 1220 35 21 tid
473 1221 56 27 taga
539 1219 146 29 skogsalster,
695 1219 90 22 hvilkas
796 1219 86 29 mängd

125 1256 100 19 utsättes
240 1255 9 20 i
264 1255 58 21 visst
342 1254 64 21 antal
424 1254 51 29 såg-
492 1254 55 21 eller
563 1253 220 29 byggnadstimmer,
799 1253 84 22 kubik-

126 1290 74 20 meter
215 1289 49 28 ved,
282 1289 108 21 kolmilor
405 1288 56 21 eller
476 1289 31 28 på
522 1291 71 18 annat
609 1290 52 19 sätt.

475 1357 28 22 52
519 1359 20 25 8.

196 1397 47 21 För
258 1397 175 22 bestämmande
449 1398 27 21 af
490 1397 136 28 ersättning,
635 1404 47 15 som
698 1397 9 21 i
721 1397 28 22 50
764 1397 43 21 och
817 1397 28 21 51
855 1397 28 26 $$

127 1433 70 26 sagts,
206 1431 61 21 skall
282 1431 139 28 erforderlig
438 1431 135 29 besigtning
588 1431 143 28 verkställas,
748 1431 43 22 och
801 1431 38 21 mä
847 1431 37 21 för

196 1470 50 23 Lag-
260 1471 34 17 och
311 1471 185 18 ekonomiutskottets
510 1471 114 18 betänkande
636 1471 38 19 N:o
687 1472 18 17 5.
810 1472 10 16 4

931 484 20 18 17
964 484 17 22 8.

933 944 22 17 19
967 943 16 23 &.

934 1081 21 18 78
967 1081 17 22 8.

933 1397 52 22 Nytt.
