1095 1739
345 154 27 22 U.
389 153 25 21 B.
430 165 28 3 —
473 152 73 29 Prop.
561 153 41 22 N:o
619 152 18 22 1.
859 153 10 20 7

115 222 74 21 såsom
206 222 93 27 bekant,
314 222 72 29 väljes
401 222 147 21 uteslutande
564 222 30 28 på
608 221 76 29 grund
695 221 26 21 af
729 221 85 21 allmän
826 220 43 22 och

115 256 48 21 lika
187 258 103 19 rösträtt.
319 256 46 21 Vid
390 256 73 28 sagda
486 256 38 21 val
549 256 94 28 utsågos
666 255 117 29 nemligen
806 255 63 21 inom

116 290 113 21 Sachsens
245 292 27 20 22
288 290 129 22 valkretsar
432 290 146 22 uteslutande
590 289 223 26 socialdemokrater,
825 288 43 22 och

115 324 60 22 dock
190 324 69 29 hyser
274 324 102 22 Sachsen
392 324 62 22 inom
470 325 41 21 sitt
526 324 94 22 område
635 324 86 21 sådana
738 323 131 29 betydande

115 358 84 22 härdar
214 358 36 22 för
265 359 127 28 vetenskap
408 359 44 21 och
467 359 75 27 konst,
558 366 49 14 som
622 358 105 22 Dresden
743 358 42 21 och
801 358 70 28 Leip-

115 393 44 28 zig,
185 393 26 21 af
233 393 80 22 hvilka
338 393 44 21 den
405 393 144 21 sistnämnda
571 396 66 18 orten
660 392 116 22 dessutom
798 396 25 18 är
842 400 28 13 en

115 428 193 28 utomordentligt
330 428 76 28 vigtig
428 428 8 22 i
457 428 53 21 hela
525 428 95 28 Europa
634 427 62 21 känd
713 427 157 29 handelsplats

116 465 59 18 samt
197 462 44 22 den
261 462 69 28 tyska
345 462 159 22 bokhandelns
520 467 110 17 centrum.
661 462 93 21 Sådana
768 461 102 29 exempel

116 496 48 22 visa
186 496 59 22 huru
263 496 162 22 förkrossande
440 497 36 21 för
492 496 183 29 aktningsvärda
690 496 43 22 och
748 496 8 21 i
772 496 99 21 samhäl-

115 530 33 22 let
162 531 132 29 betydande
309 539 101 21 grupper
425 532 129 21 massvalen
571 532 78 21 kunna
664 531 76 22 varda.
764 531 54 21 Man
829 530 42 22 har

116 565 136 29 visserligen
275 569 48 18 mot
345 566 64 21 detta
432 566 114 29 exempels
569 565 128 23 beviskraft
717 565 104 26 invändt,
836 567 35 19 att

115 601 119 28 utgången
258 600 99 22 berodde
379 602 30 27 på
428 608 28 14 en
472 601 162 28 misstämning
649 600 56 21 eller
720 600 70 28 ovilja
806 599 65 22 öfver

117 642 27 14 en
167 635 54 21 kort
243 635 62 21 förut
320 636 8 20 i
344 636 131 21 reaktionär
489 636 106 29 riktning
610 636 120 28 företagen
747 635 100 27 ändring
862 634 9 21 i

116 670 204 29 bestämningarna
341 670 120 29 angående
477 672 68 21 valen
560 672 37 21 till
613 671 44 21 den
673 670 106 22 sachiska
793 669 76 22 landt-

116 703 80 30 dagen.
227 705 83 20 Denna
324 705 146 29 invändning
486 706 45 21 kan
547 706 37 21 väl
600 706 29 28 på
645 705 36 22 sin
696 705 55 28 höjd
766 712 55 14 vara
832 711 38 21 eg-

116 739 45 21 nad
177 742 34 17 att
227 739 139 29 vederlägga
382 741 142 27 påståendet,
542 743 35 18 att
587 740 99 21 flertalet
697 739 25 22 af
730 739 139 22 valmännen

116 773 8 21 i
141 774 171 28 konungariket
330 774 102 21 Sachsen
450 779 38 17 äro
504 775 224 26 socialdemokrater,
744 781 52 14 men
813 774 52 21 icke

115 807 144 28 påståendet,
283 812 34 17 att
340 816 27 14 en
391 809 117 28 majoritet
530 817 83 21 genom
635 809 117 22 allmänna
766 809 37 21 val
822 808 46 21 kan

115 841 109 22 försättas
252 843 7 21 i
276 843 92 21 tillfälle
384 846 34 19 att
433 843 149 29 fullständigt
597 843 155 29 undertrycka
768 843 45 21 alla
829 843 42 20 mi-

115 877 117 22 noriteter.
249 877 43 22 Om
307 878 82 21 sådant
404 878 53 21 sker
464 873 11 39 i
472 879 73 28 följd
554 879 26 21 af
586 878 118 29 tillfälliga
715 878 156 21 misstämnin-

115 918 42 21 gar
179 912 56 21 eller
257 912 58 26 icke,
339 916 25 17 är
383 913 169 28 jemförelsevis
578 913 124 28 likgiltigt;
720 920 42 14 ena
778 913 92 28 gången

115 946 46 21 kan
177 953 28 14 en
221 947 181 28 omständighet,
418 947 45 22 den
480 948 70 21 andra
566 949 92 27 gången
674 955 27 14 en
718 955 77 13 annan
806 947 63 21 vålla

115 981 89 28 utgång
215 981 26 20 af
246 981 155 22 ofvananförd
409 982 165 21 beskaffenhet.
590 983 54 20 Man
652 982 41 21 bör
699 982 43 21 ock
750 981 120 28 ihågkom-

116 1023 43 18 ma,
183 1017 34 19 att
239 1016 39 21 det
297 1016 49 29 just
368 1020 26 17 är
416 1024 124 19 massorna,
564 1024 48 14 som
628 1017 81 21 lättast
725 1016 106 21 influeras
847 1015 29 21 af

115 1049 178 30 tillfälligheter.
322 1051 12 21 I
349 1051 58 28 följd
423 1051 69 22 häraf
504 1052 73 21 måste
592 1051 40 21 det
647 1051 42 22 ock
705 1051 118 21 betraktas
832 1051 36 20 så-

115 1091 49 15 som
181 1085 113 22 beroende
309 1086 30 27 på
354 1085 177 29 tillfälligheter,
548 1093 36 14 om
600 1086 46 21 alla
656 1085 29 22 de
693 1085 177 29 samhällsgrup-

115 1126 46 21 per,
186 1119 79 22 hvilka
287 1120 8 21 i
313 1120 161 29 verkligheten
490 1120 131 25 förefinnas,
637 1120 69 21 också
722 1120 71 21 blifva
808 1119 59 22 före-

115 1153 84 22 trädda
221 1161 82 21 genom
327 1154 117 22 allmänna
468 1155 44 21 val.
551 1155 80 21 Såsom
659 1155 37 20 det
711 1154 158 21 sannolikaste

115 1187 73 22 måste
214 1191 103 26 antagas,
341 1192 35 18 att
390 1189 28 21 de
434 1189 52 21 icke
501 1189 73 22 blifva
589 1189 45 26 det,
650 1189 8 21 i
674 1189 79 28 hvarje
770 1189 49 26 fall,
836 1191 36 18 att

116 1222 28 21 de
165 1222 52 21 icke
232 1223 74 21 blifva
321 1223 133 22 företrädda
469 1223 8 22 i
493 1223 39 22 det
546 1223 149 26 förhållande,
711 1223 8 22 i
734 1223 90 21 hvilket
840 1223 28 20 de

115 1256 120 29 verkligen
259 1257 71 21 hafva
352 1257 119 29 betydelse
494 1258 8 22 i
517 1257 128 23 samhället.
676 1257 49 22 Och
740 1257 39 22 det
793 1257 75 21 finnes

115 1298 28 14 en
165 1291 47 21 viss
235 1292 148 22 sannolikhet
404 1292 36 22 för
455 1295 35 19 att
504 1293 119 28 utgången
639 1292 26 22 af
678 1292 115 22 allmänna
809 1292 39 21 val
864 1291 7 21 i

115 1325 124 22 framtiden
262 1326 60 22 skall
344 1327 101 28 gestalta
467 1328 37 28 sig
526 1331 63 17 ännu
604 1327 136 29 ensidigare.
770 1327 35 28 Ty
831 1326 41 21 der

115 1367 118 15 massorna
255 1361 93 21 komma
368 1361 37 21 till
430 1362 74 28 insigt
519 1362 25 21 af
558 1362 35 21 sin
608 1362 71 27 makt,
695 1362 65 20 skola
776 1362 27 20 de
819 1360 52 22 icke

113 1394 123 22 underlåta
251 1398 35 18 att
301 1399 56 25 göra
372 1395 45 22 den
432 1396 110 28 gällande
557 1396 43 21 och
616 1396 109 21 kännbar.
746 1396 119 21 Massorna

115 1429 65 21 bestå
202 1430 23 20 af
248 1430 130 28 menskliga
400 1430 118 21 väsenden
537 1431 29 28 på
582 1438 86 14 samma
683 1432 46 19 sätt
744 1437 48 14 som
807 1429 64 21 med-

114 1463 127 21 lemmarna
267 1464 27 21 af
316 1464 175 22 absolutistiska
513 1465 140 27 regeringar.
679 1464 48 21 Och
752 1470 119 15 massorna

185 1509 197 23 Grundlagsutskottets
395 1510 111 17 betänkande
519 1510 37 17 N:o
569 1511 15 16 1.
