1098 1745
244 163 29 22 36
480 164 28 22 U.
525 164 28 22 B.
569 177 26 2 —
612 164 74 28 Prop.
702 164 42 22 N:o
760 163 20 22 1.

244 234 89 23 delade.
370 235 49 22 Mot
441 235 66 22 dessa
529 235 89 28 förslag
636 235 43 21 har
697 235 125 27 anmärkts,
842 235 50 22 dels
911 237 35 20 att
964 242 39 21 ge-

243 277 56 14 nom
323 269 116 22 desamma
460 269 114 22 reformen
592 269 91 22 komme
702 272 36 19 att
755 269 111 29 utvidgas
885 269 118 29 betydligt

244 304 93 22 utöfver
360 303 62 22 hvad
448 304 148 29 Regeringen
619 304 127 28 föreslagit,
765 303 49 22 dels
836 306 35 19 att
889 304 41 21 det
946 311 55 14 vore

244 338 50 21 helt
313 338 43 22 och
373 338 73 22 hället
464 338 119 23 stridande
602 340 49 20 mot
670 338 166 28 utvecklingen
850 339 24 21 af
885 339 45 21 den
943 338 58 29 poli-

244 373 64 21 tiska
324 373 274 28 representationsrätten
616 375 36 19 att
670 373 45 22 öka
731 373 270 28 tjänstemannaelemen-

244 409 46 19 tets
308 407 178 29 privilegierade
508 407 120 28 ställning,
647 407 49 21 dels
714 407 44 21 och
775 407 60 21 fram
853 407 35 22 för
906 407 43 22 allt
967 410 35 19 att

243 448 31 15 en
292 441 25 22 sä
335 441 130 29 begränsad
483 441 101 22 revision
603 441 145 22 beträffande
761 441 240 29 sammansättningen

244 476 25 21 af
296 475 40 22 det
354 475 73 22 andra
444 476 93 21 ståndet
556 476 20 28 ej
594 476 78 21 kunde
691 483 67 14 anses
777 475 224 23 tillfredsställande.

314 510 46 22 Det
387 510 197 29 äskädningssätt,
603 518 49 14 som
679 511 8 21 i
714 509 89 23 börden
831 510 114 22 erkänner
972 517 28 15 en

244 545 77 28 grund
348 545 36 22 för
411 545 149 29 själfständig
578 547 47 19 rätt
643 545 37 21 till
698 549 49 18 säte
766 545 43 22 och
828 547 98 20 stämma
944 545 8 21 i
967 552 34 14 re-

244 580 197 28 presentationen,
459 579 80 22 tillhör
565 580 21 28 ej
615 579 45 22 den
678 579 146 22 närvarande
848 579 72 22 tiden.
957 579 41 22 Om

244 613 41 22 det
311 614 98 22 oaktadt
435 615 73 28 nägra
534 614 88 29 förslag
640 614 37 21 till
695 613 146 30 ombildning
860 614 23 21 af
901 614 40 21 det
956 614 44 21 för-

244 651 37 18 sta
308 648 93 22 ständet
425 649 84 21 hittills
536 649 52 21 icke
615 649 147 21 förekommit
788 649 42 21 hos
857 656 43 20 oss,
927 649 73 21 mäste

244 682 40 22 väl
310 683 99 22 orsaken
435 683 80 22 härtill
539 686 103 19 närmast
666 683 68 22 sökas
758 683 8 21 i
788 683 40 21 det
855 682 144 23 förhällande

243 719 37 20 att
315 717 140 23 reformerna
485 718 7 21 i
522 717 74 29 tredje
627 717 43 22 och
700 717 74 30 fjärde
804 717 99 22 stånden
934 719 65 26 synts

243 759 64 14 mera
326 752 137 29 trängande.
498 753 36 20 Då
558 751 172 30 Ridderskapet
757 751 44 22 och
828 751 76 23 Adeln
932 751 68 22 emel-

243 786 71 21 lertid
339 787 51 20 med
414 787 70 21 heder
507 787 55 28 fyllt
585 787 36 21 sin
645 787 61 28 plats
730 787 76 21 såsom
830 789 34 19 ett
882 787 23 21 af
923 785 76 23 landt-

242 820 91 29 dagens
357 821 52 28 fyra
433 821 74 28 stånd,
529 822 31 28 på
586 821 76 28 grund
690 821 23 22 af
740 823 35 20 att
802 821 64 22 inom
892 821 52 21 dess
962 820 37 22 led

243 855 149 29 mångsidiga
410 856 98 21 insikter
526 855 44 22 och
587 855 155 22 framstående
755 855 145 29 egenskaper
911 855 90 22 funnits

243 890 195 28 representerade,
463 890 42 22 har
528 890 63 21 inom
618 890 122 21 Utskottet
766 890 141 28 ifrågasatts,
931 889 70 22 huru-

242 923 58 22 vida
317 924 52 21 icke
387 925 71 28 jämte
470 924 149 29 upptagande
633 924 23 22 af
668 932 48 21 nya
728 924 100 22 element
840 924 8 22 i
860 924 94 22 ståndet
966 924 33 21 äf-

244 965 45 14 ven
307 958 36 22 för
363 958 27 22 de
409 960 30 28 på
457 958 147 22 riddarhuset
623 958 177 22 introducerade
820 961 90 19 ätterna
929 958 72 22 borde

242 992 88 22 införas
359 1000 28 14 en
407 994 30 28 på
454 993 38 22 val
510 993 107 29 grundad
639 994 251 28 representationsrätt,
909 993 92 21 hvilket

243 1026 51 22 icke
318 1035 55 14 vore
399 1028 124 28 oförenligt
547 1027 52 22 med
624 1028 45 21 den
696 1028 126 21 historiska
840 1027 106 29 grunden
965 1027 36 22 för

243 1061 141 28 densamma,
403 1064 58 20 utan
479 1062 94 22 fastmer
592 1062 61 22 blott
670 1062 76 22 skulle
764 1065 84 25 utgöra
864 1069 28 14 en
904 1061 96 22 utveck-

241 1095 53 29 ling
313 1096 71 22 däraf.
420 1097 43 21 Ett
479 1096 115 22 föredöme
613 1097 8 21 i
640 1096 64 22 detta
723 1096 108 22 afseende
850 1096 92 29 erbjöde
961 1096 40 21 det

240 1130 116 29 engelska
375 1131 138 27 öfverhuset,
531 1131 69 22 hvars
620 1131 106 21 skottska
744 1130 44 22 och
806 1130 120 22 irländska
938 1130 63 22 leda-

242 1167 75 19 möter
340 1167 63 19 utses
427 1173 82 21 genom
528 1166 38 21 val
584 1166 64 21 inom
666 1165 66 22 dessa
750 1165 93 22 länders
862 1164 138 30 pairsfamil-

242 1200 41 28 jer.
319 1200 130 28 Angående
476 1200 39 21 det
541 1204 106 18 närmare
671 1200 195 28 genomförandet
886 1199 24 21 af
928 1207 28 13 en
975 1200 26 20 så

242 1234 123 21 beskaffad
383 1234 83 22 reform
485 1242 67 14 anser
570 1234 122 22 Utskottet
710 1234 59 22 dock
788 1234 52 22 med
858 1234 90 28 hänsyn
964 1233 37 22 till

242 1268 85 22 sakens
347 1268 113 22 outredda
477 1269 66 21 skick
562 1268 79 22 vidare
660 1268 122 22 utlåtande
800 1268 36 22 för
854 1268 146 22 närvarande

240 1303 24 28 ej
283 1302 81 21 kunna
381 1303 173 28 ifrågakomma.

311 1337 12 21 I
342 1337 167 29 sammanhang
527 1337 52 22 med
598 1337 40 22 det
655 1345 32 14 nu
706 1337 98 22 anförda
818 1337 47 22 står
878 1339 34 19 ett
924 1337 7 22 i
944 1337 57 22 Bor-

240 1371 154 28 gareståndet
411 1371 41 22 vid
469 1371 158 22 innevarande
639 1371 115 29 landtdag
766 1371 101 29 ingifvet
878 1371 123 29 petitions-

241 1406 121 21 memorial
386 1413 37 14 om
447 1409 34 19 att
505 1407 66 21 Hans
590 1406 131 29 Kejserliga
739 1406 111 29 Majestät
867 1405 56 22 ville
941 1406 60 21 efter

240 1439 124 22 inhämtad
384 1444 103 19 närmare
505 1441 127 28 utredning
650 1441 131 28 framlägga
799 1442 34 19 ett
846 1440 72 29 därpå
930 1447 71 22 grun-

239 1473 61 23 dadt
326 1475 88 28 förslag
442 1475 36 22 till
503 1483 27 14 en
549 1475 235 28 folkrepresentation
803 1475 75 29 enligt
896 1475 105 22 tvåkam-

312 1518 219 23 Grundlagsutskottets
544 1519 120 18 betänkande
677 1519 41 18 N:o
730 1521 15 15 1.
