1098 1742
219 158 32 36 28
452 163 29 22 U.
497 163 29 22 B.
542 175 28 3 —
585 163 75 28 Prop.
676 163 40 23 N:o
733 163 20 22 1.

300 230 49 22 Men
366 230 36 22 det
412 231 116 28 viktigaste
543 231 54 21 felet
612 232 6 20 i
635 231 155 21 betänkandets
804 230 82 29 förslag
896 232 24 20 är
930 231 57 22 dock

232 264 42 27 det,
290 268 33 18 att
337 265 38 21 det
389 267 24 19 är
428 265 113 22 behäftadt
555 265 48 22 med
620 266 27 21 de
662 266 106 21 allmänna
784 265 202 22 missförhällanden

232 299 41 22 och
281 299 135 29 obilligheter
423 307 45 14 som
477 299 74 29 ätfölja
561 299 75 29 hvarje
646 299 244 29 förmögenhetscensus,
898 299 90 22 framför

229 333 39 22 allt
282 336 32 19 att
328 333 30 29 pä
371 334 69 28 grund
456 334 23 21 af
486 333 151 29 förmögenhet
644 334 132 21 vidsträckta
784 333 106 29 folklager
904 334 24 21 af
935 333 52 22 obe-

232 367 101 22 medlade
349 368 39 21 och
404 369 7 20 i
427 368 116 29 synnerhet
553 368 97 21 arbetare
660 369 104 20 uteslutas
775 368 47 21 frän
833 368 88 28 politisk
933 369 55 21 röst-

232 403 49 20 rätt.
310 401 115 23 Utskottet
447 404 62 27 säger
531 403 33 27 sig
587 403 77 21 endast
678 403 23 21 af
716 403 137 28 försiktighet
867 402 120 22 tillsvidare

231 437 52 28 vilja
305 437 93 21 utesluta
421 437 47 21 frän
490 437 134 28 delaktighet
644 438 6 20 i
672 439 88 20 rösträtt
781 437 81 22 sädana
878 444 108 22 personer,

232 471 86 22 hvilkas
338 471 138 22 ekonomiska
493 472 102 28 ställning
610 474 24 19 är
644 472 24 21 sä
676 479 59 21 svag,
746 474 32 19 att
788 471 41 22 den
839 472 18 27 ej
868 474 121 19 motsvarar

231 505 349 30 familjeförsörjarefordringarna
595 507 28 28 pä
639 510 31 18 ett
684 507 204 21 existensminimum
903 505 35 22 för
953 513 35 19 en,

234 540 41 21 och
298 541 7 20 i
328 539 115 23 Utskottet
464 541 38 21 har
524 541 32 20 till
578 541 48 21 stöd
650 541 72 21 härför
745 541 99 28 påståtts,
866 544 32 18 att
913 539 75 30 hvarje

230 573 76 30 duglig
321 574 98 22 arbetare
435 583 26 14 nu
478 576 34 21 för
526 575 59 22 tiden
601 575 39 22 har
647 575 24 22 sä
680 583 50 21 pass
740 578 58 19 stora
809 575 123 26 inkomster,
942 582 45 14 som

232 609 87 22 fordras
335 609 34 21 för
377 610 267 29 kommunalbeskattning,
659 610 40 22 och
715 613 31 18 att
762 610 40 21 han
818 609 84 22 säledes
910 616 76 21 genom

231 646 33 18 att
279 644 84 21 anmäla
375 645 33 27 sig
423 645 32 21 till
470 646 98 27 taxering
583 645 41 21 kan
640 644 80 22 erhälla
736 644 86 29 politisk
838 645 92 20 rösträtt.

302 678 49 21 Den
361 679 144 28 uppfattning,
513 682 31 19 att
552 679 27 22 de
588 679 139 22 obemedlade
738 678 34 22 mä
782 678 69 29 skylla
862 679 33 27 sig
905 678 83 29 själfva,

234 713 47 20 ifall
297 712 27 21 de
340 713 48 21 icke
404 714 82 21 anmäla
502 715 46 20 sina
564 714 118 21 inkomster
696 713 32 21 till
739 713 138 28 beskattning
888 712 41 22 och
939 712 49 21 icke

234 746 71 22 betala
326 747 57 21 skatt
407 748 34 21 för
456 747 55 28 dem,
533 751 59 25 tager
616 749 18 27 ej
652 748 83 28 hänsyn
750 747 33 21 till
798 747 96 28 verkliga
908 746 81 21 förhäl-

234 781 80 21 landen
330 782 40 21 och
387 783 23 20 är
425 782 88 21 alldeles
529 782 79 28 obillig,
623 782 28 21 dä
663 782 23 21 af
698 790 24 13 en
734 781 160 22 välbemedlads
906 781 83 21 inkom-

233 818 45 19 ster
293 815 113 26 tusenden,
427 817 21 27 ja
470 816 136 21 tiotusenden
625 816 72 21 kunna
712 815 65 22 förbli
792 815 141 22 obeskattade
948 815 41 21 och

232 849 44 21 han
302 850 86 21 ändock
413 852 18 26 ej
457 850 48 21 med
529 851 77 21 förlust
628 851 23 20 af
670 850 86 29 politisk
774 851 88 19 rösträtt
878 849 111 21 bestraffas

231 883 75 22 därför
329 887 32 18 att
382 884 42 22 han
448 884 47 22 lätit
517 885 29 21 bli
568 888 32 18 att
622 885 83 21 anmäla
728 886 47 20 sina
795 884 96 28 verkliga
906 883 84 21 inkom-

234 920 50 20 ster.
315 913 75 27 Äfven
411 919 35 21 för
467 919 42 21 den
532 919 140 21 obemedlade
697 918 96 22 medföra
817 918 18 28 ej
851 918 27 21 de
893 917 96 28 verkliga

233 952 149 22 inkomsterna
405 955 92 25 rösträtt,
520 957 52 17 utan
595 953 27 21 de
642 953 101 21 taxerade
766 952 41 22 och
822 952 27 21 de
870 952 34 21 för
927 952 63 21 dessa

234 987 89 28 erlagda
338 988 116 26 skatterna,
469 988 41 21 och
523 988 123 28 därigenom
658 990 23 18 är
690 987 48 21 hela
748 986 160 22 ofvannämnda
919 986 72 21 bevis-

231 1021 75 29 föring
329 1022 153 21 vilseledande.
519 1022 11 21 I
553 1023 37 20 sitt
619 1022 124 21 nuvarande
766 1020 62 22 skick
849 1022 23 19 är
894 1020 97 21 kommu-

232 1055 205 28 nalbeskattningen
453 1056 34 21 för
502 1056 27 21 de
545 1056 138 21 obemedlade
698 1056 24 21 sä
738 1054 142 28 betungande,
890 1054 41 22 och
943 1054 49 21 hin-

234 1089 52 22 drar
300 1090 33 21 till
348 1090 42 21 den
405 1090 52 28 grad
473 1090 207 22 tillfredsställandet
689 1090 23 21 af
726 1090 26 21 de
768 1088 171 28 nödvändigaste
954 1088 38 21 be-

234 1124 90 27 hofven,
340 1127 32 18 att
387 1124 26 22 de
426 1125 34 21 för
475 1125 27 21 de
518 1125 51 28 dyra
585 1124 243 28 näringskostnadernas
843 1122 56 22 skull
914 1122 79 22 endera

233 1160 19 26 ej
272 1159 74 21 kunna
361 1159 109 22 beskattas
487 1160 56 26 eller,
559 1166 33 14 om
609 1159 27 21 de
651 1159 41 21 ock
708 1158 116 25 beskattas,
839 1157 109 21 skatterna
960 1156 33 22 ät-

234 1194 109 20 minstone
366 1194 19 28 ej
407 1194 72 20 kunna
501 1193 117 21 utkräfvas.
648 1185 137 29 Ätminstone
806 1191 39 21 där
856 1191 77 28 högsta
950 1191 43 21 till-

235 1227 60 21 lätna
311 1228 96 20 skattöre
422 1228 113 28 tillämpas,
549 1228 104 20 uteslutas
669 1226 121 29 dymedelst
805 1226 46 20 frän
860 1225 133 28 delaktighet

237 1262 7 20 i
260 1263 89 19 rösträtt
372 1264 78 19 största
472 1262 62 21 delen
558 1262 23 21 af
603 1262 96 20 arbetare
715 1261 41 21 och
771 1260 67 22 andra
854 1259 139 22 obemedlade

234 1296 149 28 medborgare,
405 1300 15 18 t.
436 1304 32 14 ex.
486 1298 3 19 i
505 1296 139 28 Helsingfors
666 1295 99 28 omkring
786 1295 28 21 86
830 1295 28 26 %
878 1294 23 20 af
916 1293 78 22 handt-

234 1330 77 22 verks-
326 1330 42 22 och
383 1330 210 22 industriarbetarne.

305 1357 32 29 Ät
351 1365 43 21 alla
409 1365 70 29 idessa
500 1365 69 21 skulle
584 1364 124 22 Utskottets
723 1364 82 27 förslag
820 1364 18 26 ej
855 1362 69 21 skaffa
939 1364 55 19 röst-

237 1400 50 25 rätt,
303 1399 67 21 ehuru
387 1399 26 21 de
429 1400 6 20 i
451 1399 147 28 verkligheten
622 1399 34 21 för
670 1398 37 22 det
722 1401 68 18 mesta
806 1396 98 29 uppfylla
919 1396 37 21 det
971 1396 24 21 af

237 1432 117 22 Utskottet
376 1434 123 27 uppställda
521 1433 109 21 villkoret:
654 1433 26 20 de
709 1440 39 21 ega
772 1431 221 28 familjeförsörjarens

235 1467 70 28 lägsta
330 1467 212 29 existensmöjlighet,
567 1467 28 21 då
610 1467 27 21 de
652 1468 22 27 ju
689 1467 19 28 ej
724 1467 71 21 såsom
811 1465 115 28 fattighjon
941 1464 53 21 falla

304 1513 198 22 Grundlagsutskottets
515 1513 111 18 betänkånde
637 1513 38 17 N:o
687 1513 15 17 1.
