1092 1695
359 130 22 22 U.
397 130 22 22 B.
436 142 26 3 —
480 129 60 27 Prop.
557 128 35 22 N:o
608 128 21 22 6.
859 128 11 19 7

118 193 42 21 det
179 193 90 26 tillåter,
293 193 23 21 af
338 193 80 22 odlade
434 199 56 21 egor
508 191 84 22 erhålla
607 190 61 23 hvad
683 198 50 14 som
747 192 126 19 motsvarar

116 228 48 26 det,
188 235 48 14 som
258 227 23 21 af
304 227 78 29 dylika
404 234 54 21 egor
481 226 62 22 förut
562 226 92 21 häfdats
669 225 73 21 under
757 224 56 22 hans
829 223 42 21 del.

116 256 151 34 Öfverskjuta
286 261 65 22 dessa
373 261 51 21 hela
447 261 39 21 det
508 260 134 28 egobelopp,
661 266 86 15 samma
762 258 37 22 del
815 258 58 21 efter

118 296 52 21 dess
193 296 220 21 andelsförhållande
435 295 36 21 till
494 296 44 20 den
561 294 95 22 odelade
678 294 139 28 lägenheten
831 292 42 22 bör

119 330 132 26 tillkomma,
270 331 66 28 njute
355 338 84 20 egaren
459 330 128 28 ersättning
601 330 36 20 för
653 328 66 29 gjord
734 327 139 28 förbättring

119 366 13 20 å
148 364 28 22 de
192 372 60 21 egor,
267 365 46 21 han
327 365 8 21 i
349 364 59 29 följd
422 364 66 22 häraf
497 364 88 28 nödgas
601 364 94 21 afträda.

474 433 44 29 78.

188 473 48 21 Har
245 473 105 28 delegare
359 473 58 21 efter
426 473 103 21 tillstånd
538 473 73 28 enligt
619 472 97 29 tidigare
725 471 147 29 gällandelag
894 467 8 38 +
922 474 51 22 488.

117 506 26 21 af
151 507 84 21 oskifto
244 507 110 28 uppodlat
361 507 58 26 kärr,
425 514 74 15 mosse
508 507 54 21 eller
571 514 74 14 annan
652 506 93 29 oländig
749 506 65 21 mark
819 505 54 22 eller

120 541 42 21 fält
172 544 80 19 vatten
263 549 26 14 ur
300 542 34 29 sjö
344 542 53 21 med
406 542 76 21 vilkor
493 544 33 19 att
538 542 45 21 den
589 542 70 25 mark,
669 549 48 14 som
727 541 63 22 deraf
797 540 76 22 blifvit

123 575 138 29 odlingsbar,
277 577 57 21 skall
348 577 84 21 honom
448 577 102 26 tillhöra;
566 577 29 20 då
609 576 71 22 varde
691 576 45 21 den
745 575 64 22 mark
820 575 54 21 eller

122 609 52 22 fullt
182 610 110 29 vederlag
301 611 8 21 i
319 611 46 21 lika
375 611 37 21 väl
422 611 86 21 häfdad
518 611 52 28 jord
581 611 80 28 tillagd
672 611 57 20 hans
737 610 37 21 del
782 609 92 22 utöfver

120 645 42 21 det
179 645 133 29 egobelopp,
328 653 48 14 som
392 645 75 22 denna
483 645 72 28 enligt
569 645 211 28 delningsgrunden
790 644 83 22 tillbör.

474 721 49 27 88.

193 759 67 21 Hvad
274 759 8 21 i
298 762 10 18 1
325 760 51 28 kap.
392 762 12 18 5
421 762 59 19 samt
495 762 70 18 8—13
579 760 28 28 $$
618 759 103 29 stadgats
732 758 143 22 beträffande

120 794 121 22 storskifte
257 794 22 21 af
293 794 43 28 bys
351 794 70 26 mark,
437 794 69 22 lände
521 794 7 21 i
544 794 135 28 tillämpliga
694 794 62 21 delar
765 794 40 22 vid
817 793 58 29 klyf-

121 828 57 28 ning
193 828 23 21 af
230 828 118 28 lägenhets
365 828 64 21 mark
444 828 36 21 till
496 828 157 21 efterrättelse.

449 962 12 19 3
478 960 71 21 KAP.

320 1011 36 22 Om
372 1011 111 28 styckning
499 1012 40 22 och
555 1011 128 28 afsöndring.

478 1070 48 28 18.

193 1109 125 28 Lägenhet,
342 1117 48 14 som
408 1109 36 22 får
463 1109 98 29 klyfvas,
578 1111 35 20 mä
629 1110 48 25 ock,
693 1109 53 22 med
760 1109 71 22 sådan
845 1108 33 21 in-
892 1117 10 16 2
914 1115 11 23 8
937 1117 22 16 95
972 1115 39 22 F.*)

121 1143 145 28 skränkning
276 1151 49 14 som
334 1143 146 22 beträffande
490 1144 107 28 klyfning
608 1144 109 28 stadgats,
729 1151 82 21 genom
819 1143 59 21 frän-
887 1140 32 17 134
927 1144 17 13 0.
954 1137 67 23 13655.

126 1177 112 28 skiljande
254 1177 23 21 af
291 1177 57 22 visst
364 1177 54 22 eller
433 1177 62 22 vissa
511 1178 108 21 omräden
632 1178 92 28 styckas
734 1178 8 21 i
751 1178 57 21 flere
818 1177 61 28 sjelf-

123 1211 109 29 ständiga
246 1212 138 28 lägenheter,
401 1212 87 22 enhvar
503 1213 52 21 med
571 1213 159 22 motsvarande
740 1212 85 22 mantal
836 1212 43 21 och

120 1246 72 21 skatt.

196 1280 157 29 Jordstycken
368 1280 55 22 eller
438 1281 94 26 holmar,
549 1288 49 14 som
608 1281 91 21 tillhöra
709 1281 46 22 viss
764 1280 116 29 lägenhet,

128 1322 53 14 men
203 1315 24 21 af
249 1315 61 21 älder
332 1315 60 22 varit
414 1315 99 29 belägna
534 1316 61 21 inom
616 1323 75 14 annan
709 1316 120 28 lägenhets
849 1316 31 24 rä,

127 1351 25 20 sä
174 1350 43 21 ock
240 1350 111 22 strömfall
372 1350 54 22 med
447 1350 73 28 nödig
542 1353 58 19 tomt
620 1350 111 26 derinvid,
747 1352 36 20 mä
799 1356 82 21 genom

194 1431 17 22 *)
224 1431 65 22 Enligt
302 1433 44 16 1902
359 1432 30 17 ärs
402 1432 19 17 F.

194 1465 47 23 Lag-
254 1465 30 18 och
296 1465 175 18 ekonomiutskottets
484 1465 110 18 betänkande
606 1465 35 18 N:o
653 1466 16 17 5.
