1095 1739
477 99 42 21 N:o
532 100 12 21 5
832 99 25 21 23

135 167 116 21 huruvida
274 167 42 22 och
331 168 8 21 i
355 168 61 21 hvad
436 168 53 21 mån
508 167 79 29 någon
606 167 105 28 lindring
726 167 9 21 i
750 167 109 21 afseende
875 167 14 21 å

135 200 104 22 bredden
255 201 27 21 af
295 201 104 22 körbana
414 201 146 29 medgifvits;

205 235 20 28 b)
242 235 28 22 de
289 236 13 21 å
316 236 154 22 förenämnda
487 240 73 25 vägar
574 236 123 29 befintliga
713 236 74 27 broar,
802 235 87 28 hvilka,

136 270 76 21 såsom
227 269 52 22 icke
295 270 131 29 hänförliga
442 271 37 21 till
493 273 164 26 vägtrummor,
670 271 57 21 böra
737 271 53 20 från
801 269 89 22 delnin-

137 311 45 22 gen
197 304 155 29 undantagas;
369 308 61 18 samt

205 339 20 28 c)
241 339 218 22 mantalsstorleken
475 340 25 21 af
512 340 81 28 hvarje
604 339 99 22 särskild
714 339 37 21 till
761 338 130 29 vägunder-

137 373 49 22 håll
201 373 24 21 in
241 375 83 20 natura
338 373 86 29 pligtig
437 374 171 29 jordlägenhet.

486 451 26 20 39
528 451 20 25 8.

207 494 81 21 Under
312 494 176 30 förrättningen
514 495 66 21 skola
606 494 37 22 till
669 502 29 14 en
719 494 83 28 början
824 494 69 20 samt-

139 528 66 28 liga
196 524 13 38 i
218 528 126 29 delningen
358 529 115 28 ingående
484 533 72 25 vägar
567 530 154 21 underkastas
732 536 28 14 en
771 534 122 23 noggrann

139 563 108 28 mätning
257 563 43 21 och
311 563 130 29 gradering.
467 564 109 22 Börande
586 564 40 21 vid
637 563 155 29 graderingen
802 562 91 28 hänsyn

140 599 67 27 tagas
213 597 37 21 till
256 598 44 21 den
306 598 36 22 för
346 602 75 24 vägen
428 598 125 22 faststälda
558 598 80 28 bredd,
645 598 45 22 den
695 598 63 21 olika
765 596 128 22 beskaffen-

140 632 41 21 het
203 632 27 21 af
247 632 70 28 mark,
336 632 125 22 hvaröfver
476 637 77 24 vägen
568 633 71 27 leder,
655 632 119 22 afståndet
789 631 37 21 till
841 634 53 18 när-

140 669 61 18 mast
221 666 98 28 belägna
334 667 210 29 grustägtsplatser
559 668 44 21 och
619 667 72 21 andra
707 666 84 22 ställen
807 666 37 20 för
860 664 34 22 af-

141 700 124 22 hemtande
281 702 26 20 af
315 701 87 29 nödiga
416 702 249 29 väglagningsämnen,
679 701 110 21 trafikens
801 700 93 22 omfatt-

141 735 58 29 ning
211 735 44 21 och
266 735 44 21 den
321 736 68 21 deraf
398 736 138 22 föranledda
547 739 73 19 större
631 736 56 21 eller
697 736 89 21 mindre
797 734 99 28 slitning

141 770 28 21 af
188 773 83 25 vägen,
295 770 119 22 äfvensom
437 771 39 21 till
498 771 74 21 andra
594 770 205 28 omständigheter,
815 768 81 22 hvilka

141 804 75 21 under
231 812 29 14 en
275 804 79 29 längre
370 806 138 28 fortgående
524 806 35 21 tid
570 806 81 21 kunna
660 806 31 28 på
701 802 194 31 vägunderhållet

141 838 105 28 inverka,
262 839 25 21 så
303 842 40 25 att,
360 839 40 22 der
416 842 74 19 större
505 840 146 28 svårigheter
666 840 9 21 i
690 847 29 13 en
735 839 56 21 eller
805 838 55 21 flere
871 836 26 22 af

143 872 67 22 dessa
226 874 64 21 delar
305 877 68 25 möta,
389 874 120 30 gradtalet
524 875 8 21 i
547 874 163 22 motsvarande
725 874 54 21 mån
794 872 62 22 ökas.

215 908 128 22 Gradtalen
360 910 55 20 böra
430 909 8 21 i
448 910 81 28 regeln
540 910 125 21 betecknas
676 908 53 22 med
739 908 52 22 hela
801 906 33 22 tal
845 906 52 21 från

146 942 43 21 och
205 942 52 22 med
275 946 9 18 1
301 944 37 21 till
352 943 70 29 högst
439 946 32 25 10,
488 944 60 21 dock
563 947 41 24 att,
620 944 41 21 der
675 942 179 22 förhållandena
863 940 35 21 så-

144 976 57 21 dant
208 977 100 28 påkalla,
316 977 71 28 jemte
396 978 53 21 hela
457 977 64 22 talen
533 978 71 21 äfven
614 977 152 27 tiondedelar,
777 975 121 28 uttryckta

143 1011 9 21 i
167 1011 163 29 decimalbråk,
346 1013 39 20 må
400 1013 94 21 komma
509 1012 37 21 till
562 1012 159 28 användning.

492 1090 28 19 40
536 1088 19 27 8.

213 1133 68 21 Efter
307 1133 101 21 slutförd
432 1133 128 29 gradering
582 1133 66 21 skola
673 1133 28 20 de
723 1131 177 29 väghållnings-

145 1167 108 29 skyldige
268 1167 87 22 lemnas
370 1167 97 22 tillfälle
484 1171 35 18 att
535 1168 13 21 å
560 1167 45 28 dag
616 1167 43 22 och
670 1167 73 27 ställe,
756 1167 94 20 hvarom
861 1171 39 22 ge-

146 1209 53 14 nom
210 1203 270 28 förrättningsmannens
491 1203 92 28 försorg
594 1202 42 21 bör
646 1202 72 21 minst
728 1201 89 28 fjorton
829 1199 72 28 dagar

145 1237 65 21 förut
220 1237 9 21 i
238 1237 248 29 vägbyggnadslagets
498 1237 86 29 kyrkor
595 1237 123 28 kungöras,
728 1233 173 24 sammanträda

146 1271 63 22 inför
223 1271 86 22 honom
323 1272 44 21 och
385 1271 61 28 gode
464 1275 109 24 männen,
590 1271 37 21 för
643 1273 34 19 att
693 1270 124 29 ejimindre
826 1267 75 23 undfä

146 1306 39 21 del
200 1306 26 21 af
240 1306 248 29 graderingslängden,
512 1306 53 21 med
588 1305 77 22 dertill
681 1305 102 21 hörande
803 1302 98 23 beskrif-

146 1341 58 28 ning
219 1341 44 21 och
278 1341 73 27 karta,
367 1343 61 19 samt
443 1341 133 21 framställa
590 1340 52 21 sina
657 1339 181 28 anmärkningar
853 1338 49 19 mot

146 1375 162 28 graderingen,
324 1379 30 18 än
370 1375 50 28 ock,
439 1375 73 22 sedan
528 1375 66 21 dessa
609 1374 82 22 blifvit
705 1373 119 30 pröfvade,
836 1371 67 22 öfver

147 1409 70 30 lägga
233 1417 37 14 om
285 1410 147 29 lämpligaste
447 1409 67 30 läget
530 1411 36 20 för
577 1409 28 22 de
616 1409 121 21 blifvande
747 1408 156 28 väglotterna.
