1095 1750
261 155 25 19 18
474 154 21 22 U.
512 154 23 22 B.
550 168 29 2 —
595 154 60 28 Prop.
672 154 35 22 N:o
724 154 21 22 6.

230 215 80 22 skiftet
323 216 35 21 till
368 216 146 29 användning
523 217 39 22 vid
574 217 113 28 aflösning
698 217 26 21 af
732 217 119 21 servituter
862 216 42 22 och
915 216 69 21 andra

230 250 200 27 gemensamheter.

298 284 44 21 Vid
361 285 135 22 affattandet
517 285 27 22 af
560 285 70 22 femte
649 285 98 29 kapitlet
762 293 37 14 om
811 285 171 28 jordlägenhets

229 318 124 29 styckning
367 319 43 22 och
422 319 189 29 jordafsöndring
625 319 71 22 hafva
710 327 32 14 nu
757 319 106 29 gällande
878 319 104 28 stadgan-

229 353 45 21 den
296 353 6 21 i
325 356 76 19 ämnet
423 354 171 29 kompletterats
617 354 51 21 med
683 354 146 28 bestämning
851 353 20 28 ej
895 353 86 22 mindre

228 387 79 22 därom
325 390 33 19 att
372 388 123 29 styckning
511 389 43 21 och
569 388 135 29 afsöndring
721 388 19 29 ej
757 388 36 21 fär
809 395 42 22 ega
865 395 50 14 rum
929 387 52 22 frän

227 421 138 28 lägenheter,
385 423 90 21 hvilkas
497 425 50 19 räer
566 423 98 21 lemnats
679 423 8 21 i
702 423 127 28 väsentliga
845 423 62 20 delar
922 425 60 18 orör-

228 455 75 29 lagda,
322 459 29 19 än
373 457 84 26 därom,
479 459 34 20 att
531 457 50 22 ifall
598 457 69 22 bland
682 457 163 29 lägenheterna
860 457 7 21 i
883 464 28 14 en
926 463 56 15 sam-

228 490 110 29 fällighet,
356 491 93 22 hvartill
471 491 111 22 strömfall
604 492 72 28 lyder,
696 492 73 21 finnes
784 491 103 26 boställe,
903 491 80 21 sädant

227 525 51 21 icke
293 528 67 25 utgör
375 525 81 22 hinder
471 526 36 21 för
523 526 105 22 bildande
643 526 25 21 af
676 525 257 29 strömfallslägenheter
943 533 39 20 ge-

227 566 54 14 nom
301 560 129 29 styckning,
454 561 39 21 där
512 561 170 21 vederbörande
698 560 143 30 myndighet,
856 560 74 21 sävidt
944 559 38 22 bo-

228 594 86 22 ställets
333 597 45 19 rätt
400 598 25 18 är
440 596 8 20 i
462 595 73 29 fråga,
557 595 35 21 till
611 596 152 28 styckningen
781 595 89 21 bifallit.
901 594 82 22 Tillika

227 628 92 22 hafva
310 624 14 39 i
336 631 40 19 140
395 630 44 21 och
463 632 38 19 141
524 630 29 28 $$
576 630 124 21 meddelats
720 632 103 19 närmare
838 628 145 23 föreskrifter

228 669 36 15 om
280 663 43 21 den
339 666 50 23 rätt,
406 671 82 21 genom
503 664 123 28 styckning
641 664 135 29 uppkomna
791 663 131 28 lägenheter
938 670 44 21 ega

227 697 7 20 i
250 704 167 21 gemensamma
432 698 120 26 förmåner,
568 701 57 18 samt
640 699 8 20 i
662 700 40 19 152
714 698 14 29 &
739 705 37 14 om
786 697 147 22 rättsmedlen
943 697 39 21 vid

227 731 124 29 styckning
367 732 43 21 och
426 732 139 29 afsöndring.

296 766 181 22 Vidkommande
493 767 28 21 de
536 767 7 21 i
559 767 67 28 sjätte
640 767 96 28 kapitlet
751 767 114 28 ingäende
877 766 104 28 stadgan-

227 800 59 21 dena
304 807 37 15 om
359 801 111 22 särskilda
487 801 310 28 landtmäteriförrättningar
813 801 94 28 erbjuda
922 800 59 22 före-

227 834 122 22 skrifterna
364 842 37 15 om
416 837 87 27 rägäng
518 835 114 22 sätillvida
647 843 29 14 en
687 835 134 28 förändring
831 835 51 21 frän
893 843 31 13 nu
935 835 47 28 gäl-

226 868 68 22 lande
306 869 169 29 bestämningar
485 871 7 20 i
503 872 76 19 ämnet
589 872 33 19 att
632 870 220 21 skiftesförrättaren
862 869 118 22 fränkänts

227 903 110 28 rättighet
355 906 34 19 att
406 907 56 18 utan
476 904 80 21 hinder
574 904 26 21 af
615 905 120 28 sakegares
753 904 167 27 invändningar
937 903 43 22 och

227 937 86 22 således
329 938 68 21 äfven
412 941 56 19 utan
483 939 106 21 afseende
605 941 12 19 å
632 939 61 21 hvad
707 938 86 22 häfden
803 940 30 27 pä
843 938 92 21 marken
946 940 33 18 ut-

226 972 61 21 visar
302 974 77 27 uppgå
394 975 42 19 rån
451 975 73 20 såsom
539 973 46 21 han
600 981 65 14 anser
681 973 43 22 den
739 980 55 14 vara
808 973 101 22 bestämd
922 974 58 19 samt

226 1005 145 29 följaktligen
390 1007 80 22 utöfva
493 1015 28 14 en
536 1008 7 20 i
558 1008 45 21 viss
626 1008 57 27 grad
706 1007 111 22 dömande
837 1006 143 29 myndighet.

225 1040 13 21 I
253 1041 38 20 det
306 1041 40 21 fall
361 1041 121 28 nämligen,
498 1044 33 19 att
547 1043 41 20 rån
602 1042 96 28 tidigare
714 1049 83 20 genom
813 1041 94 22 särskild
918 1041 63 20 råbe-

226 1076 115 27 stämning
359 1075 118 27 faststälts,
497 1079 24 18 är
541 1076 228 21 skiftesförrättarens
785 1075 139 28 befogenhet
938 1075 41 21 vid

225 1111 88 26 rågång
330 1110 121 21 inskränkt
469 1110 34 21 till
522 1110 132 22 utförandet
671 1110 26 21 af
711 1118 28 13 en
755 1110 66 21 enkel
836 1109 144 28 verkställig-

225 1143 138 28 hetsåtgärd.
387 1144 62 21 Enär
458 1144 70 29 enligt
536 1144 170 29 propositionen
718 1144 93 21 stående
823 1143 157 29 egodelnings-

225 1180 71 19 rätter
318 1178 90 21 komme
431 1181 33 19 att
485 1179 94 21 inrättas
598 1179 36 22 för
653 1179 51 21 hela
722 1179 84 25 landet,
825 1178 69 21 hafva
912 1178 68 21 äfven

225 1212 85 21 sådana
329 1213 185 28 rågångstvister,
535 1221 48 14 som
602 1215 84 26 uppstå
706 1213 127 22 oberoende
853 1212 26 21 af
892 1212 88 21 skiftes-

225 1246 170 29 förrättningar,
412 1250 84 19 ansetts
511 1247 78 22 kunna
604 1247 120 22 framdeles
740 1247 133 28 hänskjutas
884 1247 34 20 till
929 1253 52 21 ego-

225 1281 162 28 delningsrätts
403 1281 124 28 afgörande
543 1282 42 21 och
596 1281 19 28 ej
628 1282 34 21 till
672 1281 139 22 häradsrätts
824 1281 114 28 pröfning,
950 1282 30 27 på

225 1317 45 19 sätt
285 1315 36 21 för
335 1316 143 21 närvarande
493 1319 25 18 är
533 1316 111 28 stadgadt.

294 1349 84 22 Vikten
394 1349 26 22 af
433 1352 33 19 att
481 1350 114 28 egobyten
610 1350 36 21 för
660 1352 62 19 råers
738 1349 120 22 uträtande
874 1349 43 22 och
932 1349 49 21 häf-

224 1383 56 21 dens
296 1384 174 21 underlättande
485 1385 64 20 skola
564 1385 78 20 kunna
657 1384 35 21 fås
708 1385 35 20 till
759 1384 66 21 stånd
840 1386 54 19 utan
909 1385 72 19 större

224 1419 125 27 omgångar
368 1418 40 21 har
432 1419 113 21 föranledt
568 1419 35 20 till
624 1419 120 21 införande
764 1419 7 20 i
786 1418 148 28 lagförslaget
957 1417 26 22 af

225 1451 144 29 bestämning
387 1453 20 28 ej
427 1453 58 22 blott
501 1453 78 21 därom
593 1455 33 19 att
641 1453 106 28 frivilligt
763 1453 99 28 egobyte
877 1452 45 21 kan
937 1459 43 21 ega

294 1492 50 23 Lag-
357 1493 34 17 och
404 1493 183 18 ekonomiutskottets
600 1493 115 18 betänkande
727 1493 39 18 N:o
781 1493 17 17 5.
