1095 1739
478 129 44 22 N:o
533 131 13 20 5
835 129 27 21 35

484 200 26 19 66
527 199 20 26 $.

203 237 46 22 För
269 237 97 22 allmänt
383 237 76 22 behof
475 237 105 22 inrättad
594 237 125 28 vinterväg
735 237 48 28 bör,
800 237 26 21 så
841 236 50 22 ofta

132 271 182 22 förhållandena
328 271 102 29 påkalla,
447 272 85 21 ändras
548 274 66 25 samt,
630 271 41 22 der
686 274 76 25 vägen
772 271 43 28 går
825 271 67 21 öfver

131 307 30 25 is,
177 306 28 21 de
221 306 85 22 ställen
320 307 128 28 utmärkas,
465 306 95 22 hvarest
574 308 63 20 stora
652 305 73 22 vakar
741 305 56 22 eller
807 305 84 22 vråkar

133 340 82 28 finnas,
239 340 42 22 och
303 344 76 25 vägen
402 340 66 22 ledas
488 340 41 22 der
544 340 63 22 förbi
622 340 57 21 eller
693 340 44 21 ock
753 340 40 21 bro
809 339 82 29 läggas

132 374 117 23 deröfver.
279 372 96 32 Öppnar
389 375 79 28 någon
483 375 47 22 vak
546 375 40 22 vid
602 375 73 22 sådan
689 375 132 28 vinterväg,
835 380 56 15 vare

133 409 98 29 skyldig
247 411 36 20 att
298 409 134 22 densamma
447 410 30 28 på
493 409 97 29 tjenligt
604 411 47 20 sätt
665 408 116 23 utmärka.

483 475 27 19 67
526 474 20 26 8.

202 512 76 22 Leder
301 512 131 30 vinterväg,
463 512 85 22 hvaraf
571 512 181 22 landskommun
778 511 56 21 eller
858 510 32 28 by

134 546 43 22 har
192 546 79 29 behof,
287 547 67 22 öfver
371 547 35 29 sjö
425 547 57 21 eller
497 550 73 19 annat
580 547 147 29 vattendrag,
739 553 48 15 som
799 545 26 22 af
833 546 57 27 ång-

134 580 226 30 båtarregelbundet
366 581 120 29 begagnas
494 581 38 22 till
540 581 76 22 farled
624 588 37 14 om
669 581 101 27 vintern,
775 587 55 15 vare
835 583 55 25 väg-

135 615 188 29 byggnadslaget
345 615 106 29 skyldigt
467 619 35 19 att
517 617 13 21 å
546 616 28 21 de
590 616 91 28 ställen,
697 615 41 21 der
752 618 77 25 vägen
839 614 52 21 kor-

133 656 39 15 sas
194 650 27 22 af
243 650 213 28 ångbåtsfarleden,
479 651 89 21 inrätta
589 650 73 22 sådan
681 650 46 28 bro,
752 650 67 28 färja,
835 648 56 22 eller

133 691 80 15 annan
229 684 91 28 anstalt,
337 692 48 14 som
402 685 61 21 efter
472 685 113 21 trafikens
596 684 162 22 beskaffenhet
768 684 43 22 och
821 683 70 28 liflig-

133 718 42 22 het
197 719 27 21 af
245 718 151 22 Guvernören
418 720 96 28 pröfvas
530 719 78 29 nödig.
639 719 47 22 Till
700 718 149 22 bestridande
865 716 26 22 af

133 752 47 22 den
195 753 108 28 kostnad,
322 760 49 15 som
387 753 155 22 anskaffande
558 754 26 21 af
598 753 65 29 dylik
678 753 88 21 anstalt
780 752 44 22 och
839 751 51 22 der-

134 786 38 22 till
193 786 104 23 hörande
318 787 100 29 redskap
442 790 61 19 samt
518 788 157 29 uppförandet
690 787 26 21 af
729 787 160 27 tilläfventyrs

132 821 107 29 behöflig
267 822 126 28 vaktstuga
417 822 143 28 tillskyndar
581 822 242 29 vägbyggnadslaget,
845 819 44 22 lik-

133 863 50 15 som
199 856 45 22 ock
266 856 37 22 till
319 856 104 28 aflöning
438 857 28 21 af
480 856 179 29 vaktbetjening
675 856 44 22 och
733 855 104 29 utgiften
852 854 38 22 för

132 890 208 22 öfverfartställets
363 890 127 29 belysning
512 890 68 22 skola
598 890 153 29 erforderliga
766 889 81 29 anslag
861 895 29 15 ur

133 924 120 22 allmänna
275 925 74 21 medel
372 925 106 29 beviljas,
500 925 122 22 hvaremot
644 924 88 22 vården
747 924 44 22 och
806 923 83 22 under-

133 958 74 22 hållet
222 959 26 21 af
263 959 117 22 anstalten
396 959 45 22 och
456 960 145 28 vaktstugan
618 960 37 21 för
670 959 73 28 öfrigt
758 960 61 20 samt
827 957 62 22 kost-

131 993 80 22 naden
233 993 38 22 för
291 993 186 29 nyanskaffning
501 995 27 20 af
548 994 106 29 redskap,
670 1001 50 14 som
734 1000 84 22 genom
833 999 56 14 van-

133 1027 59 22 vård
207 1027 111 28 förfarits,
335 1028 91 29 åligger
440 1029 243 28 vägbyggnadslaget.

202 1061 67 22 Inom
293 1063 212 28 fästningsomräde
521 1063 116 22 erfordras
652 1062 237 29 fästningskommen-

132 1096 101 22 dantens
256 1097 106 22 tillstånd
384 1097 39 22 till
445 1097 155 29 begagnande
620 1097 26 22 af
659 1096 178 30 ångbåtsfarled
851 1102 38 15 om

132 1131 95 21 vintern
249 1135 60 18 samt
324 1131 37 22 till
376 1131 136 22 inrättande
529 1132 26 21 af
569 1132 87 21 anstalt
670 1132 38 21 för
723 1131 116 22 öfverfart
854 1130 34 21 öf-

132 1172 43 14 ver
197 1166 72 21 sådan
291 1165 76 22 farled
390 1166 44 21 och
450 1166 38 21 till
503 1167 154 28 begagnande
673 1167 26 21 af
713 1165 65 30 dylik
794 1164 94 23 anstalt.

202 1199 134 30 Uppbrytes
360 1200 66 29 dylik
448 1204 48 25 väg
518 1202 14 21 &
554 1201 26 29 is,
604 1208 49 15 som
675 1201 42 22 bär
731 1201 99 28 dragare
845 1199 44 22 och

131 1234 94 28 fordon,
241 1234 153 29 tillfälligtvis
411 1235 27 22 af
451 1235 170 29 vintergäende
636 1235 94 29 ängbät,
747 1235 91 28 äligger
848 1233 41 22 det

131 1268 237 30 vägbyggnadslaget
383 1271 35 20 att
433 1277 85 22 genom
534 1270 52 21 dess
601 1270 145 29 vägstyrelse
756 1268 132 29 ofördröjli-

131 1310 48 21 gen
202 1303 73 29 draga
296 1304 92 28 försorg
410 1311 39 14 om
472 1307 36 19 att
530 1304 141 29 provisionel
685 1304 94 27 anstalt,
794 1302 95 29 lämpad

132 1338 62 21 efter
215 1338 110 21 trafikens
341 1338 77 27 behof,
435 1339 129 28 anbringas
579 1339 66 21 öfver
659 1339 111 21 isrännan
777 1333 13 38 &
813 1337 76 26 ställe,

132 1379 51 14 som
205 1372 42 22 bör
265 1373 30 28 pä
309 1373 95 28 tjenligt
420 1377 48 18 sätt
484 1373 130 28 utmärkas;
631 1374 44 21 och
690 1380 55 15 vare
760 1371 129 30 vägstyröl-

132 1413 43 14 sen
194 1406 88 29 jomväl
303 1407 87 29 pligtig
414 1409 42 26 att,
480 1407 41 22 der
536 1407 88 22 sådana
638 1408 122 28 tillfälliga
775 1405 90 23 afbrott
880 1406 9 21 i

132 1441 155 22 samfärdseln
303 1445 39 18 äro
358 1445 36 18 att
408 1442 90 32 befara,
514 1443 97 30 vidtaga
626 1443 46 22 alla
681 1442 38 22 för
727 1442 66 22 deras
801 1440 88 30 skynd-
