1092 1748
469 130 43 21 N:o
523 130 14 21 6
827 129 28 20 69

469 221 43 22 202
526 223 19 26 8.

197 261 152 28 Stridigheter
370 262 9 21 i
401 262 126 29 anledning
548 262 26 21 af
590 261 294 28 landtmäteriförrättning,

128 303 48 14 som
199 296 70 28 angår
290 296 114 29 stadsjord
423 299 95 26 ensamt,
537 297 144 28 handläggas
704 296 73 28 enligt
796 295 28 22 de
844 295 41 21 all-

127 333 84 19 männa
225 330 129 29 grunderna
368 331 9 21 i
392 331 74 22 denna
481 332 39 27 lag
535 331 23 21 af
570 331 151 28 magistraten
729 331 74 21 såsom
813 329 72 22 första

128 365 107 27 domstol;
254 365 43 22 och
311 365 59 22 skall
386 373 36 14 om
438 365 213 29 ändringssökande
666 365 8 22 i
690 365 50 22 dess
755 365 78 27 utslag
847 364 38 21 til-

127 400 88 27 lämpas
229 399 61 22 hvad
305 400 8 21 i
329 400 42 21 124
385 401 13 26 $
414 407 36 15 om
467 400 198 29 egodelningsrätt
680 402 24 19 är
719 398 113 29 stadgadt.

470 463 42 22 203
528 465 18 26 8.

197 503 90 29 Högsta
302 503 99 23 domstol
415 504 9 22 i
439 503 127 23 skiftesmäl
582 507 24 18 är
625 503 111 23 Senatens
751 501 135 23 Justitiede-

128 540 134 26 partement.

420 644 12 21 I.
463 643 133 22 Förfarandet.

471 711 43 22 204
529 712 18 26 8.

199 751 80 28 Angår
301 751 152 29 skiftesfråga,
477 759 49 15 som
548 752 59 21 skall
629 752 38 20 till
689 750 198 29 egodelningsrätt

129 784 141 29 hänskjutas,
281 786 133 28 lägenheter
429 786 63 22 inom
507 786 62 22 olika
580 786 232 28 egodelningsrätters
824 784 63 22 dom-

129 819 69 28 krets,
213 819 42 22 bör
269 820 70 21 målet
353 820 145 29 handläggas
514 820 26 22 af
552 820 45 22 den
609 822 53 26 rätt,
673 820 63 21 inom
746 820 67 21 hvars
825 819 62 21 dom-

129 854 64 21 krets
208 854 215 29 skiftesingeniören
439 857 25 20 är
478 855 178 29 tjenstgörande.

471 919 43 21 205
530 920 18 26 8.

199 958 86 22 Finner
306 958 136 22 ordförande
461 959 9 21 i
488 959 198 28 egodelningsrätt
708 961 34 19 att
763 958 53 28 mål,
838 965 49 14 som

130 992 51 22 från
201 992 188 29 skiftesingeniör
408 994 56 20 eller
479 996 115 26 guvernör
608 993 129 28 inkommit,
753 993 51 22 icke
818 994 70 20 rätte-

130 1027 64 29 ligen
215 1027 42 22 hör
278 1028 37 20 till
333 1028 239 28 egodelningsrättens
592 1028 116 28 pröfning,
724 1028 81 21 teckne
821 1027 38 21 det
875 1027 13 21 å

130 1061 169 29 handlingarna
318 1062 43 21 och
378 1062 70 22 sände
467 1062 53 22 dem
534 1062 38 22 till
587 1062 135 28 ingeniören
736 1062 55 21 eller
806 1068 82 21 guver-

130 1098 71 19 nören
217 1097 53 21 åter.
292 1096 51 22 Den
359 1096 94 22 härmed
468 1096 126 29 missnöjde
608 1097 44 27 må,
668 1096 57 22 efter
740 1096 99 22 erhållen
851 1095 37 21 del

131 1130 23 22 af
169 1130 105 28 beslutet,
291 1130 103 22 deröfver
409 1130 80 22 anföra
504 1131 82 22 besvär
600 1131 62 21 inom
673 1131 43 21 den
727 1130 34 22 tid
772 1130 42 22 och
824 1130 9 21 i
844 1129 43 21 den

131 1164 100 29 ordning
247 1165 42 21 124
303 1167 13 26 8
331 1166 13 20 2
359 1173 67 14 mom.
442 1166 133 21 innehåller.

473 1229 43 21 206
531 1230 18 26 8.

200 1268 206 29 Egodelningsrätt
421 1269 181 22 sammanträder
616 1270 61 20 inom
689 1268 150 29 skifteslaget,
849 1268 40 21 der

132 1302 18 28 ej
168 1303 70 21 saken
257 1306 24 18 är
301 1303 25 22 af
341 1304 70 21 sådan
429 1303 165 29 beskaffenhet,
611 1306 34 19 att
660 1304 44 21 den
718 1303 114 28 klarligen
847 1302 42 21 fin-

130 1344 41 14 nes
191 1337 78 22 kunna
287 1341 56 18 utan
361 1346 43 21 syn
427 1339 30 27 på
476 1339 78 21 stället
571 1338 98 28 pröfvas.
698 1338 13 21 I
726 1338 54 21 slikt
795 1337 42 21 fall
851 1337 38 20 må

132 1372 177 21 sammanträdet
328 1372 79 22 kunna
424 1372 76 22 hållas
516 1373 13 21 å
544 1375 70 19 annat
629 1373 65 21 ställe
708 1372 64 22 inom
786 1370 102 29 häradet,

131 1406 40 21 der
193 1406 38 21 det
252 1407 127 28 lämpligen
401 1407 43 21 och
464 1407 53 22 med
536 1407 84 22 minsta
635 1407 98 22 kostnad
747 1406 36 22 för
798 1406 91 27 delega-

130 1448 53 14 rene
199 1441 45 21 kan
260 1441 45 22 ske.
