1092 1742
203 150 28 20 28
440 150 28 22 U.
485 150 28 22 B.
530 162 28 4 —
574 150 74 28 Prop.
664 150 46 22 N:o
725 150 23 22 5.

203 219 44 19 rets
269 218 116 27 utgörande
401 218 12 21 å
429 218 72 22 landet
520 218 134 27 härflytande
676 218 108 27 ojämnhet
804 218 18 28 ej
838 218 81 22 mindre
935 219 28 21 de

205 252 57 21 olika
278 252 213 28 vägbyggnadslagen
515 254 26 19 än
565 253 39 21 ock
620 253 26 21 de
662 252 68 22 skilda
754 253 207 21 samhällsklasserna

204 286 97 26 emellan,
317 287 69 21 denna
404 294 80 20 senare,
507 287 157 21 framträdande
680 287 100 21 särskildt
794 288 7 20 i
816 288 95 27 nordliga
927 288 37 21 de-

203 320 36 22 len
263 321 21 21 af
305 321 77 27 landet,
406 322 85 21 hvarest
513 322 155 27 landsvägarna
689 323 58 19 ännu
766 321 84 21 bildade
866 322 96 21 kommu-

205 356 167 21 nikationsleder
389 357 32 20 för
437 357 80 21 enhvar
540 356 119 21 oberoende
676 356 20 20 af
712 356 60 21 ständ
789 356 39 20 och
844 356 119 27 förmögen-

204 390 130 22 hetsvillkor.
364 390 49 22 Med
436 391 100 21 afseende
559 390 12 21 &
596 390 60 21 dessa
685 390 178 27 omständigheter
884 390 77 28 ansägo

205 424 202 28 förslagsställarene
431 426 93 27 billigast
539 426 39 20 och
593 425 48 21 med
665 425 83 27 hänsyn
764 424 30 22 till
810 425 92 21 rädande
917 426 45 20 exi-

205 459 135 21 stensvillkor
355 460 124 28 lämpligast,
494 462 31 18 att
541 462 68 18 staten
632 459 69 21 skulle
717 460 107 26 öfvertaga
845 460 117 20 ordnandet

205 493 21 21 af
242 496 102 25 vägarnas
360 494 111 21 underhäll
492 494 39 21 och
546 496 30 19 att
592 494 25 20 de
632 494 8 20 i
655 494 75 20 sädant
746 494 98 20 afseende
860 494 103 21 erforder-

205 527 43 28 liga
264 528 83 21 medlen
371 528 68 22 skulle
463 530 82 25 uttagas
566 528 21 22 af
608 528 41 21 alla
665 528 26 27 pä
706 528 72 21 landet
801 528 51 21 eller
866 528 7 20 i
888 528 73 21 staden

206 562 90 27 boende,
311 570 45 14 som
372 564 85 27 eriägga
472 564 56 20 skatt
543 564 31 20 till
590 563 136 21 kummunen.
750 563 12 21 I
777 563 75 21 sädani
863 564 101 20 aiseendo

208 597 137 21 hemställdes
361 604 33 15 om
410 598 129 21 tillsättande
554 598 22 20 af
591 604 25 14 en
628 598 84 26 komitö,
724 604 45 14 som
780 598 53 26 egde
844 598 118 27 förebringa

207 631 124 28 erforderlig
353 633 114 27 utredning
482 633 6 20 i
505 632 64 21 saken
593 632 39 21 och
655 632 65 21 sedan
744 632 44 20 däri
804 632 113 28 framlägga
933 634 30 19 ett

206 666 85 27 förslag,
314 667 48 20 med
386 667 88 27 ledning
496 667 74 21 hvaraf
592 666 64 28 nädig
672 666 128 28 proposition
816 666 71 22 kunde
903 667 61 21 först-

207 701 198 21 sammanträdande
421 702 85 20 ständer
521 701 123 27 föreläggas.
663 700 11 21 I
690 700 35 22 det
740 700 67 28 tredje
822 701 142 27 petitionsför-

207 734 69 27 slaget
294 735 106 27 päyrkade
419 736 42 21 fem
483 736 140 20 medlemmar
645 735 21 21 af
688 735 151 21 meranämnda
862 735 59 21 stånd
937 735 25 27 pä

206 768 52 27 skäl,
275 776 44 14 som
336 770 64 20 redan
425 770 118 26 flerfaldiga
558 770 79 27 gänger
652 769 69 21 blifvit
736 769 131 26 framhällna,
882 776 33 14 om
931 769 33 21 sä-

206 803 42 21 dan
265 804 89 27 ändring
369 804 22 20 af
406 804 11 28 &
433 806 12 18 2
461 805 6 19 i
484 805 55 20 1883
560 804 34 20 års
616 804 124 26 förordning
755 806 30 18 att
800 803 80 21 kronan
903 804 60 27 äläge

204 837 33 21 för
252 838 28 20 all
295 838 32 20 sin
343 838 45 27 jord
405 840 48 26 taga
468 838 34 21 del
518 838 7 20 i
541 838 255 27 vägbyggnadsbesväret.
816 837 12 21 I
844 838 34 20 det
893 838 68 27 fjärde

204 872 233 27 petitionsmemorialet
452 873 99 27 slutligen
567 872 71 21 anhöll
658 875 173 25 representanten
847 872 32 21 för
893 872 68 27 Lapp-

206 906 101 21 markens
322 907 106 27 domsaga,
445 907 34 21 det
495 907 112 21 ständerna
622 907 69 20 skulle
707 907 124 27 petitionera
842 907 78 24 därom,
931 908 31 19 att

205 941 125 27 regeringen
347 941 49 21 ville
412 941 98 22 befordra
527 941 138 28 uppkomsten
682 942 21 20 af
714 943 64 25 vägar
792 941 8 20 i
815 941 145 27 Lappmarken

205 975 109 20 äfvensom
331 975 122 22 införskaffa
469 976 113 27 utredning
597 982 34 14 om
648 976 38 20 och
702 976 6 20 i
724 975 85 21 hvilken
822 975 47 20 män
881 975 81 21 befolk-

206 1009 79 27 ningen
301 1010 7 19 i
323 1011 92 20 nämnda
441 1010 96 21 landsdel
560 1016 48 15 vore
624 1010 7 20 i
646 1009 61 22 stånd
730 1012 30 19 att
784 1009 122 21 underhålla
925 1009 36 21 där

204 1043 91 28 anlagda
327 1046 68 25 vägar.
427 1045 49 20 Alla
500 1045 60 20 dessa
586 1045 100 20 motions-
714 1044 39 21 och
779 1043 183 28 petitionsförslag,

205 1078 148 21 remitterades
376 1079 31 20 till
422 1079 53 27 Lag-
497 1079 39 21 och
556 1079 210 20 Ekonomiutskottet
780 1079 53 20 efter
848 1085 26 14 en
890 1078 71 27 längre

205 1112 78 27 debatt,
300 1113 68 20 under
382 1113 85 21 hvilken
484 1113 21 21 af
522 1115 28 19 ett
566 1115 52 19 stort
632 1113 58 21 antal
706 1113 65 21 talare
786 1113 114 20 betonades
912 1113 52 20 nöd-

204 1147 143 27 vändigheten
364 1147 21 21 af
400 1154 62 14 snara
477 1148 102 20 reformer
595 1147 100 22 afseende
709 1147 254 27 vägbållningsbesvärets

205 1181 95 27 lindring
320 1182 38 20 och
381 1182 94 27 jämnare
498 1182 125 27 fördelning.
653 1182 40 21 Vid
714 1181 140 28 landtdagens
870 1181 41 21 slut
926 1188 37 14 an-

204 1215 65 20 mälte
285 1215 118 21 emellertid
415 1216 108 26 utskottet,
534 1218 29 19 att
574 1217 34 20 det
622 1216 46 21 icke
684 1216 78 21 hunnit
772 1216 118 27 handlägga
901 1216 64 27 något

202 1249 22 21 af
240 1249 61 21 dessa
317 1250 83 27 förslag.

55 1361 50 19 1899
118 1359 32 21 års
168 1362 29 18 ko-
274 1358 11 21 I
300 1358 116 28 anledning
439 1359 20 21 af
474 1359 124 21 ständernas
621 1359 87 28 petition
725 1359 36 21 vid
778 1359 55 21 1894
848 1359 33 20 års
896 1359 69 20 landt-

74 1390 105 19 mitébetän-
204 1392 43 27 dag
269 1393 54 20 hade
347 1393 118 21 emellertid
487 1395 50 26 väg-
557 1394 39 21 och
613 1393 247 28 brobyggnadsbesväret
874 1393 91 21 rörande

96 1419 63 18 kande.
180 1415 11 44 —
205 1427 116 20 statistiska
344 1427 107 28 uppgifter
473 1434 76 21 genom
572 1427 365 28 Kommunikationsexpeditionens
957 1427 7 20 i

207 1460 121 28 Kejserliga
355 1461 91 22 Senaten
470 1462 82 27 försorg
575 1461 142 22 införskaffats
740 1462 39 20 och
802 1461 165 21 sammanställts

275 1507 48 23 Lag-
337 1507 32 18 och
381 1508 187 18 Ekonomiutskottets
582 1508 110 18 betänkande
704 1507 38 19 N:o
754 1509 18 16 4.
