1095 1753
251 154 27 19 74
464 153 21 23 U.
502 153 21 22 B.
539 167 28 2 —
583 154 61 28 Prop.
661 154 35 22 N:o
712 154 21 22 6.

220 215 14 29 8
249 215 83 29 intagit
347 216 143 29 bestämning
506 225 37 14 om
559 217 59 21 huru
631 217 177 28 öfverstyrelsen
823 224 53 21 eger
887 219 33 19 att
930 217 43 21 för-

220 249 49 22 fara
284 250 7 21 i
307 250 94 22 anförda
416 251 46 22 fall.

120 289 22 17 62
154 289 18 23 8.
289 285 62 20 Enär
366 285 38 21 det
420 285 48 22 ofta
482 286 45 21 kan
542 293 55 14 vara
613 286 108 28 förenligt
736 285 50 22 med
802 287 125 26 omgängar
938 285 35 22 för

221 319 88 21 enskild
329 319 108 28 sakegare
456 323 33 18 att
509 320 85 21 erhålla
613 321 104 27 kunskap
738 327 36 14 om
792 323 41 18 när
848 319 125 22 skiftesför-

221 353 128 28 rättningen
366 356 24 18 är
405 354 141 28 lagständen,
561 354 42 22 har
617 354 111 22 utskottet
743 354 71 21 under
829 356 27 19 62
866 354 14 28 8
891 353 82 28 intagit

221 389 32 19 ett
268 388 132 28 stadgande,
416 396 48 14 som
479 388 122 29 förpliktar
615 389 164 21 landtmätaren
795 390 33 19 att
839 388 78 21 härom
926 388 47 20 läta

220 422 104 28 kungöra
339 422 7 21 i
362 422 170 22 vederbörande
548 423 169 29 församlingars
733 423 91 28 kyrkor.

531 568 47 27 12.
597 569 72 31 kap.

123 632 40 25 28
288 629 40 22 Uti
344 632 12 19 2
372 630 20 29 S,
404 630 63 21 hvari
477 630 160 22 sammanförts
648 630 110 22 särskilda
769 629 141 28 stadganden
920 628 51 22 från

106 664 10 15 2
129 668 56 12 mom.
221 665 91 24 144,146
328 664 42 21 och
390 666 39 20 148
444 665 28 28 SS
489 665 5 21 i
510 665 176 28 propositionen,
702 665 40 21 har
758 665 111 20 utskottet
884 664 7 21 i
906 663 65 29 fråga

76 691 96 45 aan
204 691 53 45 Vom
274 699 177 21 bestämmandet
467 699 25 21 af
505 699 163 28 skiljelinjerna
684 699 95 21 emellan
790 699 44 21 den
844 699 74 27 gamla
930 698 41 21 och

219 740 46 20 nya
281 732 135 28 lägenheten
432 734 161 28 kompletterat
609 734 179 28 propositionens
804 732 124 28 stadgande
939 735 32 18 att

219 767 163 28 utstakningen
401 768 25 21 af
439 768 96 28 linjerna
551 768 40 22 bör
607 768 38 21 ske
661 768 58 21 efter
735 768 149 28 sakegarenes
900 767 71 21 anvis-

218 801 57 28 ning
295 802 50 20 med
364 802 146 22 föreskriften
526 805 33 19 att
575 802 254 28 förrättningsmännen,
846 802 6 20 i
868 801 40 21 fall
923 801 48 21 sak-

219 843 96 21 egarene
330 836 50 21 icke
391 839 37 19 äro
441 844 52 14 ense
504 844 36 14 om
551 837 117 28 skiljeräns
679 836 139 28 sträckning,
831 843 42 21 ega
885 836 86 21 besluta

218 870 6 20 i
241 870 75 21 saken.
340 870 82 22 Denna
437 871 123 25 föreskrift,
576 878 48 14 som
639 871 200 21 öfverenstämmer
850 870 51 21 med
912 870 59 20 hvad

218 904 7 20 i
241 904 65 28 fråga
321 912 37 14 om
373 906 87 27 rägäng
474 905 8 21 i
498 908 12 18 3
527 906 13 28 $
558 908 25 18 17
600 906 49 27 kap.
666 906 72 20 finnes
754 905 113 27 stadgadt,
879 907 24 18 är
914 904 57 21 dock

218 938 50 22 icke
284 940 24 20 sä
322 942 32 18 att
365 939 70 21 förstä
446 943 32 18 att
489 940 249 28 förrättningsmännen
750 946 82 21 genom
843 939 128 21 densamma

217 972 87 29 tillagts
319 974 164 28 pröfningsrätt
499 974 6 21 i
521 974 153 28 eganderätts-
690 974 42 21 och
749 973 219 28 besittningsfrägor.

121 1011 41 23 38
288 1008 11 20 I
314 1008 65 28 fråga
394 1016 37 14 om
445 1008 136 29 utbrytande
593 1008 24 22 af
626 1008 53 22 flere
690 1008 132 28 lägenheter
833 1010 138 26 gemensamt

75 1042 39 42 (4
119 1038 64 42 juoma;
206 1038 125 51 yöllhörigt
350 1042 111 21 strömfall
483 1043 146 21 föreskrifves
644 1043 7 20 i
669 1045 38 18 147
723 1043 14 28 &
753 1042 26 21 af
796 1042 175 28 propositionen,

123 1073 8 12 S
139 1068 65 17 POD
218 1078 33 19 att
267 1076 250 29 förrättningsmännen
535 1077 78 21 därvid
629 1077 64 21 skola
708 1077 97 21 uträkna
816 1077 38 20 det
864 1076 107 21 afskildas

218 1110 85 21 mantal
323 1111 42 21 och
386 1111 60 21 skatt
467 1114 55 18 utan
538 1111 158 21 motsvarande
711 1111 132 27 minskning
859 1110 25 21 af
896 1110 75 28 lägen-

218 1144 105 21 heternas
334 1145 107 21 skattetal
452 1145 42 22 och
505 1148 33 19 att
547 1145 172 28 lägenheternas
727 1145 149 22 innehafvare
885 1145 86 24 efteråt,

218 1178 7 21 i
240 1178 42 21 fall
297 1179 135 21 strömfallet
447 1180 7 21 i
469 1179 144 29 betydligare
627 1181 53 20 män
695 1180 68 27 tagits
779 1179 7 21 i
798 1179 125 28 beräkning
934 1179 37 20 vid

218 1213 174 27 lägenheternas
412 1214 180 28 skattläggning,
608 1214 77 21 kunna
701 1214 85 21 ansöka
801 1221 37 14 om
854 1213 117 22 skatteför-

218 1247 106 28 medling.
349 1248 79 28 Enligt
436 1249 122 20 utskottets
567 1249 91 27 mening
666 1248 94 21 innebär
769 1248 62 21 detta
839 1247 131 28 stadgande,

217 1288 50 15 som
286 1281 128 22 föranleder
437 1283 33 20 till
493 1290 31 20 ny
544 1283 103 27 mätning
662 1283 43 20 och
720 1282 123 28 gradering
859 1281 25 22 af
896 1282 75 27 lägen-

218 1315 94 22 heterna
331 1319 58 18 samt
411 1316 128 22 förorsakar
563 1317 136 28 sakegarene
721 1319 63 18 extra
799 1315 128 26 kostnader,
943 1323 28 14 en

217 1350 87 28 onödig
324 1353 105 26 omgång.
461 1351 118 22 Utskottet
601 1351 40 21 har
665 1351 76 21 därför
756 1351 8 20 i
781 1350 94 21 berörda
898 1352 39 19 147
957 1351 14 28 8

217 1385 160 21 motsvarande
392 1386 88 27 lagrum
496 1386 7 20 i
518 1386 121 20 utskottets
655 1385 85 28 förslag
756 1385 54 21 eller
826 1387 12 18 3
854 1385 14 28 &
884 1387 24 18 12
920 1385 50 28 kap.

217 1418 143 22 beträffande
376 1419 148 21 förevarande
540 1419 65 28 fråga
620 1419 96 28 stadgat,
728 1421 33 19 att
772 1426 31 21 ny
815 1419 104 28 mätning
929 1419 42 21 och

217 1453 123 28 gradering
356 1455 62 19 utom
434 1453 61 21 hvad
510 1453 101 22 området
626 1453 35 22 för
677 1454 43 21 den
731 1453 99 22 afskilda
840 1453 131 22 strömfalls-

287 1493 50 22 Lag-
350 1493 34 18 och
397 1493 182 18 ekonomiutskottets
591 1493 115 18 betänkande
718 1493 37 18 N:o
770 1495 18 17 5.
