1092 1698
360 134 21 23 U.
398 134 22 22 B.
436 147 28 3 —
480 134 61 28 Prop.
559 134 34 22 N:o
610 134 21 22 6.
845 134 26 19 41

118 206 28 13 en
161 198 84 21 hektar
260 198 26 21 af
295 197 160 29 skifteslagets
466 198 67 21 bästa
541 197 60 29 jord.
624 197 151 22 Framställes
787 196 26 21 af
823 196 50 21 sak-

118 240 68 21 egare
201 232 105 29 erinring
320 235 49 18 mot
383 232 162 29 graderingen,
562 232 71 21 varde
649 231 76 22 denna
741 231 26 22 af
779 231 95 22 förrätt-

118 267 169 28 ningsmännen
302 267 138 28 ytterligare
456 267 137 28 öfvervägd.

466 329 27 21 22
509 331 19 25 8.

186 369 69 21 Efter
270 369 166 28 graderingens
454 369 147 22 slutförande
616 373 104 25 uppgöre
735 369 140 21 landtmäta-

119 411 41 13 ren
170 403 226 29 häfdebeskrifning,
408 404 151 29 upptagande
570 405 37 20 för
618 404 81 28 hvarje
711 403 110 30 lägenhet
829 403 46 22 alla

120 437 114 22 derunder
244 438 100 21 häfdade
356 438 129 29 egofigurer
496 441 61 19 samt
567 439 66 21 deras
644 446 77 20 namn,
733 438 62 28 vidd,
807 438 68 29 grad-

119 472 35 22 tal
176 472 43 22 och
241 473 275 28 förvandlingsinnehäll.
546 471 48 24 Äro
618 473 37 22 för
678 473 55 21 flere
757 473 56 21 eller
829 473 46 21 alla

119 507 136 29 lägenheter
270 515 54 20 egor
338 507 74 22 under
427 515 134 21 gemensam
577 508 64 28 häfd,
657 507 71 22 varde
744 507 28 22 de
782 508 30 28 på
823 515 52 14 ena-

120 541 77 22 handa
212 544 46 19 sätt
274 541 109 22 särskildt
398 545 128 26 upptagna.

189 576 69 21 Hvad
276 576 42 21 här
340 577 72 21 ofvan
431 580 60 18 samt
506 577 8 21 i
530 577 27 22 32
573 579 13 25 &
601 581 52 25 sägs
665 584 36 14 om
712 577 111 28 lägenhet
833 583 42 21 ege

120 611 40 21 vid
176 610 111 29 klyfning
305 610 151 30 tillämpning
472 611 13 22 å
500 611 73 22 sådan
593 611 118 29 delegares
730 611 75 28 andel,
826 618 48 14 som

120 646 43 21 har
178 645 92 21 enskild
285 645 63 22 häfd.

189 680 11 21 I
215 679 250 30 häfdebeskrifningen
481 681 67 21 skola
561 681 87 28 jemväl
659 680 144 29 förefintliga
812 682 63 26 nytt-

118 714 81 29 jande-
215 714 42 21 och
273 715 257 28 servitutsrättigheter,
547 715 81 21 hvilka
639 714 103 22 anmälas
753 714 56 22 eller
819 714 56 29 eljes

121 749 97 28 framgå,
233 756 61 21 noga
309 749 115 28 angifvas.

469 813 28 22 23
512 814 20 25 8.

190 852 36 22 Då
241 852 51 22 med
307 853 151 28 uppgörande
474 853 26 21 af
508 853 251 29 häfdebeskrifningen
770 853 106 29 vidtages

121 889 65 25 samt,
203 887 41 21 der
259 887 127 29 anledning
408 888 163 27 förekommer,
595 888 70 21 äfven
685 888 74 21 under
775 888 102 21 arbetets

122 922 110 28 fortgång
242 922 126 28 uppfordre
378 922 175 22 landtmätaren
564 922 141 28 sakegarene
717 924 35 20 att
761 922 116 29 uppgifva

122 956 64 21 såväl
201 956 99 22 enhvars
321 956 106 22 enskilda
446 964 50 14 som
512 957 153 28 sakegarenes
681 957 115 21 samfälda
811 956 64 22 häfd.

468 1020 30 22 24
513 1022 19 26 8.

190 1059 50 21 Har
255 1060 98 28 tidigare
374 1060 71 22 skifte
465 1063 40 25 egt
520 1068 57 20 rum,
594 1060 65 22 skola
675 1060 82 22 främst
772 1060 105 22 förefint-

121 1094 48 28 liga
184 1094 80 22 kartor
280 1095 42 21 och
338 1094 250 30 delningshandlingar
603 1095 81 28 läggas
699 1094 37 22 till
751 1094 76 29 grund
841 1094 36 22 för

121 1128 257 30 häfdebeskrifningen.

190 1161 48 24 Äro
254 1164 123 28 sakegares
392 1164 122 28 uppgifter
525 1164 109 21 inbördes
645 1163 105 29 stridiga,
761 1163 60 22 skall
831 1163 46 21 till-

121 1198 98 29 gänglig
233 1198 125 29 utredning
374 1198 37 21 för
426 1199 84 21 sakens
526 1198 146 29 upplysande
687 1198 122 21 inhemtas.

470 1261 29 22 25
514 1263 20 26 $.

189 1301 258 28 Häfdebeskrifningen
470 1301 62 22 skall
555 1301 37 22 för
612 1301 141 29 sakegarene
768 1301 109 29 uppläsas

121 1338 65 25 samt,
204 1336 71 21 sedan
290 1335 159 29 tilläfventyrs
464 1336 180 29 nödigbefunna
662 1336 106 21 rättelser
785 1335 92 26 införts,

121 1370 27 21 af
156 1370 172 22 landtmätaren
338 1370 188 27 underskrifvas;
538 1370 42 22 och
592 1370 69 21 lände
669 1370 145 22 beträffande
823 1369 56 22 den-

120 1412 88 14 samma
223 1405 37 21 till
275 1405 157 21 efterrättelse
447 1405 64 21 hvad
527 1412 36 14 om
579 1405 76 21 beslut
673 1405 27 21 af
713 1404 166 27 förrättnings-

120 1442 102 18 männen
237 1439 8 21 i
260 1439 14 21 8
288 1439 53 28 kap.
358 1439 27 22 17
400 1441 13 25 $
428 1439 115 28 stadgats.

189 1479 48 23 Lag-
249 1479 31 18 och
292 1479 174 18 ekonomiutskottets
479 1479 112 18 betänkande
603 1479 35 18 N:o
651 1480 16 17 5.

893 299 15 17 5.
929 299 80 17 Häfdebe-

907 328 84 21 skrifning.

920 369 32 16 106
964 367 17 23 &.

924 581 52 22 Nytt.

925 685 52 22 Nytt.

922 864 32 16 106
967 862 16 23 8.

923 1065 32 17 106
968 1064 17 22 8.

925 1307 30 16 107
969 1305 16 22 8.
