1098 1739
328 160 29 21 U.
374 159 27 22 B.
417 172 28 2 —
460 155 74 32 Prop.
551 159 43 22 N:o
610 159 20 21 1.
834 158 26 21 13

176 229 31 20 En
230 229 73 25 mängd
326 229 63 20 andra
411 229 136 20 förhållanden
569 229 60 19 hafva
650 229 73 25 jämväl
742 228 78 20 erhållit
836 234 24 13 en

104 257 96 20 haltande
214 258 97 19 innebörd
326 258 116 25 därigenom
457 260 30 17 att
503 257 72 20 endast
589 259 89 18 männen
694 257 50 25 tagit
759 257 31 19 del
806 257 5 19 i
827 257 33 19 de-

105 292 31 14 ras
160 287 107 19 ordnande.
298 286 25 20 Så
346 289 21 17 är
389 288 13 17 t.
424 293 31 13 ex.
473 286 55 20 fallet
541 287 45 18 med
601 286 33 19 det
649 286 91 25 ensidiga
756 287 61 18 sättet
832 287 29 18 att

104 315 78 25 reglera
203 315 182 26 könssedligheten,
408 317 54 18 utom
485 315 131 25 äktenskapet
638 315 58 19 födda
711 315 59 19 barns
786 314 74 20 faders-

105 344 36 19 och
164 344 88 25 arfsrätt,
274 344 162 25 fattigväsendet,
451 343 139 25 hälsovården,
606 343 147 25 handteringen
768 343 19 20 af
802 343 59 25 sprit-

105 372 90 25 drycker,
210 373 157 24 användningen
382 373 20 18 af
417 372 56 20 såväl
489 373 26 19 de
530 372 129 20 kommunala
673 378 42 13 som
727 372 25 19 de
762 372 99 19 allmänna

106 401 102 20 skatterna
225 407 26 13 m.
267 407 25 13 m.
307 401 70 23 dylikt.
407 401 28 19 På
450 401 39 19 alla
503 401 59 20 dessa
578 400 94 20 områden
688 401 47 19 böra
750 401 111 19 kvinnorna

106 429 5 19 i
127 429 40 19 lika
182 430 48 24 grad
247 429 45 20 med
307 431 85 18 männen
407 431 38 23 äga
460 430 96 24 rättighet
572 432 30 16 att
614 431 62 17 värna
688 429 36 19 och
732 429 76 19 bevaka
818 429 44 19 sina

105 464 51 18 egna
171 458 37 20 och
224 457 84 21 släktets
323 458 106 20 intressen.
459 458 45 20 Men
519 458 30 20 för
564 460 29 17 att
608 458 25 19 de
649 458 56 19 skola
720 458 66 19 kunna
801 458 59 24 detta,

106 486 64 20 måste
185 487 25 19 de
225 492 70 20 genom
311 487 24 19 de
352 486 50 20 båda
417 487 167 19 statsmakternas
601 486 119 20 medvärkan
736 486 76 20 erhålla
827 492 34 20 po-

106 514 57 20 litisk
186 517 84 18 rösträtt
292 515 37 20 och
353 515 106 20 valbarhet.
490 516 35 19 Att
539 515 65 20 denna
620 514 53 21 åsikt
687 515 108 25 ingalunda
810 521 51 19 upp-

107 544 59 20 bäres
187 544 51 20 blott
253 544 19 19 af
287 544 61 25 några
362 544 95 24 enskilda,
473 546 49 18 utan
537 546 30 17 att
582 544 38 19 den
637 544 73 19 vunnit
725 546 42 17 stor
782 544 79 19 utbred-

107 573 49 25 ning
179 573 59 19 bland
261 573 86 19 kvinnor
368 573 20 19 af
403 572 52 20 olika
471 572 150 26 samhällslager
635 573 6 19 i
658 572 44 20 vårt
718 572 50 24 land,
784 572 77 20 bevisas

108 601 24 20 bl.
153 608 17 13 a.
190 602 20 19 af
225 602 39 19 den
280 602 110 19 storartade
406 601 116 25 anslutning
537 602 17 24 ej
570 602 52 18 blott
637 601 44 19 från
696 601 166 25 hufvudstadens,

107 632 49 18 utan
176 631 59 19 äfven
254 630 43 19 från
313 630 125 19 landsortens
454 630 49 24 sida,
519 630 71 19 hvaråt
605 630 123 19 kvinnornas
744 632 52 17 stora
811 632 50 17 röst-

108 660 105 19 rättsmöte
228 659 39 19 den
284 660 10 18 7
311 665 45 13 nov.
372 659 49 19 hade
436 661 29 17 att
481 659 66 25 glädja
564 659 36 25 sig.
624 659 36 19 Att
670 658 66 20 denna
748 658 52 20 åsikt
812 664 49 14 vun-

108 687 30 20 nit
153 689 29 18 ett
199 688 45 18 vida
260 688 79 19 utbredt
354 687 108 20 understöd
478 688 58 19 äfven
549 687 59 19 bland
620 687 126 25 valmännen,
759 688 35 18 har
804 687 57 19 fram-

108 715 43 25 gått
172 722 24 14 ur
218 716 25 20 de
258 715 151 25 önskningsmä]
426 716 30 19 till
471 716 121 24 landtdagen
608 716 80 19 hvarom
705 716 57 19 dessa
778 715 26 26 pä
820 716 42 19 sina

107 746 67 18 möten
190 745 46 19 med
252 747 186 23 representanterna
454 745 75 19 förenat
544 745 36 24 sig.

179 773 64 20 Dessa
262 774 102 24 yrkanden
381 774 76 24 grunda
473 774 18 18 vi
507 774 17 24 ej
541 773 27 25 pä
582 773 38 19 den
636 773 108 24 förmodan,
760 775 28 17 att
804 773 57 19 kvin-

108 808 74 13 nornas
204 802 78 19 irfträde
297 802 5 19 i
318 802 33 20 det
373 802 92 25 politiska
488 802 57 19 lifvet
566 802 64 19 skulle
645 802 66 19 mäkta
726 801 136 20 åstadkomma

108 830 62 25 några
185 830 119 24 underverk,
320 836 45 14 men
381 842 28 2 —
424 830 67 20 såsom
507 830 60 20 redan
581 830 65 20 blifvit
660 830 58 25 sagdt
728 842 26 2 —
765 830 97 25 yrkandet

108 858 27 26 pä
149 859 39 19 den
204 860 80 19 afsedda
300 860 97 18 reformen
413 859 45 19 sker
473 860 48 18 först
537 859 37 19 och
589 860 69 18 främst
674 858 66 20 därför
754 861 29 17 att
798 859 34 19 det
842 860 21 18 är

109 887 115 20 samhällets
240 888 50 25 plikt
305 889 28 18 att
349 888 16 24 ej
381 887 83 20 förhålla
479 888 112 19 kvinnorna
607 888 57 19 deras
679 889 39 17 rätt
733 888 37 18 och
785 888 29 19 för
830 887 33 19 det

108 916 67 25 andra,
190 917 83 19 emedan
290 916 34 20 det
339 918 21 18 är
375 918 29 18 att
419 917 78 25 hoppas
512 918 30 18 att
558 922 24 14 en
599 916 62 20 sädan
676 916 72 19 reform
764 916 49 20 skall
830 916 32 19 be-

108 945 47 18 reda
170 946 40 23 väg
224 945 30 19 för
270 945 38 19 den
324 945 85 24 jämvikt
423 946 5 17 i
445 945 159 24 samhällslifvet,
619 944 77 25 hvarpä
710 944 54 19 detta
775 951 27 12 nu
812 944 51 19 lider

107 979 26 13 en
148 973 103 25 betänklig
273 973 49 20 brist
340 973 37 20 och
395 973 80 20 hvilken
492 975 23 18 är
529 975 29 18 ett
574 973 126 25 oeftergifligt
716 973 63 19 vilkor
794 973 30 19 för
838 979 25 13 en

108 1003 60 18 sannt
183 1002 63 25 sedlig
261 1002 121 25 utveckling.

177 1030 38 20 För
230 1030 85 20 näendet
330 1031 20 18 af
365 1031 54 19 detta
436 1030 45 26 mäl,
498 1031 34 19 bör
547 1031 66 19 därför
628 1031 70 18 främst
707 1037 24 12 en
741 1030 62 19 sädan
814 1030 49 19 änd-

108 1059 44 25 ring
167 1059 5 19 i
189 1059 219 26 landtdagsordningen
426 1059 75 20 införas
519 1061 29 17 att
571 1059 101 26 myndiga,
696 1059 168 19 skattebetalande

108 1087 86 20 kvinnor
216 1088 83 25 beviljas
321 1094 76 13 samma
412 1087 94 26 politiska
521 1088 117 25 rättigheter
654 1093 42 14 som
713 1089 91 18 männen.
833 1087 31 20 Dä

109 1115 34 20 det
158 1116 110 20 emellertid
285 1119 21 17 är
321 1116 40 19 lika
376 1117 81 18 rättvist
471 1117 37 18 och
523 1117 20 18 af
558 1117 62 18 minst
635 1116 39 19 lika
690 1118 41 17 stor
747 1117 42 18 vikt
799 1118 29 17 att
838 1116 26 19 de

107 1145 50 24 gifta
172 1144 112 21 kvinnorna
299 1145 80 20 komma
395 1145 5 18 i
416 1145 118 24 ätnjutande
549 1145 20 19 af
581 1145 157 25 medborgerliga
748 1145 116 24 rättigheter

106 1173 64 25 gäller
192 1173 100 25 yrkandet
314 1174 60 19 äfven
397 1173 50 23 dem,
469 1173 81 20 hvarför
569 1173 61 20 ocksä
644 1173 74 26 jämväl
736 1173 82 20 föresläs
834 1175 29 17 att

108 1201 120 20 hithörande
252 1203 54 24 lagar
320 1202 37 19 och
373 1202 137 25 förordningar
525 1202 132 19 underkastas
672 1208 24 13 en
710 1201 60 20 sädan
786 1201 78 20 föränd-

108 1230 50 25 ring,
175 1236 43 14 som
234 1231 31 19 till
282 1231 99 19 vinnande
397 1231 20 19 af
431 1231 65 19 denna
512 1231 71 19 reform
599 1236 47 14 vore
661 1231 65 24 nödig.

180 1259 29 19 På
224 1260 65 25 grund
305 1260 20 19 af
339 1259 53 19 hvad
408 1259 19 19 vi
443 1259 36 19 här
495 1260 59 19 ofvan
570 1259 42 20 haft
626 1261 47 17 äran
689 1259 109 20 framställa
813 1258 51 26 våga

106 1287 19 19 vi
149 1287 37 20 hos
209 1287 128 21 Hedervärda
359 1287 150 20 Bondeståndet
531 1287 79 20 anhålla
631 1293 32 14 om
682 1288 46 19 dess
743 1287 121 20 medvärkan

104 1315 75 20 därhän

312 1386 28 17 att
362 1385 97 19 Finlands
478 1385 80 20 ständer
574 1385 26 25 af
611 1385 57 20 Hans
682 1385 106 25 Kejserliga
804 1384 60 25 Maje-

246 1414 38 18 stät
302 1413 60 19 måtte
377 1413 30 19 till
420 1415 59 18 nästa
495 1414 90 25 landidag
599 1414 109 25 föreläggas
721 1413 61 26 nådig
792 1418 72 20 propo-

246 1441 60 20 sition
321 1441 99 26 angäende
435 1441 63 20 sädan
513 1442 85 25 ändring
612 1443 8 18 i
631 1442 97 25 grundlag
742 1442 34 19 och
790 1441 74 20 allmän

248 1470 37 24 lag,
308 1472 27 17 att
351 1470 72 19 kvinna
438 1470 56 19 säväl
507 1471 38 25 gift
560 1476 42 14 som
617 1470 50 26 ogift
682 1471 120 19 tillerkändes
813 1469 53 28 poli,

179 1513 202 23 Grundlagsutskottets
393 1514 112 18 betänkande
518 1514 38 18 N:o
568 1515 15 17 1.
