1095 1742
232 158 27 20 28
459 157 25 22 U.
505 158 25 20 B.
548 170 25 2 —
590 157 74 28 Prop.
682 158 41 21 N:o
741 157 20 21 1.

232 228 96 28 tydelse.
364 228 134 22 Detsamma
524 228 77 22 blefve
624 228 65 22 fallet
717 228 75 29 enligt
815 227 132 23 förberörda
966 227 22 22 af

233 262 100 22 Senaten
362 263 57 22 efter
446 263 122 22 enahanda
595 263 102 28 grunder
723 264 25 20 är
770 263 62 21 1902
851 262 137 22 utarbetade

231 297 88 28 förslag
337 297 37 22 till
392 298 143 29 proposition
555 298 6 21 i
580 300 83 19 ämnet.

302 331 155 22 Omförmälda
476 332 150 29 olägenheter
644 331 71 22 hafva
727 333 20 28 ej
768 331 72 22 häller
859 331 28 22 de
901 333 85 20 tvänne

232 366 31 28 pä
281 366 112 28 graderad
421 366 114 23 röstskala
554 366 94 29 byggda
666 367 87 28 förslag
772 366 35 21 till
827 365 118 22 ordnande
964 365 23 22 af

232 402 132 24 rösträtten,
388 408 48 15 som
455 401 73 22 under
551 401 94 28 frägans
663 401 144 28 behandling
825 400 136 22 framställts
980 400 8 21 i

231 434 122 22 Utskottet
377 435 43 22 och
444 439 38 18 äro
501 438 121 26 upptagna
640 435 7 22 i
667 435 115 22 särskilda
801 435 36 21 till
855 435 133 22 Utskottets

232 469 148 22 betänkande
399 470 83 29 fogade
501 470 174 28 reservationer,
695 470 91 29 lyckats
805 469 110 29 aflägsna.
942 469 46 21 Det

232 511 44 14 ena
294 503 128 23 bibehäller
449 505 43 21 den
512 512 56 14 rena
589 504 261 29 förmögenhetsskalan,
869 503 118 22 kombine-

231 537 42 22 rad
291 539 52 21 med
361 539 121 28 indelning
501 540 23 21 af
543 539 138 22 valmännen
700 539 45 22 ide
759 539 84 27 städer,
857 546 48 14 som
917 538 70 21 hafva

233 575 34 19 att
295 573 71 22 sända
391 574 70 21 minst
487 577 35 18 tre
549 576 191 26 representanter,
764 574 8 21 i
790 574 40 21 tvä
849 573 86 22 klasser
953 573 34 21 sä-

231 607 78 28 lunda,
338 610 35 19 att
396 608 37 21 till
460 608 43 22 den
526 615 42 15 ena
587 609 57 21 förts
663 608 46 22 alla
727 607 192 29 valberättigade,
938 614 48 14 som

231 641 128 23 innehafva
386 651 28 13 en
442 643 141 21 ärsinkomst
602 643 50 21 frän
673 643 48 21 600
741 643 64 21 mark
825 642 7 21 i
851 642 28 21 de
898 641 88 22 mindre

231 683 59 22 resp.
315 677 49 21 800
392 677 65 22 mark
480 678 8 20 i
516 677 27 22 de
562 680 71 19 större
653 677 109 22 städerna
780 677 60 22 ända
858 677 37 21 till
915 676 71 27 1,200

231 711 74 27 mark,
333 712 42 21 och
401 712 34 21 till
457 712 43 21 den
520 711 72 22 andra
611 712 52 27 alla,
682 711 92 22 hvilkas
793 711 102 22 inkomst
913 711 73 21 öfver-

232 745 72 29 stiger
322 746 128 22 sistnämda
469 746 89 29 belopp.
594 746 34 21 De
647 745 184 30 valberättigade
851 746 7 21 i
871 745 43 22 den
925 745 61 22 förra

231 779 93 22 klassen
343 781 62 28 finge
425 781 61 28 välja
504 789 29 14 en
552 781 112 29 tredjedel
683 781 23 22 af
725 781 89 21 antalet
830 782 156 27 representan-

231 817 41 18 ter.
309 815 33 20 De
372 815 144 22 återstående
543 816 40 21 två
601 815 170 29 tredjedelarne
790 815 73 21 skulle
881 817 63 19 utses
964 814 22 21 af

231 848 43 21 den
302 857 79 13 senare
400 850 104 21 klassens
526 850 93 21 valmän
637 850 59 21 efter
714 857 29 14 en
762 848 223 27 inkomströstskala,

231 882 43 22 där
296 884 28 20 10
343 886 74 19 röster
444 892 54 14 vore
517 884 39 22 det
574 884 83 28 högsta
675 884 127 22 röstetalet.
840 883 66 21 Efter
924 883 61 28 prin-

232 916 66 30 cipen
317 918 23 21 af
359 918 115 22 röstskala
487 918 74 22 skulle
571 918 86 29 jämväl
670 920 125 20 rösträtten
806 919 29 27 pä
845 918 78 21 landet
935 917 50 21 ord-

231 959 48 14 nas.
303 952 53 21 Med
372 953 108 21 afseende
499 954 13 20 å
525 953 62 21 hvad
601 953 68 21 ofvan
681 956 61 18 emot
755 960 28 14 en
797 952 187 29 förmögenheten

231 986 125 28 gynnande
366 987 114 22 röstskala
491 987 43 22 och
544 990 60 19 emot
614 988 101 21 klassval
725 986 154 24 öfverhufvud
891 986 94 27 anförts,

230 1019 43 23 har
279 1020 133 23 Utskottets
422 1022 76 21 flertal
508 1022 21 29 ej
541 1022 63 22 velat
611 1022 91 22 förorda
709 1021 178 29 ifrågavarande
893 1020 91 29 förslag.

230 1054 61 22 Lika
309 1055 53 22 litet
380 1056 42 22 har
440 1056 122 22 Utskottet
580 1057 30 28 pä
623 1056 26 22 de
663 1056 57 27 skäl,
734 1064 49 14 som
796 1056 68 21 ofvan
878 1054 108 23 framhäl-

230 1089 47 28 lits,
289 1090 90 22 kunnat
394 1091 91 21 ansluta
498 1091 36 28 sig
546 1091 37 21 till
596 1090 39 22 det
644 1091 87 29 förslag
741 1098 56 19 som,
807 1090 116 28 utgäende
933 1090 51 20 frän

231 1124 121 22 enahanda
372 1132 81 14 census
464 1132 47 14 som
522 1125 139 29 föregäende
670 1125 94 29 förslag,
774 1124 129 22 innehäller
913 1132 28 13 en
952 1124 33 21 sä-

229 1158 73 22 lunda
317 1159 151 22 kombinerad
486 1160 128 28 bildnings-
633 1160 43 21 och
692 1158 245 30 förmögenhetsskala,
951 1161 35 19 att

230 1192 109 30 bildning
352 1194 75 21 skulle
440 1194 102 22 medföra
555 1194 51 22 frän
616 1202 29 14 en
656 1194 35 21 till
703 1196 34 20 tre
748 1194 169 28 tilläggsröster
927 1195 59 19 samt

231 1229 35 19 att
290 1228 28 28 pä
345 1228 77 28 grund
447 1229 23 21 af
488 1228 70 29 högre
578 1228 131 22 kommunal
729 1228 150 28 beskattning
897 1226 89 30 ytterli-

229 1268 56 21 gare
312 1262 75 21 skulle
416 1263 128 21 förvärfvas
569 1264 39 20 två
633 1264 13 20 å
665 1266 34 18 tre
727 1263 177 29 tilläggsröster.
940 1261 46 21 Vid

229 1296 64 21 valet
317 1296 85 22 mellan
428 1297 65 21 dessa
515 1297 86 29 förslag
620 1298 41 21 och
681 1297 44 22 den
743 1297 88 29 nädiga
849 1296 137 29 propositio-

229 1337 57 15 nens
312 1330 147 29 bestämning
487 1339 36 14 om
551 1332 48 21 lika
617 1334 96 20 rösträtt
731 1332 37 22 för
787 1332 46 21 alla
851 1330 135 22 valberätti-

229 1364 59 28 gade
316 1365 42 22 har
384 1366 122 21 Utskottet
534 1366 78 22 funnit
629 1367 174 28 propositionen
823 1366 56 21 böra
898 1364 88 22 obetin-

227 1398 59 28 gadt
305 1400 152 22 tillerkännas
474 1400 132 22 företrädet.

302 1511 218 22 Grundlagsutskottets
534 1512 118 18 betänkande
665 1513 40 16 N:o
717 1514 15 16 1.
