1092 1739
339 150 29 22 U.
385 151 27 21 B.
427 162 29 3 —
472 150 74 28 Prop.
562 150 40 21 N:o
619 150 22 20 5.
859 148 12 19 5

114 219 140 21 oförändradt
273 219 104 27 gällande,
397 219 112 21 hvaremot
531 218 56 22 bruk
608 218 40 22 och
663 218 88 21 därmed
766 216 106 22 likställda

116 254 143 26 inrättningar
280 254 62 21 hvart
356 253 65 21 femte
436 254 23 20 år
475 253 142 22 underkastas
633 259 28 20 ny
677 252 194 26 mantalssättning.

186 287 47 21 Har
255 288 98 20 hemman
374 287 114 28 undergått
503 286 129 28 förmedling
648 286 52 21 eller
715 294 28 20 ny
759 286 112 28 uppskatt-

117 322 56 27 ning,
199 321 76 22 värkar
291 321 58 21 detta
365 322 48 20 icke
428 321 126 28 förändring
570 320 13 22 &
598 320 49 22 dess
663 320 209 28 väghållningsskyl-

116 356 79 28 dighet,
212 356 64 21 innan
292 363 27 21 ny
336 355 129 29 vägdelning
480 356 22 20 af
518 363 70 13 annan
604 354 62 22 orsak
678 355 55 25 sker,
744 354 28 21 då
784 354 36 21 det
831 362 41 20 nya

118 390 101 21 mantalet
242 390 53 21 skall
312 390 73 28 läggas
400 390 33 21 till
448 390 70 28 grund
534 390 34 20 för
585 390 130 20 densamma.
745 388 127 29 Nybyggen,

117 424 74 22 hvilka
213 424 56 22 trädt
286 425 5 20 i
307 424 64 27 skatt,
387 424 84 28 deltaga
487 424 101 26 därefter,
605 424 53 20 intill
676 423 50 21 dess
742 431 27 20 ny
786 422 87 28 vägdel-

117 460 52 26 ning
191 458 55 27 sker,
261 460 5 19 i
283 458 250 28 väghållningsbesväret
548 458 90 22 allenast
656 458 48 20 med
720 460 30 18 ett
766 457 54 21 efter
836 458 37 20 de-

117 501 33 13 ras
175 494 78 20 mantal
276 493 94 29 lämpadt
386 493 192 29 penningebelopp,
596 492 109 22 hvarefter
720 492 27 21 de
761 493 20 20 in
798 494 75 19 natura

117 528 91 28 fullgöra
223 527 154 29 skyldigheten.

189 562 11 22 I
216 570 61 13 mom.
293 563 12 20 2
323 562 12 27 $
351 563 12 20 3
379 562 138 21 tillerkännes
528 561 190 28 vägbyggnadslag
726 563 42 19 rätt
778 563 31 19 att
818 568 55 21 upp-

118 596 42 22 låta
185 599 51 26 väg-
259 597 40 21 och
322 596 312 29 bro-byggnadsskyldigheten
656 596 100 28 antingen
772 596 45 20 helt
832 595 40 21 och

118 630 66 22 hället
199 631 51 21 eller
266 631 53 21 blott
334 631 33 21 till
382 631 70 28 nägon
476 631 34 21 del
529 630 22 22 ät
566 632 138 26 entreprenör
720 630 50 21 eller
786 630 41 21 ock
843 632 30 18 att

118 666 95 20 anordna
229 665 49 22 dess
294 665 134 27 fullgörande
444 665 13 21 &
472 668 66 18 annat
553 664 95 29 lämpligt
664 666 48 19 sätt.
735 664 75 22 Beslut
826 664 47 20 här-

118 707 34 13 om
168 699 55 21 skall
238 699 55 21 dock
311 699 140 21 underställas
467 700 145 27 guvernörens
629 698 106 29 pröfning.

187 733 137 21 Beträffande
341 733 122 29 byggandet
478 733 41 21 och
545 732 133 22 underhållet
701 733 23 21 af
740 732 69 29 byväg
825 732 47 21 med

118 768 48 21 dess
189 768 62 21 broar
273 768 86 28 stadgas
376 769 6 20 i
405 769 12 26 $
434 769 19 26 5,
469 771 32 18 att
516 768 60 21 detta
592 767 80 28 åligger
688 768 96 28 samtliga
800 767 27 21 de
843 767 30 20 lä-

118 803 229 28 genhetsinnehafvare
370 805 51 18 utan
445 803 109 27 undantag
570 803 40 21 och
626 802 68 28 öfriga
710 801 163 29 vägbyggnads-

118 837 105 28 skyldige,
246 837 72 21 hvilka
340 837 83 28 betjäna
446 838 33 27 sig
502 837 22 21 af
547 838 74 27 vägen.
652 836 165 28 Delaktigheten
837 835 36 21 be-

119 873 100 20 stämmes
235 871 54 22 efter
303 871 102 22 mantalet
421 871 48 21 med
485 871 113 28 tillbörligt
612 871 103 21 afseende
728 871 13 20 å
756 871 42 20 den
814 872 59 26 nytta

119 905 80 22 enhvar
223 905 239 29 vägbyggnadsskyldig
485 905 23 21 af
524 907 68 26 vägen
608 905 134 28 tillskyndas.
772 904 101 27 Skyldig-

118 940 63 21 heten
197 940 102 28 fullgöres
315 941 21 20 in
352 942 75 19 natura
435 940 23 21 af
468 939 284 29 lägenhetsinnehafvarene,
762 939 112 22 hvaremot

119 974 59 27 bruk,
201 974 101 27 fabriker,
325 974 67 28 sägar,
415 975 98 25 kvarnar,
536 974 150 28 ölbryggerier,
709 973 41 22 och
762 973 112 22 bränvins-

119 1008 122 22 brännerier
257 1010 6 20 i
279 1009 76 21 sädant
370 1008 103 21 afseende
489 1008 89 28 bidraga
597 1008 48 21 med
662 1009 123 27 penningar,
801 1007 74 22 hvilka

119 1043 106 28 uppbäras
241 1043 40 22 och
296 1043 109 22 användas
421 1043 27 28 pä
464 1045 43 19 sätt
522 1042 33 27 de,
570 1042 74 21 hvilka
659 1043 21 20 in
696 1045 75 18 natura
781 1042 93 27 fullgöra

119 1077 105 27 besväret,
239 1077 72 22 därom
328 1077 87 22 besluta.

187 1111 137 22 Beträffande
347 1112 99 27 slutligen
471 1111 135 22 underhället
628 1111 22 21 af
679 1111 81 28 ridväg,
782 1110 92 21 inrättad

118 1146 34 21 för
174 1146 87 21 allmänt
285 1146 71 27 behof,
379 1146 86 28 stadgas
489 1147 7 20 i
519 1153 61 14 mom.
600 1147 12 20 3
636 1146 9 27 $
665 1147 8 19 1
692 1148 31 18 att
738 1145 58 21 detta
820 1145 54 20 skall

118 1180 38 21 ske
171 1181 6 20 i
194 1181 93 28 enlighet
302 1180 48 21 med
366 1180 57 21 hvad
439 1181 135 27 guvernören
590 1179 87 29 pröfvar
693 1179 97 28 lämpligt
800 1179 74 21 därom

118 1214 107 22 förordna.

187 1249 71 22 Dessa
273 1249 132 28 stadganden
417 1250 5 20 i
436 1250 54 20 1883
507 1249 33 21 års
554 1249 125 28 förordning
690 1250 76 27 utgöra
776 1247 99 29 gällande

118 1286 42 20 rätt
174 1285 8 20 i
198 1284 73 21 landet
285 1284 48 21 med
350 1283 37 22 det
402 1283 110 28 undantag
528 1283 66 21 likväl
611 1285 32 19 att
658 1282 47 21 frän
722 1283 40 21 och
775 1281 47 22 med
833 1281 43 21 den

120 1320 11 21 1
147 1319 82 28 januari
246 1319 54 20 1888
316 1317 41 22 den
373 1317 66 22 frihet
454 1317 50 21 frän
518 1317 124 28 skyldighet
654 1320 32 17 att
701 1317 85 27 deltaga
801 1317 7 20 i
824 1315 52 28 byg-

119 1353 80 28 gandet
214 1353 41 21 och
270 1351 134 22 underhållet
419 1351 135 28 aflandsväg,
576 1351 140 22 lotshemman
727 1351 105 21 därintills
844 1349 32 22 ät-

118 1388 71 27 njutit,
212 1387 72 21 blifvit
302 1386 96 29 upphäfd
414 1393 78 21 genom
509 1385 60 29 Kejs.
585 1385 103 21 Förordn.
704 1392 47 21 ang.
766 1388 57 18 utom
840 1392 36 13 an-

118 1425 39 18 nat
172 1421 145 27 lotshemman,
332 1420 75 29 gifven
424 1420 41 22 den
483 1422 27 20 15
526 1420 42 22 okt.
586 1421 60 21 1884.

189 1502 48 23 Lag-
250 1502 32 18 och
295 1501 186 19 Ekonomiutskottets
496 1500 110 19 betänkande
621 1500 35 18 N:o
670 1500 16 18 4,

893 1247 70 18 Senare
973 1246 42 23 för-

895 1275 113 22 ändringar.
