1092 1742
226 144 27 20 68
463 145 28 22 U.
509 146 27 20 B.
553 158 26 3 —
596 146 74 28 Prop.
687 146 40 22 N:o
744 146 21 21 5.

225 214 92 20 stämma
335 213 105 21 storleken
459 214 21 21 af
494 214 124 28 vägskatten
632 228 27 2 —
670 215 118 27 föreslagen
800 214 78 28 jämväl
890 214 7 21 i
911 214 75 28 nådiga

225 248 157 26 propositionen
398 261 27 2 —
443 249 38 21 har
505 249 107 21 Utskottet
635 252 68 18 ansett
726 250 32 26 sig
781 249 50 21 böra
853 249 77 21 föreslå
945 249 41 21 till-

225 282 108 20 sättandet
347 282 23 20 af
385 282 22 21 så
423 282 83 21 kallade
522 284 150 26 vägnämnder.
701 283 68 21 Dessa
784 283 71 21 blefve
867 284 117 20 emellertid

225 315 47 21 icke
295 318 142 25 permanenta,
454 319 50 19 utan
525 317 69 21 skulle
610 319 89 19 tvärtom
715 318 26 21 de
757 317 21 21 af
793 317 47 21 dem
858 317 125 21 verkställda

225 350 270 28 kostnadsberäkningarna
520 353 61 25 göras
604 352 145 21 beständande
772 352 32 20 för
818 351 23 21 sä
856 351 63 28 länga
934 352 50 20 tids-

225 384 104 27 perioder,
352 391 45 14 som
420 385 53 22 blott
496 393 49 14 vore
565 387 83 27 möjligt
668 387 47 20 med
738 387 85 26 hänsigt
845 386 31 21 till
892 386 92 21 rädande

224 419 139 21 ekonomiska
385 419 152 22 fluktuationer
560 421 37 20 och
621 421 148 27 förändringar
792 421 47 20 med
856 421 99 20 afseende
971 421 12 20 ä

223 453 89 20 trafiken
329 466 27 2 —
372 455 21 20 af
414 454 108 22 Utskottet
538 455 120 28 föreslagna
674 455 30 21 till
721 456 42 21 fem
779 455 27 21 är.
838 455 30 21 Pä
883 455 36 21 det
934 457 48 25 väg-

223 487 132 22 nämnderna
377 489 68 20 skulle
469 489 85 21 komma
577 491 30 20 att
629 489 136 21 funktionera
788 489 193 21 tillfredsställande

223 521 66 22 borde
303 523 6 19 i
325 523 48 20 dem
389 523 68 21 finnas
473 524 169 27 representeradt
656 524 46 21 icke
720 524 52 20 blott
787 523 127 21 fackmanna
929 527 50 18 utan

221 556 63 21 älveu
301 557 67 21 andra
389 557 96 22 element.
516 557 42 22 Dot
573 559 67 20 förras
655 558 84 28 uppgift
762 565 49 14 vore
835 558 87 21 framför
944 559 37 20 allt

222 592 30 19 att
269 591 34 20 vid
319 591 177 28 förrättningarna
512 592 51 21 söka
578 592 111 27 tillgodose
703 593 35 20 det
749 592 118 21 allmännas
877 593 101 20 intressen

221 625 40 20 och
279 627 42 19 rätt
336 629 54 18 samt
405 629 30 18 att
450 627 99 20 särskildt
565 627 87 27 bidraga
668 627 31 20 till
715 627 97 20 lösandet
829 627 20 20 af
861 627 25 20 de
898 627 81 27 många,

221 659 119 28 säkerligen
357 661 171 27 uppkommande
544 661 76 27 frägor,
641 661 33 21 vid
696 661 82 21 hvilkas
794 661 115 27 afgörande
922 661 57 21 fack-

221 695 168 20 mannainsikter
402 702 48 14 vore
461 696 21 20 af
494 695 76 22 nöden.
592 695 109 27 Därjämte
713 695 65 21 borde
789 696 5 19 i
807 695 171 27 vägnämnderna

219 728 51 27 ingä
286 735 105 21 personer,
407 729 89 22 utsedda
512 730 80 21 medels
609 730 31 21 val
658 731 20 20 af
691 730 213 21 förtroendemännen
920 731 57 20 inom

220 762 26 21 de
263 763 84 26 trakter,
363 764 38 20 där
416 765 148 26 vägnämnden
580 765 84 20 komme
680 767 30 18 att
725 765 63 20 hafva
801 765 31 20 sin
845 765 132 20 verksamhet

219 797 40 20 och
281 797 82 22 hvilkas
379 799 85 20 främsta
481 799 82 27 uppgift
578 799 72 21 blefve
666 801 30 19 att
712 799 33 20 vid
763 799 214 21 kostnadsberäknin-

219 837 42 21 gen
273 831 81 26 beakta,
368 833 55 20 hvad
439 834 22 20 af
475 833 104 21 särskilda
594 833 191 22 ortsförhällanden
801 833 122 27 päkallades
939 834 38 20 och

219 865 124 27 därigenom
359 867 78 26 jämväl
453 868 26 20 de
496 868 68 20 skilda
579 868 165 20 kommunernas
760 868 56 20 inom
834 868 141 26 vägnämnds-

218 899 107 22 distriktet
341 901 109 21 intressen.
480 902 41 20 För
536 904 30 18 att
582 902 127 20 härutinnan
727 902 73 20 kunna
817 902 52 26 fylla
889 902 26 20 de
936 902 41 20 for-

218 934 93 27 dringar,
326 942 46 14 som
387 936 12 20 å
415 936 48 20 dem
479 936 91 26 ställdes,
586 936 65 21 borde
667 937 25 20 de
710 936 60 21 valde
787 938 58 19 utses
857 936 62 21 bland
931 943 45 20 per-

217 975 64 14 soner
296 970 47 20 med
360 970 94 27 förmäga
470 973 30 18 att
515 971 101 27 opartiskt
632 971 39 20 och
686 972 41 19 rätt
738 970 90 21 bedöma
840 971 137 21 ekonomiska

216 1002 148 22 förhällanden
380 1004 7 20 i
403 1004 115 21 allmänhet
532 1005 109 21 äfvensom
662 1005 32 20 väl
713 1005 108 27 förtrogna
839 1005 47 20 med
898 1005 78 20 sädana

217 1038 187 27 omständigheter,
427 1046 44 14 som
497 1040 34 20 vid
555 1039 272 27 kostnadsberäkningarna
853 1039 65 21 borde
941 1039 35 21 be-

216 1071 67 21 aktas.
308 1072 41 21 För
365 1075 29 19 att
410 1074 123 27 möjliggöra
549 1074 35 20 det
600 1074 131 21 sistoämnda
748 1080 48 14 vore
813 1073 70 21 därför
898 1074 77 27 nödigt,

216 1108 31 18 att
263 1107 142 21 nämndernas
421 1108 245 21 verksamhetsomräden
683 1108 46 21 icke
742 1108 85 27 gjordes
838 1108 136 20 öfverhöfvan

216 1140 135 28 vidsträckta,
362 1142 77 20 medan
451 1142 12 21 å
478 1142 66 21 andra
564 1143 59 20 sidan
637 1142 79 22 antalet
736 1142 21 21 af
773 1142 72 27 dylika
861 1144 114 25 vägnämn-

218 1174 43 26 der,
277 1175 27 27 pä
319 1176 36 20 det
371 1176 204 28 uppskattningarna
590 1176 69 22 sävidt
674 1177 82 27 möjligt
772 1176 69 21 skulle
857 1177 81 27 präglas
955 1177 20 21 af

214 1209 138 27 enhetlighet,
373 1210 47 21 icke
449 1211 66 21 häller
543 1211 65 21 borde
632 1211 92 27 tilltagas
753 1210 70 21 alltför
861 1213 56 19 stort.
947 1224 28 2 —

216 1242 109 22 Utskottet
349 1244 38 20 har
409 1245 6 20 i
438 1245 76 21 sädant
535 1245 99 21 afseende
665 1245 109 27 föreslagit
801 1245 60 27 högst
887 1247 30 19 tre
942 1245 33 21 för

215 1277 74 28 hvarje
305 1278 40 20 län.

284 1312 51 21 Man
347 1313 37 21 har
399 1314 56 26 gjort
470 1314 104 27 gällande,
590 1316 30 19 att
635 1314 246 27 kostnadsberäkningar
895 1314 79 20 sädana

213 1352 46 15 som
269 1353 29 14 nu
306 1347 160 27 ifrågavarande
477 1350 35 19 äro
524 1348 61 21 svåra
594 1351 30 18 att
635 1349 113 21 verkställa
759 1348 40 21 och
809 1348 32 21 till
852 1348 52 27 följd
915 1348 59 20 häraf

213 1380 61 21 alltid
288 1382 46 20 visa
345 1382 32 26 sig
388 1389 49 14 vara
452 1389 46 15 mer
513 1383 51 20 eller
579 1383 83 21 mindre
677 1382 114 22 ohållbara.
815 1382 107 22 Utskottet
936 1383 38 20 har

213 1414 125 28 visserligen
352 1416 55 21 velat
422 1417 107 27 medgifva
544 1419 30 19 att
594 1418 86 26 misstag
700 1417 74 21 härvid
796 1417 72 21 kunna
889 1418 84 20 komma

208 1449 35 20 att
259 1449 69 27 begås,
349 1456 50 15 men
421 1451 66 20 håller
510 1451 52 21 dock
586 1451 44 21 före
646 1453 30 19 att
691 1453 67 19 större
774 1451 79 20 sådana
868 1451 48 21 med
933 1451 40 21 till-

282 1495 49 22 Lag-
343 1496 33 17 och
389 1496 185 19 Ekonomiutskottets
586 1497 113 18 betänkande
712 1497 38 18 N:o
762 1499 16 16 4.
