<?xml version="1.0" encoding="UTF-8"?>
<alto xmlns="http://www.loc.gov/standards/alto/ns-v3#" xmlns:xlink="http://www.w3.org/1999/xlink" xmlns:xsi="http://www.w3.org/2001/XMLSchema-instance" xsi:schemaLocation="http://www.loc.gov/standards/alto/ns-v3# http://www.loc.gov/alto/v3/alto-3-0.xsd">
	<Description>
		<MeasurementUnit>pixel</MeasurementUnit>
		<sourceImageInformation>
			<fileName>/tmp/tess_c3yyewq9_input.PNG</fileName>
		</sourceImageInformation>
		<OCRProcessing ID="OCR_0">
			<ocrProcessingStep>
				<processingSoftware>
					<softwareName>tesseract 5.3.4</softwareName>
				</processingSoftware>
			</ocrProcessingStep>
		</OCRProcessing>
	</Description>
	<Layout>
		<Page WIDTH="1095" HEIGHT="1739" PHYSICAL_IMG_NR="0" ID="page_0">
			<PrintSpace HPOS="0" VPOS="0" WIDTH="1095" HEIGHT="1739">
				<ComposedBlock ID="cblock_0" HPOS="463" VPOS="112" WIDTH="380" HEIGHT="23">
					<TextBlock ID="block_0" HPOS="463" VPOS="112" WIDTH="380" HEIGHT="23">
						<TextLine ID="line_0" HPOS="463" VPOS="112" WIDTH="380" HEIGHT="23">
							<String ID="string_0" HPOS="463" VPOS="112" WIDTH="44" HEIGHT="22" WC="0.94" CONTENT="N:o"/><SP WIDTH="11" VPOS="112" HPOS="507"/>
							<String ID="string_1" HPOS="518" VPOS="114" WIDTH="13" HEIGHT="21" WC="0.94" CONTENT="5"/><SP WIDTH="288" VPOS="114" HPOS="531"/>
							<String ID="string_2" HPOS="819" VPOS="113" WIDTH="24" HEIGHT="21" WC="0.95" CONTENT="21"/>
						</TextLine>
					</TextBlock>
				</ComposedBlock>
				<ComposedBlock ID="cblock_1" HPOS="119" VPOS="180" WIDTH="758" HEIGHT="271">
					<TextBlock ID="block_1" HPOS="119" VPOS="180" WIDTH="756" HEIGHT="63">
						<TextLine ID="line_1" HPOS="119" VPOS="180" WIDTH="756" HEIGHT="29">
							<String ID="string_3" HPOS="119" VPOS="180" WIDTH="48" HEIGHT="22" WC="0.96" CONTENT="dad"/><SP WIDTH="21" VPOS="180" HPOS="167"/>
							<String ID="string_4" HPOS="188" VPOS="187" WIDTH="86" HEIGHT="22" WC="0.93" CONTENT="genom"/><SP WIDTH="23" VPOS="187" HPOS="274"/>
							<String ID="string_5" HPOS="297" VPOS="181" WIDTH="171" HEIGHT="22" WC="0.91" CONTENT="sammanskott"/><SP WIDTH="21" VPOS="181" HPOS="468"/>
							<String ID="string_6" HPOS="489" VPOS="181" WIDTH="27" HEIGHT="22" WC="0.93" CONTENT="af"/><SP WIDTH="20" VPOS="181" HPOS="516"/>
							<String ID="string_7" HPOS="536" VPOS="180" WIDTH="281" HEIGHT="29" WC="0.91" CONTENT="väghållningsskyldige,"/><SP WIDTH="16" VPOS="180" HPOS="817"/>
							<String ID="string_8" HPOS="833" VPOS="187" WIDTH="42" HEIGHT="22" WC="0.91" CONTENT="ege"/>
						</TextLine>
						<TextLine ID="line_2" HPOS="119" VPOS="214" WIDTH="320" HEIGHT="29">
							<String ID="string_9" HPOS="119" VPOS="214" WIDTH="31" HEIGHT="22" WC="0.96" CONTENT="de"/><SP WIDTH="14" VPOS="214" HPOS="150"/>
							<String ID="string_10" HPOS="164" VPOS="216" WIDTH="36" HEIGHT="20" WC="0.93" CONTENT="att"/><SP WIDTH="16" VPOS="216" HPOS="200"/>
							<String ID="string_11" HPOS="216" VPOS="215" WIDTH="108" HEIGHT="22" WC="0.91" CONTENT="deröfver"/><SP WIDTH="14" VPOS="215" HPOS="324"/>
							<String ID="string_12" HPOS="338" VPOS="215" WIDTH="101" HEIGHT="28" WC="0.96" CONTENT="förfoga."/>
						</TextLine>
					</TextBlock>
					<TextBlock ID="block_2" HPOS="119" VPOS="248" WIDTH="758" HEIGHT="203">
						<TextLine ID="line_3" HPOS="189" VPOS="248" WIDTH="686" HEIGHT="30">
							<String ID="string_13" HPOS="189" VPOS="249" WIDTH="71" HEIGHT="22" WC="0.96" CONTENT="Hvad"/><SP WIDTH="15" VPOS="249" HPOS="260"/>
							<String ID="string_14" HPOS="275" VPOS="249" WIDTH="99" HEIGHT="22" WC="0.93" CONTENT="sålunda"/><SP WIDTH="23" VPOS="249" HPOS="374"/>
							<String ID="string_15" HPOS="397" VPOS="249" WIDTH="105" HEIGHT="29" WC="0.90" CONTENT="stadgats"/><SP WIDTH="15" VPOS="249" HPOS="502"/>
							<String ID="string_16" HPOS="517" VPOS="249" WIDTH="39" HEIGHT="22" WC="0.96" CONTENT="må"/><SP WIDTH="14" VPOS="249" HPOS="556"/>
							<String ID="string_17" HPOS="570" VPOS="249" WIDTH="22" HEIGHT="29" WC="0.95" CONTENT="ej"/><SP WIDTH="16" VPOS="249" HPOS="592"/>
							<String ID="string_18" HPOS="608" VPOS="248" WIDTH="119" HEIGHT="29" WC="0.93" CONTENT="tillämpas"/><SP WIDTH="16" VPOS="248" HPOS="727"/>
							<String ID="string_19" HPOS="743" VPOS="249" WIDTH="14" HEIGHT="21" WC="0.91" CONTENT="å"/><SP WIDTH="15" VPOS="249" HPOS="757"/>
							<String ID="string_20" HPOS="772" VPOS="248" WIDTH="103" HEIGHT="22" WC="0.91" CONTENT="förefint-"/>
						</TextLine>
						<TextLine ID="line_4" HPOS="119" VPOS="282" WIDTH="758" HEIGHT="30">
							<String ID="string_21" HPOS="119" VPOS="282" WIDTH="50" HEIGHT="29" WC="0.96" CONTENT="liga"/><SP WIDTH="15" VPOS="282" HPOS="169"/>
							<String ID="string_22" HPOS="184" VPOS="283" WIDTH="74" HEIGHT="22" WC="0.93" CONTENT="under"/><SP WIDTH="22" VPOS="283" HPOS="258"/>
							<String ID="string_23" HPOS="280" VPOS="283" WIDTH="165" HEIGHT="28" WC="0.91" CONTENT="länestyrelses"/><SP WIDTH="23" VPOS="283" HPOS="445"/>
							<String ID="string_24" HPOS="468" VPOS="283" WIDTH="146" HEIGHT="29" WC="0.96" CONTENT="förvaltning"/><SP WIDTH="15" VPOS="283" HPOS="614"/>
							<String ID="string_25" HPOS="629" VPOS="283" WIDTH="96" HEIGHT="22" WC="0.96" CONTENT="stående"/><SP WIDTH="16" VPOS="283" HPOS="725"/>
							<String ID="string_26" HPOS="741" VPOS="282" WIDTH="82" HEIGHT="22" WC="0.96" CONTENT="fonder"/><SP WIDTH="16" VPOS="282" HPOS="823"/>
							<String ID="string_27" HPOS="839" VPOS="283" WIDTH="38" HEIGHT="21" WC="0.96" CONTENT="för"/>
						</TextLine>
						<TextLine ID="line_5" HPOS="120" VPOS="317" WIDTH="755" HEIGHT="29">
							<String ID="string_28" HPOS="120" VPOS="317" WIDTH="127" HEIGHT="29" WC="0.94" CONTENT="byggande"/><SP WIDTH="21" VPOS="317" HPOS="247"/>
							<String ID="string_29" HPOS="268" VPOS="317" WIDTH="57" HEIGHT="22" WC="0.94" CONTENT="eller"/><SP WIDTH="21" VPOS="317" HPOS="325"/>
							<String ID="string_30" HPOS="346" VPOS="317" WIDTH="124" HEIGHT="22" WC="0.92" CONTENT="underhåll"/><SP WIDTH="16" VPOS="317" HPOS="470"/>
							<String ID="string_31" HPOS="486" VPOS="318" WIDTH="26" HEIGHT="21" WC="0.96" CONTENT="af"/><SP WIDTH="16" VPOS="318" HPOS="512"/>
							<String ID="string_32" HPOS="528" VPOS="317" WIDTH="117" HEIGHT="22" WC="0.96" CONTENT="särskilda"/><SP WIDTH="22" VPOS="317" HPOS="645"/>
							<String ID="string_33" HPOS="667" VPOS="317" WIDTH="118" HEIGHT="22" WC="0.96" CONTENT="allmänna"/><SP WIDTH="15" VPOS="317" HPOS="785"/>
							<String ID="string_34" HPOS="800" VPOS="317" WIDTH="75" HEIGHT="28" WC="0.96" CONTENT="broar,"/>
						</TextLine>
						<TextLine ID="line_6" HPOS="119" VPOS="351" WIDTH="756" HEIGHT="30">
							<String ID="string_35" HPOS="119" VPOS="354" WIDTH="59" HEIGHT="20" WC="0.95" CONTENT="utan"/><SP WIDTH="15" VPOS="354" HPOS="178"/>
							<String ID="string_36" HPOS="193" VPOS="352" WIDTH="75" HEIGHT="29" WC="0.96" CONTENT="gäller"/><SP WIDTH="22" VPOS="352" HPOS="268"/>
							<String ID="string_37" HPOS="290" VPOS="352" WIDTH="147" HEIGHT="22" WC="0.96" CONTENT="beträffande"/><SP WIDTH="25" VPOS="352" HPOS="437"/>
							<String ID="string_38" HPOS="462" VPOS="352" WIDTH="66" HEIGHT="22" WC="0.96" CONTENT="dessa"/><SP WIDTH="15" VPOS="352" HPOS="528"/>
							<String ID="string_39" HPOS="543" VPOS="352" WIDTH="44" HEIGHT="22" WC="0.96" CONTENT="och"/><SP WIDTH="15" VPOS="352" HPOS="587"/>
							<String ID="string_40" HPOS="602" VPOS="351" WIDTH="74" HEIGHT="23" WC="0.95" CONTENT="andra"/><SP WIDTH="15" VPOS="351" HPOS="676"/>
							<String ID="string_41" HPOS="691" VPOS="351" WIDTH="80" HEIGHT="29" WC="0.96" CONTENT="dylika"/><SP WIDTH="15" VPOS="351" HPOS="771"/>
							<String ID="string_42" HPOS="786" VPOS="351" WIDTH="89" HEIGHT="28" WC="0.96" CONTENT="fonder,"/>
						</TextLine>
						<TextLine ID="line_7" HPOS="120" VPOS="385" WIDTH="755" HEIGHT="30">
							<String ID="string_43" HPOS="120" VPOS="393" WIDTH="50" HEIGHT="15" WC="0.93" CONTENT="som"/><SP WIDTH="16" VPOS="393" HPOS="170"/>
							<String ID="string_44" HPOS="186" VPOS="386" WIDTH="125" HEIGHT="23" WC="0.92" CONTENT="framdeles"/><SP WIDTH="22" VPOS="386" HPOS="311"/>
							<String ID="string_45" HPOS="333" VPOS="386" WIDTH="159" HEIGHT="29" WC="0.92" CONTENT="tilläfventyrs"/><SP WIDTH="20" VPOS="386" HPOS="492"/>
							<String ID="string_46" HPOS="512" VPOS="387" WIDTH="137" HEIGHT="28" WC="0.96" CONTENT="tillkomma,"/><SP WIDTH="17" VPOS="387" HPOS="649"/>
							<String ID="string_47" HPOS="666" VPOS="386" WIDTH="63" HEIGHT="22" WC="0.95" CONTENT="hvad"/><SP WIDTH="14" VPOS="386" HPOS="729"/>
							<String ID="string_48" HPOS="743" VPOS="386" WIDTH="37" HEIGHT="22" WC="0.95" CONTENT="för"/><SP WIDTH="15" VPOS="386" HPOS="780"/>
							<String ID="string_49" HPOS="795" VPOS="385" WIDTH="80" HEIGHT="29" WC="0.96" CONTENT="hvarje"/>
						</TextLine>
						<TextLine ID="line_8" HPOS="121" VPOS="420" WIDTH="452" HEIGHT="31">
							<String ID="string_50" HPOS="121" VPOS="420" WIDTH="59" HEIGHT="22" WC="0.96" CONTENT="fond"/><SP WIDTH="15" VPOS="420" HPOS="180"/>
							<String ID="string_51" HPOS="195" VPOS="424" WIDTH="26" HEIGHT="18" WC="0.95" CONTENT="är"/><SP WIDTH="15" VPOS="424" HPOS="221"/>
							<String ID="string_52" HPOS="236" VPOS="421" WIDTH="56" HEIGHT="22" WC="0.96" CONTENT="eller"/><SP WIDTH="14" VPOS="421" HPOS="292"/>
							<String ID="string_53" HPOS="306" VPOS="421" WIDTH="48" HEIGHT="22" WC="0.93" CONTENT="kan"/><SP WIDTH="15" VPOS="421" HPOS="354"/>
							<String ID="string_54" HPOS="369" VPOS="421" WIDTH="72" HEIGHT="22" WC="0.92" CONTENT="varda"/><SP WIDTH="14" VPOS="421" HPOS="441"/>
							<String ID="string_55" HPOS="455" VPOS="421" WIDTH="118" HEIGHT="30" WC="0.91" CONTENT="stadgadt."/>
						</TextLine>
					</TextBlock>
				</ComposedBlock>
				<ComposedBlock ID="cblock_2" HPOS="120" VPOS="498" WIDTH="759" HEIGHT="956">
					<TextBlock ID="block_3" HPOS="470" VPOS="498" WIDTH="62" HEIGHT="26">
						<TextLine ID="line_9" HPOS="470" VPOS="498" WIDTH="62" HEIGHT="26">
							<String ID="string_56" HPOS="470" VPOS="498" WIDTH="26" HEIGHT="20" WC="0.96" CONTENT="34"/><SP WIDTH="16" VPOS="498" HPOS="496"/>
							<String ID="string_57" HPOS="512" VPOS="498" WIDTH="20" HEIGHT="26" WC="0.91" CONTENT="8."/>
						</TextLine>
					</TextBlock>
					<TextBlock ID="block_4" HPOS="121" VPOS="540" WIDTH="756" HEIGHT="236">
						<TextLine ID="line_10" HPOS="190" VPOS="540" WIDTH="686" HEIGHT="30">
							<String ID="string_58" HPOS="190" VPOS="540" WIDTH="223" HEIGHT="30" WC="0.91" CONTENT="Vägbyggnadslag,"/><SP WIDTH="20" VPOS="540" HPOS="413"/>
							<String ID="string_59" HPOS="433" VPOS="549" WIDTH="50" HEIGHT="14" WC="0.96" CONTENT="som"/><SP WIDTH="17" VPOS="549" HPOS="483"/>
							<String ID="string_60" HPOS="500" VPOS="542" WIDTH="43" HEIGHT="21" WC="0.96" CONTENT="har"/><SP WIDTH="17" VPOS="542" HPOS="543"/>
							<String ID="string_61" HPOS="560" VPOS="542" WIDTH="36" HEIGHT="28" WC="0.93" CONTENT="sig"/><SP WIDTH="18" VPOS="542" HPOS="596"/>
							<String ID="string_62" HPOS="614" VPOS="540" WIDTH="81" HEIGHT="30" WC="0.92" CONTENT="ålagdt"/><SP WIDTH="18" VPOS="540" HPOS="695"/>
							<String ID="string_63" HPOS="713" VPOS="542" WIDTH="35" HEIGHT="20" WC="0.96" CONTENT="att"/><SP WIDTH="15" VPOS="542" HPOS="748"/>
							<String ID="string_64" HPOS="763" VPOS="540" WIDTH="61" HEIGHT="29" WC="0.93" CONTENT="färja"/><SP WIDTH="17" VPOS="540" HPOS="824"/>
							<String ID="string_65" HPOS="841" VPOS="540" WIDTH="35" HEIGHT="22" WC="0.88" CONTENT="öf-"/>
						</TextLine>
						<TextLine ID="line_11" HPOS="121" VPOS="574" WIDTH="754" HEIGHT="30">
							<String ID="string_66" HPOS="121" VPOS="582" WIDTH="41" HEIGHT="15" WC="0.96" CONTENT="ver"/><SP WIDTH="14" VPOS="582" HPOS="162"/>
							<String ID="string_67" HPOS="176" VPOS="575" WIDTH="141" HEIGHT="29" WC="0.95" CONTENT="vattendrag"/><SP WIDTH="13" VPOS="575" HPOS="317"/>
							<String ID="string_68" HPOS="330" VPOS="575" WIDTH="144" HEIGHT="29" WC="0.95" CONTENT="underhålla,"/><SP WIDTH="14" VPOS="575" HPOS="474"/>
							<String ID="string_69" HPOS="488" VPOS="583" WIDTH="55" HEIGHT="15" WC="0.93" CONTENT="vare"/><SP WIDTH="19" VPOS="583" HPOS="543"/>
							<String ID="string_70" HPOS="562" VPOS="575" WIDTH="143" HEIGHT="29" WC="0.91" CONTENT="berättigadt"/><SP WIDTH="14" VPOS="575" HPOS="705"/>
							<String ID="string_71" HPOS="719" VPOS="577" WIDTH="34" HEIGHT="20" WC="0.96" CONTENT="att"/><SP WIDTH="16" VPOS="577" HPOS="753"/>
							<String ID="string_72" HPOS="769" VPOS="575" WIDTH="37" HEIGHT="21" WC="0.93" CONTENT="för"/><SP WIDTH="15" VPOS="575" HPOS="806"/>
							<String ID="string_73" HPOS="821" VPOS="574" WIDTH="54" HEIGHT="22" WC="0.90" CONTENT="den-"/>
						</TextLine>
						<TextLine ID="line_12" HPOS="123" VPOS="610" WIDTH="752" HEIGHT="29">
							<String ID="string_74" HPOS="123" VPOS="617" WIDTH="100" HEIGHT="15" WC="0.92" CONTENT="sammas"/><SP WIDTH="17" VPOS="617" HPOS="223"/>
							<String ID="string_75" HPOS="240" VPOS="610" WIDTH="155" HEIGHT="29" WC="0.92" CONTENT="begagnande"/><SP WIDTH="16" VPOS="610" HPOS="395"/>
							<String ID="string_76" HPOS="411" VPOS="610" WIDTH="105" HEIGHT="29" WC="0.96" CONTENT="uppbära"/><SP WIDTH="18" VPOS="610" HPOS="516"/>
							<String ID="string_77" HPOS="534" VPOS="610" WIDTH="76" HEIGHT="29" WC="0.93" CONTENT="skälig"/><SP WIDTH="18" VPOS="610" HPOS="610"/>
							<String ID="string_78" HPOS="628" VPOS="610" WIDTH="73" HEIGHT="29" WC="0.91" CONTENT="afgift"/><SP WIDTH="16" VPOS="610" HPOS="701"/>
							<String ID="string_79" HPOS="717" VPOS="611" WIDTH="9" HEIGHT="21" WC="0.96" CONTENT="i"/><SP WIDTH="14" VPOS="611" HPOS="726"/>
							<String ID="string_80" HPOS="740" VPOS="610" WIDTH="135" HEIGHT="28" WC="0.96" CONTENT="penningar,"/>
						</TextLine>
						<TextLine ID="line_13" HPOS="123" VPOS="644" WIDTH="754" HEIGHT="30">
							<String ID="string_81" HPOS="123" VPOS="644" WIDTH="62" HEIGHT="22" WC="0.96" CONTENT="dock"/><SP WIDTH="16" VPOS="644" HPOS="185"/>
							<String ID="string_82" HPOS="201" VPOS="644" WIDTH="83" HEIGHT="22" WC="0.96" CONTENT="endast"/><SP WIDTH="10" VPOS="644" HPOS="284"/>
							<String ID="string_83" HPOS="294" VPOS="645" WIDTH="27" HEIGHT="21" WC="0.96" CONTENT="af"/><SP WIDTH="8" VPOS="645" HPOS="321"/>
							<String ID="string_84" HPOS="329" VPOS="652" WIDTH="116" HEIGHT="22" WC="0.95" CONTENT="personer,"/><SP WIDTH="14" VPOS="652" HPOS="445"/>
							<String ID="string_85" HPOS="459" VPOS="646" WIDTH="92" HEIGHT="21" WC="0.96" CONTENT="bosatta"/><SP WIDTH="10" VPOS="646" HPOS="551"/>
							<String ID="string_86" HPOS="561" VPOS="648" WIDTH="65" HEIGHT="19" WC="0.93" CONTENT="utom"/><SP WIDTH="10" VPOS="648" HPOS="626"/>
							<String ID="string_87" HPOS="636" VPOS="644" WIDTH="241" HEIGHT="30" WC="0.91" CONTENT="vägbyggnadslaget."/>
						</TextLine>
						<TextLine ID="line_14" HPOS="123" VPOS="678" WIDTH="752" HEIGHT="30">
							<String ID="string_88" HPOS="123" VPOS="678" WIDTH="116" HEIGHT="30" WC="0.96" CONTENT="Beloppet"/><SP WIDTH="15" VPOS="678" HPOS="239"/>
							<String ID="string_89" HPOS="254" VPOS="679" WIDTH="27" HEIGHT="21" WC="0.96" CONTENT="af"/><SP WIDTH="13" VPOS="679" HPOS="281"/>
							<String ID="string_90" HPOS="294" VPOS="678" WIDTH="77" HEIGHT="22" WC="0.93" CONTENT="denna"/><SP WIDTH="10" VPOS="678" HPOS="371"/>
							<String ID="string_91" HPOS="381" VPOS="679" WIDTH="73" HEIGHT="29" WC="0.92" CONTENT="afgift"/><SP WIDTH="9" VPOS="679" HPOS="454"/>
							<String ID="string_92" HPOS="463" VPOS="680" WIDTH="139" HEIGHT="22" WC="0.93" CONTENT="bestämmes"/><SP WIDTH="11" VPOS="680" HPOS="602"/>
							<String ID="string_93" HPOS="613" VPOS="680" WIDTH="13" HEIGHT="21" WC="0.92" CONTENT="å"/><SP WIDTH="11" VPOS="680" HPOS="626"/>
							<String ID="string_94" HPOS="637" VPOS="678" WIDTH="238" HEIGHT="28" WC="0.91" CONTENT="kommunalstämma,"/>
						</TextLine>
						<TextLine ID="line_15" HPOS="122" VPOS="712" WIDTH="755" HEIGHT="30">
							<String ID="string_95" HPOS="122" VPOS="712" WIDTH="70" HEIGHT="22" WC="0.96" CONTENT="hvars"/><SP WIDTH="16" VPOS="712" HPOS="192"/>
							<String ID="string_96" HPOS="208" VPOS="713" WIDTH="78" HEIGHT="22" WC="0.96" CONTENT="beslut"/><SP WIDTH="15" VPOS="713" HPOS="286"/>
							<String ID="string_97" HPOS="301" VPOS="713" WIDTH="79" HEIGHT="22" WC="0.96" CONTENT="derom"/><SP WIDTH="16" VPOS="713" HPOS="380"/>
							<String ID="string_98" HPOS="396" VPOS="713" WIDTH="61" HEIGHT="23" WC="0.95" CONTENT="skall"/><SP WIDTH="14" VPOS="713" HPOS="457"/>
							<String ID="string_99" HPOS="471" VPOS="714" WIDTH="37" HEIGHT="22" WC="0.93" CONTENT="till"/><SP WIDTH="15" VPOS="714" HPOS="508"/>
							<String ID="string_100" HPOS="523" VPOS="714" WIDTH="165" HEIGHT="22" WC="0.90" CONTENT="Guvernörens"/><SP WIDTH="10" VPOS="714" HPOS="688"/>
							<String ID="string_101" HPOS="698" VPOS="713" WIDTH="112" HEIGHT="29" WC="0.90" CONTENT="pröfning"/><SP WIDTH="9" VPOS="713" HPOS="810"/>
							<String ID="string_102" HPOS="819" VPOS="712" WIDTH="58" HEIGHT="22" WC="0.92" CONTENT="hän-"/>
						</TextLine>
						<TextLine ID="line_16" HPOS="121" VPOS="747" WIDTH="98" HEIGHT="29">
							<String ID="string_103" HPOS="121" VPOS="747" WIDTH="98" HEIGHT="29" WC="0.96" CONTENT="skjutas."/>
						</TextLine>
					</TextBlock>
					<TextBlock ID="block_5" HPOS="121" VPOS="782" WIDTH="755" HEIGHT="97">
						<TextLine ID="line_17" HPOS="191" VPOS="782" WIDTH="685" HEIGHT="30">
							<String ID="string_104" HPOS="191" VPOS="782" WIDTH="71" HEIGHT="29" WC="0.96" CONTENT="Taxa,"/><SP WIDTH="16" VPOS="782" HPOS="262"/>
							<String ID="string_105" HPOS="278" VPOS="782" WIDTH="75" HEIGHT="29" WC="0.96" CONTENT="enligt"/><SP WIDTH="14" VPOS="782" HPOS="353"/>
							<String ID="string_106" HPOS="367" VPOS="782" WIDTH="97" HEIGHT="22" WC="0.93" CONTENT="hvilken"/><SP WIDTH="14" VPOS="782" HPOS="464"/>
							<String ID="string_107" HPOS="478" VPOS="783" WIDTH="179" HEIGHT="29" WC="0.91" CONTENT="färjpenningar"/><SP WIDTH="14" VPOS="783" HPOS="657"/>
							<String ID="string_108" HPOS="671" VPOS="782" WIDTH="26" HEIGHT="22" WC="0.93" CONTENT="få"/><SP WIDTH="10" VPOS="782" HPOS="697"/>
							<String ID="string_109" HPOS="707" VPOS="782" WIDTH="121" HEIGHT="29" WC="0.92" CONTENT="uppbäras,"/><SP WIDTH="11" VPOS="782" HPOS="828"/>
							<String ID="string_110" HPOS="839" VPOS="782" WIDTH="37" HEIGHT="21" WC="0.92" CONTENT="ut-"/>
						</TextLine>
						<TextLine ID="line_18" HPOS="121" VPOS="816" WIDTH="755" HEIGHT="30">
							<String ID="string_111" HPOS="121" VPOS="816" WIDTH="81" HEIGHT="22" WC="0.96" CONTENT="färdas"/><SP WIDTH="15" VPOS="816" HPOS="202"/>
							<String ID="string_112" HPOS="217" VPOS="817" WIDTH="27" HEIGHT="21" WC="0.97" CONTENT="af"/><SP WIDTH="14" VPOS="817" HPOS="244"/>
							<String ID="string_113" HPOS="258" VPOS="816" WIDTH="152" HEIGHT="23" WC="0.96" CONTENT="Guvernören"/><SP WIDTH="22" VPOS="816" HPOS="410"/>
							<String ID="string_114" HPOS="432" VPOS="817" WIDTH="44" HEIGHT="22" WC="0.96" CONTENT="och"/><SP WIDTH="18" VPOS="817" HPOS="476"/>
							<String ID="string_115" HPOS="494" VPOS="818" WIDTH="61" HEIGHT="21" WC="0.95" CONTENT="skall"/><SP WIDTH="14" VPOS="818" HPOS="555"/>
							<String ID="string_116" HPOS="569" VPOS="818" WIDTH="41" HEIGHT="21" WC="0.93" CONTENT="vid"/><SP WIDTH="15" VPOS="818" HPOS="610"/>
							<String ID="string_117" HPOS="625" VPOS="816" WIDTH="127" HEIGHT="30" WC="0.91" CONTENT="färjstället"/><SP WIDTH="14" VPOS="816" HPOS="752"/>
							<String ID="string_118" HPOS="766" VPOS="823" WIDTH="55" HEIGHT="15" WC="0.93" CONTENT="vara"/><SP WIDTH="15" VPOS="823" HPOS="821"/>
							<String ID="string_119" HPOS="836" VPOS="823" WIDTH="40" HEIGHT="14" WC="0.91" CONTENT="an-"/>
						</TextLine>
						<TextLine ID="line_19" HPOS="121" VPOS="850" WIDTH="89" HEIGHT="29">
							<String ID="string_120" HPOS="121" VPOS="850" WIDTH="89" HEIGHT="29" WC="0.96" CONTENT="slagen."/>
						</TextLine>
					</TextBlock>
					<TextBlock ID="block_6" HPOS="472" VPOS="900" WIDTH="63" HEIGHT="26">
						<TextLine ID="line_20" HPOS="472" VPOS="900" WIDTH="63" HEIGHT="26">
							<String ID="string_121" HPOS="472" VPOS="900" WIDTH="26" HEIGHT="20" WC="0.94" CONTENT="35"/><SP WIDTH="16" VPOS="900" HPOS="498"/>
							<String ID="string_122" HPOS="514" VPOS="900" WIDTH="21" HEIGHT="26" WC="0.75" CONTENT="8."/>
						</TextLine>
					</TextBlock>
					<TextBlock ID="block_7" HPOS="120" VPOS="941" WIDTH="759" HEIGHT="513">
						<TextLine ID="line_21" HPOS="190" VPOS="941" WIDTH="687" HEIGHT="31">
							<String ID="string_123" HPOS="190" VPOS="942" WIDTH="65" HEIGHT="29" WC="0.93" CONTENT="Vilja"/><SP WIDTH="25" VPOS="942" HPOS="255"/>
							<String ID="string_124" HPOS="280" VPOS="942" WIDTH="107" HEIGHT="30" WC="0.91" CONTENT="delegare"/><SP WIDTH="20" VPOS="942" HPOS="387"/>
							<String ID="string_125" HPOS="407" VPOS="943" WIDTH="8" HEIGHT="21" WC="0.96" CONTENT="i"/><SP WIDTH="18" VPOS="943" HPOS="415"/>
							<String ID="string_126" HPOS="433" VPOS="943" WIDTH="42" HEIGHT="22" WC="0.93" CONTENT="bro"/><SP WIDTH="21" VPOS="943" HPOS="475"/>
							<String ID="string_127" HPOS="496" VPOS="944" WIDTH="14" HEIGHT="21" WC="0.92" CONTENT="&amp;"/><SP WIDTH="19" VPOS="944" HPOS="510"/>
							<String ID="string_128" HPOS="529" VPOS="944" WIDTH="115" HEIGHT="28" WC="0.95" CONTENT="landsväg"/><SP WIDTH="24" VPOS="944" HPOS="644"/>
							<String ID="string_129" HPOS="668" VPOS="943" WIDTH="72" HEIGHT="22" WC="0.95" CONTENT="vinna"/><SP WIDTH="23" VPOS="943" HPOS="740"/>
							<String ID="string_130" HPOS="763" VPOS="941" WIDTH="114" HEIGHT="30" WC="0.95" CONTENT="rättighet"/>
						</TextLine>
						<TextLine ID="line_22" HPOS="121" VPOS="976" WIDTH="756" HEIGHT="29">
							<String ID="string_131" HPOS="121" VPOS="978" WIDTH="38" HEIGHT="20" WC="0.96" CONTENT="att"/><SP WIDTH="13" VPOS="978" HPOS="159"/>
							<String ID="string_132" HPOS="172" VPOS="977" WIDTH="27" HEIGHT="21" WC="0.95" CONTENT="af"/><SP WIDTH="13" VPOS="977" HPOS="199"/>
							<String ID="string_133" HPOS="212" VPOS="977" WIDTH="60" HEIGHT="28" WC="0.95" CONTENT="dem,"/><SP WIDTH="16" VPOS="977" HPOS="272"/>
							<String ID="string_134" HPOS="288" VPOS="977" WIDTH="81" HEIGHT="22" WC="0.96" CONTENT="hvilka"/><SP WIDTH="9" VPOS="977" HPOS="369"/>
							<String ID="string_135" HPOS="378" VPOS="978" WIDTH="54" HEIGHT="21" WC="0.93" CONTENT="med"/><SP WIDTH="11" VPOS="978" HPOS="432"/>
							<String ID="string_136" HPOS="443" VPOS="978" WIDTH="77" HEIGHT="22" WC="0.91" CONTENT="åkdon"/><SP WIDTH="12" VPOS="978" HPOS="520"/>
							<String ID="string_137" HPOS="532" VPOS="978" WIDTH="79" HEIGHT="22" WC="0.96" CONTENT="färdas"/><SP WIDTH="10" VPOS="978" HPOS="611"/>
							<String ID="string_138" HPOS="621" VPOS="978" WIDTH="66" HEIGHT="22" WC="0.96" CONTENT="öfver"/><SP WIDTH="9" VPOS="978" HPOS="687"/>
							<String ID="string_139" HPOS="696" VPOS="977" WIDTH="65" HEIGHT="28" WC="0.96" CONTENT="bron,"/><SP WIDTH="11" VPOS="977" HPOS="761"/>
							<String ID="string_140" HPOS="772" VPOS="976" WIDTH="105" HEIGHT="29" WC="0.96" CONTENT="uppbära"/>
						</TextLine>
						<TextLine ID="line_23" HPOS="121" VPOS="1010" WIDTH="758" HEIGHT="31">
							<String ID="string_141" HPOS="121" VPOS="1011" WIDTH="49" HEIGHT="22" WC="0.93" CONTENT="viss"/><SP WIDTH="25" VPOS="1011" HPOS="170"/>
							<String ID="string_142" HPOS="195" VPOS="1012" WIDTH="198" HEIGHT="29" WC="0.91" CONTENT="penningeafgift,"/><SP WIDTH="24" VPOS="1012" HPOS="393"/>
							<String ID="string_143" HPOS="417" VPOS="1015" WIDTH="36" HEIGHT="19" WC="0.96" CONTENT="att"/><SP WIDTH="25" VPOS="1015" HPOS="453"/>
							<String ID="string_144" HPOS="478" VPOS="1013" WIDTH="120" HEIGHT="21" WC="0.96" CONTENT="användas"/><SP WIDTH="23" VPOS="1013" HPOS="598"/>
							<String ID="string_145" HPOS="621" VPOS="1012" WIDTH="38" HEIGHT="22" WC="0.91" CONTENT="till"/><SP WIDTH="22" VPOS="1012" HPOS="659"/>
							<String ID="string_146" HPOS="681" VPOS="1011" WIDTH="149" HEIGHT="29" WC="0.90" CONTENT="afbetalning"/><SP WIDTH="22" VPOS="1011" HPOS="830"/>
							<String ID="string_147" HPOS="852" VPOS="1010" WIDTH="27" HEIGHT="22" WC="0.96" CONTENT="af"/>
						</TextLine>
						<TextLine ID="line_24" HPOS="123" VPOS="1045" WIDTH="754" HEIGHT="31">
							<String ID="string_148" HPOS="123" VPOS="1046" WIDTH="158" HEIGHT="22" WC="0.96" CONTENT="kostnaderna"/><SP WIDTH="22" VPOS="1046" HPOS="281"/>
							<String ID="string_149" HPOS="303" VPOS="1047" WIDTH="37" HEIGHT="21" WC="0.96" CONTENT="för"/><SP WIDTH="23" VPOS="1047" HPOS="340"/>
							<String ID="string_150" HPOS="363" VPOS="1046" WIDTH="70" HEIGHT="22" WC="0.96" CONTENT="brons"/><SP WIDTH="22" VPOS="1046" HPOS="433"/>
							<String ID="string_151" HPOS="455" VPOS="1046" WIDTH="125" HEIGHT="30" WC="0.95" CONTENT="byggande"/><SP WIDTH="23" VPOS="1046" HPOS="580"/>
							<String ID="string_152" HPOS="603" VPOS="1047" WIDTH="57" HEIGHT="21" WC="0.96" CONTENT="eller"/><SP WIDTH="14" VPOS="1047" HPOS="660"/>
							<String ID="string_153" HPOS="674" VPOS="1047" WIDTH="38" HEIGHT="21" WC="0.96" CONTENT="för"/><SP WIDTH="15" VPOS="1047" HPOS="712"/>
							<String ID="string_154" HPOS="727" VPOS="1046" WIDTH="52" HEIGHT="22" WC="0.93" CONTENT="dess"/><SP WIDTH="15" VPOS="1046" HPOS="779"/>
							<String ID="string_155" HPOS="794" VPOS="1045" WIDTH="83" HEIGHT="22" WC="0.91" CONTENT="under-"/>
						</TextLine>
						<TextLine ID="line_25" HPOS="121" VPOS="1080" WIDTH="756" HEIGHT="30">
							<String ID="string_156" HPOS="121" VPOS="1080" WIDTH="57" HEIGHT="28" WC="0.94" CONTENT="håll,"/><SP WIDTH="16" VPOS="1080" HPOS="178"/>
							<String ID="string_157" HPOS="194" VPOS="1080" WIDTH="61" HEIGHT="22" WC="0.96" CONTENT="skall"/><SP WIDTH="23" VPOS="1080" HPOS="255"/>
							<String ID="string_158" HPOS="278" VPOS="1081" WIDTH="163" HEIGHT="29" WC="0.96" CONTENT="ansökningen"/><SP WIDTH="16" VPOS="1081" HPOS="441"/>
							<String ID="string_159" HPOS="457" VPOS="1081" WIDTH="79" HEIGHT="22" WC="0.96" CONTENT="derom"/><SP WIDTH="13" VPOS="1081" HPOS="536"/>
							<String ID="string_160" HPOS="549" VPOS="1081" WIDTH="73" HEIGHT="29" WC="0.93" CONTENT="jemte"/><SP WIDTH="15" VPOS="1081" HPOS="622"/>
							<String ID="string_161" HPOS="637" VPOS="1081" WIDTH="149" HEIGHT="29" WC="0.91" CONTENT="delegarenes"/><SP WIDTH="15" VPOS="1081" HPOS="786"/>
							<String ID="string_162" HPOS="801" VPOS="1080" WIDTH="76" HEIGHT="22" WC="0.92" CONTENT="öfver-"/>
						</TextLine>
						<TextLine ID="line_26" HPOS="120" VPOS="1114" WIDTH="757" HEIGHT="30">
							<String ID="string_163" HPOS="120" VPOS="1114" WIDTH="172" HEIGHT="23" WC="0.92" CONTENT="enskommelse"/><SP WIDTH="19" VPOS="1114" HPOS="292"/>
							<String ID="string_164" HPOS="311" VPOS="1122" WIDTH="38" HEIGHT="15" WC="0.93" CONTENT="om"/><SP WIDTH="22" VPOS="1122" HPOS="349"/>
							<String ID="string_165" HPOS="371" VPOS="1116" WIDTH="107" HEIGHT="21" WC="0.91" CONTENT="vilkoren"/><SP WIDTH="16" VPOS="1116" HPOS="478"/>
							<String ID="string_166" HPOS="494" VPOS="1116" WIDTH="44" HEIGHT="22" WC="0.96" CONTENT="och"/><SP WIDTH="14" VPOS="1116" HPOS="538"/>
							<String ID="string_167" HPOS="552" VPOS="1118" WIDTH="72" HEIGHT="20" WC="0.95" CONTENT="sättet"/><SP WIDTH="15" VPOS="1118" HPOS="624"/>
							<String ID="string_168" HPOS="639" VPOS="1116" WIDTH="37" HEIGHT="22" WC="0.93" CONTENT="för"/><SP WIDTH="16" VPOS="1116" HPOS="676"/>
							<String ID="string_169" HPOS="692" VPOS="1115" WIDTH="113" HEIGHT="29" WC="0.90" CONTENT="afgiftens"/><SP WIDTH="14" VPOS="1115" HPOS="805"/>
							<String ID="string_170" HPOS="819" VPOS="1120" WIDTH="58" HEIGHT="22" WC="0.92" CONTENT="upp-"/>
						</TextLine>
						<TextLine ID="line_27" HPOS="123" VPOS="1147" WIDTH="754" HEIGHT="30">
							<String ID="string_171" HPOS="123" VPOS="1149" WIDTH="103" HEIGHT="22" WC="0.92" CONTENT="bärande"/><SP WIDTH="15" VPOS="1149" HPOS="226"/>
							<String ID="string_172" HPOS="241" VPOS="1150" WIDTH="115" HEIGHT="22" WC="0.92" CONTENT="inlemnas"/><SP WIDTH="15" VPOS="1150" HPOS="356"/>
							<String ID="string_173" HPOS="371" VPOS="1150" WIDTH="38" HEIGHT="22" WC="0.96" CONTENT="till"/><SP WIDTH="15" VPOS="1150" HPOS="409"/>
							<String ID="string_174" HPOS="424" VPOS="1150" WIDTH="154" HEIGHT="22" WC="0.96" CONTENT="Guvernören"/><SP WIDTH="14" VPOS="1150" HPOS="578"/>
							<String ID="string_175" HPOS="592" VPOS="1150" WIDTH="79" HEIGHT="22" WC="0.96" CONTENT="tillika"/><SP WIDTH="15" VPOS="1150" HPOS="671"/>
							<String ID="string_176" HPOS="686" VPOS="1150" WIDTH="53" HEIGHT="21" WC="0.96" CONTENT="med"/><SP WIDTH="15" VPOS="1150" HPOS="739"/>
							<String ID="string_177" HPOS="754" VPOS="1157" WIDTH="35" HEIGHT="20" WC="0.93" CONTENT="en,"/><SP WIDTH="11" VPOS="1157" HPOS="789"/>
							<String ID="string_178" HPOS="800" VPOS="1147" WIDTH="77" HEIGHT="23" WC="0.92" CONTENT="såvidt"/>
						</TextLine>
						<TextLine ID="line_28" HPOS="122" VPOS="1183" WIDTH="755" HEIGHT="31">
							<String ID="string_179" HPOS="122" VPOS="1183" WIDTH="100" HEIGHT="29" WC="0.94" CONTENT="möjligt,"/><SP WIDTH="16" VPOS="1183" HPOS="222"/>
							<String ID="string_180" HPOS="238" VPOS="1184" WIDTH="141" HEIGHT="29" WC="0.95" CONTENT="tillförlitlig"/><SP WIDTH="14" VPOS="1184" HPOS="379"/>
							<String ID="string_181" HPOS="393" VPOS="1184" WIDTH="128" HEIGHT="30" WC="0.96" CONTENT="utredning"/><SP WIDTH="15" VPOS="1184" HPOS="521"/>
							<String ID="string_182" HPOS="536" VPOS="1192" WIDTH="36" HEIGHT="14" WC="0.96" CONTENT="om"/><SP WIDTH="16" VPOS="1192" HPOS="572"/>
							<String ID="string_183" HPOS="588" VPOS="1184" WIDTH="158" HEIGHT="22" WC="0.95" CONTENT="kostnaderna"/><SP WIDTH="9" VPOS="1184" HPOS="746"/>
							<String ID="string_184" HPOS="755" VPOS="1184" WIDTH="38" HEIGHT="21" WC="0.93" CONTENT="för"/><SP WIDTH="10" VPOS="1184" HPOS="793"/>
							<String ID="string_185" HPOS="803" VPOS="1183" WIDTH="74" HEIGHT="29" WC="0.91" CONTENT="bygg-"/>
						</TextLine>
						<TextLine ID="line_29" HPOS="122" VPOS="1218" WIDTH="755" HEIGHT="30">
							<String ID="string_186" HPOS="122" VPOS="1218" WIDTH="84" HEIGHT="22" WC="0.94" CONTENT="naden."/><SP WIDTH="25" VPOS="1218" HPOS="206"/>
							<String ID="string_187" HPOS="231" VPOS="1218" WIDTH="152" HEIGHT="22" WC="0.92" CONTENT="Guvernören"/><SP WIDTH="9" VPOS="1218" HPOS="383"/>
							<String ID="string_188" HPOS="392" VPOS="1219" WIDTH="111" HEIGHT="22" WC="0.92" CONTENT="insänder"/><SP WIDTH="11" VPOS="1219" HPOS="503"/>
							<String ID="string_189" HPOS="514" VPOS="1219" WIDTH="101" HEIGHT="22" WC="0.96" CONTENT="derefter"/><SP WIDTH="10" VPOS="1219" HPOS="615"/>
							<String ID="string_190" HPOS="625" VPOS="1218" WIDTH="172" HEIGHT="30" WC="0.96" CONTENT="handlingarna"/><SP WIDTH="7" VPOS="1218" HPOS="797"/>
							<String ID="string_191" HPOS="804" VPOS="1218" WIDTH="73" HEIGHT="28" WC="0.96" CONTENT="jemte"/>
						</TextLine>
						<TextLine ID="line_30" HPOS="121" VPOS="1252" WIDTH="756" HEIGHT="30">
							<String ID="string_192" HPOS="121" VPOS="1255" WIDTH="56" HEIGHT="25" WC="0.95" CONTENT="eget"/><SP WIDTH="14" VPOS="1255" HPOS="177"/>
							<String ID="string_193" HPOS="191" VPOS="1252" WIDTH="122" HEIGHT="23" WC="0.96" CONTENT="utlåtande"/><SP WIDTH="15" VPOS="1252" HPOS="313"/>
							<String ID="string_194" HPOS="328" VPOS="1253" WIDTH="37" HEIGHT="22" WC="0.93" CONTENT="till"/><SP WIDTH="16" VPOS="1253" HPOS="365"/>
							<String ID="string_195" HPOS="381" VPOS="1253" WIDTH="115" HEIGHT="23" WC="0.92" CONTENT="Senatens"/><SP WIDTH="19" VPOS="1253" HPOS="496"/>
							<String ID="string_196" HPOS="515" VPOS="1253" WIDTH="296" HEIGHT="29" WC="0.92" CONTENT="Ekonomiedepartement,"/><SP WIDTH="16" VPOS="1253" HPOS="811"/>
							<String ID="string_197" HPOS="827" VPOS="1258" WIDTH="50" HEIGHT="15" WC="0.95" CONTENT="som"/>
						</TextLine>
						<TextLine ID="line_31" HPOS="123" VPOS="1286" WIDTH="754" HEIGHT="30">
							<String ID="string_198" HPOS="123" VPOS="1286" WIDTH="158" HEIGHT="23" WC="0.96" CONTENT="förordnande"/><SP WIDTH="15" VPOS="1286" HPOS="281"/>
							<String ID="string_199" HPOS="296" VPOS="1288" WIDTH="9" HEIGHT="21" WC="0.96" CONTENT="i"/><SP WIDTH="15" VPOS="1288" HPOS="305"/>
							<String ID="string_200" HPOS="320" VPOS="1290" WIDTH="80" HEIGHT="20" WC="0.96" CONTENT="ämnet"/><SP WIDTH="14" VPOS="1290" HPOS="400"/>
							<String ID="string_201" HPOS="414" VPOS="1288" WIDTH="126" HEIGHT="22" WC="0.96" CONTENT="meddelar."/><SP WIDTH="24" VPOS="1288" HPOS="540"/>
							<String ID="string_202" HPOS="564" VPOS="1288" WIDTH="30" HEIGHT="28" WC="0.96" CONTENT="Ej"/><SP WIDTH="16" VPOS="1288" HPOS="594"/>
							<String ID="string_203" HPOS="610" VPOS="1288" WIDTH="38" HEIGHT="22" WC="0.92" CONTENT="må"/><SP WIDTH="9" VPOS="1288" HPOS="648"/>
							<String ID="string_204" HPOS="657" VPOS="1288" WIDTH="163" HEIGHT="28" WC="0.92" CONTENT="ifrågakomna"/><SP WIDTH="11" VPOS="1288" HPOS="820"/>
							<String ID="string_205" HPOS="831" VPOS="1287" WIDTH="46" HEIGHT="20" WC="0.91" CONTENT="för-"/>
						</TextLine>
						<TextLine ID="line_32" HPOS="122" VPOS="1320" WIDTH="755" HEIGHT="30">
							<String ID="string_206" HPOS="122" VPOS="1322" WIDTH="55" HEIGHT="21" WC="0.95" CONTENT="mån"/><SP WIDTH="21" VPOS="1322" HPOS="177"/>
							<String ID="string_207" HPOS="198" VPOS="1322" WIDTH="105" HEIGHT="28" WC="0.93" CONTENT="beviljas,"/><SP WIDTH="24" VPOS="1322" HPOS="303"/>
							<String ID="string_208" HPOS="327" VPOS="1322" WIDTH="78" HEIGHT="22" WC="0.92" CONTENT="derest"/><SP WIDTH="21" VPOS="1322" HPOS="405"/>
							<String ID="string_209" HPOS="426" VPOS="1322" WIDTH="132" HEIGHT="22" WC="0.96" CONTENT="kostnaden"/><SP WIDTH="22" VPOS="1322" HPOS="558"/>
							<String ID="string_210" HPOS="580" VPOS="1323" WIDTH="38" HEIGHT="21" WC="0.96" CONTENT="för"/><SP WIDTH="21" VPOS="1323" HPOS="618"/>
							<String ID="string_211" HPOS="639" VPOS="1322" WIDTH="70" HEIGHT="22" WC="0.96" CONTENT="brons"/><SP WIDTH="22" VPOS="1322" HPOS="709"/>
							<String ID="string_212" HPOS="731" VPOS="1320" WIDTH="146" HEIGHT="30" WC="0.96" CONTENT="uppförande"/>
						</TextLine>
						<TextLine ID="line_33" HPOS="121" VPOS="1354" WIDTH="756" HEIGHT="31">
							<String ID="string_213" HPOS="121" VPOS="1356" WIDTH="150" HEIGHT="28" WC="0.93" CONTENT="understiger"/><SP WIDTH="14" VPOS="1356" HPOS="271"/>
							<String ID="string_214" HPOS="285" VPOS="1356" WIDTH="138" HEIGHT="29" WC="0.92" CONTENT="tjugutusen"/><SP WIDTH="15" VPOS="1356" HPOS="423"/>
							<String ID="string_215" HPOS="438" VPOS="1357" WIDTH="68" HEIGHT="21" WC="0.96" CONTENT="mark"/><SP WIDTH="14" VPOS="1357" HPOS="506"/>
							<String ID="string_216" HPOS="520" VPOS="1357" WIDTH="57" HEIGHT="21" WC="0.96" CONTENT="eller"/><SP WIDTH="15" VPOS="1357" HPOS="577"/>
							<String ID="string_217" HPOS="592" VPOS="1357" WIDTH="44" HEIGHT="21" WC="0.96" CONTENT="ock"/><SP WIDTH="14" VPOS="1357" HPOS="636"/>
							<String ID="string_218" HPOS="650" VPOS="1354" WIDTH="161" HEIGHT="24" WC="0.93" CONTENT="utomstående"/><SP WIDTH="10" VPOS="1354" HPOS="811"/>
							<String ID="string_219" HPOS="821" VPOS="1358" WIDTH="56" HEIGHT="25" WC="0.91" CONTENT="väg-"/>
						</TextLine>
						<TextLine ID="line_34" HPOS="123" VPOS="1390" WIDTH="754" HEIGHT="31">
							<String ID="string_220" HPOS="123" VPOS="1390" WIDTH="170" HEIGHT="30" WC="0.90" CONTENT="byggnadslag,"/><SP WIDTH="22" VPOS="1390" HPOS="293"/>
							<String ID="string_221" HPOS="315" VPOS="1392" WIDTH="30" HEIGHT="28" WC="0.96" CONTENT="på"/><SP WIDTH="23" VPOS="1392" HPOS="345"/>
							<String ID="string_222" HPOS="368" VPOS="1392" WIDTH="77" HEIGHT="28" WC="0.96" CONTENT="grund"/><SP WIDTH="22" VPOS="1392" HPOS="445"/>
							<String ID="string_223" HPOS="467" VPOS="1392" WIDTH="27" HEIGHT="21" WC="0.93" CONTENT="af"/><SP WIDTH="20" VPOS="1392" HPOS="494"/>
							<String ID="string_224" HPOS="514" VPOS="1392" WIDTH="141" HEIGHT="29" WC="0.91" CONTENT="stadgandet"/><SP WIDTH="16" VPOS="1392" HPOS="655"/>
							<String ID="string_225" HPOS="671" VPOS="1391" WIDTH="9" HEIGHT="21" WC="0.95" CONTENT="i"/><SP WIDTH="17" VPOS="1391" HPOS="680"/>
							<String ID="string_226" HPOS="697" VPOS="1393" WIDTH="25" HEIGHT="20" WC="0.92" CONTENT="13"/><SP WIDTH="23" VPOS="1393" HPOS="722"/>
							<String ID="string_227" HPOS="745" VPOS="1392" WIDTH="13" HEIGHT="26" WC="0.92" CONTENT="$"/><SP WIDTH="15" VPOS="1392" HPOS="758"/>
							<String ID="string_228" HPOS="773" VPOS="1392" WIDTH="12" HEIGHT="20" WC="0.93" CONTENT="3"/><SP WIDTH="16" VPOS="1392" HPOS="785"/>
							<String ID="string_229" HPOS="801" VPOS="1396" WIDTH="76" HEIGHT="21" WC="0.90" CONTENT="mom.,"/>
						</TextLine>
						<TextLine ID="line_35" HPOS="121" VPOS="1425" WIDTH="703" HEIGHT="29">
							<String ID="string_230" HPOS="121" VPOS="1425" WIDTH="106" HEIGHT="22" WC="0.90" CONTENT="åhvälfts"/><SP WIDTH="16" VPOS="1425" HPOS="227"/>
							<String ID="string_231" HPOS="243" VPOS="1425" WIDTH="136" HEIGHT="29" WC="0.96" CONTENT="skyldighet"/><SP WIDTH="15" VPOS="1425" HPOS="379"/>
							<String ID="string_232" HPOS="394" VPOS="1428" WIDTH="35" HEIGHT="20" WC="0.97" CONTENT="att"/><SP WIDTH="15" VPOS="1428" HPOS="429"/>
							<String ID="string_233" HPOS="444" VPOS="1426" WIDTH="38" HEIGHT="22" WC="0.95" CONTENT="till"/><SP WIDTH="14" VPOS="1426" HPOS="482"/>
							<String ID="string_234" HPOS="496" VPOS="1426" WIDTH="72" HEIGHT="22" WC="0.95" CONTENT="brons"/><SP WIDTH="15" VPOS="1426" HPOS="568"/>
							<String ID="string_235" HPOS="583" VPOS="1426" WIDTH="123" HEIGHT="22" WC="0.96" CONTENT="underhåll"/><SP WIDTH="14" VPOS="1426" HPOS="706"/>
							<String ID="string_236" HPOS="720" VPOS="1425" WIDTH="104" HEIGHT="28" WC="0.96" CONTENT="bidraga."/>
						</TextLine>
					</TextBlock>
				</ComposedBlock>
			</PrintSpace>
		</Page>
	</Layout>
</alto>
