1095 1750
230 154 27 20 38
446 154 22 22 U.
484 154 22 22 B.
521 167 29 3 —
566 154 60 28 Prop.
644 154 34 22 N:o
694 154 22 22 6.

87 222 10 15 2
111 225 56 13 mom.
271 218 13 19 2
299 223 66 14 mom.
382 219 13 18 2
410 217 14 28 &
440 219 125 20 motsvaras
579 217 26 21 af
613 219 13 19 3
637 224 66 13 mom.
715 219 12 18 3
738 217 14 27 8
764 217 6 20 i
781 216 175 28 propositionen.

58 249 17 22 (3
92 249 30 22 $i
136 250 60 21 prop.)
212 250 40 21 Den
270 250 92 26 olikhet,
379 258 48 14 som
442 251 123 22 förefinnes
581 251 93 21 emellan
691 251 71 28 sagda
777 251 94 28 lagrum,
885 253 25 18 är
920 258 36 13 en-

202 284 51 21 dast
274 285 25 20 af
319 284 90 23 formell
427 285 158 22 beskaffenhet
601 285 43 22 och
658 285 41 22 har
714 285 114 28 betingats
845 285 67 21 däraf
924 287 33 19 att

203 319 39 21 det
257 319 7 20 i
279 320 170 28 propositionen
472 320 185 21 förekommande
679 319 116 29 uttrycket
817 319 139 29 provisorisk

202 353 94 29 delning
314 354 36 21 för
369 357 33 18 att
420 354 111 22 beteckna
551 354 107 28 klyfning
677 354 25 21 af
718 353 113 29 lägenhet,
847 361 48 14 som
911 357 24 18 är
950 354 6 20 i

203 387 154 30 samfällighet
375 389 51 21 med
445 389 70 21 andra
533 389 133 28 lägenheter
685 389 53 20 eller
758 388 40 21 har
817 388 49 21 sina
885 390 49 19 råer
950 388 7 21 i

202 423 129 28 väsentliga
346 423 62 21 delar
424 423 125 28 orörlagda,
565 423 49 21 icke
630 423 112 28 godkänts
758 423 25 21 af
796 423 117 21 utskottet.

107 461 40 22 38.
271 457 52 21 Den
338 457 8 21 i
361 460 13 19 3
390 458 14 28 &
420 458 101 21 uttalade
536 460 133 19 rättssatsen
684 457 41 22 har
740 457 118 25 utskottet,
874 459 53 19 enär
945 459 10 18 1

202 498 66 15 mom.
289 492 7 20 i
313 494 10 19 1
340 492 13 29 $
371 494 10 20 1
398 493 52 28 kap.
469 494 64 27 synts
551 492 77 21 fordra
643 499 29 14 en
688 492 70 21 sådan
773 491 183 29 komplettering,

201 526 51 21 lätit
267 526 54 28 ingä
336 527 8 20 i
358 527 155 28 lagförslaget.

109 564 40 22 48.
270 561 148 22 Beträffande
437 561 124 22 innehället
583 561 26 21 af
628 563 10 19 1
658 569 66 14 mom.
740 563 14 19 4
769 561 14 29 &
799 561 43 21 och
858 561 27 20 de
901 560 54 26 skäl,

60 594 32 44 (47
108 590 49 52 0.28
166 606 24 32 88
202 602 48 14 som
270 596 113 21 föranledt
405 596 112 21 utskottet
539 598 33 19 att
594 596 46 21 låta
659 595 133 22 innehafvet
807 595 60 28 gälla
883 597 73 19 såsom

85 639 7 16 i
105 640 61 21 prop.)
201 630 73 21 första
296 630 181 28 delningsgrund
500 630 39 22 vid
562 630 122 25 storskifte,
710 630 106 21 hänvisas
839 630 34 20 till
895 629 60 22 hvad

201 662 97 29 tidigare
313 663 8 21 i
336 663 153 22 betänkandet
505 663 93 22 anförts.

270 698 13 19 2
299 697 42 20 och
357 699 14 18 3
386 704 89 14 momm.
493 696 25 21 af
526 698 13 19 4
557 697 6 28 $
575 699 113 19 motsvara
698 698 28 19 43
736 696 15 29 8
762 696 7 20 i
779 695 175 29 propositionen.

56 737 10 16 2
76 737 33 16 0.3
117 742 76 12 momm.
201 730 51 21 Den
263 731 7 20 i
281 731 112 28 sistsagda
407 731 108 28 paragraf
523 731 111 28 ingående
646 731 146 21 definitionen
803 731 29 27 pä
843 730 111 28 delnings-

56 759 29 22 (43
98 759 96 22 $iprop.)
201 765 75 27 grund
293 765 41 21 har
357 765 59 22 dock
439 767 73 20 såsom
531 765 115 28 obehöflig
663 765 154 25 bortlemnats,
831 764 71 28 jämte
918 764 37 21 det

201 799 137 28 paragrafen
353 800 123 28 undergätt
487 799 70 22 sädan
568 799 186 28 omformulering
764 801 33 18 att
807 799 54 21 sista
871 799 85 20 menin-

201 841 45 20 gen
261 834 8 20 i
284 833 72 22 första
374 836 123 19 momentet
520 834 26 21 af
566 834 130 21 densamma
718 833 90 28 ombytt
830 833 59 28 plats
904 833 51 21 med

200 868 71 21 andra
286 871 130 23 momentet,
432 869 8 20 i
454 868 58 28 följd
528 869 83 20 hvaraf
624 869 44 20 den
682 869 7 20 i
705 868 71 28 sagda
790 868 93 27 mening
898 869 57 20 utta-

200 903 52 20 lade
270 905 133 19 rättssatsen
419 903 88 21 komme
523 905 39 23 att,
578 905 73 19 säsom
666 903 122 27 meningen
803 904 56 19 utan
873 901 82 22 tvifvel

202 937 68 21 också
288 937 59 21 varit
362 938 8 20 i
385 937 175 28 propositionen,
577 937 85 28 jämväl
678 937 112 28 tillämpas
807 938 12 19 å
834 936 120 21 förhällan-

202 971 58 21 dena
275 972 7 20 i
297 971 98 29 Viborgs
411 972 45 21 län.

109 1012 10 16 5
131 1012 16 21 S.
271 1006 143 28 Stadgandet
429 1007 7 20 i
452 1009 13 18 5
480 1007 13 28 &
510 1009 23 18 är
552 1006 104 21 affattadt
678 1005 51 22 med
752 1005 93 28 ledning
861 1005 25 21 af
899 1007 26 19 49
941 1005 14 28 8

56 1041 29 21 (49
99 1040 24 22 Si
132 1041 76 22 prop.)i
224 1041 171 28 propositionen
415 1041 43 21 och
476 1041 94 21 innebär
585 1041 7 20 i
607 1040 71 21 likhet
693 1040 51 21 med
761 1039 172 28 bestämningen
948 1039 7 21 i

201 1075 112 28 sistsagda
331 1075 89 28 lagrum
444 1077 30 19 ett
490 1075 118 27 undantag
623 1075 51 20 frän
690 1075 43 20 den
749 1074 114 20 allmänna
877 1074 78 27 regeln

201 1109 142 22 beträffande
363 1110 105 28 grunden
487 1109 36 21 för
543 1109 93 27 delning
652 1116 82 20 genom
750 1107 123 22 storskifte.
903 1108 52 21 Men

200 1144 83 21 medan
306 1146 27 18 49
352 1144 14 29 &
382 1144 57 21 läter
462 1144 43 21 den
529 1144 58 21 onda
610 1144 52 20 eller
685 1143 59 28 goda
768 1144 50 20 tron
841 1142 41 21 hos
905 1142 49 26 den,

200 1185 49 14 som
268 1179 61 28 gjort
349 1179 78 28 intaga
442 1181 13 19 å
470 1178 70 22 oskift
554 1179 70 24 mark,
640 1177 80 28 afgöra
735 1177 112 22 huruvida
863 1177 93 27 intagan

200 1213 59 20 skall
278 1213 115 21 betraktas
409 1215 73 19 säsom
498 1213 95 21 samfäld
609 1220 41 20 ega
666 1213 54 20 eller
733 1212 120 27 intagaren
868 1211 88 21 enskild

200 1247 109 28 tillhörig,
327 1247 41 21 har
391 1248 117 25 utskottet,
530 1247 50 22 med
604 1247 146 21 förkastande
769 1245 25 22 af
811 1245 94 22 berörda
920 1245 35 22 för

200 1283 40 19 vär
256 1281 147 29 lagstiftning
418 1282 139 21 främmande
573 1281 191 28 äskädningssätt,
776 1280 132 21 formulerat
919 1282 12 18 5
941 1280 14 28 &

202 1317 10 19 1
229 1316 52 28 kap.
298 1316 7 21 i
320 1315 234 22 öfverensstämmelse
574 1316 51 21 med
645 1316 43 21 den
704 1315 186 28 rättsgrundsats,
908 1321 48 14 som

200 1349 70 22 bland
286 1353 69 18 annat
370 1351 135 21 framträder
520 1350 8 21 i
543 1352 13 19 4
571 1351 14 28 &
603 1353 25 18 10
643 1351 51 27 kap.
710 1350 26 21 B.
753 1349 34 26 B.,
803 1349 43 21 och
861 1348 94 21 sälunda

200 1383 62 29 gjort
278 1387 75 19 svaret
368 1387 30 26 pä
415 1385 80 28 frågan
506 1385 68 21 hvem
585 1385 92 28 intagan
688 1384 121 27 rätteligen
819 1383 136 21 tillkommer

200 1418 113 21 beroende
324 1419 25 21 af
359 1419 38 21 det
407 1419 142 21 förhällande
561 1419 111 21 huruvida
682 1419 94 27 intagan
785 1418 60 21 skett
853 1417 51 21 med
913 1417 42 20 till-

199 1453 67 20 stånd
287 1453 53 21 eller
360 1455 56 19 utan
431 1453 40 21 lof.
502 1453 138 28 Därigenom
658 1453 40 21 har
714 1453 43 21 ock
772 1451 71 28 nödig
858 1451 97 22 komfor-

269 1493 50 22 Lag-
333 1493 34 17 och
380 1493 182 18 ekonomiutskottets
575 1493 115 17 betänkande
702 1492 38 18 N:o
755 1492 17 17 5.
