1092 1750
249 125 33 36 48
567 131 41 22 N:o
622 130 14 22 6

224 199 45 21 alla
289 199 111 29 delegare,
419 200 79 21 hvilka
514 207 43 21 ega
572 200 55 22 eller
642 200 72 22 under
729 200 97 28 stadgad
843 200 90 22 åborätt
947 199 34 21 in-

224 233 98 23 nehafva
335 233 58 29 jord,
411 242 48 14 som
474 235 8 21 i
498 234 168 29 förrättningen
682 235 82 28 ingått,
780 236 143 26 gemensamt
933 234 49 22 vid-

224 268 93 28 kännas,
334 276 28 13 en
377 268 56 22 hvar
449 268 57 22 efter
521 269 44 21 den
575 269 150 21 förvandlade
736 269 100 29 egovidd
846 268 45 22 han
903 268 79 22 dervid

223 302 77 29 njutit,
317 302 75 22 såvidt
407 302 20 29 ej
443 303 9 21 i
467 303 75 21 denna
557 304 39 28 lag
611 306 24 18 är
650 303 143 22 annorlunda
808 302 114 29 stadgadt.

568 366 41 22 133
624 368 19 26 8.

292 405 126 29 Angående
438 406 128 28 ersättning
580 406 36 22 för
630 406 314 28 landtmäteriförrättningar
958 408 25 19 är

224 440 109 21 särskildt
348 440 138 22 förordnadt.

557 539 13 21 5
586 539 62 21 KAP.

248 603 46 19 Om
309 603 197 24 jordlägenhets
523 605 137 22 styckning
676 605 50 18 och
740 604 217 23 jordafsöndring.

568 677 42 21 134
624 678 19 26 8.

292 716 88 21 Frälse-
396 717 43 20 och
454 717 184 28 skattelägenhet
654 719 58 19 samt
726 717 71 21 sådan
807 716 116 29 lägenhet,
934 723 48 14 som

223 750 52 21 med
291 750 97 28 stadgad
404 751 90 22 åborätt
509 751 140 28 innehafves,
666 753 37 20 må
718 759 84 21 genom
817 750 165 29 frånskiljande

223 784 26 21 af
265 784 58 22 visst
339 785 54 21 eller
408 785 61 22 vissa
485 785 107 22 områden
610 786 54 21 eller
679 785 23 22 af
716 785 113 22 strömfall
844 785 52 21 med
911 785 71 28 nödig

222 821 60 18 tomt
301 819 111 28 derinvid,
433 821 74 20 såsom
527 820 74 21 nedan
621 820 153 27 föreskrifves,
795 819 92 29 styckas
906 819 9 21 i
927 819 55 22 flere

223 852 160 29 sjelfständiga
402 854 138 29 lägenheter,
560 862 29 13 en
604 854 56 22 hvar
676 855 52 21 med
742 853 162 23 motsvarande
920 861 61 14 man-

222 887 33 21 tal
271 887 43 22 och
329 887 68 22 skatt.

291 922 61 21 Från
373 923 40 21 två
433 923 54 21 eller
505 923 53 21 flere
577 923 133 28 lägenheter
728 930 54 14 vare
795 923 87 28 jemväl
897 922 85 22 tillåtet

222 958 35 19 att
277 963 83 21 genom
380 957 125 28 styckning
525 957 91 28 afskilja
636 957 50 22 dem
706 959 144 27 gemensamt
869 957 114 28 tillhörigt

222 990 119 28 strömfall,
363 991 51 21 med
434 992 54 21 eller
506 994 56 19 utan
576 994 59 19 tomt
650 991 112 28 derinvid,
778 992 37 21 till
831 991 60 22 skild
906 991 77 28 lägen-

222 1024 40 22 het
281 1025 52 21 med
353 1033 58 20 egen
429 1025 226 29 jordeboksnummer
674 1029 58 18 samt
752 1026 87 21 mantal
858 1025 43 22 och
917 1025 66 23 skatt.

221 1059 86 22 Finnes
326 1059 71 22 bland
417 1060 163 28 lägenheterna
594 1061 104 27 boställe,
714 1063 82 26 utgöre
812 1060 39 21 det
867 1059 18 29 ej
903 1059 80 22 hinder

221 1093 36 22 för
273 1094 166 28 styckningens
450 1095 173 28 verkställande,
635 1095 39 21 der
684 1095 147 28 vederbörlig
840 1094 142 29 myndighet,

221 1129 26 20 så
265 1128 50 22 vidt
329 1128 120 23 boställets
465 1132 46 19 rätt
526 1132 24 19 är
564 1129 8 22 i
587 1129 71 29 fråga,
674 1130 37 21 till
727 1129 149 29 afskiljandet
891 1129 91 22 bifallit.

569 1198 41 22 135
625 1200 19 25 8.

290 1238 61 20 Från
366 1238 116 28 lägenhet,
499 1246 48 14 som
562 1238 8 22 i
586 1238 42 22 134
643 1240 13 26 &
671 1241 99 25 nämnts,
786 1246 55 14 vare
854 1238 85 22 tillåtet
950 1240 33 20 att

221 1271 37 21 till
278 1272 85 28 parcell
383 1272 53 22 med
457 1272 223 30 afgäldsskyldighet
696 1273 36 21 till
749 1276 120 24 stommen,
886 1272 9 22 i
909 1272 74 22 nedan

221 1306 98 28 stadgad
335 1306 106 29 ordning,
458 1307 106 22 afsöndra
579 1308 47 21 viss
641 1308 65 21 mark
721 1308 56 21 eller
791 1307 113 22 strömfall
912 1306 71 29 jomte

221 1340 106 22 derinvid
341 1340 112 29 liggande
468 1344 64 19 tomt.

291 1374 88 22 Tillhör
395 1376 137 28 lägenheten
548 1379 70 18 annat
633 1376 100 22 enskildt
749 1376 181 27 vattenområde,
947 1376 37 21 må

220 1408 44 21 ock
279 1408 39 22 det
333 1409 56 21 eller
405 1410 70 21 sådan
491 1410 37 21 del
544 1410 68 28 deraf,
630 1418 48 14 som
693 1413 70 26 utgör
777 1410 72 21 skildt
859 1409 76 28 skifte,
947 1410 36 21 till

222 1443 87 27 parcell
325 1442 124 24 afsöndras.
476 1444 46 22 För
537 1446 50 27 såg-
603 1445 54 21 eller
672 1447 70 19 annat
757 1444 68 23 verks
840 1444 71 22 behof
925 1446 59 20 samt
