1092 1750
232 153 27 19 26
447 152 22 22 U.
486 152 21 22 B.
525 165 25 3 —
567 152 61 28 Prop.
646 138 34 37 N:o
697 153 21 22 6.

202 214 79 28 följas,
299 215 43 21 har
357 215 115 21 utskottet
486 215 52 21 icke
554 216 90 21 kunnat
660 216 82 21 förena
757 215 37 28 sig
809 223 37 14 om
862 216 44 21 den
921 216 38 20 be-

203 249 130 28 gränsning
355 249 8 21 i
385 249 126 29 omfånget,
537 249 181 29 ifrågavarande
740 249 129 29 lagförslag
888 249 8 22 i
914 249 45 22 den

203 283 87 28 nådiga
305 283 174 29 propositionen
495 283 99 28 erhållit,
612 284 44 21 och
671 284 37 21 för
723 284 36 21 sin
774 283 38 22 del
828 286 81 25 ansett,
924 286 35 19 att

202 317 47 21 den
270 325 46 20 nya
334 317 69 29 lagen
422 318 119 29 angående
559 318 197 21 skiftesväsendet
776 318 69 22 borde
860 318 99 31 omfatta

203 351 21 29 ej
241 351 89 22 mindre
346 352 28 21 de
390 352 150 29 synnerligen
555 353 92 28 viktiga
662 353 208 28 bestämningarna
884 353 8 20 i
904 352 54 22 1895

202 385 39 22 års
257 385 139 30 förordning
407 387 120 28 angående
537 387 106 21 vilkoren
654 387 38 21 för
703 387 117 28 klyfning,
832 387 127 28 styckning

203 419 43 22 och
270 421 137 28 afsöndring
430 421 42 21 och
488 422 23 20 at
536 421 68 21 hvem
622 421 74 22 sådan
715 421 97 28 delning
830 421 37 22 får
884 421 72 28 äskas,

202 457 27 18 är
245 455 70 21 äfven
331 455 76 29 öfriga
421 456 8 21 i
445 455 71 29 sagda
527 455 143 29 författning
680 455 116 29 ingående
806 455 151 29 stadganden.

273 489 68 22 Hvad
358 490 70 21 sedan
445 490 111 21 beträffar
570 490 165 29 lagförslagets
746 491 161 27 uppställning
916 490 42 21 har

202 523 117 22 utskottet
337 523 60 22 först
413 524 42 21 och
471 525 83 20 främst
568 525 80 21 funnit
664 525 39 20 det
718 532 57 13 vara
790 525 89 21 mindre
895 525 62 28 lyck-

202 558 46 28 ligt
264 560 40 26 att,
320 559 31 28 på
365 561 48 19 sätt
427 560 8 20 i
451 559 174 29 propositionen
636 559 69 27 skett,
717 559 78 21 inleda
805 559 153 29 lagförslaget

203 593 53 21 med
280 593 174 29 bestämningar
477 594 119 28 angående
619 594 187 21 skiftesmännen
829 594 43 21 och
892 594 65 20 deras

201 627 148 22 tillsättande
366 631 60 18 samt
443 628 119 28 angående
578 628 45 21 den
639 628 118 22 allmänna
772 628 130 28 ordningen
917 628 39 21 vid

202 661 327 30 landtmäteriförrättningar.
559 662 104 22 Berörda
688 662 175 29 bestämningar
886 662 71 21 förut-

201 698 63 19 sätta
283 696 119 29 nämligen
418 697 106 28 kunskap
541 704 35 14 om
592 705 29 13 en
637 697 87 28 mängd
740 697 36 20 till
792 697 165 20 skiftesväsen-

201 731 42 20 det
265 731 102 21 hörande
391 731 85 28 frågor,
496 731 43 21 och
558 731 172 28 stadgandenas
748 731 154 28 förläggande
920 730 37 21 till

202 765 83 28 början
305 765 26 21 af
346 765 151 29 lagförslaget
513 765 41 22 har
569 766 81 21 därför
664 765 53 22 haft
732 765 38 22 till
785 765 97 29 påföljd,
899 768 34 18 att
949 765 8 21 i

201 799 119 22 desamma
335 803 135 18 omnämnas
486 800 169 27 förhållanden,
672 800 92 21 hvilkas
776 803 104 18 närmare
892 800 64 28 bety-

200 833 65 22 delse
280 834 8 21 i
304 834 113 29 förslaget
434 834 60 21 först
508 842 80 13 senare
605 835 99 20 utredes.
730 834 90 28 Frågor
838 834 118 28 angående

203 867 136 30 behörighet
355 871 35 18 att
401 869 55 21 äska
467 869 301 28 landtmäteriförrättning,
779 868 62 21 hvad
852 875 47 14 som
911 868 45 21 för-

200 903 49 20 stås
269 903 52 20 med
341 903 127 27 storskifte,
489 903 117 28 klyfning,
626 903 106 28 nyskifte
750 902 44 22 och
812 903 76 27 öfriga
907 902 49 28 slag

200 936 28 21 af
241 937 157 28 jorddelning,
419 937 80 21 hvilka
517 941 40 18 äro
576 941 36 17 att
632 945 55 13 anse
702 938 76 20 såsom
794 937 106 28 delegare
915 937 41 20 vid

199 970 238 30 skiftesförrättning,
456 972 51 20 med
527 971 55 22 flere
601 971 79 28 frågor
696 971 26 21 af
735 970 221 29 materielträttsligt

199 1005 106 21 innehåll
328 1006 93 27 lemnas,
443 1006 75 21 såsom
538 1005 114 29 naturligt
671 1009 31 24 är,
724 1005 26 22 af
768 1005 160 28 stadgandena
947 1005 8 20 i

200 1040 12 20 1
234 1039 43 22 och
295 1040 14 20 2
328 1040 53 28 kap.
403 1040 26 21 af
445 1040 187 29 propositionens
655 1039 130 29 lagförslag
808 1039 147 27 obesvarade,

199 1081 54 14 men
269 1074 132 21 kännedom
417 1081 35 14 om
468 1074 138 21 hithörande
618 1074 166 21 förhållanden
794 1077 26 17 är
832 1073 58 21 dock
901 1073 54 21 nöd-

198 1108 91 28 vändig
312 1108 37 21 för
371 1116 28 13 en
422 1110 48 19 rätt
491 1108 154 28 uppfattning
668 1108 27 21 af
711 1108 72 28 sagda
803 1107 151 29 stadganden.

199 1142 130 28 Utskottet,
349 1150 48 13 som
417 1142 73 21 håller
505 1142 49 21 före
570 1144 35 19 att
620 1142 40 21 vid
676 1142 141 21 affattandet
833 1142 26 20 af
873 1148 28 14 en
916 1141 39 29 lag

198 1177 27 20 så
243 1177 52 20 vidt
312 1176 93 29 möjligt
423 1177 42 21 bör
482 1177 115 21 undvikas
616 1179 35 19 att
669 1183 95 22 operera
783 1175 52 22 med
854 1175 100 29 begrepp

198 1211 74 21 innan
288 1211 66 21 deras
370 1211 103 21 innehåll
489 1211 117 27 bestämts,
621 1211 42 21 har
677 1211 81 21 därför
774 1212 82 25 ansett,
872 1212 35 19 att
917 1210 37 21 be-

197 1245 180 28 stämningarna
395 1245 119 28 angående
530 1245 184 21 skiftesmännen
730 1244 44 22 och
790 1245 66 20 deras
871 1244 84 21 tillsät-

196 1279 73 22 tande
287 1281 60 20 samt
366 1279 62 22 hvad
448 1279 118 29 angående
587 1279 129 28 ordningen
736 1279 40 20 vid
796 1278 159 21 landtmäteri-

197 1313 174 29 förrättningar
385 1314 8 21 i
409 1313 127 22 allmänhet
546 1314 105 27 stadgats
661 1313 129 28 lämpligen
800 1313 52 21 bort
862 1313 92 27 intagas

196 1348 10 21 i
226 1347 155 29 lagförslaget
400 1348 60 21 efter
479 1348 28 21 de
526 1347 228 29 materielträttsliga
776 1346 178 22 föreskrifterna

195 1382 124 28 angående
335 1382 227 28 förutsättningarna
578 1382 37 21 för
630 1382 72 21 skifte
718 1381 43 22 och
774 1381 133 28 grunderna
918 1381 36 20 för

195 1416 126 28 lösningen
341 1416 26 21 af
382 1417 28 20 de
425 1417 86 27 frågor,
530 1423 48 14 som
597 1416 41 21 vid
653 1415 95 22 skiftets
766 1415 130 28 beredning
911 1414 43 22 och

194 1450 177 21 verkställande
387 1450 149 22 förekomma.

266 1490 51 23 Lag-
331 1490 34 17 och
378 1490 182 18 ekonomiutskottets
572 1490 116 17 betänkande
700 1489 38 19 N:o
752 1490 17 17 5.
