1092 1698
376 137 22 22 U.
416 136 20 22 B.
453 149 26 3 —
496 136 61 28 Prop.
575 135 34 23 N:o
626 136 21 22 6.
864 136 26 20 19

488 204 12 13 5
516 197 20 28 8.

203 241 45 22 Vid
270 242 108 29 klyfning
399 242 46 21 kan
462 241 109 29 utflyttad
587 241 37 22 del
639 244 58 19 samt
711 243 39 21 vid
765 243 124 28 styckning

135 276 42 21 och
200 276 133 29 afsöndring
360 277 43 21 den
433 276 98 21 afskilda
558 276 73 25 delen,
663 283 36 15 om
729 277 44 21 den
803 280 24 19 är
856 278 34 21 till

132 310 235 29 jordbruksfastighet
397 310 86 28 afsedd,
521 310 107 29 tilläggas
658 311 69 21 frihet
757 311 36 22 för
823 312 68 28 högst

135 345 32 22 tio
199 347 25 20 är
248 345 52 22 från
322 345 105 28 samtliga
449 345 115 21 allmänna
590 345 120 28 utskylder
735 346 42 21 och
803 346 87 27 besvär,

136 379 74 22 derest
233 379 64 22 dessa
318 379 37 22 för
378 386 84 15 samma
480 379 33 21 tid
529 381 13 19 &
557 379 70 22 andra
643 379 66 22 delen
724 387 77 15 ensam
817 381 74 22 öfver-

135 414 75 28 tagits.
241 414 65 21 Dock
328 414 80 21 stände
429 413 111 29 utflyttad
555 414 54 21 eller
625 414 83 21 afskild
724 415 37 21 del
776 415 61 26 eller,
853 423 37 14 om

136 448 44 22 den
195 451 25 19 är
235 448 25 22 af
273 449 145 24 krononatur,
433 448 214 28 besittningsrätten
662 449 35 20 till
713 449 128 22 densamma
857 449 32 22 äf-

135 490 45 15 ven
202 483 72 22 under
296 483 136 21 frihetsären
447 483 7 20 i
469 482 130 29 underpant
618 483 37 22 för
669 483 51 22 dess
736 484 66 21 andel
817 484 26 21 af
855 486 34 20 ut-

135 517 102 28 lagorna.

490 581 12 20 6
518 579 20 29 8.

204 625 98 28 Klyfves
324 625 114 28 lägenhet,
462 625 34 21 till
515 625 93 22 hvilken
623 625 78 28 afgäld
717 625 40 22 bör
773 625 50 22 från
839 633 49 21 par-

136 659 42 22 cell
200 661 62 26 utgä,
285 659 57 22 skall
365 659 108 28 afgälden
496 659 105 29 tilläggas
625 660 82 21 endera
730 660 66 22 delen
818 660 72 22 under

135 694 159 21 motsvarande
316 693 133 29 förhöjning
469 693 27 22 af
509 694 74 21 denna
598 694 48 21 dels
662 694 43 22 och
719 695 132 28 minskning
867 694 26 22 af

136 728 44 21 den
196 729 70 21 andra
282 728 76 22 delens
373 728 85 21 mantal
475 728 43 22 och
534 728 67 21 skatt.

490 813 48 29 78.

204 859 48 23 Aro
262 860 62 22 inom
334 867 28 14 en
372 860 176 21 landskommun
558 860 55 21 flere
623 860 132 28 lägenheter
764 860 109 22 förenade
885 860 7 22 i

136 901 29 14 en
187 894 61 22 hand
270 894 43 22 och
334 894 84 22 brukas
433 894 28 21 de
477 894 155 26 tillsammans,
648 894 64 22 skola
727 894 99 28 afgifter,
843 902 47 14 som

136 928 58 22 efter
216 929 74 21 röktal
312 930 62 27 utgä,
392 928 112 22 debiteras
520 928 57 22 efter
592 928 173 29 lägenheternas
781 936 110 14 samman-

134 962 69 28 lagda
217 963 112 26 skattetal,
345 963 95 21 sålunda
458 965 34 19 att
507 962 79 29 hvarje
601 962 115 29 tjugufem
731 963 160 21 etthundrade-

136 997 47 21 dels
199 998 91 25 mantal,
306 999 24 20 sä
345 997 43 22 ock
403 997 141 26 mantalsdel,
561 1004 48 15 som
624 997 50 21 icke
684 999 89 27 uppgår
783 997 35 22 till
829 998 62 21 detta

135 1031 91 29 belopp,
242 1039 65 14 anses
322 1034 74 19 säsom
411 1039 28 14 en
454 1032 167 25 hemmansrök,
638 1031 59 22 dock
712 1034 33 19 att
759 1032 54 21 flere
824 1032 67 21 rökar

136 1065 20 28 ej
172 1068 38 19 mä
225 1066 109 22 beräknas
350 1069 28 19 än
394 1066 86 22 antalet
495 1066 140 28 lägenheter.

204 1100 98 22 Bositter
318 1100 42 22 och
374 1100 84 22 brukar
474 1102 78 27 någon
562 1100 55 22 flere
627 1100 137 29 lägenheter,
777 1108 48 14 som
835 1100 56 22 höra

136 1134 34 22 till
186 1142 84 14 samma
285 1135 227 25 hemmansnummer,
530 1142 65 14 anses
611 1135 28 21 de
655 1136 74 20 såsom
744 1142 28 14 en
787 1135 48 21 rök.

204 1169 46 21 För
265 1170 113 28 lägenhet,
394 1176 49 15 som
458 1169 74 28 enligt
547 1171 13 19 5
575 1169 14 29 &
605 1169 41 21 här
661 1169 70 21 ofvan
745 1168 100 30 åtnjuter
855 1168 38 22 fri-

136 1203 82 28 hetsår,
234 1204 103 28 erläggas
352 1204 50 21 icke
418 1204 94 28 afgifter
528 1205 74 20 såsom
617 1203 36 22 för
669 1204 95 21 särskild
781 1204 47 21 rök.

493 1289 49 29 88.

205 1328 80 35 Årliga
300 1335 107 28 afgälden
417 1335 53 21 från
480 1335 86 28 parcell
575 1335 113 28 uppbäres
699 1334 26 22 af
732 1333 159 29 kronofogden

135 1369 40 22 vid
190 1369 136 28 uppbörden
340 1369 26 22 af
378 1369 149 22 kronomedel
542 1369 43 22 och
599 1369 178 28 tillgodoräknas
788 1368 105 21 innehaf-

136 1411 70 14 varen
222 1404 26 21 af
261 1406 110 19 stommen
393 1405 29 27 på
438 1403 52 22 dess
505 1403 197 28 kronoutskylder.
732 1403 75 28 Utgår
821 1402 71 29 afgäl-

136 1438 44 21 den
195 1438 50 21 icke
260 1445 27 14 ur
302 1437 119 29 parcellen,
437 1445 55 14 vare
508 1440 113 19 stommen
636 1437 77 21 derför
727 1437 135 28 underpant.

204 1478 48 23 Lag-
264 1478 31 18 och
306 1477 177 19 ekonomiutskottets
496 1477 111 18 betänkande
619 1477 36 18 N:o
667 1478 16 16 5.

911 251 20 16 12
944 249 11 22 8
968 250 22 16 95
1002 249 20 18 F.

909 279 20 16 81
939 277 16 18 &
964 279 33 16 144
1005 277 28 23 88.

911 635 21 16 20
944 633 11 22 &
968 634 22 17 95
1003 633 20 18 F.

943 663 21 16 82
977 661 17 23 8.

912 870 21 15 34
945 868 12 22 &
969 868 22 17 95
1004 868 21 17 F.

914 1345 21 16 35
947 1343 12 23 &
971 1344 23 17 95
1007 1343 20 18 F.
