1095 1742
211 140 28 20 84
432 140 28 22 U.
476 140 28 23 B.
520 153 26 3 —
563 141 72 28 Prop.
653 141 41 21 N:o
710 141 21 21 5.

203 208 24 22 af
250 210 105 20 anstalten
377 210 39 21 och
438 210 127 27 vaktstugan
588 212 54 20 samt
661 210 118 21 kostnaden
795 210 32 20 för
842 209 119 27 nyanskaff-

204 243 52 27 ning
278 243 22 21 af
321 244 92 28 redskap
435 245 85 21 komme
535 247 32 19 att
581 245 69 27 äligga
666 244 26 22 de
707 244 253 27 vägbyggnadsskyldige.

204 277 86 22 Säledes
318 278 68 21 skulle
403 279 80 26 jämväl
498 279 143 21 kostnaderna
656 278 33 21 för
704 278 137 22 anskaffande
855 278 23 21 af
891 284 26 15 en
933 285 27 20 ny

204 311 214 28 öfvergängsanstalt,
439 315 38 19 när
497 313 41 21 den
558 313 136 21 därförinnan
719 312 122 27 begagnade
863 311 24 22 af
902 312 58 21 ålder

204 345 52 22 eller
280 352 77 21 genom
379 347 148 27 skadegörelse
543 347 50 21 eller
609 347 173 27 olyckshändelse
799 346 68 21 blifvit
883 346 76 21 obruk-

203 379 44 26 bar,
264 381 50 26 utgä
329 387 26 15 ur
369 381 106 22 allmänna
490 381 87 22 medel.»

271 415 64 21 Detta
358 415 132 22 betänkande
513 416 62 21 fanns
601 416 99 27 vidfogad
722 422 26 15 en
768 416 136 25 reservation,
920 416 37 21 där

203 451 138 19 reservanten
357 452 59 19 utom
431 452 65 19 annat
509 452 76 25 yttrar:

59 478 130 36 Reservation.
274 483 45 22 »Dä
343 486 78 19 största
444 485 60 21 delen
525 484 24 22 af
569 485 26 21 de
614 485 247 27 vägbyggnadsskyldige
876 485 7 20 i
899 485 57 21 skär-

206 517 80 27 gärden
297 518 46 21 icke
358 518 62 22 hafva
435 519 70 27 nägon
520 521 59 25 nytta
597 519 22 21 af
632 519 171 27 vintersjöfarten
819 519 39 22 och
874 519 27 21 dä
916 519 42 21 led-

203 585 231 28 Ofvergängsanstalter
456 588 72 21 kunna
549 587 89 27 befaras,
654 587 43 22 ifall
714 588 132 21 underhållet
861 587 22 22 af
896 588 62 21 dessa

202 621 103 21 anstalter
326 621 85 28 päföres
434 623 53 25 dem,
503 622 32 21 får
547 623 38 27 jag
599 623 33 20 för
647 623 43 20 min
707 623 33 21 del
757 623 108 20 vördsamt
879 622 79 21 föreslå

202 657 31 19 att
255 655 31 21 till
309 656 136 22 bestridande
466 657 21 21 at
509 657 40 21 den
572 657 96 26 kostnad,
692 664 45 15 som
758 657 145 21 anskaffandet
919 657 38 21 och

202 689 134 22 underhället
350 691 23 21 af
385 691 58 28 dylik
457 692 78 21 anstalt
553 693 48 20 med
617 692 69 21 därtill
702 692 93 21 hörande
810 692 77 26 redsap
903 696 54 17 samt

202 723 143 27 uppförandet
367 725 23 21 af
403 726 138 27 tilläfventyrs
557 725 91 28 behöflig
663 726 114 27 vaktstuga
792 725 124 28 tiliskyndar
931 726 25 21 de

203 758 254 29 vägbyggnadsskyldige,
479 761 76 21 liksom
578 761 40 21 ock
633 761 31 21 till
679 760 111 22 aflönande
805 760 23 21 af
841 760 114 27 vaktbetjä-

203 793 53 26 ning
272 793 39 21 och
325 794 91 27 utgiften
432 795 32 21 för
479 795 193 22 öfverfartsställets
689 795 139 21 utmärkande
839 795 38 21 och
889 795 67 27 belys-

202 827 58 27 ning,
283 828 60 21 skola
365 828 138 28 erforderliga
524 830 75 27 anslag
617 837 25 14 ur
658 829 106 22 allmänna
779 829 68 21 medel
863 829 92 27 beviljas,

201 861 111 22 hvaremot
329 863 78 21 värden
424 870 34 14 om
473 864 104 20 anstalten
593 863 32 21 för
640 863 64 27 öfrigt
720 865 55 20 samt
789 863 118 21 kostnaden
923 863 32 21 för

200 896 164 28 nyanskafining
377 897 23 21 af
413 898 96 27 redskap,
525 904 46 15 som
583 905 76 20 genom
670 898 94 22 vanvård
774 897 93 21 förfarits
875 898 80 26 åligger

200 930 27 20 de
242 930 266 29 vägbyggnadsskyldige.»

57 964 66 23 Näriga
131 968 63 19 propo-
270 965 47 21 Den
333 966 31 20 till
380 967 114 21 ständerna
516 966 156 22 öfverlemnade
695 968 77 26 nädiga
794 967 159 26 propositionen

85 993 81 19 sitionen.
183 989 12 44 —
202 999 117 21 innehåller
343 1000 130 23 beträffande
494 1002 129 21 inrättandet
647 1002 39 21 och
709 1001 133 21 underhållet
869 1000 23 22 af
916 1001 38 20 bro

201 1033 52 21 eller
276 1040 69 15 annan
366 1035 274 22 kommunikationsanstalt
661 1035 59 21 öfver
742 1036 91 24 isränna,
857 1042 45 14 som
925 1034 29 22 af-

200 1067 73 27 bryter
288 1068 78 22 allmän
382 1070 111 26 vinterväg
503 1070 38 21 och
552 1070 69 21 blifvit
630 1070 22 21 af
660 1070 149 26 vinterängare
820 1069 134 27 uppgängen,

198 1101 160 29 bestämningar
381 1104 119 27 uppgjorda
518 1105 6 20 i
541 1104 91 27 enlighet
655 1104 49 21 med
726 1104 36 21 det
780 1103 23 21 af
816 1103 93 21 komitön
925 1103 29 21 af-

200 1136 58 26 gitna
272 1136 108 28 förslaget.

74 1164 100 36 Utskottets
268 1171 111 22 Utskottet
400 1172 38 22 har
453 1173 35 21 vid
503 1172 85 28 frågans
604 1173 156 27 öfvervägande
774 1172 71 22 funnit
859 1175 36 22 att,
904 1174 50 19 enär

87 1198 73 24 förslag.
180 1194 12 45 —
199 1205 41 21 den
264 1206 82 21 direkta
368 1206 176 27 sjöförbindelsen
567 1208 46 20 året
634 1214 35 14 om
690 1208 48 21 med
754 1206 101 26 utlandet,
870 1206 28 27 pä
913 1208 41 20 sätt

196 1238 132 27 framhållits,
346 1241 96 21 åsamkat
465 1242 25 20 de
510 1242 59 21 kust-
585 1242 39 21 och
640 1242 201 26 skärgårdstrakter,
857 1247 46 15 som
919 1241 34 21 be-

197 1275 61 20 röras
281 1274 23 21 af
324 1275 70 21 denna
412 1275 67 27 trafik,
495 1276 104 21 särskilda
614 1276 142 27 olägenheter,
773 1278 50 18 utan
839 1278 32 18 att
886 1276 68 21 direkt

196 1308 116 28 tillskynda
333 1309 48 21 dem
407 1310 70 27 någon
502 1310 118 22 nämnvärd
643 1310 151 22 motsvarande
818 1312 65 25 nytta,
905 1316 47 15 men

196 1342 71 22 denna
292 1343 183 22 kommunikation
494 1344 117 22 emellertid
625 1344 33 22 för
673 1345 83 21 landets
772 1344 181 26 hufvudnäringar

198 1377 40 21 och
253 1377 110 22 förkofran
375 1381 82 19 ansetts
469 1385 39 21 ega
523 1379 40 21 den
579 1382 58 18 stora
655 1379 113 27 betydelse,
783 1381 32 19 att
830 1379 41 21 den
887 1378 67 21 blifvit

196 1410 23 22 af
238 1414 69 19 staten
331 1412 185 27 subventionerad,
531 1414 89 20 rättvisa
635 1413 38 21 och
688 1413 97 27 billighet
800 1412 61 21 äfven
876 1412 77 26 fordra,

196 1447 32 19 att
244 1448 70 19 staten
330 1447 96 26 vidtager
446 1448 41 20 alla
502 1447 137 27 erforderliga
654 1448 99 26 åtgärder
769 1447 32 20 för
816 1449 31 18 att
860 1446 94 27 aflägsna

267 1491 48 23 Lag-
328 1492 32 17 och
373 1492 184 18 Ekonomiutskottets
570 1492 110 19 betänkande
692 1493 37 17 N:o
743 1493 17 17 4.
