1092 1739
112 780 46 19 1885
171 779 33 20 års

110 809 90 23 landtdag.

110 855 38 18 Pet.
160 855 54 22 först.

88 883 54 18 inom
153 884 73 18 Bonde-

121 912 78 19 ständet.

109 1060 50 19 Utsk.
172 1061 33 18 bet.

235 161 29 21 22
462 162 29 23 U.
507 163 28 22 B.
551 176 27 3 —
594 163 75 29 Prop.
685 164 43 22 N:o
743 163 22 23 5.

235 236 50 15 men
308 230 90 22 allenast
412 231 5 21 i
435 232 99 21 afseende
558 232 12 21 å
584 232 137 21 inhämtande
736 232 21 21 af
772 232 61 21 deras
848 232 99 26 yttrande
958 238 35 14 om

235 265 124 21 detsamma.

305 299 84 22 Jämväl
411 301 113 21 ständerna
546 301 75 21 ställde
645 302 32 27 sig
694 301 68 21 under
776 301 128 27 hänvisning
918 301 33 20 till
967 300 26 22 de

236 333 53 26 skäl,
318 334 72 22 hvilka
420 335 53 21 varit
506 336 167 27 normgifvande,
698 336 35 20 vid
766 335 127 27 föregående
924 335 69 21 landt-

237 368 48 27 dag,
305 368 13 21 &
333 375 80 15 samma
435 369 133 28 ständpunkt
590 370 39 21 och
652 372 77 25 antogo
753 370 48 20 med
824 370 66 27 nägra
913 371 79 19 smärre

236 402 115 28 ändringar
371 404 161 27 propositionen.
562 404 70 21 Bland
654 404 60 21 dessa
737 404 110 27 förtjäna
840 398 13 38 i
864 404 58 20 detta
937 410 56 14 sam-

237 437 107 27 manhang
367 440 30 18 att
419 440 124 19 omnämnas
564 438 53 22 blott
632 439 37 21 det
690 439 22 20 af
733 438 114 22 ständerna
867 438 34 21 till
916 438 77 27 nädiga

237 472 169 26 propositionens
422 473 160 27 stadgande,att
598 473 210 27 vägbyggnadslaget
822 472 69 22 skulle
907 474 86 26 utgöras

235 505 22 21 af
280 506 117 28 tingslaget,
420 508 73 26 gjorda
508 508 96 27 tillägget
626 508 71 20 därom
722 510 32 18 att
775 508 36 20 det
833 514 50 14 vore
906 507 25 21 de
961 507 31 21 till

235 540 113 28 tingslaget
364 541 92 21 hörande
471 542 155 21 kommunerna
646 542 98 27 obetaget
759 542 31 27 sig
806 542 90 20 emellan
912 542 81 20 fördela

235 575 242 29 vägbyggnadstungan,
502 576 44 21 ifall
572 576 26 22 de
624 576 78 28 ansägo
727 577 57 21 detta
808 576 63 21 lända
895 576 33 21 till
943 577 49 20 dess

234 609 96 28 Tindring
345 610 39 21 och
400 611 123 27 utjämning.

305 643 129 23 Ständernas
457 646 34 20 vid
516 646 69 20 denna
607 645 102 27 landtdag
731 645 79 21 fattade
829 645 70 21 beslut
913 644 44 21 blef
971 644 22 21 af

235 678 117 22 monarken
376 679 165 26 sanktioneradt,
563 681 106 20 hvarefter
691 680 41 21 den
749 681 25 20 15
790 680 83 27 januari
890 680 53 20 1883
960 681 33 19 ut-

235 713 100 21 färdades
353 714 18 26 ej
388 714 81 21 mindre
484 715 124 27 förordning
624 717 27 18 än
669 714 155 21 administrativ
843 713 126 28 kungörelse
985 714 6 20 i

235 749 78 25 ämnet,
328 748 103 21 hvardera
445 751 30 19 att
490 749 54 27 gälla
560 749 46 20 frän
624 749 10 20 1
650 749 38 26 juli
704 755 80 14 samma
800 748 27 21 är.

306 782 165 28 Bestämningen
487 783 7 20 i
511 783 75 27 nädiga
602 783 158 28 propositionen
776 783 79 25 därom,
872 784 29 19 att
911 782 81 21 kronan

235 816 70 21 skulle.
327 816 33 21 för
382 817 45 21 sina
451 817 139 28 skogsparker
612 817 84 28 deltaga
720 817 6 20 i
749 817 244 27 väghällningsbesväret

234 850 55 21 hade
321 851 22 20 af
373 851 157 22 Bondeständet
562 852 104 27 godkänts
695 851 67 21 under
787 851 150 26 förutsättning
961 852 30 19 att

234 885 86 20 därmed
337 885 69 28 afsägs
421 885 28 21 all
465 886 79 21 kronan
561 886 92 27 tillhörig
667 886 53 27 jord.
745 885 33 21 Dä
793 885 116 21 emellertid
921 885 70 20 seder-

234 925 59 14 mera
315 919 35 21 vid
374 920 161 27 förordningens
550 921 134 26 tillämpning
707 920 89 21 befanns
818 921 31 19 att
871 919 68 21 under
959 921 32 19 ut-

235 953 83 27 trycket
335 954 140 27 skogsparker
489 955 76 20 endast
580 954 72 21 kunde
675 955 121 26 inbegripas
818 954 32 20 till
872 953 119 28 kronopark

234 988 86 27 afskiljd
338 989 53 26 jord,
413 989 122 21 föranledde
552 989 56 21 detta
624 989 34 20 vid
685 989 53 20 1885
754 989 34 20 års
810 988 101 27 landtdag
926 990 29 18 ett
970 988 22 20 af

234 1024 75 19 trenne
335 1023 139 21 medlemmar
493 1023 7 20 i
520 1023 83 21 ständet
623 1023 169 21 undertecknadt
813 1022 179 27 petitionsförslag

233 1063 35 14 om
295 1057 92 21 kronans
410 1057 115 28 äläggande
548 1060 30 19 att
599 1058 78 27 jämväl
702 1058 32 20 för
754 1057 47 20 sina
829 1057 66 26 öfriga
918 1056 73 27 skogs-

234 1091 85 21 marker
342 1094 47 25 taga
413 1092 34 21 del
471 1093 7 19 i
503 1092 102 21 besväret.
635 1092 53 27 Lag-
714 1092 38 21 och
778 1090 215 27 Hkonomiutskottet,

234 1126 86 21 hvartill
336 1126 72 26 frägan
425 1127 131 26 remitterats,
572 1127 108 27 päpekade
698 1127 103 20 hurusom
816 1125 12 21 ä
843 1125 78 21 sädana
945 1125 47 20 kro-

235 1166 53 14 nans
311 1160 152 27 skogsmarker,
482 1160 72 21 hvilka
575 1161 19 27 ej
618 1161 90 26 afskiljts
730 1160 32 21 till
784 1160 81 27 parker,
888 1159 104 27 anlaggda

234 1194 118 27 skogstorp,
385 1201 44 14 som
456 1195 68 21 blifvit
548 1195 139 27 skattlaggda,
710 1195 39 20 och
775 1193 217 28 nybyggeshemman,

234 1228 66 21 sedan
317 1229 26 20 de
355 1229 56 21 trädt
427 1230 6 19 i
445 1229 60 27 skatt,
520 1229 82 28 jämlikt
612 1229 41 21 den
670 1236 42 20 nya
727 1229 151 26 förordningen
891 1228 82 27 deltogo
985 1228 6 20 i

235 1263 254 27 vägbyggnadsbesväret.
506 1264 107 21 Utskottet
624 1264 65 27 ansäg
700 1264 70 20 därför
778 1265 29 19 att
818 1263 35 21 det
863 1262 47 22 icke
921 1262 71 21 kunde

234 1296 91 28 fordras,
340 1298 36 20 det
391 1298 80 21 kronan
487 1298 32 21 för
534 1305 80 14 samma
630 1305 50 20 egor
695 1298 69 20 skulle
780 1298 6 20 i
799 1299 81 25 tungan
891 1300 48 24 taga
951 1297 40 27 del,

234 1331 55 21 hälst
313 1332 64 27 detta,
400 1332 69 22 därest
491 1332 135 28 deltagandet
640 1332 69 21 skulle
725 1332 69 26 äligga
815 1332 80 20 kronan
912 1331 32 20 för
959 1330 33 21 sä-

233 1366 58 20 dana
306 1366 85 21 marker
405 1367 7 20 i
427 1374 80 14 samma
518 1367 120 27 proportion
652 1373 45 14 som
708 1366 33 21 för
751 1366 146 27 skogsparker,
908 1365 84 21 komme

234 1402 32 18 att
288 1400 40 20 öka
350 1400 48 21 dess
421 1401 85 27 utgifter
528 1401 32 21 för
582 1401 120 21 ändamälet
724 1400 46 21 frän
790 1400 145 20 hundratusen
960 1399 32 21 till

235 1434 85 27 vidpass
343 1435 115 21 halfannan
482 1436 73 26 miljon
579 1435 65 24 mark,
667 1434 86 22 hvilken
770 1434 94 27 stegring
879 1434 6 20 i
901 1434 54 20 form
971 1434 21 20 af

234 1468 58 21 skatt
307 1469 48 21 med
371 1470 135 20 sannolikhet
516 1469 68 21 skulle
600 1470 79 20 drabba
695 1469 26 21 de
737 1468 66 21 redan
818 1468 57 20 förut
886 1467 107 27 vägbygg-

304 1514 49 23 Lag-
366 1515 32 17 och
411 1515 184 17 Ekonomiutskottets
608 1514 110 18 betänkande
730 1514 38 17 N:o
781 1514 17 17 4.
