1092 1742
211 142 27 20 36
447 143 28 23 U.
493 144 26 22 B.
535 156 28 3 —
578 144 73 28 Prop.
669 144 43 22 N:o
728 144 22 22 5.

210 210 142 22 uträknandet
373 212 21 20 af
409 212 40 21 den
475 226 25 2 —
510 225 28 3 —
549 226 28 2 —
592 213 126 27 föreslagna,
730 212 13 22 å
758 214 90 26 vägören
861 212 110 28 grundade

210 245 103 27 vägskatt,
322 246 89 21 allenast
419 247 46 21 hela
474 247 29 21 tal
514 247 85 26 måtte,
594 241 10 37 i
610 248 39 20 och
660 248 33 20 för
704 248 91 20 arbetets
802 247 168 27 underlättande,

211 279 85 21 komma
311 280 32 20 till
359 281 156 27 användning».

65 314 87 18 Rörande
160 316 43 21 väg-
280 313 10 21 I
306 315 153 28 sammanhang
481 316 100 27 slutligen
604 316 48 20 med
669 316 73 27 frågan
759 322 34 14 om
810 315 161 27 vägbyggnads-

74 342 121 35 byggnadsla-
211 348 67 27 lagets
301 349 86 27 omfång
409 350 38 21 har
469 350 94 21 komitön
586 350 70 21 anfört
678 352 30 19 ett
732 350 56 21 antal
808 350 163 28 sifferuppgifter

64 373 38 21 gets
121 372 81 22 omfång.
209 382 47 21 från
273 383 56 21 olika
344 384 59 21 delar
418 384 21 21 af
453 385 79 27 landet,
549 385 48 21 med
621 385 117 27 anledning
753 385 21 21 af
789 384 72 21 hvilka
877 385 6 20 i
899 384 72 22 betän-

210 417 79 21 kandet
304 418 65 21 sedan
385 418 107 27 yttrades
482 413 12 36 :

281 451 88 22 »Säsom
385 453 87 21 resultat
487 460 65 20 synes
568 453 118 27 otvetydigt
702 453 87 27 framgä,
804 455 30 19 att
856 453 67 21 under
938 459 33 15 se-

210 492 51 15 nare
277 486 55 22 tider
346 489 30 19 ett
391 488 121 21 sträfvande
535 494 45 14 mer
596 488 39 20 och
651 494 45 14 mer
711 488 55 27 gjort
781 488 33 26 sig
829 488 96 26 gällande
941 489 30 19 att

210 521 51 21 söka
277 521 20 21 fä
314 521 220 28 vägbyggnadslagets
550 523 38 20 och
606 522 141 21 kommunens
768 524 88 25 gränser
871 524 30 19 att
915 528 56 15 sam-

211 555 98 11 mantalta
357 557 54 11 villa
453 558 22 10 Av
521 563 53 6 anda
599 558 46 11 äfon
703 556 9 14 å

210 568 107 13 manfalia,
340 556 81 22 hvilkot
443 556 131 22 förhällando
598 556 62 21 äfven
680 560 66 18 måsto
762 562 62 15 anses
839 556 45 22 helt
899 558 71 20 natur-

210 589 39 27 ligt
263 590 7 20 i
286 590 138 22 betraktande
447 591 99 21 särskildt
561 591 21 21 af
598 591 25 21 de
639 591 121 27 betydande
783 590 92 22 fördelar
890 597 26 15 en
932 591 39 27 dy-

210 624 29 20 lik
256 625 119 27 anordning
397 626 54 20 varit
473 626 67 27 egnad
564 628 29 18 att
616 626 116 26 tillskynda
748 625 157 21 vederbörande
921 627 49 25 väg-

211 658 209 29 hällningsskyldige.
449 660 30 21 Ju
495 660 83 21 mindre
590 660 86 20 omräde
687 662 30 18 ett
728 660 187 27 vägbyggnadslag
927 660 44 25 har,

211 693 59 21 desto
287 694 82 21 mindre
385 694 66 22 måste
466 695 7 20 i
488 695 73 27 regeln
586 694 291 27 väghällningskostnaderna
899 694 71 28 blifva,

211 728 76 20 medan
311 728 12 20 å
345 728 66 21 andra
433 729 60 21 sidan
517 729 61 21 dessa
601 728 114 22 kostnader
736 729 50 21 ökas
802 728 6 20 i
825 735 80 14 samma
921 728 48 21 mån

210 768 46 14 som
274 762 217 28 vägbyggnadslagets
508 763 86 27 omfång
609 763 107 21 förstoras.
748 762 94 22 Orsaken
861 763 70 21 härtill
947 764 23 19 är

211 796 48 26 den,
275 799 30 18 att
328 797 292 27 väghållningskostnaderna
635 798 7 20 i
659 798 103 26 väsentlig
784 797 49 21 mån
856 799 35 19 äro
910 797 60 21 bero-

210 830 56 21 ende
282 831 21 21 af
319 831 35 21 det
369 834 66 19 större
458 832 52 21 eller
532 832 82 21 mindre
630 832 89 26 afstånd,
732 832 25 26 på
774 832 80 20 hvilket
869 832 101 20 vederbö-

211 865 77 21 randes
312 866 103 27 väglotter
435 868 35 19 äro
493 866 95 28 belägna,
604 869 54 18 samt
674 869 35 24 att,
725 866 66 27 enligt
808 866 55 21 hvad
878 866 92 21 erfaren-

211 900 63 20 heten
290 900 118 27 ådagalagt,
423 901 56 21 detta
496 901 83 20 afstånd
594 901 7 20 i
617 901 115 21 allmänhet
753 901 100 20 förstoras
867 901 7 20 i
890 907 81 14 samma

211 933 56 28 mån,
290 941 45 14 som
361 935 209 28 vägbyggnadslaget
585 935 30 21 till
632 936 36 20 sitt
689 935 87 27 omfång
796 935 104 27 utvidgas.
929 935 42 21 Det

211 969 38 20 har
265 969 123 27 visserligen
406 969 44 22 ofta
467 970 69 21 blifvit
550 970 103 25 anmärkt,
669 972 30 19 att
714 970 58 20 inom
788 970 133 25 kommuner,
930 970 39 21 hö-

211 1003 66 21 rande
300 1003 31 21 till
355 1006 29 19 ett
407 1005 38 20 och
468 1011 81 14 samma
569 1004 97 27 tingslag,
683 1003 289 28 väghållningskostnaderna

211 1036 75 22 kunna
309 1045 50 14 vara
381 1039 80 26 ganska
485 1039 61 26 olika,
562 1039 86 20 hvilken
672 1038 80 21 olikhet
770 1038 47 21 icke
834 1038 68 21 skulle
917 1038 55 21 före-

210 1071 70 22 finnas
296 1072 45 21 ifall
357 1073 21 20 af
393 1073 62 21 dessa
470 1073 127 20 kommuner
620 1073 96 20 bildades
731 1074 30 19 ett
776 1074 132 25 gemensamt
923 1074 50 25 väg-

210 1105 159 28 byggnadslag;
381 1114 49 14 men
449 1110 28 18 att
493 1108 33 20 för
546 1107 107 21 ernående
670 1107 21 20 af
706 1107 90 21 berörda
818 1106 99 21 ändamål
932 1107 41 20 till-

209 1140 62 27 gripa
287 1143 31 19 ett
335 1141 75 26 medel,
426 1149 44 14 som
487 1141 140 28 ovilkorligen
644 1142 67 20 måste
727 1141 48 21 leda
785 1141 32 21 till
829 1147 26 15 en
867 1147 44 15 mer
921 1141 52 21 eller

211 1175 83 20 mindre
311 1175 120 27 betydande
447 1176 111 27 förökning
575 1176 21 21 af
612 1175 291 28 väghållningskostnaderna
918 1175 6 21 i
938 1175 36 21 de-

210 1216 34 13 ras
267 1209 78 26 helhet,
361 1210 65 27 torde
444 1211 93 20 hvarken
561 1217 49 14 vara
633 1210 159 27 förnuftsenligt
815 1209 52 22 eller
887 1209 51 28 eljes
954 1210 21 21 af

210 1244 211 27 omständigheterna
445 1245 113 27 påkalladt.
587 1241 69 24 Äfven
682 1244 130 21 komiterade
834 1244 58 21 finna
913 1245 62 20 önsk-

210 1278 68 27 värdt,
299 1280 31 19 att
356 1279 293 27 väghållningskostnaderna
676 1279 160 21 vederbörande
863 1278 89 21 emellan
968 1279 7 20 i

209 1313 124 27 möjligaste
350 1313 65 21 måtto
432 1315 112 26 utjämnas,
561 1320 48 14 men
627 1320 51 14 anse
694 1313 76 21 sådant
792 1313 94 20 hvarken
902 1312 73 21 kunna

210 1348 55 20 eller
280 1348 52 21 böra
347 1347 27 28 på
389 1355 31 13 nu
443 1348 75 27 antydt
540 1350 40 19 sätt
603 1348 159 27 åvägabringas.
794 1347 57 21 Vore
866 1347 32 21 för
913 1347 64 28 öfrigt

211 1383 36 20 det
263 1383 63 20 ofvan
343 1383 112 20 anmärkta
478 1383 192 20 betraktelsesättet
685 1383 49 20 fullt
748 1382 81 27 riktigt,
843 1381 66 22 borde
925 1382 52 21 kon-

209 1417 124 20 sekvensen
349 1416 139 27 ovilkorligen
499 1417 75 27 fordra,
586 1419 32 18 att
629 1417 210 27 vägbyggnadslaget
855 1416 122 23 omfattade,

210 1451 49 20 icke
275 1451 116 27 tingslaget
407 1451 52 21 eller
474 1458 38 14 ens
528 1451 86 21 häradet
630 1451 52 21 eller
697 1451 63 27 länet,
776 1453 51 18 utan
843 1450 73 21 landet
926 1451 6 20 i
944 1451 32 20 sin

283 1497 49 22 Lag-
345 1497 33 18 och
391 1497 186 18 Ekonomiutskottets
590 1497 112 18 betänkande
714 1497 39 18 N:o
766 1497 17 17 4.
