1092 1748
464 118 41 23 N:o
517 118 14 21 6
818 118 27 21 61

462 210 41 22 173
518 211 19 26 8.

187 249 54 28 Har,
261 250 69 21 sedan
353 250 174 21 vattenområde
549 249 99 29 skiftats,
666 249 103 30 nyskifte
788 250 61 21 skett
864 249 13 21 å

119 284 116 27 stranden;
251 284 29 21 dä
294 285 43 27 må,
349 284 39 22 der
401 284 38 21 det
453 287 56 19 utan
525 283 91 29 förfång
632 285 45 20 kan
693 285 46 27 ske,
755 284 122 29 jemkning

120 319 54 21 eller
189 319 81 28 utbyte
289 319 26 22 af
334 320 100 21 lotterna
452 320 7 20 i
476 319 182 22 vattenområdet
673 322 74 25 göras,
764 320 24 20 så
804 321 34 19 att
852 319 25 21 så

119 353 51 22 vidt
191 353 92 29 möjligt
305 353 56 22 hvar
381 354 106 28 delegare
503 354 95 21 erhåller
614 354 40 21 sitt
669 356 79 19 vatten
764 354 61 21 intill
842 353 34 22 sin

120 388 46 21 lott
181 387 8 22 i
205 388 113 21 stranden.

463 435 41 21 174
519 436 18 25 8.

189 469 33 27 Är
239 474 153 23 förordnande
415 475 131 22 meddeladt
565 477 34 19 att
614 475 71 21 skifta
700 475 177 26 vattenområde;

121 510 55 21 eller
195 512 34 19 att
247 509 124 22 verkställa
391 509 120 29 jemkning
526 509 54 22 eller
595 509 82 29 utbyte
692 509 26 22 af
730 510 69 21 lotter
814 509 7 21 i
837 509 41 29 dy-

120 544 44 21 likt
187 544 96 28 område,
309 544 122 21 ankomme
451 544 13 21 å
481 544 250 28 förrättningsmännen
751 547 40 25 att,
807 544 70 21 innan

121 578 78 22 vidare
222 578 221 29 beredningsåtgärd
467 578 119 29 företages,
603 578 51 22 med
673 579 95 28 ledning
786 579 24 21 af
832 579 46 21 till-

121 613 97 29 gänglig
233 613 124 28 utredning
373 613 43 21 och
431 612 58 22 efter
503 613 154 29 rådplägning
672 614 52 21 med
737 614 140 28 delegarene,

120 648 91 21 besluta
225 648 119 28 huruvida,
361 648 51 21 med
429 648 94 28 hänsigt
538 648 35 21 till
588 648 61 21 hvad
664 648 8 21 i
688 648 41 22 172
746 649 54 21 eller
814 648 41 22 173
865 650 13 25 3

122 682 109 28 stadgats,
247 682 55 21 slikt
318 682 75 28 skifte,
407 682 122 28 jemkning
544 682 54 21 eller
613 682 82 29 utbyte
706 683 58 21 skall
776 690 42 21 ega
828 690 50 14 rum

122 717 55 21 eller
192 716 56 22 icke.
278 716 119 22 Erfordras
413 716 36 22 för
467 716 93 29 frågans
579 716 109 29 pröfning
707 717 171 28 undersökning

122 752 13 20 å
150 750 139 30 fångstplats
304 751 55 21 eller
375 758 75 14 annan
465 751 37 21 del
518 751 23 21 af
555 752 188 28 vattenområdet,
759 752 69 22 varde
844 752 34 21 så-

122 786 44 21 dan
182 785 125 29 företagen.

190 820 45 21 Vid
256 820 135 29 afgörandet
411 820 22 22 af
452 821 41 21 här
508 821 84 21 nämnd
608 820 64 29 fråga
688 822 58 20 skall
761 820 118 23 utlåtande

122 854 26 22 af
160 854 251 29 förrättningsmännen
427 855 115 22 meddelas
556 858 58 19 samt
624 855 141 22 beträffande
776 856 103 21 densam-

122 897 48 14 mas
193 889 142 29 behandling
353 889 36 22 för
408 889 72 29 öfrigt
495 890 68 21 lända
578 890 36 21 till
630 889 150 22 efterrättelse
795 889 60 22 hvad
871 889 9 22 i

124 924 28 21 93
167 925 13 27 &
196 924 11 21 1
223 924 41 21 och
280 924 13 21 2
308 931 68 15 mom.
392 924 110 29 stadgats.

467 994 42 22 175
524 996 17 25 $.

192 1033 63 21 Skall
275 1033 68 21 skifte
359 1033 26 22 af
402 1034 172 22 vattenområde
589 1034 45 28 ske,
652 1034 42 22 och
710 1038 38 18 äro
764 1034 50 22 dess
830 1035 50 20 råer

122 1070 48 19 mot
193 1068 157 28 angränsande
373 1068 157 28 samfällighet
552 1068 19 29 ej
591 1069 61 21 förut
672 1076 84 21 genom
770 1070 110 27 rågångs-

123 1102 139 28 förrättning
283 1102 125 28 bestämda,
425 1103 55 21 eller
502 1102 150 23 förekommer
674 1104 66 28 eljest
760 1103 120 22 osäkerhet

124 1144 36 14 om
183 1138 51 20 råns
257 1139 60 19 rätta
339 1137 141 28 sträckning,
499 1138 69 21 varde
586 1138 240 28 rågångsförrättning
845 1137 35 21 för

123 1170 170 22 bestämmande
315 1171 24 21 af
361 1171 96 21 sålunda
476 1174 75 26 öppen
567 1172 54 21 eller
636 1172 106 28 tvetydig
758 1172 24 21 rå
798 1172 7 21 i
822 1178 58 14 sam-

123 1205 115 28 manhang
260 1206 51 21 med
333 1205 80 21 skiftet
435 1205 119 29 företagen
577 1207 74 21 såsom
669 1206 7 21 i
696 1206 40 21 161
752 1208 12 25 &
781 1207 11 21 1
809 1206 43 21 och
867 1206 13 20 2

124 1247 67 14 mom.
207 1240 108 28 stadgats.

467 1286 42 22 176
525 1288 18 26 8.

192 1326 45 21 Vid
259 1326 124 28 gradering
405 1326 24 22 af
450 1326 57 22 fiske
530 1327 63 21 skola
612 1326 164 28 fångstplatser
796 1326 41 22 och
854 1326 28 21 de

124 1360 81 21 ställen
221 1360 35 21 för
271 1360 76 29 öfrigt,
364 1360 40 22 der
419 1360 74 22 fisken
508 1361 67 28 leker,
590 1361 77 28 stiger,
678 1360 87 29 nedgår
780 1361 55 21 eller
851 1360 31 21 el-

122 1394 46 29 jest
189 1395 134 28 uppehåller
345 1395 42 28 sig,
407 1398 59 19 samt
482 1395 74 28 öfriga
572 1395 62 22 delar
648 1395 26 22 af
691 1398 90 19 vattnet
796 1395 86 22 enhvar

124 1429 36 21 till
183 1429 34 21 sin
240 1429 87 28 godhet
348 1430 137 27 uppskattas
509 1430 42 21 och
570 1430 101 21 deremot
686 1430 110 21 svarande
812 1429 70 22 värde
