1092 1748
244 133 27 21 18
557 134 42 23 N:o
611 134 14 22 6

214 202 72 28 stälts,
308 202 39 21 der
366 203 70 22 minst
454 204 79 21 trettio
555 205 23 20 år
593 203 49 22 från
659 204 69 21 sådan
745 203 116 29 reglering
876 203 94 22 förlidit.

214 236 26 28 Ej
258 238 37 20 må
311 237 197 29 skiftesreglering
524 239 6 20 i
547 241 70 18 annat
632 238 46 28 fall,
695 239 19 28 ej
731 239 71 20 heller
813 239 72 28 enligt
896 239 74 20 denna

213 271 38 28 lag
271 271 89 22 utfördt
379 273 123 28 storskifte,
523 272 109 29 klyfning
651 273 53 21 eller
719 273 102 28 nyskifte
835 273 135 28 ytterligare

212 313 85 20 genom
316 306 102 29 nyskifte
438 307 82 22 rubbas
542 307 49 21 med
611 307 88 22 mindre
719 308 50 27 alla,
789 315 49 13 som
853 307 63 21 inom
932 307 38 20 det

214 340 96 21 sålunda
329 340 98 23 skiftade
448 342 103 21 området
571 349 42 21 ega
631 343 54 20 eller
700 342 51 21 med
767 341 97 28 stadgad
881 341 89 22 åborätt

212 374 85 22 besitta
310 375 192 29 jordlägenheter,
519 376 76 21 derom
612 377 88 27 sämjas.

560 439 27 22 36
603 441 18 26 8.

281 478 85 21 Kunna
380 479 7 20 i
398 478 57 29 följd
466 479 22 21 af
498 479 117 21 verkstäld
625 482 72 19 större
707 479 197 28 vattenafledning
915 479 54 21 eller

213 520 75 14 annan
308 513 66 21 orsak
393 514 114 21 tillförene
523 514 70 21 sanka
609 522 54 20 egor
678 514 107 22 försättas
800 514 8 21 i
824 514 86 28 odling,
927 514 42 21 och

212 550 73 18 möter
304 548 81 21 hinder
405 548 74 22 derför
498 548 25 22 af
536 551 33 18 att
585 556 83 20 egorna
683 549 39 21 vid
738 548 98 28 tidigare
852 548 68 22 skifte
936 556 33 14 er-

211 581 67 22 hållit
294 590 28 13 en
337 582 35 21 för
388 582 70 29 sagda
473 582 105 22 ändamål
594 583 110 28 olämplig
719 582 120 28 indelning
855 583 55 20 eller
923 582 46 21 del-

212 616 34 21 vis
270 617 96 21 lemnats
382 617 122 27 oskiftade;
520 618 29 20 då
563 619 43 26 må,
623 618 38 20 der
676 617 82 29 tjenlig
774 617 195 28 skiftesläggning

211 651 51 21 icke
277 651 45 21 kan
337 659 84 20 genom
436 652 100 28 egobyte
551 652 99 26 beredas,
665 660 84 20 egorna
757 652 84 28 kunna,
853 656 55 17 utan
918 652 50 20 hin-

212 685 39 21 der
272 686 24 20 af
314 686 136 28 stadgandet
469 686 8 21 i
496 687 28 20 35
543 688 13 26 $
574 687 13 20 2
603 694 72 21 mom.,
691 694 83 21 genom
790 686 103 28 nyskifte
908 687 59 27 ånyo

212 719 62 22 delas
290 723 58 18 samt
364 721 6 20 i
387 720 122 29 delningen
523 721 106 28 indragas
640 722 24 20 sä
675 722 92 27 mycket
777 720 26 22 af
811 721 157 28 angränsande

211 754 71 28 mark,
298 762 48 14 som
362 754 35 22 för
412 756 126 20 beredande
554 756 23 20 af
591 756 108 28 lämpligt
714 756 43 21 och
772 756 76 27 redigt
864 755 69 21 skifte
945 758 23 18 är

211 789 187 29 oundgängligen
415 790 87 28 nödigt.

559 838 28 21 37
603 839 18 25 8.

280 877 47 20 Har
345 877 39 20 vid
400 877 75 28 skifte,
492 885 48 14 som
556 878 73 28 enligt
644 878 61 21 äldre
721 879 39 26 lag
775 877 130 28 verkstälts,
922 879 45 19 rätt

210 910 37 21 till
263 911 99 20 mulbeto
379 911 55 21 eller
449 919 74 14 annan
540 912 64 28 dylik
619 912 116 28 rättighet,
747 919 50 14 som
809 912 73 27 enligt
893 911 74 22 denna

210 945 39 27 lag
265 944 19 28 ej
301 947 24 19 är
341 945 95 29 tillåten,
453 946 77 22 blifvit
545 946 35 22 för
596 947 39 21 två
650 947 54 21 eller
719 947 54 21 flere
785 947 132 27 lägenheter
927 954 41 20 ge-

210 986 108 21 mensam,
335 980 54 21 eller
405 980 42 22 har
462 989 29 13 en
506 982 108 27 lägenhet
629 982 12 20 å
657 989 74 14 annan
743 981 120 28 lägenhets
875 981 92 21 område

210 1013 143 22 förbehållits
374 1015 70 21 sådan
463 1016 116 27 rättighet,
599 1016 28 21 då
642 1017 42 26 må,
700 1019 56 18 utan
771 1015 82 21 hinder
869 1015 25 21 af
907 1016 60 20 stad-

209 1048 87 27 gandet
314 1049 8 21 i
340 1049 28 20 35
382 1050 14 26 &
411 1050 13 20 2
440 1057 72 21 mom.,
529 1050 43 21 den
587 1050 111 28 rättighet
713 1058 84 20 genom
813 1049 103 29 nyskifte
931 1052 36 18 ut-

209 1082 87 28 brytas,
316 1083 39 21 der
374 1083 38 21 dot
431 1084 92 28 pröfvas
542 1084 77 22 kunna
639 1088 55 18 utan
709 1086 90 27 nägons
814 1084 92 28 förfäng
921 1084 45 22 ske.

279 1117 27 28 Ej
326 1118 37 20 mä
382 1118 58 21 dock
460 1118 146 22 innehafvare
625 1119 22 21 af
667 1119 114 28 lägenhet,
799 1126 48 14 som
864 1119 12 20 å
891 1126 76 14 annan

208 1151 120 27 lägenhets
345 1152 91 22 omräde
452 1153 41 21 har
508 1154 110 27 rättighet
634 1154 25 20 af
672 1162 30 12 nu
718 1152 111 29 angifven
839 1153 127 21 beskaffen-

208 1184 46 28 het,
271 1185 55 21 slikt
340 1186 103 28 nyskifte
458 1186 83 29 fordra,
557 1188 39 20 der
611 1187 19 29 ej
647 1187 148 22 innehafvare
807 1187 22 21 af
840 1187 44 21 den
897 1187 69 21 andra

208 1219 137 28 lägenheten
363 1220 55 28 sjelf
431 1221 69 21 skifta
516 1222 45 21 vill.

278 1254 67 21 Hvad
365 1254 8 22 i
391 1256 10 20 1
417 1263 67 13 mom.
500 1259 24 18 är
539 1256 67 28 sagdt
621 1256 58 21 skall
695 1256 42 22 ock
754 1256 115 28 tillämpas
885 1256 8 21 i
909 1256 58 21 afso-

209 1288 57 21 ende
286 1289 14 20 å
314 1289 70 28 mark,
401 1297 49 14 som
465 1290 39 21 vid
520 1290 69 22 skifte
603 1291 150 27 undantagits
768 1290 36 21 för
820 1290 145 28 delegarenes

208 1329 170 21 gemensamma
394 1324 74 22 behof.

557 1371 28 21 38
600 1372 18 26 &.

277 1409 94 21 Vitsord
387 1413 34 18 att
436 1411 54 20 äska
506 1411 116 21 storskifte
638 1412 54 20 eller
707 1411 103 29 nyskifte
825 1411 141 21 tillkommer

208 1442 50 29 den,
275 1450 48 14 som
338 1444 63 21 inom
418 1444 182 29 samfälligheten
611 1453 53 21 eger
675 1446 54 21 eller
739 1445 53 22 med
803 1445 97 28 stadgad
911 1445 55 21 äbo-
