1095 1739
322 142 28 22 U.
367 143 27 21 B.
410 154 29 3 —
454 142 73 28 Prop.
544 141 40 22 N:o
600 141 22 22 5.
839 139 26 21 17

108 211 198 28 öfverloppsjordar.
336 211 142 21 Petitionären
497 210 95 27 emotsäg
612 210 72 20 dessas
706 208 115 28 äläggande
837 209 30 19 att

113 248 75 25 utgöra
210 246 97 20 besväret
321 246 6 20 i
343 246 118 27 penningar
474 244 66 28 enligt
561 244 116 26 beräkning
692 243 7 21 i
715 243 72 27 hvarje
808 242 59 20 kom-

113 287 52 15 mun
182 280 21 21 af
218 286 25 15 en
261 279 206 27 bevillningskomit6
481 278 278 26 (suostuntaverokomitea),
774 276 53 22 dock
838 278 29 19 att

113 315 82 21 kronan
211 314 32 21 för
258 314 46 21 sina
319 314 191 27 öfverloppsjordar
525 313 68 21 skulle
604 312 89 28 fullgöra
705 312 32 20 sin
749 311 119 27 skyldighet

111 349 68 27 enligt
194 348 165 28 mantalsgrund.

181 383 42 21 Det
244 384 62 26 sjätte
327 382 232 28 petitionsmemorialet
574 382 105 27 slutligen,
702 380 167 22 undertecknadt

112 418 23 21 af
156 420 31 18 tre
210 417 217 26 ständsmedlemmar,
451 417 92 21 innehöll
567 417 78 27 förslag
668 423 35 14 om
719 416 90 20 kronans
825 414 43 22 del-

112 452 92 28 tagande
225 452 32 21 för
276 452 47 21 dess
346 452 126 21 vidsträckta
495 452 84 21 marker
600 452 7 20 i
631 451 88 28 Kajana,
741 449 61 22 Kemi
829 450 40 20 och

111 487 84 21 Torneä
211 486 64 21 härad
290 486 7 21 i
314 486 173 28 vägunderhället
503 486 113 22 därstädes.

183 520 55 22 Frän
259 520 174 22 remissdebatten
449 521 6 20 i
470 521 158 21 Bondeständet
643 520 68 21 finnes
727 520 97 21 särskildt
839 521 29 19 att

113 556 112 26 anteckna,
247 555 36 21 det
305 555 55 21 olika
384 555 110 27 meningar
514 555 105 21 uttalades
639 555 79 26 därom,
739 554 129 21 hvilketdera

114 596 46 14 som
184 596 50 14 vore
257 596 57 14 mera
335 589 77 27 egnadt
427 591 30 19 att
469 589 64 21 verka
548 589 93 27 lindring
655 589 7 20 i
678 589 40 21 och
734 588 135 28 utjämnande

114 624 23 21 af
158 624 233 28 väghällningstungan,
415 630 26 14 en
457 624 79 20 allmän
562 624 101 27 vägskatt,
684 623 96 21 fördelad
798 623 72 21 enhet-

115 658 40 28 ligt
176 658 60 21 öfver
257 658 48 21 hela
325 658 72 21 landet
423 658 52 21 eller
495 659 39 20 ock
557 658 108 21 häradsvis
687 658 52 20 eller
753 658 32 20 för
800 657 71 27 hvarje

115 692 108 27 domsaga.

186 726 101 28 Samtliga
309 727 177 27 petitionsförslag
508 727 145 21 remitterades
676 727 32 20 till
727 726 93 22 ständets
836 732 36 14 en-
894 724 108 19 Utskottsbe-

116 761 70 21 skilda
205 761 171 21 besvärsutskott.
406 761 64 21 Detta
490 761 98 28 föreslog,
608 763 29 20 att
652 761 83 22 ständet
751 761 68 21 skulle
835 767 36 14 an-
902 752 98 19 tänkande.

117 795 56 21 hälla
189 803 34 14 om
238 802 28 21 ny
279 796 127 27 proposition
418 796 32 21 till
461 796 178 21 förstinträffande
650 796 101 27 landtdag
761 795 110 28 angäende

116 832 75 25 vägars
208 830 38 21 och
262 830 72 21 broars
350 830 112 27 byggande
478 831 39 20 och
528 831 111 20 underhåll
655 831 12 20 &
682 831 72 20 landet
764 831 7 20 i
781 829 92 22 hufvud-

115 864 69 27 saklig
207 865 219 20 öfverensstämmelse
449 865 48 20 med
520 865 123 21 ständernas
659 865 35 20 vid
711 867 91 18 närmast
817 865 55 20 före-

115 899 84 26 gäende
214 899 101 24 landtdag
331 899 92 21 uttalade
439 900 93 27 mening.

186 933 48 21 Med
258 933 114 28 anledning
387 934 21 20 af
425 933 69 22 denna
510 934 88 27 petition
614 934 167 21 öfverlämnades
797 933 20 21 af
829 935 147 25 sty-1877—78
988 935 32 19 års

117 967 68 21 relsen
209 967 32 21 till
262 967 111 21 1877—78
393 968 33 20 ärs
445 968 101 27 landtdag
561 968 41 21 den
618 968 77 21 äskade
711 968 161 27 propositionen.
903 966 90 31 landtdag.

116 1001 12 21 I
143 1001 123 21 densamma
289 1002 108 21 framhölls
419 1002 69 21 såsom
512 1009 48 14 svar
575 1003 12 20 &
602 1003 123 20 ständernas
749 1003 33 20 vid
805 1002 69 21 landt-
886 995 129 24 Proposition.

117 1036 70 27 dagen
206 1036 54 21 1867
283 1036 92 21 uttalade
397 1037 161 27 önskningsmål
574 1037 128 21 beträffande
718 1037 156 27 väghållnings-

119 1069 108 22 besvärets
243 1071 147 20 utsträckande
406 1071 31 20 till
453 1071 102 21 särskilda
568 1071 165 28 näringsidkare,
741 1073 30 19 att
785 1077 26 15 en
827 1070 49 21 fullt

119 1104 61 28 giltig
201 1105 39 20 och
262 1105 73 20 rättvis
357 1105 58 27 regel
438 1105 72 21 härvid
534 1105 105 28 svårligen
662 1106 71 21 kunde
755 1105 121 28 uppställgs,

121 1138 55 21 hälst
197 1146 42 19 nya
261 1139 98 28 näringar
380 1140 6 20 i
409 1140 73 21 landet
504 1140 110 27 uppstodo,
636 1140 82 21 hvilkas
739 1140 72 21 idkare
826 1139 48 21 med

117 1179 82 15 samma
222 1173 44 21 skäl
288 1180 45 15 som
357 1174 26 21 de
398 1175 56 20 förra
471 1174 65 21 borde
552 1175 84 27 åläggas
651 1175 84 27 deltaga
749 1175 8 20 i
772 1175 101 20 besväret.

118 1206 13 21 I
145 1207 107 21 anseende
268 1208 67 21 därtill
353 1209 38 20 och
407 1209 27 20 då
449 1209 36 20 det
500 1209 107 21 dessutom
623 1211 59 24 synts
697 1209 130 27 regeringen,
844 1210 30 19 att

119 1241 109 27 undantag
251 1242 46 20 från
320 1243 180 27 grundprincipen
522 1243 32 21 för
573 1243 252 28 väghållningsbesvärets
842 1244 32 19 ut-

117 1275 95 28 görande
228 1275 51 22 eller
294 1278 30 19 att
339 1277 57 20 detta
407 1277 57 27 ålåge
472 1277 186 28 jordegendomen,
666 1277 65 22 borde
743 1277 133 27 medgifvas
865 1271 16 38 i

119 1310 118 27 möjligaste
246 1310 65 21 måtto
320 1311 116 27 begränsad
450 1312 55 27 vidd,
513 1312 54 21 hade
575 1313 78 26 tungan
663 1312 66 27 enligt
741 1311 134 28 lagförslaget

119 1345 90 20 kommit
218 1346 29 19 att
257 1345 108 21 åhvälfvas
377 1348 58 19 utom
443 1346 171 27 jordlägenheter
622 1347 73 21 endast
703 1347 56 20 vissa
768 1345 108 22 bestämda

118 1379 146 27 inrättningar,
274 1380 81 21 hvilkas
366 1380 134 21 verksamhet
507 1381 71 20 kunde
587 1381 31 20 till
627 1381 34 20 det
668 1381 131 20 industriella
808 1379 69 22 områ-

118 1413 37 21 det
162 1413 100 21 hänföras
270 1414 40 21 och
319 1414 63 21 bland
395 1415 72 21 hvilka
478 1415 5 20 i
496 1415 57 21 detta
568 1415 78 27 förslag
661 1415 121 27 ytterligare
799 1414 78 28 tillagts

118 1447 147 27 ölbryggerier
290 1449 38 20 och
355 1449 245 21 brännvinsbrännerier.
638 1449 170 22 Vidkommande
833 1451 44 19 sär-

188 1493 49 23 Lag-
250 1494 32 18 och
294 1494 185 18 Ekonomiutskottets
492 1495 111 18 betänkande
616 1497 36 16 N:o
665 1497 17 16 4.
795 1495 11 17 2
