1092 1748
480 134 41 22 N:o
532 134 13 21 6
833 134 27 22 37

134 202 82 21 seende
232 202 13 20 å
260 202 116 28 delegares
395 202 106 22 kallande
524 202 43 22 och
589 202 179 29 förrättningens
790 202 99 22 förbere-

134 236 73 22 dande
223 236 59 22 hvad
296 236 9 22 i
320 237 28 21 94
364 238 12 26 8
392 240 24 18 är
432 237 72 28 sagdt.

484 301 28 21 98
527 302 18 26 8.

203 340 87 22 Väckes
313 340 65 29 fråga
400 348 38 14 om
453 341 106 29 egobyte,
576 341 43 21 och
634 341 79 21 förena
729 341 36 28 sig
779 340 50 22 icke
845 340 45 21 alla

134 375 140 21 närvarande
295 375 105 28 delegare
416 376 12 21 å
443 375 111 22 hvardera
573 376 65 21 sidan
654 375 83 29 derom,
753 376 77 27 åligge
845 374 45 22 för-

134 409 214 28 rättningsmännen
367 412 35 18 att
416 410 36 20 till
474 410 139 28 protokollet
630 410 105 21 meddela
749 408 118 22 utlåtande
881 408 10 21 i

134 442 91 30 frågan;
241 443 43 22 och
299 444 61 28 gälle
376 443 67 22 äfven
458 443 36 23 för
510 444 71 28 öfrigt
595 444 60 22 hvad
670 444 9 21 i
693 444 28 21 93
736 446 13 25 &
765 444 11 21 1
788 451 66 14 mom.
865 446 26 18 är

134 477 150 22 föreskrifvet.

484 536 28 21 99
528 537 18 26 8.

203 575 127 22 Innefattar
347 576 125 28 utlåtande,
489 583 48 15 som
552 576 8 21 i
575 576 29 21 98
619 577 12 26 $
647 579 100 25 nämnes,
763 576 127 21 underkän-

134 610 75 21 nande
232 610 25 21 af
276 610 103 28 yrkande
399 617 37 14 om
457 610 106 29 egobyte,
579 610 44 21 och
638 613 24 18 är
678 610 105 28 delegare
799 610 91 21 dermed

134 644 118 28 missnöjd;
276 644 66 21 lände
365 644 37 21 till
425 644 151 22 efterrättelse
598 645 61 21 hvad
681 644 8 21 i
712 645 27 21 93
759 646 13 26 8
792 645 13 21 2
823 651 67 15 mom.

134 679 109 28 stadgats.

476 737 42 22 100
533 739 18 26 8.

202 777 75 21 Finna
292 777 251 28 förrättningsmännen
557 780 34 19 att
607 777 99 28 egobyte
721 777 41 22 bör
778 784 42 21 ega
833 783 56 20 rum,

135 811 74 21 ehvad
224 811 38 21 det
278 811 25 22 af
316 811 106 28 delegare
436 812 100 27 påståtts
551 812 56 21 eller
621 812 60 27 icke;
698 811 29 22 då
740 811 58 22 skall
809 811 82 22 sådant

134 845 61 29 byte,
215 846 94 21 oaktadt
330 845 153 29 bestridande,
504 845 164 29 ofördröjligen
690 846 135 22 verkställas
848 845 43 22 och

134 880 104 28 afslutas;
261 880 58 22 dock
337 888 53 14 vare
410 880 112 29 delegare,
539 888 46 14 som
607 881 64 21 deråt
686 881 50 21 icke
751 881 70 28 nöjes,
838 880 53 22 obe-

134 917 64 26 taget
213 918 34 18 att
262 918 76 18 senast
352 915 48 21 före
415 915 99 22 klockan
529 915 44 22 tolf
588 916 13 20 å
616 915 43 21 den
674 916 124 20 trettionde
809 915 81 28 dagen,

134 950 87 20 räknad
242 949 51 22 från
316 950 43 21 den
383 950 45 28 dag
450 950 111 28 egobytet
579 950 74 28 enligt
672 950 40 21 102
728 951 12 26 $
756 957 65 14 anses
837 956 54 15 vara

134 983 116 29 afslutadt,
266 984 36 21 till
321 986 145 26 guvernören
481 984 9 21 i
504 984 63 21 länet
586 983 90 29 ingifva
696 984 36 21 sin
747 984 37 21 till
799 983 92 29 egodel-

134 1018 144 28 ningsrätten
301 1018 73 22 stälda
397 1018 228 28 missnöjesanmälan
649 1018 34 22 för
703 1021 34 19 att
751 1019 38 21 till
803 1020 88 20 rättens

135 1052 135 22 ordförande
293 1052 154 29 öfversändas;
472 1054 43 20 och
532 1053 41 21 bör
593 1053 126 21 emellertid
734 1053 51 21 med
801 1052 90 22 skiftes-

134 1087 168 29 förrättningen
318 1089 72 26 anstå,
406 1089 26 20 så
446 1088 52 21 vidt
513 1088 43 21 den
572 1088 23 21 af
611 1088 110 28 egobytet
735 1088 72 21 beror.

478 1163 40 21 101
534 1164 18 26 8.

204 1202 68 22 Hvad
286 1202 8 22 i
309 1202 106 22 afseende
431 1203 13 21 å
464 1202 69 22 skifte
551 1202 72 23 finnes
644 1202 107 29 stadgadt
772 1201 120 30 angående

133 1237 113 28 mätning,
262 1237 129 28 affattning,
410 1237 189 29 egobeskrifning
622 1238 42 21 och
685 1237 126 29 uträkning
833 1239 59 19 samt

134 1271 129 29 gradering,
280 1272 135 28 utstakning
435 1272 43 21 och
498 1272 150 28 rörläggning
669 1271 25 22 af
713 1272 178 27 råskilnaderna,

133 1306 171 21 bestämmande
320 1305 26 22 af
358 1306 130 28 ersättning
503 1306 35 22 för
553 1306 80 28 odling
646 1306 41 22 och
703 1306 55 21 häfd
773 1306 118 22 äfvensom

134 1340 139 22 kostnadens
296 1340 136 28 fördelning,
457 1341 62 27 gälle
538 1341 9 21 i
566 1340 139 29 tillämpliga
723 1341 62 21 delar
801 1340 68 22 äfven
884 1340 8 21 i

133 1374 66 29 fråga
215 1382 36 14 om
267 1375 109 28 egobyte;
400 1375 42 21 och
458 1375 66 21 skola
539 1383 60 20 egor,
616 1383 48 13 som
681 1375 7 21 i
703 1375 55 28 byte
773 1376 36 27 gå,
826 1374 66 22 alltid

134 1409 108 21 särskildt
264 1409 112 28 graderas,
396 1409 59 21 ändå
470 1412 36 19 att
520 1409 123 29 gradering
659 1409 24 22 af
701 1409 114 22 desamma
830 1408 63 22 förut

134 1443 61 22 skett
210 1444 55 21 eller
279 1443 103 22 kommer
392 1446 34 19 att
436 1444 8 21 i
455 1444 166 28 sammanhang
631 1444 52 21 med
693 1443 79 22 skiftet
783 1451 42 21 ega
836 1450 56 15 rum.
