1095 1745
220 150 27 21 82
431 151 29 22 U.
478 151 25 22 B.
522 163 23 2 —
563 151 73 28 Prop.
652 150 42 23 N:o
710 150 22 22 5.

220 219 62 21 deras
304 220 90 21 bestånd
417 222 23 19 är
455 220 128 27 nödvändig.
613 219 137 22 Förlikandet
764 219 23 21 af
800 221 70 19 rätten
885 219 31 21 till
932 219 44 21 vin-

219 255 75 25 terväg
317 254 40 22 och
379 256 69 19 rätten
469 256 31 19 att
522 254 97 27 begagna
642 253 67 22 farled
724 254 7 21 i
743 253 106 27 isbelagdt
863 255 71 19 vatten
949 253 28 27 pä

219 287 71 22 denna
311 288 38 21 bas
372 288 124 21 förutsätter
521 287 55 22 dock
599 289 58 20 vissa
677 288 150 26 anordningar,
841 287 72 22 hvilka
927 287 49 22 med

218 322 71 27 nägon
311 323 156 27 inskränkning
488 323 23 21 af
529 323 105 21 hvardera
656 324 52 25 göra
730 323 61 20 deras
808 321 98 28 utöfning
921 328 54 15 sam-

218 356 64 27 tidigt
295 357 79 27 möjlig.
405 357 76 22 Denna
496 357 129 21 betraktelse
640 357 59 21 leder
714 357 46 21 äter
772 356 32 21 tili
819 356 42 21 den
875 356 67 21 andra
954 355 23 22 af

218 390 27 21 de
268 391 113 26 uppstälda
401 393 79 20 tvänne
501 391 106 27 frägorna,
628 391 106 27 nämligen
750 391 62 20 hvem
828 390 146 28 skyldigheten

218 426 31 19 att
264 425 78 22 inrätta
357 426 39 21 och
412 426 123 21 underhålla
550 426 78 27 nödiga
643 425 103 22 anstalter
762 424 32 22 för
810 424 102 22 öfverfart
926 425 11 21 ä
948 425 26 21 de

218 459 81 26 ställen,
315 460 38 21 där
368 460 77 21 allmän
456 461 111 26 vinterväg
577 460 75 21 korsar
660 459 72 27 farled,
741 459 53 22 skall
802 465 63 15 anses
875 459 97 28 åligga?»

287 494 100 21 Komitén
403 495 100 20 besvarar
518 494 73 27 frågan
608 494 98 21 sålunda:

289 537 8 10 »
315 529 32 21 Ur
363 529 97 26 gällande
475 531 53 19 rätts
544 529 132 26 ståndpunkt
691 529 41 21 kan
748 528 94 21 komitén
859 528 18 27 ej
889 528 85 21 komma

216 562 32 21 till
263 565 65 19 annat
342 563 95 27 resultat,
452 565 27 20 än
494 566 32 19 att
540 563 87 22 anskali

216 597 108 26 anstalter,
347 604 47 15 som
417 597 107 22 erfordras
544 597 33 22 för
599 599 31 20 att
645 598 12 21 ä
672 597 77 22 allmän
766 597 110 26 vinterväg
890 597 82 26 möjlig-

216 633 52 25 göra
290 631 129 22 öfverfarten
442 632 58 21 öfver
521 632 107 27 fartygens
651 633 105 22 isrännor,
772 631 119 27 principielt
905 631 67 21 måste

215 672 64 15 anses
301 666 70 27 äligga
395 667 215 27 vägbyggnadslagen
634 667 71 20 säsom
721 668 31 19 ett
767 666 6 21 i
788 665 183 28 väghällningsbe-

216 702 71 19 sväret
308 701 100 27 liggande
431 707 60 16 onus.
521 701 101 21 Komitön
647 701 37 21 har
700 701 18 26 ej
734 701 66 20 häller
816 700 71 21 funnit
901 700 70 21 anled-

215 735 52 26 ning
281 738 31 18 att
327 736 26 21 de
373 736 48 27 lege
439 736 86 21 ferenda
543 735 22 22 af
578 735 230 28 lämplighetsgrunder
823 734 78 22 föreslä
915 734 56 21 frän-

214 769 92 27 gäendet
327 769 22 22 af
370 770 74 27 själfva
466 771 115 26 principen,
602 773 22 24 ty
647 770 26 21 dä
696 770 36 21 det
753 769 178 27 hufvudsakligen
947 771 23 19 är

214 803 26 22 de
256 804 249 27 vägbyggnadsskyldige
517 804 79 27 själfva,
608 811 46 14 som
665 805 42 21 lida
721 810 48 15 men
781 803 22 22 af
810 803 160 27 ifrägavarande

213 837 310 29 kommunikationsstöringar,
534 839 75 21 vinnes
621 839 40 21 den
672 839 62 21 bästa
745 839 96 26 garantin
852 838 33 21 för
894 838 73 21 dessas

214 872 101 27 behöriga
329 872 137 28 afhjälpande
481 880 76 20 genom
573 875 30 19 att
619 880 113 20 omsorgen
748 873 73 21 därom
837 872 74 21 förblir
929 872 38 20 hos

212 906 27 21 de
262 906 143 22 intresserade
428 907 79 27 själfva,
531 908 92 20 änskönt
643 908 122 26 billigheten
783 906 89 26 fordrar,
887 908 31 19 att
933 906 35 21 det

212 940 91 22 tillskott
317 941 7 21 i
340 941 235 28 väghällningstungan,
591 948 45 15 som
653 942 89 21 sälunda
757 941 94 27 uppstär,
869 940 31 22 till
921 940 46 21 hut-

211 975 114 27 vudsaklig
347 975 34 22 del
403 975 82 28 aflyftas
511 983 77 20 genom
613 977 149 21 bestämmelse
787 982 35 15 om
847 975 121 26 tillräckligt

212 1009 117 22 understöd
352 1009 23 22 af
394 1011 128 21 statsmedel.
552 1011 38 21 Att
611 1011 70 21 såsom
705 1010 120 27 föreslagits
847 1009 121 27 öfverfiytta

211 1043 70 22 denna
296 1050 88 21 omsorg
399 1045 26 26 pä
441 1045 164 21 hamnstäderna
620 1045 39 22 och
677 1045 128 25 rederierna,
820 1044 71 21 hvilka
906 1043 60 21 hafva

210 1077 94 22 hvarken
327 1079 66 26 nägot
415 1080 90 21 intresse
521 1079 22 22 af
556 1079 17 27 ej
591 1079 65 22 häller
672 1086 38 15 ens
726 1079 70 26 nägon
813 1078 109 27 möjlighet
936 1080 31 19 att

210 1112 73 21 utöfva
298 1112 85 22 effektiv
401 1114 93 21 kontroll
509 1113 59 22 öfver
583 1114 48 21 bro-
646 1114 122 26 respektive
783 1112 183 27 färjbetjäningen,

210 1146 69 21 skulle
302 1147 71 21 säkert
395 1148 47 21 icke
465 1148 77 27 ligga
534 1141 14 39 i
562 1147 151 22 samfärdselns
734 1148 92 20 intresse
849 1146 39 21 och
910 1145 57 28 gifva

208 1180 117 27 anledning
346 1181 32 21 till
401 1182 126 27 beständiga
548 1182 106 27 klagomäl
676 1182 46 21 frän
738 1182 167 21 kommunernas
921 1181 45 20 sida

210 1213 59 22 öfver
285 1215 100 26 uppehäll
400 1216 39 21 och
453 1216 112 27 bristfällig
572 1217 122 26 uppasning
702 1217 35 20 vid
748 1215 219 27 öfvergängsställena

277 1243 19 27 Ä
312 1250 67 21 andra
395 1250 60 21 sidan
470 1257 51 14 vore
532 1251 35 20 det
577 1250 35 21 väl
623 1250 16 27 ej
652 1250 86 21 alldeles
750 1249 97 27 oskäligt,
859 1255 35 14 om
904 1249 60 21 äfven

208 1282 102 27 sjöfarten
332 1283 57 27 finge
412 1284 116 21 vidkännas
552 1285 70 25 nägon
645 1284 33 21 del
700 1284 22 21 af
737 1284 37 21 det
788 1283 91 21 tillskott
893 1283 7 20 i
915 1285 49 24 väg-

207 1316 200 28 byggnadstungan,
432 1324 45 16 som
500 1325 76 20 genom
592 1319 50 21 dess
657 1318 129 27 tillskyndan
803 1317 95 27 uppstär.
927 1317 37 21 Af-

207 1350 74 27 gifters
304 1352 139 26 uppbärande
466 1352 21 22 af
507 1352 96 28 fartygen
626 1353 34 21 vid
686 1352 130 22 broställena
838 1358 51 14 vore
911 1351 53 21 dock

205 1385 47 21 icke
267 1386 102 27 lämpligt,
384 1387 65 21 redan
466 1387 22 21 af
501 1388 36 20 det
553 1387 45 21 skäl
613 1389 31 19 att
658 1386 188 27 vaktbetjäningen
859 1385 103 27 svårligen

205 1418 72 22 kunde
300 1420 109 22 ombetros
430 1422 40 20 den
485 1420 33 22 för
533 1421 120 21 ändamälet
668 1422 79 26 nödiga
763 1420 146 26 debiteringen
925 1419 37 21 och

205 1452 147 28 bokföringen.
382 1454 71 22 Dessa
476 1456 66 20 borde
565 1455 89 21 sälunda
674 1455 98 27 försiggä
793 1455 7 20 i
822 1454 117 21 hamnarna
957 1454 7 21 i

274 1501 47 20 Lag-
329 1499 32 18 och
374 1500 183 18 Ekonomiutskottets
569 1501 110 17 betänkande
692 1503 36 15 N:o
738 1501 17 18 4.

679 569 19 2 Sin
723 563 30 8 Ah
773 569 25 2 00
806 562 99 9 1048114
917 562 21 9 02
949 563 21 8 AL

676 573 26 11 Gi
718 573 39 11 OCH
774 573 132 11 UnLUorialet
915 573 21 11 är
946 573 27 10 46
