<?xml version="1.0" encoding="UTF-8"?>
<alto xmlns="http://www.loc.gov/standards/alto/ns-v3#" xmlns:xlink="http://www.w3.org/1999/xlink" xmlns:xsi="http://www.w3.org/2001/XMLSchema-instance" xsi:schemaLocation="http://www.loc.gov/standards/alto/ns-v3# http://www.loc.gov/alto/v3/alto-3-0.xsd">
	<Description>
		<MeasurementUnit>pixel</MeasurementUnit>
		<sourceImageInformation>
			<fileName>/tmp/tess_rsr_d9j3_input.PNG</fileName>
		</sourceImageInformation>
		<OCRProcessing ID="OCR_0">
			<ocrProcessingStep>
				<processingSoftware>
					<softwareName>tesseract 5.3.4</softwareName>
				</processingSoftware>
			</ocrProcessingStep>
		</OCRProcessing>
	</Description>
	<Layout>
		<Page WIDTH="1095" HEIGHT="1745" PHYSICAL_IMG_NR="0" ID="page_0">
			<PrintSpace HPOS="0" VPOS="0" WIDTH="1095" HEIGHT="1745">
				<ComposedBlock ID="cblock_0" HPOS="804" VPOS="142" WIDTH="26" HEIGHT="20">
					<TextBlock ID="block_0" HPOS="804" VPOS="142" WIDTH="26" HEIGHT="20">
						<TextLine ID="line_0" HPOS="804" VPOS="142" WIDTH="26" HEIGHT="20">
							<String ID="string_0" HPOS="804" VPOS="142" WIDTH="26" HEIGHT="20" WC="0.96" CONTENT="15"/>
						</TextLine>
					</TextBlock>
				</ComposedBlock>
				<ComposedBlock ID="cblock_1" HPOS="103" VPOS="210" WIDTH="764" HEIGHT="578">
					<TextBlock ID="block_1" HPOS="103" VPOS="210" WIDTH="764" HEIGHT="578">
						<TextLine ID="line_1" HPOS="173" VPOS="210" WIDTH="687" HEIGHT="28">
							<String ID="string_1" HPOS="173" VPOS="213" WIDTH="138" HEIGHT="23" WC="0.92" CONTENT="Undersökes"/><SP WIDTH="15" VPOS="213" HPOS="311"/>
							<String ID="string_2" HPOS="326" VPOS="219" WIDTH="30" HEIGHT="15" WC="0.96" CONTENT="nu"/><SP WIDTH="15" VPOS="219" HPOS="356"/>
							<String ID="string_3" HPOS="371" VPOS="212" WIDTH="57" HEIGHT="22" WC="0.93" CONTENT="huru"/><SP WIDTH="12" VPOS="212" HPOS="428"/>
							<String ID="string_4" HPOS="440" VPOS="211" WIDTH="75" HEIGHT="27" WC="0.91" CONTENT="själfva"/><SP WIDTH="10" VPOS="211" HPOS="515"/>
							<String ID="string_5" HPOS="525" VPOS="211" WIDTH="119" HEIGHT="21" WC="0.96" CONTENT="kostnaden"/><SP WIDTH="10" VPOS="211" HPOS="644"/>
							<String ID="string_6" HPOS="654" VPOS="210" WIDTH="33" HEIGHT="22" WC="0.93" CONTENT="för"/><SP WIDTH="10" VPOS="210" HPOS="687"/>
							<String ID="string_7" HPOS="697" VPOS="210" WIDTH="163" HEIGHT="28" WC="0.92" CONTENT="vägbyggnads-"/>
						</TextLine>
						<TextLine ID="line_2" HPOS="103" VPOS="244" WIDTH="757" HEIGHT="30">
							<String ID="string_8" HPOS="103" VPOS="249" WIDTH="101" HEIGHT="21" WC="0.96" CONTENT="besväret"/><SP WIDTH="20" VPOS="249" HPOS="204"/>
							<String ID="string_9" HPOS="224" VPOS="247" WIDTH="66" HEIGHT="27" WC="0.96" CONTENT="enligt"/><SP WIDTH="23" VPOS="247" HPOS="290"/>
							<String ID="string_10" HPOS="313" VPOS="247" WIDTH="26" HEIGHT="21" WC="0.96" CONTENT="de"/><SP WIDTH="21" VPOS="247" HPOS="339"/>
							<String ID="string_11" HPOS="360" VPOS="246" WIDTH="90" HEIGHT="22" WC="0.96" CONTENT="anförda"/><SP WIDTH="15" VPOS="246" HPOS="450"/>
							<String ID="string_12" HPOS="465" VPOS="248" WIDTH="32" HEIGHT="19" WC="0.96" CONTENT="tre"/><SP WIDTH="16" VPOS="248" HPOS="497"/>
							<String ID="string_13" HPOS="513" VPOS="245" WIDTH="106" HEIGHT="27" WC="0.96" CONTENT="förslagen"/><SP WIDTH="15" VPOS="245" HPOS="619"/>
							<String ID="string_14" HPOS="634" VPOS="244" WIDTH="94" HEIGHT="22" WC="0.96" CONTENT="fördelar"/><SP WIDTH="16" VPOS="244" HPOS="728"/>
							<String ID="string_15" HPOS="744" VPOS="245" WIDTH="33" HEIGHT="27" WC="0.96" CONTENT="sig"/><SP WIDTH="15" VPOS="245" HPOS="777"/>
							<String ID="string_16" HPOS="792" VPOS="244" WIDTH="27" HEIGHT="27" WC="0.96" CONTENT="på"/><SP WIDTH="15" VPOS="244" HPOS="819"/>
							<String ID="string_17" HPOS="834" VPOS="244" WIDTH="26" HEIGHT="21" WC="0.96" CONTENT="de"/>
						</TextLine>
						<TextLine ID="line_3" HPOS="104" VPOS="279" WIDTH="757" HEIGHT="29">
							<String ID="string_18" HPOS="104" VPOS="282" WIDTH="57" HEIGHT="22" WC="0.93" CONTENT="olika"/><SP WIDTH="20" VPOS="282" HPOS="161"/>
							<String ID="string_19" HPOS="181" VPOS="280" WIDTH="273" HEIGHT="28" WC="0.90" CONTENT="beskattningsföremålen,"/><SP WIDTH="23" VPOS="280" HPOS="454"/>
							<String ID="string_20" HPOS="477" VPOS="280" WIDTH="128" HEIGHT="21" WC="0.96" CONTENT="framträder"/><SP WIDTH="24" VPOS="280" HPOS="605"/>
							<String ID="string_21" HPOS="629" VPOS="281" WIDTH="77" HEIGHT="25" WC="0.95" CONTENT="genast"/><SP WIDTH="22" VPOS="281" HPOS="706"/>
							<String ID="string_22" HPOS="728" VPOS="279" WIDTH="81" HEIGHT="27" WC="0.94" CONTENT="tydligt,"/><SP WIDTH="20" VPOS="279" HPOS="809"/>
							<String ID="string_23" HPOS="829" VPOS="280" WIDTH="32" HEIGHT="19" WC="0.96" CONTENT="att"/>
						</TextLine>
						<TextLine ID="line_4" HPOS="104" VPOS="314" WIDTH="757" HEIGHT="28">
							<String ID="string_24" HPOS="104" VPOS="317" WIDTH="34" HEIGHT="21" WC="0.96" CONTENT="för"/><SP WIDTH="15" VPOS="317" HPOS="138"/>
							<String ID="string_25" HPOS="153" VPOS="317" WIDTH="41" HEIGHT="21" WC="0.93" CONTENT="den"/><SP WIDTH="16" VPOS="317" HPOS="194"/>
							<String ID="string_26" HPOS="210" VPOS="316" WIDTH="148" HEIGHT="21" WC="0.91" CONTENT="mantalssatta"/><SP WIDTH="13" VPOS="316" HPOS="358"/>
							<String ID="string_27" HPOS="371" VPOS="315" WIDTH="84" HEIGHT="27" WC="0.95" CONTENT="jorden,"/><SP WIDTH="16" VPOS="315" HPOS="455"/>
							<String ID="string_28" HPOS="471" VPOS="321" WIDTH="47" HEIGHT="15" WC="0.96" CONTENT="som"/><SP WIDTH="15" VPOS="321" HPOS="518"/>
							<String ID="string_29" HPOS="533" VPOS="320" WIDTH="30" HEIGHT="15" WC="0.96" CONTENT="nu"/><SP WIDTH="15" VPOS="320" HPOS="563"/>
							<String ID="string_30" HPOS="578" VPOS="314" WIDTH="39" HEIGHT="21" WC="0.96" CONTENT="bär"/><SP WIDTH="10" VPOS="314" HPOS="617"/>
							<String ID="string_31" HPOS="627" VPOS="314" WIDTH="48" HEIGHT="20" WC="0.96" CONTENT="hela"/><SP WIDTH="10" VPOS="314" HPOS="675"/>
							<String ID="string_32" HPOS="685" VPOS="316" WIDTH="87" HEIGHT="24" WC="0.96" CONTENT="tungan,"/><SP WIDTH="11" VPOS="316" HPOS="772"/>
							<String ID="string_33" HPOS="783" VPOS="319" WIDTH="78" HEIGHT="21" WC="0.96" CONTENT="genom"/>
						</TextLine>
						<TextLine ID="line_5" HPOS="105" VPOS="348" WIDTH="756" HEIGHT="28">
							<String ID="string_34" HPOS="105" VPOS="352" WIDTH="63" HEIGHT="21" WC="0.91" CONTENT="hvart"/><SP WIDTH="22" VPOS="352" HPOS="168"/>
							<String ID="string_35" HPOS="190" VPOS="350" WIDTH="39" HEIGHT="22" WC="0.96" CONTENT="och"/><SP WIDTH="23" VPOS="350" HPOS="229"/>
							<String ID="string_36" HPOS="252" VPOS="351" WIDTH="30" HEIGHT="20" WC="0.96" CONTENT="ett"/><SP WIDTH="15" VPOS="351" HPOS="282"/>
							<String ID="string_37" HPOS="297" VPOS="349" WIDTH="22" HEIGHT="21" WC="0.96" CONTENT="af"/><SP WIDTH="13" VPOS="349" HPOS="319"/>
							<String ID="string_38" HPOS="332" VPOS="350" WIDTH="64" HEIGHT="20" WC="0.96" CONTENT="dessa"/><SP WIDTH="15" VPOS="350" HPOS="396"/>
							<String ID="string_39" HPOS="411" VPOS="348" WIDTH="80" HEIGHT="28" WC="0.96" CONTENT="förslag"/><SP WIDTH="15" VPOS="348" HPOS="491"/>
							<String ID="string_40" HPOS="506" VPOS="348" WIDTH="79" HEIGHT="28" WC="0.96" CONTENT="åsyftas"/><SP WIDTH="16" VPOS="348" HPOS="585"/>
							<String ID="string_41" HPOS="601" VPOS="350" WIDTH="46" HEIGHT="19" WC="0.96" CONTENT="stor"/><SP WIDTH="15" VPOS="350" HPOS="647"/>
							<String ID="string_42" HPOS="662" VPOS="348" WIDTH="88" HEIGHT="21" WC="0.93" CONTENT="lättnad."/><SP WIDTH="30" VPOS="348" HPOS="750"/>
							<String ID="string_43" HPOS="780" VPOS="348" WIDTH="81" HEIGHT="20" WC="0.88" CONTENT="Beträf-"/>
						</TextLine>
						<TextLine ID="line_6" HPOS="105" VPOS="382" WIDTH="756" HEIGHT="30">
							<String ID="string_44" HPOS="105" VPOS="386" WIDTH="64" HEIGHT="22" WC="0.93" CONTENT="fande"/><SP WIDTH="22" VPOS="386" HPOS="169"/>
							<String ID="string_45" HPOS="191" VPOS="384" WIDTH="76" HEIGHT="28" WC="0.92" CONTENT="själfva"/><SP WIDTH="21" VPOS="384" HPOS="267"/>
							<String ID="string_46" HPOS="288" VPOS="384" WIDTH="144" HEIGHT="21" WC="0.96" CONTENT="kostnaderna"/><SP WIDTH="23" VPOS="384" HPOS="432"/>
							<String ID="string_47" HPOS="455" VPOS="383" WIDTH="32" HEIGHT="21" WC="0.93" CONTENT="för"/><SP WIDTH="24" VPOS="383" HPOS="487"/>
							<String ID="string_48" HPOS="511" VPOS="382" WIDTH="254" HEIGHT="28" WC="0.92" CONTENT="vägbyggnadsbesväret"/><SP WIDTH="19" VPOS="382" HPOS="765"/>
							<String ID="string_49" HPOS="784" VPOS="382" WIDTH="77" HEIGHT="21" WC="0.95" CONTENT="saknas"/>
						</TextLine>
						<TextLine ID="line_7" HPOS="106" VPOS="416" WIDTH="756" HEIGHT="29">
							<String ID="string_50" HPOS="106" VPOS="419" WIDTH="119" HEIGHT="22" WC="0.96" CONTENT="emellertid"/><SP WIDTH="15" VPOS="419" HPOS="225"/>
							<String ID="string_51" HPOS="240" VPOS="424" WIDTH="64" HEIGHT="21" WC="0.96" CONTENT="nyare"/><SP WIDTH="16" VPOS="424" HPOS="304"/>
							<String ID="string_52" HPOS="320" VPOS="417" WIDTH="108" HEIGHT="28" WC="0.96" CONTENT="uppgifter"/><SP WIDTH="16" VPOS="417" HPOS="428"/>
							<String ID="string_53" HPOS="444" VPOS="420" WIDTH="26" HEIGHT="18" WC="0.96" CONTENT="än"/><SP WIDTH="15" VPOS="420" HPOS="470"/>
							<String ID="string_54" HPOS="485" VPOS="417" WIDTH="23" HEIGHT="22" WC="0.97" CONTENT="af"/><SP WIDTH="13" VPOS="417" HPOS="508"/>
							<String ID="string_55" HPOS="521" VPOS="418" WIDTH="24" HEIGHT="20" WC="0.96" CONTENT="är"/><SP WIDTH="17" VPOS="418" HPOS="545"/>
							<String ID="string_56" HPOS="562" VPOS="417" WIDTH="108" HEIGHT="26" WC="0.43" CONTENT="18942)2),"/><SP WIDTH="28" VPOS="417" HPOS="670"/>
							<String ID="string_57" HPOS="698" VPOS="416" WIDTH="115" HEIGHT="27" WC="0.92" CONTENT="Tillämpas"/><SP WIDTH="11" VPOS="416" HPOS="813"/>
							<String ID="string_58" HPOS="824" VPOS="416" WIDTH="38" HEIGHT="21" WC="0.92" CONTENT="lik-"/>
						</TextLine>
						<TextLine ID="line_8" HPOS="108" VPOS="450" WIDTH="755" HEIGHT="30">
							<String ID="string_59" HPOS="108" VPOS="454" WIDTH="54" HEIGHT="21" WC="0.96" CONTENT="visst"/><SP WIDTH="15" VPOS="454" HPOS="162"/>
							<String ID="string_60" HPOS="177" VPOS="453" WIDTH="64" HEIGHT="22" WC="0.96" CONTENT="dessa"/><SP WIDTH="15" VPOS="453" HPOS="241"/>
							<String ID="string_61" HPOS="256" VPOS="451" WIDTH="112" HEIGHT="29" WC="0.96" CONTENT="uppgifter,"/><SP WIDTH="17" VPOS="451" HPOS="368"/>
							<String ID="string_62" HPOS="385" VPOS="459" WIDTH="47" HEIGHT="14" WC="0.92" CONTENT="som"/><SP WIDTH="16" VPOS="459" HPOS="432"/>
							<String ID="string_63" HPOS="448" VPOS="452" WIDTH="56" HEIGHT="21" WC="0.96" CONTENT="sluta"/><SP WIDTH="16" VPOS="452" HPOS="504"/>
							<String ID="string_64" HPOS="520" VPOS="452" WIDTH="27" HEIGHT="27" WC="0.96" CONTENT="pä"/><SP WIDTH="15" VPOS="452" HPOS="547"/>
							<String ID="string_65" HPOS="562" VPOS="457" WIDTH="25" HEIGHT="15" WC="0.93" CONTENT="en"/><SP WIDTH="12" VPOS="457" HPOS="587"/>
							<String ID="string_66" HPOS="599" VPOS="450" WIDTH="112" HEIGHT="22" WC="0.84" CONTENT="totalsiffra"/><SP WIDTH="10" VPOS="450" HPOS="711"/>
							<String ID="string_67" HPOS="721" VPOS="450" WIDTH="23" HEIGHT="21" WC="0.93" CONTENT="af"/><SP WIDTH="8" VPOS="450" HPOS="744"/>
							<String ID="string_68" HPOS="752" VPOS="451" WIDTH="111" HEIGHT="26" WC="0.89" CONTENT="2,698,220"/>
						</TextLine>
						<TextLine ID="line_9" HPOS="109" VPOS="485" WIDTH="754" HEIGHT="28">
							<String ID="string_69" HPOS="109" VPOS="488" WIDTH="59" HEIGHT="21" WC="0.96" CONTENT="mark"/><SP WIDTH="22" VPOS="488" HPOS="168"/>
							<String ID="string_70" HPOS="190" VPOS="487" WIDTH="40" HEIGHT="22" WC="0.95" CONTENT="och"/><SP WIDTH="17" VPOS="487" HPOS="230"/>
							<String ID="string_71" HPOS="247" VPOS="487" WIDTH="28" HEIGHT="22" WC="0.96" CONTENT="02"/><SP WIDTH="15" VPOS="487" HPOS="275"/>
							<String ID="string_72" HPOS="290" VPOS="487" WIDTH="65" HEIGHT="26" WC="0.93" CONTENT="penni"/><SP WIDTH="15" VPOS="487" HPOS="355"/>
							<String ID="string_73" HPOS="370" VPOS="487" WIDTH="71" HEIGHT="20" WC="0.91" CONTENT="säsom"/><SP WIDTH="16" VPOS="487" HPOS="441"/>
							<String ID="string_74" HPOS="457" VPOS="486" WIDTH="93" HEIGHT="21" WC="0.92" CONTENT="kostnad"/><SP WIDTH="15" VPOS="486" HPOS="550"/>
							<String ID="string_75" HPOS="565" VPOS="485" WIDTH="32" HEIGHT="22" WC="0.96" CONTENT="för"/><SP WIDTH="16" VPOS="485" HPOS="597"/>
							<String ID="string_76" HPOS="613" VPOS="486" WIDTH="40" HEIGHT="21" WC="0.93" CONTENT="den"/><SP WIDTH="17" VPOS="486" HPOS="653"/>
							<String ID="string_77" HPOS="670" VPOS="485" WIDTH="137" HEIGHT="22" WC="0.92" CONTENT="mantalsatta"/><SP WIDTH="12" VPOS="485" HPOS="807"/>
							<String ID="string_78" HPOS="819" VPOS="485" WIDTH="44" HEIGHT="27" WC="0.91" CONTENT="jor-"/>
						</TextLine>
						<TextLine ID="line_10" HPOS="109" VPOS="519" WIDTH="755" HEIGHT="28">
							<String ID="string_79" HPOS="109" VPOS="523" WIDTH="40" HEIGHT="21" WC="0.96" CONTENT="den"/><SP WIDTH="23" VPOS="523" HPOS="149"/>
							<String ID="string_80" HPOS="172" VPOS="524" WIDTH="54" HEIGHT="19" WC="0.93" CONTENT="samt"/><SP WIDTH="21" VPOS="524" HPOS="226"/>
							<String ID="string_81" HPOS="247" VPOS="521" WIDTH="110" HEIGHT="26" WC="0.86" CONTENT="2,843,108"/><SP WIDTH="20" VPOS="521" HPOS="357"/>
							<String ID="string_82" HPOS="377" VPOS="520" WIDTH="60" HEIGHT="21" WC="0.96" CONTENT="mark"/><SP WIDTH="16" VPOS="520" HPOS="437"/>
							<String ID="string_83" HPOS="453" VPOS="521" WIDTH="39" HEIGHT="20" WC="0.96" CONTENT="och"/><SP WIDTH="17" VPOS="521" HPOS="492"/>
							<String ID="string_84" HPOS="509" VPOS="520" WIDTH="26" HEIGHT="21" WC="0.96" CONTENT="39"/><SP WIDTH="16" VPOS="520" HPOS="535"/>
							<String ID="string_85" HPOS="551" VPOS="521" WIDTH="65" HEIGHT="26" WC="0.93" CONTENT="penni"/><SP WIDTH="15" VPOS="521" HPOS="616"/>
							<String ID="string_86" HPOS="631" VPOS="520" WIDTH="71" HEIGHT="21" WC="0.96" CONTENT="såsom"/><SP WIDTH="17" VPOS="520" HPOS="702"/>
							<String ID="string_87" HPOS="719" VPOS="519" WIDTH="145" HEIGHT="22" WC="0.95" CONTENT="totalkostnad"/>
						</TextLine>
						<TextLine ID="line_11" HPOS="109" VPOS="553" WIDTH="756" HEIGHT="26">
							<String ID="string_88" HPOS="109" VPOS="557" WIDTH="32" HEIGHT="22" WC="0.96" CONTENT="för"/><SP WIDTH="22" VPOS="557" HPOS="141"/>
							<String ID="string_89" HPOS="163" VPOS="557" WIDTH="48" HEIGHT="21" WC="0.96" CONTENT="hela"/><SP WIDTH="22" VPOS="557" HPOS="211"/>
							<String ID="string_90" HPOS="233" VPOS="556" WIDTH="72" HEIGHT="21" WC="0.96" CONTENT="landet"/><SP WIDTH="17" VPOS="556" HPOS="305"/>
							<String ID="string_91" HPOS="322" VPOS="555" WIDTH="33" HEIGHT="21" WC="0.93" CONTENT="för"/><SP WIDTH="16" VPOS="555" HPOS="355"/>
							<String ID="string_92" HPOS="371" VPOS="555" WIDTH="112" HEIGHT="21" WC="0.92" CONTENT="underhäll"/><SP WIDTH="16" VPOS="555" HPOS="483"/>
							<String ID="string_93" HPOS="499" VPOS="555" WIDTH="36" HEIGHT="21" WC="0.93" CONTENT="det"/><SP WIDTH="15" VPOS="555" HPOS="535"/>
							<String ID="string_94" HPOS="550" VPOS="555" WIDTH="77" HEIGHT="21" WC="0.92" CONTENT="nämda"/><SP WIDTH="15" VPOS="555" HPOS="627"/>
							<String ID="string_95" HPOS="642" VPOS="555" WIDTH="46" HEIGHT="20" WC="0.91" CONTENT="äret"/><SP WIDTH="16" VPOS="555" HPOS="688"/>
							<String ID="string_96" HPOS="704" VPOS="554" WIDTH="125" HEIGHT="21" WC="0.91" CONTENT="sommartid"/><SP WIDTH="15" VPOS="554" HPOS="829"/>
							<String ID="string_97" HPOS="844" VPOS="553" WIDTH="21" HEIGHT="22" WC="0.96" CONTENT="af"/>
						</TextLine>
						<TextLine ID="line_12" HPOS="109" VPOS="588" WIDTH="755" HEIGHT="30">
							<String ID="string_98" HPOS="109" VPOS="592" WIDTH="103" HEIGHT="26" WC="0.92" CONTENT="landsväg"/><SP WIDTH="23" VPOS="592" HPOS="212"/>
							<String ID="string_99" HPOS="235" VPOS="591" WIDTH="48" HEIGHT="20" WC="0.93" CONTENT="med"/><SP WIDTH="25" VPOS="591" HPOS="283"/>
							<String ID="string_100" HPOS="308" VPOS="590" WIDTH="69" HEIGHT="21" WC="0.92" CONTENT="därtill"/><SP WIDTH="26" VPOS="590" HPOS="377"/>
							<String ID="string_101" HPOS="403" VPOS="589" WIDTH="94" HEIGHT="22" WC="0.91" CONTENT="hörande"/><SP WIDTH="24" VPOS="589" HPOS="497"/>
							<String ID="string_102" HPOS="521" VPOS="590" WIDTH="62" HEIGHT="21" WC="0.91" CONTENT="broar"/><SP WIDTH="24" VPOS="590" HPOS="583"/>
							<String ID="string_103" HPOS="607" VPOS="589" WIDTH="38" HEIGHT="21" WC="0.92" CONTENT="och"/><SP WIDTH="22" VPOS="589" HPOS="645"/>
							<String ID="string_104" HPOS="667" VPOS="588" WIDTH="65" HEIGHT="27" WC="0.92" CONTENT="färjor"/><SP WIDTH="23" VPOS="588" HPOS="732"/>
							<String ID="string_105" HPOS="755" VPOS="588" WIDTH="109" HEIGHT="22" WC="0.92" CONTENT="äfvensom"/>
						</TextLine>
						<TextLine ID="line_13" HPOS="109" VPOS="623" WIDTH="756" HEIGHT="30">
							<String ID="string_106" HPOS="109" VPOS="626" WIDTH="34" HEIGHT="21" WC="0.93" CONTENT="för"/><SP WIDTH="15" VPOS="626" HPOS="143"/>
							<String ID="string_107" HPOS="158" VPOS="625" WIDTH="110" HEIGHT="28" WC="0.90" CONTENT="plogning,"/><SP WIDTH="16" VPOS="625" HPOS="268"/>
							<String ID="string_108" HPOS="284" VPOS="625" WIDTH="110" HEIGHT="26" WC="0.92" CONTENT="skottning"/><SP WIDTH="22" VPOS="625" HPOS="394"/>
							<String ID="string_109" HPOS="416" VPOS="624" WIDTH="40" HEIGHT="21" WC="0.90" CONTENT="och"/><SP WIDTH="24" VPOS="624" HPOS="456"/>
							<String ID="string_110" HPOS="480" VPOS="624" WIDTH="125" HEIGHT="27" WC="0.90" CONTENT="utstakning"/><SP WIDTH="14" VPOS="624" HPOS="605"/>
							<String ID="string_111" HPOS="619" VPOS="623" WIDTH="22" HEIGHT="22" WC="0.96" CONTENT="af"/><SP WIDTH="13" VPOS="623" HPOS="641"/>
							<String ID="string_112" HPOS="654" VPOS="623" WIDTH="78" HEIGHT="21" WC="0.92" CONTENT="allmän"/><SP WIDTH="16" VPOS="623" HPOS="732"/>
							<String ID="string_113" HPOS="748" VPOS="623" WIDTH="117" HEIGHT="26" WC="0.92" CONTENT="vinterväg,"/>
						</TextLine>
						<TextLine ID="line_14" HPOS="111" VPOS="657" WIDTH="754" HEIGHT="28">
							<String ID="string_114" HPOS="111" VPOS="660" WIDTH="89" HEIGHT="21" WC="0.92" CONTENT="erhälles"/><SP WIDTH="24" VPOS="660" HPOS="200"/>
							<String ID="string_115" HPOS="224" VPOS="659" WIDTH="48" HEIGHT="21" WC="0.93" CONTENT="med"/><SP WIDTH="22" VPOS="659" HPOS="272"/>
							<String ID="string_116" HPOS="294" VPOS="659" WIDTH="141" HEIGHT="20" WC="0.90" CONTENT="användande"/><SP WIDTH="22" VPOS="659" HPOS="435"/>
							<String ID="string_117" HPOS="457" VPOS="658" WIDTH="22" HEIGHT="21" WC="0.96" CONTENT="af"/><SP WIDTH="23" VPOS="658" HPOS="479"/>
							<String ID="string_118" HPOS="502" VPOS="659" WIDTH="26" HEIGHT="21" WC="0.93" CONTENT="de"/><SP WIDTH="23" VPOS="659" HPOS="528"/>
							<String ID="string_119" HPOS="551" VPOS="657" WIDTH="190" HEIGHT="22" WC="0.92" CONTENT="ofvanframhällna"/><SP WIDTH="25" VPOS="657" HPOS="741"/>
							<String ID="string_120" HPOS="766" VPOS="657" WIDTH="99" HEIGHT="28" WC="0.96" CONTENT="grunder,"/>
						</TextLine>
						<TextLine ID="line_15" HPOS="110" VPOS="692" WIDTH="756" HEIGHT="28">
							<String ID="string_121" HPOS="110" VPOS="693" WIDTH="107" HEIGHT="22" WC="0.88" CONTENT="hvarefter"/><SP WIDTH="23" VPOS="693" HPOS="217"/>
							<String ID="string_122" HPOS="240" VPOS="693" WIDTH="62" HEIGHT="21" WC="0.88" CONTENT="hvart"/><SP WIDTH="21" VPOS="693" HPOS="302"/>
							<String ID="string_123" HPOS="323" VPOS="693" WIDTH="39" HEIGHT="21" WC="0.96" CONTENT="och"/><SP WIDTH="23" VPOS="693" HPOS="362"/>
							<String ID="string_124" HPOS="385" VPOS="695" WIDTH="31" HEIGHT="19" WC="0.96" CONTENT="ett"/><SP WIDTH="23" VPOS="695" HPOS="416"/>
							<String ID="string_125" HPOS="439" VPOS="692" WIDTH="81" HEIGHT="28" WC="0.93" CONTENT="förslag"/><SP WIDTH="15" VPOS="692" HPOS="520"/>
							<String ID="string_126" HPOS="535" VPOS="692" WIDTH="56" HEIGHT="21" WC="0.92" CONTENT="afser"/><SP WIDTH="16" VPOS="692" HPOS="591"/>
							<String ID="string_127" HPOS="607" VPOS="692" WIDTH="259" HEIGHT="27" WC="0.92" CONTENT="väghällningsbesvärets"/>
						</TextLine>
						<TextLine ID="line_16" HPOS="111" VPOS="726" WIDTH="756" HEIGHT="29">
							<String ID="string_128" HPOS="111" VPOS="728" WIDTH="125" HEIGHT="27" WC="0.92" CONTENT="utgörande,"/><SP WIDTH="15" VPOS="728" HPOS="236"/>
							<String ID="string_129" HPOS="251" VPOS="727" WIDTH="158" HEIGHT="21" WC="0.92" CONTENT="nedanstäende"/><SP WIDTH="17" VPOS="727" HPOS="409"/>
							<String ID="string_130" HPOS="426" VPOS="727" WIDTH="103" HEIGHT="26" WC="0.92" CONTENT="öfversigt"/><SP WIDTH="12" VPOS="727" HPOS="529"/>
							<String ID="string_131" HPOS="541" VPOS="727" WIDTH="63" HEIGHT="26" WC="0.96" CONTENT="öfver,"/><SP WIDTH="15" VPOS="727" HPOS="604"/>
							<String ID="string_132" HPOS="619" VPOS="727" WIDTH="56" HEIGHT="20" WC="0.96" CONTENT="huru"/><SP WIDTH="17" VPOS="727" HPOS="675"/>
							<String ID="string_133" HPOS="692" VPOS="727" WIDTH="68" HEIGHT="20" WC="0.93" CONTENT="denna"/><SP WIDTH="15" VPOS="727" HPOS="760"/>
							<String ID="string_134" HPOS="775" VPOS="726" WIDTH="92" HEIGHT="21" WC="0.92" CONTENT="kostnad"/>
						</TextLine>
						<TextLine ID="line_17" HPOS="112" VPOS="760" WIDTH="755" HEIGHT="28">
							<String ID="string_135" HPOS="112" VPOS="763" WIDTH="84" HEIGHT="21" WC="0.92" CONTENT="komme"/><SP WIDTH="23" VPOS="763" HPOS="196"/>
							<String ID="string_136" HPOS="219" VPOS="764" WIDTH="30" HEIGHT="19" WC="0.93" CONTENT="att"/><SP WIDTH="16" VPOS="764" HPOS="249"/>
							<String ID="string_137" HPOS="265" VPOS="761" WIDTH="60" HEIGHT="21" WC="0.93" CONTENT="träffa"/><SP WIDTH="16" VPOS="761" HPOS="325"/>
							<String ID="string_138" HPOS="341" VPOS="761" WIDTH="26" HEIGHT="21" WC="0.96" CONTENT="de"/><SP WIDTH="15" VPOS="761" HPOS="367"/>
							<String ID="string_139" HPOS="382" VPOS="761" WIDTH="56" HEIGHT="21" WC="0.96" CONTENT="olika"/><SP WIDTH="17" VPOS="761" HPOS="438"/>
							<String ID="string_140" HPOS="455" VPOS="762" WIDTH="6" HEIGHT="20" WC="0.93" CONTENT="i"/><SP WIDTH="16" VPOS="762" HPOS="461"/>
							<String ID="string_141" HPOS="477" VPOS="761" WIDTH="247" HEIGHT="27" WC="0.92" CONTENT="väghällningsbesväret"/><SP WIDTH="17" VPOS="761" HPOS="724"/>
							<String ID="string_142" HPOS="741" VPOS="760" WIDTH="126" HEIGHT="27" WC="0.96" CONTENT="deltagande"/>
						</TextLine>
					</TextBlock>
				</ComposedBlock>
				<ComposedBlock ID="cblock_2" HPOS="113" VPOS="857" WIDTH="764" HEIGHT="620">
					<TextBlock ID="block_2" HPOS="113" VPOS="857" WIDTH="762" HEIGHT="478">
						<TextLine ID="line_18" HPOS="182" VPOS="857" WIDTH="686" HEIGHT="24">
							<String ID="string_143" HPOS="182" VPOS="859" WIDTH="13" HEIGHT="22" WC="0.96" CONTENT="1)"/><SP WIDTH="13" VPOS="859" HPOS="195"/>
							<String ID="string_144" HPOS="208" VPOS="859" WIDTH="38" HEIGHT="16" WC="0.96" CONTENT="Det"/><SP WIDTH="11" VPOS="859" HPOS="246"/>
							<String ID="string_145" HPOS="257" VPOS="858" WIDTH="34" HEIGHT="18" WC="0.88" CONTENT="har"/><SP WIDTH="8" VPOS="858" HPOS="291"/>
							<String ID="string_146" HPOS="299" VPOS="858" WIDTH="39" HEIGHT="17" WC="0.93" CONTENT="icke"/><SP WIDTH="9" VPOS="858" HPOS="338"/>
							<String ID="string_147" HPOS="347" VPOS="858" WIDTH="61" HEIGHT="17" WC="0.93" CONTENT="blifvit"/><SP WIDTH="9" VPOS="858" HPOS="408"/>
							<String ID="string_148" HPOS="417" VPOS="858" WIDTH="95" HEIGHT="21" WC="0.91" CONTENT="förbisedt,"/><SP WIDTH="7" VPOS="858" HPOS="512"/>
							<String ID="string_149" HPOS="519" VPOS="860" WIDTH="28" HEIGHT="15" WC="0.95" CONTENT="att"/><SP WIDTH="10" VPOS="860" HPOS="547"/>
							<String ID="string_150" HPOS="557" VPOS="858" WIDTH="35" HEIGHT="17" WC="0.93" CONTENT="den"/><SP WIDTH="9" VPOS="858" HPOS="592"/>
							<String ID="string_151" HPOS="601" VPOS="858" WIDTH="74" HEIGHT="21" WC="0.92" CONTENT="komité,"/><SP WIDTH="11" VPOS="858" HPOS="675"/>
							<String ID="string_152" HPOS="686" VPOS="864" WIDTH="39" HEIGHT="11" WC="0.97" CONTENT="som"/><SP WIDTH="9" VPOS="864" HPOS="725"/>
							<String ID="string_153" HPOS="734" VPOS="858" WIDTH="65" HEIGHT="17" WC="0.93" CONTENT="mellan"/><SP WIDTH="9" VPOS="858" HPOS="799"/>
							<String ID="string_154" HPOS="808" VPOS="857" WIDTH="60" HEIGHT="18" WC="0.93" CONTENT="landt-"/>
						</TextLine>
						<TextLine ID="line_19" HPOS="113" VPOS="885" WIDTH="756" HEIGHT="26">
							<String ID="string_155" HPOS="113" VPOS="887" WIDTH="82" HEIGHT="24" WC="0.93" CONTENT="dagarna"/><SP WIDTH="13" VPOS="887" HPOS="195"/>
							<String ID="string_156" HPOS="208" VPOS="887" WIDTH="89" HEIGHT="18" WC="0.58" CONTENT="1868—64"/><SP WIDTH="13" VPOS="887" HPOS="297"/>
							<String ID="string_157" HPOS="310" VPOS="887" WIDTH="34" HEIGHT="17" WC="0.96" CONTENT="och"/><SP WIDTH="13" VPOS="887" HPOS="344"/>
							<String ID="string_158" HPOS="357" VPOS="887" WIDTH="43" HEIGHT="18" WC="0.96" CONTENT="1867"/><SP WIDTH="15" VPOS="887" HPOS="400"/>
							<String ID="string_159" HPOS="415" VPOS="887" WIDTH="24" HEIGHT="23" WC="0.93" CONTENT="pä"/><SP WIDTH="13" VPOS="887" HPOS="439"/>
							<String ID="string_160" HPOS="452" VPOS="887" WIDTH="107" HEIGHT="18" WC="0.96" CONTENT="ständernas"/><SP WIDTH="12" VPOS="887" HPOS="559"/>
							<String ID="string_161" HPOS="571" VPOS="887" WIDTH="79" HEIGHT="23" WC="0.93" CONTENT="begäran"/><SP WIDTH="12" VPOS="887" HPOS="650"/>
							<String ID="string_162" HPOS="662" VPOS="886" WIDTH="93" HEIGHT="18" WC="0.92" CONTENT="nedsattes"/><SP WIDTH="14" VPOS="886" HPOS="755"/>
							<String ID="string_163" HPOS="769" VPOS="887" WIDTH="6" HEIGHT="17" WC="0.93" CONTENT="i"/><SP WIDTH="9" VPOS="887" HPOS="775"/>
							<String ID="string_164" HPOS="784" VPOS="885" WIDTH="85" HEIGHT="19" WC="0.96" CONTENT="afseende"/>
						</TextLine>
						<TextLine ID="line_20" HPOS="113" VPOS="914" WIDTH="756" HEIGHT="25">
							<String ID="string_165" HPOS="113" VPOS="917" WIDTH="12" HEIGHT="17" WC="0.91" CONTENT="å"/><SP WIDTH="11" VPOS="917" HPOS="125"/>
							<String ID="string_166" HPOS="136" VPOS="916" WIDTH="137" HEIGHT="23" WC="0.96" CONTENT="undersökning"/><SP WIDTH="15" VPOS="916" HPOS="273"/>
							<String ID="string_167" HPOS="288" VPOS="916" WIDTH="18" HEIGHT="17" WC="0.96" CONTENT="af"/><SP WIDTH="12" VPOS="916" HPOS="306"/>
							<String ID="string_168" HPOS="318" VPOS="915" WIDTH="56" HEIGHT="18" WC="0.96" CONTENT="bland"/><SP WIDTH="12" VPOS="915" HPOS="374"/>
							<String ID="string_169" HPOS="386" VPOS="917" WIDTH="58" HEIGHT="16" WC="0.96" CONTENT="annat"/><SP WIDTH="11" VPOS="917" HPOS="444"/>
							<String ID="string_170" HPOS="455" VPOS="915" WIDTH="124" HEIGHT="18" WC="0.96" CONTENT="kostnaderna"/><SP WIDTH="12" VPOS="915" HPOS="579"/>
							<String ID="string_171" HPOS="591" VPOS="915" WIDTH="29" HEIGHT="18" WC="0.93" CONTENT="för"/><SP WIDTH="11" VPOS="915" HPOS="620"/>
							<String ID="string_172" HPOS="631" VPOS="915" WIDTH="141" HEIGHT="23" WC="0.96" CONTENT="väghållningen"/><SP WIDTH="12" VPOS="915" HPOS="772"/>
							<String ID="string_173" HPOS="784" VPOS="916" WIDTH="5" HEIGHT="17" WC="0.96" CONTENT="i"/><SP WIDTH="12" VPOS="916" HPOS="789"/>
							<String ID="string_174" HPOS="801" VPOS="914" WIDTH="68" HEIGHT="22" WC="0.96" CONTENT="landet,"/>
						</TextLine>
						<TextLine ID="line_21" HPOS="114" VPOS="943" WIDTH="755" HEIGHT="25">
							<String ID="string_175" HPOS="114" VPOS="945" WIDTH="110" HEIGHT="23" WC="0.92" CONTENT="uppskattat"/><SP WIDTH="17" VPOS="945" HPOS="224"/>
							<String ID="string_176" HPOS="241" VPOS="944" WIDTH="53" HEIGHT="18" WC="0.95" CONTENT="dessa"/><SP WIDTH="17" VPOS="944" HPOS="294"/>
							<String ID="string_177" HPOS="311" VPOS="945" WIDTH="29" HEIGHT="17" WC="0.95" CONTENT="för"/><SP WIDTH="17" VPOS="945" HPOS="340"/>
							<String ID="string_178" HPOS="357" VPOS="944" WIDTH="42" HEIGHT="18" WC="0.96" CONTENT="hela"/><SP WIDTH="18" VPOS="944" HPOS="399"/>
							<String ID="string_179" HPOS="417" VPOS="943" WIDTH="64" HEIGHT="19" WC="0.96" CONTENT="landet"/><SP WIDTH="18" VPOS="943" HPOS="481"/>
							<String ID="string_180" HPOS="499" VPOS="944" WIDTH="28" HEIGHT="18" WC="0.93" CONTENT="till"/><SP WIDTH="17" VPOS="944" HPOS="527"/>
							<String ID="string_181" HPOS="544" VPOS="944" WIDTH="91" HEIGHT="22" WC="0.90" CONTENT="2,982,952"/><SP WIDTH="19" VPOS="944" HPOS="635"/>
							<String ID="string_182" HPOS="654" VPOS="944" WIDTH="52" HEIGHT="17" WC="0.96" CONTENT="mark"/><SP WIDTH="12" VPOS="944" HPOS="706"/>
							<String ID="string_183" HPOS="718" VPOS="944" WIDTH="11" HEIGHT="17" WC="0.96" CONTENT="9"/><SP WIDTH="13" VPOS="944" HPOS="729"/>
							<String ID="string_184" HPOS="742" VPOS="945" WIDTH="52" HEIGHT="22" WC="0.96" CONTENT="penni"/><SP WIDTH="13" VPOS="945" HPOS="794"/>
							<String ID="string_185" HPOS="807" VPOS="943" WIDTH="34" HEIGHT="18" WC="0.93" CONTENT="och"/><SP WIDTH="14" VPOS="943" HPOS="841"/>
							<String ID="string_186" HPOS="855" VPOS="943" WIDTH="14" HEIGHT="22" WC="0.91" CONTENT="ej"/>
						</TextLine>
						<TextLine ID="line_22" HPOS="114" VPOS="971" WIDTH="757" HEIGHT="25">
							<String ID="string_187" HPOS="114" VPOS="973" WIDTH="57" HEIGHT="18" WC="0.95" CONTENT="häller"/><SP WIDTH="16" VPOS="973" HPOS="171"/>
							<String ID="string_188" HPOS="187" VPOS="975" WIDTH="28" HEIGHT="16" WC="0.96" CONTENT="att"/><SP WIDTH="16" VPOS="975" HPOS="215"/>
							<String ID="string_189" HPOS="231" VPOS="973" WIDTH="57" HEIGHT="23" WC="0.96" CONTENT="enligt"/><SP WIDTH="14" VPOS="973" HPOS="288"/>
							<String ID="string_190" HPOS="302" VPOS="973" WIDTH="22" HEIGHT="18" WC="0.96" CONTENT="de"/><SP WIDTH="17" VPOS="973" HPOS="324"/>
							<String ID="string_191" HPOS="341" VPOS="973" WIDTH="99" HEIGHT="23" WC="0.96" CONTENT="uppgifter,"/><SP WIDTH="14" VPOS="973" HPOS="440"/>
							<String ID="string_192" HPOS="454" VPOS="979" WIDTH="45" HEIGHT="14" WC="0.96" CONTENT="som,"/><SP WIDTH="13" VPOS="979" HPOS="499"/>
							<String ID="string_193" HPOS="512" VPOS="973" WIDTH="55" HEIGHT="23" WC="0.93" CONTENT="enligt"/><SP WIDTH="12" VPOS="973" HPOS="567"/>
							<String ID="string_194" HPOS="579" VPOS="972" WIDTH="49" HEIGHT="18" WC="0.96" CONTENT="hvad"/><SP WIDTH="13" VPOS="972" HPOS="628"/>
							<String ID="string_195" HPOS="641" VPOS="972" WIDTH="30" HEIGHT="18" WC="0.97" CONTENT="vid"/><SP WIDTH="13" VPOS="972" HPOS="671"/>
							<String ID="string_196" HPOS="684" VPOS="973" WIDTH="44" HEIGHT="18" WC="0.93" CONTENT="1894"/><SP WIDTH="12" VPOS="973" HPOS="728"/>
							<String ID="string_197" HPOS="740" VPOS="973" WIDTH="30" HEIGHT="17" WC="0.93" CONTENT="års"/><SP WIDTH="12" VPOS="973" HPOS="770"/>
							<String ID="string_198" HPOS="782" VPOS="971" WIDTH="89" HEIGHT="24" WC="0.92" CONTENT="landtdag"/>
						</TextLine>
						<TextLine ID="line_23" HPOS="114" VPOS="1001" WIDTH="757" HEIGHT="24">
							<String ID="string_199" HPOS="114" VPOS="1001" WIDTH="36" HEIGHT="18" WC="0.96" CONTENT="den"/><SP WIDTH="14" VPOS="1001" HPOS="150"/>
							<String ID="string_200" HPOS="164" VPOS="1002" WIDTH="11" HEIGHT="17" WC="0.96" CONTENT="9"/><SP WIDTH="13" VPOS="1002" HPOS="175"/>
							<String ID="string_201" HPOS="188" VPOS="1001" WIDTH="81" HEIGHT="18" WC="0.96" CONTENT="februari"/><SP WIDTH="13" VPOS="1001" HPOS="269"/>
							<String ID="string_202" HPOS="282" VPOS="1001" WIDTH="57" HEIGHT="18" WC="0.96" CONTENT="under"/><SP WIDTH="13" VPOS="1001" HPOS="339"/>
							<String ID="string_203" HPOS="352" VPOS="1008" WIDTH="22" HEIGHT="11" WC="0.93" CONTENT="en"/><SP WIDTH="13" VPOS="1008" HPOS="374"/>
							<String ID="string_204" HPOS="387" VPOS="1001" WIDTH="122" HEIGHT="18" WC="0.92" CONTENT="remissdebat"/><SP WIDTH="13" VPOS="1001" HPOS="509"/>
							<String ID="string_205" HPOS="522" VPOS="1002" WIDTH="49" HEIGHT="17" WC="0.93" CONTENT="inom"/><SP WIDTH="12" VPOS="1002" HPOS="571"/>
							<String ID="string_206" HPOS="583" VPOS="1001" WIDTH="135" HEIGHT="24" WC="0.89" CONTENT="Ridderskapet"/><SP WIDTH="12" VPOS="1001" HPOS="718"/>
							<String ID="string_207" HPOS="730" VPOS="1001" WIDTH="34" HEIGHT="18" WC="0.93" CONTENT="och"/><SP WIDTH="12" VPOS="1001" HPOS="764"/>
							<String ID="string_208" HPOS="776" VPOS="1001" WIDTH="60" HEIGHT="18" WC="0.93" CONTENT="Adeln"/><SP WIDTH="13" VPOS="1001" HPOS="836"/>
							<String ID="string_209" HPOS="849" VPOS="1007" WIDTH="22" HEIGHT="12" WC="0.96" CONTENT="en"/>
						</TextLine>
						<TextLine ID="line_24" HPOS="115" VPOS="1030" WIDTH="756" HEIGHT="23">
							<String ID="string_210" HPOS="115" VPOS="1031" WIDTH="20" HEIGHT="17" WC="0.96" CONTENT="af"/><SP WIDTH="16" VPOS="1031" HPOS="135"/>
							<String ID="string_211" HPOS="151" VPOS="1031" WIDTH="113" HEIGHT="22" WC="0.93" CONTENT="regeringens"/><SP WIDTH="19" VPOS="1031" HPOS="264"/>
							<String ID="string_212" HPOS="283" VPOS="1030" WIDTH="104" HEIGHT="18" WC="0.96" CONTENT="dåvarande"/><SP WIDTH="18" VPOS="1030" HPOS="387"/>
							<String ID="string_213" HPOS="405" VPOS="1030" WIDTH="100" HEIGHT="18" WC="0.96" CONTENT="ledamöter"/><SP WIDTH="19" VPOS="1030" HPOS="505"/>
							<String ID="string_214" HPOS="524" VPOS="1031" WIDTH="97" HEIGHT="22" WC="0.96" CONTENT="upplyst,"/><SP WIDTH="-2" VPOS="1031" HPOS="621"/>
							<String ID="string_215" HPOS="619" VPOS="1026" WIDTH="10" HEIGHT="32" WC="0.96" CONTENT="i"/><SP WIDTH="10" VPOS="1026" HPOS="629"/>
							<String ID="string_216" HPOS="639" VPOS="1036" WIDTH="22" HEIGHT="11" WC="0.96" CONTENT="en"/><SP WIDTH="16" VPOS="1036" HPOS="661"/>
							<String ID="string_217" HPOS="677" VPOS="1036" WIDTH="61" HEIGHT="12" WC="0.96" CONTENT="senare"/><SP WIDTH="13" VPOS="1036" HPOS="738"/>
							<String ID="string_218" HPOS="751" VPOS="1030" WIDTH="26" HEIGHT="17" WC="0.93" CONTENT="tid"/><SP WIDTH="12" VPOS="1030" HPOS="777"/>
							<String ID="string_219" HPOS="789" VPOS="1030" WIDTH="82" HEIGHT="23" WC="0.92" CONTENT="afgifvits"/>
						</TextLine>
						<TextLine ID="line_25" HPOS="116" VPOS="1059" WIDTH="755" HEIGHT="23">
							<String ID="string_220" HPOS="116" VPOS="1059" WIDTH="28" HEIGHT="18" WC="0.92" CONTENT="till"/><SP WIDTH="17" VPOS="1059" HPOS="144"/>
							<String ID="string_221" HPOS="161" VPOS="1059" WIDTH="174" HEIGHT="18" WC="0.90" CONTENT="Kommunikations"/><SP WIDTH="18" VPOS="1059" HPOS="335"/>
							<String ID="string_222" HPOS="353" VPOS="1059" WIDTH="128" HEIGHT="23" WC="0.91" CONTENT="expeditionen"/><SP WIDTH="18" VPOS="1059" HPOS="481"/>
							<String ID="string_223" HPOS="499" VPOS="1059" WIDTH="5" HEIGHT="18" WC="0.93" CONTENT="i"/><SP WIDTH="19" VPOS="1059" HPOS="504"/>
							<String ID="string_224" HPOS="523" VPOS="1059" WIDTH="100" HEIGHT="23" WC="0.91" CONTENT="Kejserliga"/><SP WIDTH="18" VPOS="1059" HPOS="623"/>
							<String ID="string_225" HPOS="641" VPOS="1059" WIDTH="78" HEIGHT="18" WC="0.92" CONTENT="Senaten"/><SP WIDTH="13" VPOS="1059" HPOS="719"/>
							<String ID="string_226" HPOS="732" VPOS="1059" WIDTH="77" HEIGHT="18" WC="0.92" CONTENT="rörande"/><SP WIDTH="12" VPOS="1059" HPOS="809"/>
							<String ID="string_227" HPOS="821" VPOS="1059" WIDTH="50" HEIGHT="17" WC="0.91" CONTENT="kost-"/>
						</TextLine>
						<TextLine ID="line_26" HPOS="115" VPOS="1087" WIDTH="758" HEIGHT="24">
							<String ID="string_228" HPOS="115" VPOS="1088" WIDTH="60" HEIGHT="18" WC="0.92" CONTENT="naden"/><SP WIDTH="17" VPOS="1088" HPOS="175"/>
							<String ID="string_229" HPOS="192" VPOS="1088" WIDTH="28" HEIGHT="18" WC="0.93" CONTENT="för"/><SP WIDTH="18" VPOS="1088" HPOS="220"/>
							<String ID="string_230" HPOS="238" VPOS="1089" WIDTH="63" HEIGHT="22" WC="0.92" CONTENT="vägars"/><SP WIDTH="17" VPOS="1089" HPOS="301"/>
							<String ID="string_231" HPOS="318" VPOS="1088" WIDTH="35" HEIGHT="18" WC="0.93" CONTENT="och"/><SP WIDTH="17" VPOS="1088" HPOS="353"/>
							<String ID="string_232" HPOS="370" VPOS="1088" WIDTH="65" HEIGHT="17" WC="0.92" CONTENT="broars"/><SP WIDTH="18" VPOS="1088" HPOS="435"/>
							<String ID="string_233" HPOS="453" VPOS="1087" WIDTH="97" HEIGHT="18" WC="0.90" CONTENT="underhäll"/><SP WIDTH="15" VPOS="1087" HPOS="550"/>
							<String ID="string_234" HPOS="565" VPOS="1088" WIDTH="49" HEIGHT="17" WC="0.93" CONTENT="inom"/><SP WIDTH="15" VPOS="1088" HPOS="614"/>
							<String ID="string_235" HPOS="629" VPOS="1087" WIDTH="63" HEIGHT="23" WC="0.91" CONTENT="hvarje"/><SP WIDTH="17" VPOS="1087" HPOS="692"/>
							<String ID="string_236" HPOS="709" VPOS="1088" WIDTH="93" HEIGHT="21" WC="0.96" CONTENT="kommun,"/><SP WIDTH="17" VPOS="1088" HPOS="802"/>
							<String ID="string_237" HPOS="819" VPOS="1087" WIDTH="54" HEIGHT="18" WC="0.96" CONTENT="dessa"/>
						</TextLine>
						<TextLine ID="line_27" HPOS="116" VPOS="1116" WIDTH="755" HEIGHT="23">
							<String ID="string_238" HPOS="116" VPOS="1116" WIDTH="105" HEIGHT="22" WC="0.93" CONTENT="kostnader,"/><SP WIDTH="10" VPOS="1116" HPOS="221"/>
							<String ID="string_239" HPOS="231" VPOS="1116" WIDTH="92" HEIGHT="19" WC="0.93" CONTENT="fördelade"/><SP WIDTH="12" VPOS="1116" HPOS="323"/>
							<String ID="string_240" HPOS="335" VPOS="1117" WIDTH="24" HEIGHT="22" WC="0.95" CONTENT="pä"/><SP WIDTH="12" VPOS="1117" HPOS="359"/>
							<String ID="string_241" HPOS="371" VPOS="1117" WIDTH="87" HEIGHT="22" WC="0.93" CONTENT="samtliga"/><SP WIDTH="12" VPOS="1117" HPOS="458"/>
							<String ID="string_242" HPOS="470" VPOS="1117" WIDTH="71" HEIGHT="17" WC="0.92" CONTENT="mantal"/><SP WIDTH="12" VPOS="1117" HPOS="541"/>
							<String ID="string_243" HPOS="553" VPOS="1117" WIDTH="5" HEIGHT="16" WC="0.97" CONTENT="i"/><SP WIDTH="13" VPOS="1117" HPOS="558"/>
							<String ID="string_244" HPOS="571" VPOS="1116" WIDTH="67" HEIGHT="21" WC="0.93" CONTENT="landet,"/><SP WIDTH="13" VPOS="1116" HPOS="638"/>
							<String ID="string_245" HPOS="651" VPOS="1117" WIDTH="79" HEIGHT="22" WC="0.91" CONTENT="uppgätt"/><SP WIDTH="12" VPOS="1117" HPOS="730"/>
							<String ID="string_246" HPOS="742" VPOS="1117" WIDTH="27" HEIGHT="17" WC="0.93" CONTENT="till"/><SP WIDTH="12" VPOS="1117" HPOS="769"/>
							<String ID="string_247" HPOS="781" VPOS="1116" WIDTH="90" HEIGHT="22" WC="0.90" CONTENT="3,383,587"/>
						</TextLine>
						<TextLine ID="line_28" HPOS="116" VPOS="1144" WIDTH="757" HEIGHT="24">
							<String ID="string_248" HPOS="116" VPOS="1145" WIDTH="53" HEIGHT="18" WC="0.96" CONTENT="mark"/><SP WIDTH="18" VPOS="1145" HPOS="169"/>
							<String ID="string_249" HPOS="187" VPOS="1145" WIDTH="22" HEIGHT="18" WC="0.95" CONTENT="22"/><SP WIDTH="19" VPOS="1145" HPOS="209"/>
							<String ID="string_250" HPOS="228" VPOS="1145" WIDTH="60" HEIGHT="23" WC="0.94" CONTENT="penni."/><SP WIDTH="24" VPOS="1145" HPOS="288"/>
							<String ID="string_251" HPOS="312" VPOS="1145" WIDTH="43" HEIGHT="18" WC="0.93" CONTENT="Men"/><SP WIDTH="14" VPOS="1145" HPOS="355"/>
							<String ID="string_252" HPOS="369" VPOS="1145" WIDTH="83" HEIGHT="21" WC="0.92" CONTENT="emedan,"/><SP WIDTH="12" VPOS="1145" HPOS="452"/>
							<String ID="string_253" HPOS="464" VPOS="1145" WIDTH="79" HEIGHT="18" WC="0.91" CONTENT="oaktadt"/><SP WIDTH="11" VPOS="1145" HPOS="543"/>
							<String ID="string_254" HPOS="554" VPOS="1145" WIDTH="168" HEIGHT="23" WC="0.91" CONTENT="efterforskningar,"/><SP WIDTH="13" VPOS="1145" HPOS="722"/>
							<String ID="string_255" HPOS="735" VPOS="1145" WIDTH="86" HEIGHT="23" WC="0.93" CONTENT="kunskap"/><SP WIDTH="12" VPOS="1145" HPOS="821"/>
							<String ID="string_256" HPOS="833" VPOS="1144" WIDTH="40" HEIGHT="18" WC="0.92" CONTENT="icke"/>
						</TextLine>
						<TextLine ID="line_29" HPOS="116" VPOS="1173" WIDTH="757" HEIGHT="24">
							<String ID="string_257" HPOS="116" VPOS="1174" WIDTH="73" HEIGHT="17" WC="0.93" CONTENT="kunnat"/><SP WIDTH="17" VPOS="1174" HPOS="189"/>
							<String ID="string_258" HPOS="206" VPOS="1174" WIDTH="64" HEIGHT="17" WC="0.92" CONTENT="vinnas"/><SP WIDTH="18" VPOS="1174" HPOS="270"/>
							<String ID="string_259" HPOS="288" VPOS="1179" WIDTH="30" HEIGHT="12" WC="0.92" CONTENT="om"/><SP WIDTH="18" VPOS="1179" HPOS="318"/>
							<String ID="string_260" HPOS="336" VPOS="1175" WIDTH="52" HEIGHT="16" WC="0.92" CONTENT="arten"/><SP WIDTH="12" VPOS="1175" HPOS="388"/>
							<String ID="string_261" HPOS="400" VPOS="1173" WIDTH="19" HEIGHT="18" WC="0.96" CONTENT="af"/><SP WIDTH="11" VPOS="1173" HPOS="419"/>
							<String ID="string_262" HPOS="430" VPOS="1173" WIDTH="23" HEIGHT="18" WC="0.93" CONTENT="de"/><SP WIDTH="12" VPOS="1173" HPOS="453"/>
							<String ID="string_263" HPOS="465" VPOS="1173" WIDTH="166" HEIGHT="24" WC="0.91" CONTENT="primäruppgifter,"/><SP WIDTH="12" VPOS="1173" HPOS="631"/>
							<String ID="string_264" HPOS="643" VPOS="1173" WIDTH="57" HEIGHT="19" WC="0.90" CONTENT="hvarä"/><SP WIDTH="11" VPOS="1173" HPOS="700"/>
							<String ID="string_265" HPOS="711" VPOS="1173" WIDTH="53" HEIGHT="19" WC="0.93" CONTENT="dessa"/><SP WIDTH="12" VPOS="1173" HPOS="764"/>
							<String ID="string_266" HPOS="776" VPOS="1173" WIDTH="97" HEIGHT="19" WC="0.92" CONTENT="kostnads-"/>
						</TextLine>
						<TextLine ID="line_30" HPOS="116" VPOS="1201" WIDTH="758" HEIGHT="24">
							<String ID="string_267" HPOS="116" VPOS="1203" WIDTH="122" HEIGHT="22" WC="0.91" CONTENT="beräkningar"/><SP WIDTH="18" VPOS="1203" HPOS="238"/>
							<String ID="string_268" HPOS="256" VPOS="1202" WIDTH="95" HEIGHT="23" WC="0.91" CONTENT="grundats,"/><SP WIDTH="19" VPOS="1202" HPOS="351"/>
							<String ID="string_269" HPOS="370" VPOS="1202" WIDTH="33" HEIGHT="17" WC="0.93" CONTENT="har"/><SP WIDTH="19" VPOS="1202" HPOS="403"/>
							<String ID="string_270" HPOS="422" VPOS="1202" WIDTH="40" HEIGHT="18" WC="0.91" CONTENT="icke"/><SP WIDTH="16" VPOS="1202" HPOS="462"/>
							<String ID="string_271" HPOS="478" VPOS="1203" WIDTH="61" HEIGHT="22" WC="0.91" CONTENT="nägon"/><SP WIDTH="16" VPOS="1203" HPOS="539"/>
							<String ID="string_272" HPOS="555" VPOS="1203" WIDTH="103" HEIGHT="22" WC="0.91" CONTENT="jämförelse"/><SP WIDTH="16" VPOS="1203" HPOS="658"/>
							<String ID="string_273" HPOS="674" VPOS="1203" WIDTH="67" HEIGHT="18" WC="0.93" CONTENT="mellan"/><SP WIDTH="18" VPOS="1203" HPOS="741"/>
							<String ID="string_274" HPOS="759" VPOS="1201" WIDTH="115" HEIGHT="19" WC="0.92" CONTENT="sistnämnda"/>
						</TextLine>
						<TextLine ID="line_31" HPOS="117" VPOS="1231" WIDTH="757" HEIGHT="23">
							<String ID="string_275" HPOS="117" VPOS="1231" WIDTH="156" HEIGHT="23" WC="0.92" CONTENT="kostnadsbelopp"/><SP WIDTH="17" VPOS="1231" HPOS="273"/>
							<String ID="string_276" HPOS="290" VPOS="1231" WIDTH="34" HEIGHT="18" WC="0.92" CONTENT="och"/><SP WIDTH="16" VPOS="1231" HPOS="324"/>
							<String ID="string_277" HPOS="340" VPOS="1231" WIDTH="200" HEIGHT="18" WC="0.91" CONTENT="kostnadssummorna"/><SP WIDTH="16" VPOS="1231" HPOS="540"/>
							<String ID="string_278" HPOS="556" VPOS="1231" WIDTH="42" HEIGHT="18" WC="0.92" CONTENT="frän"/><SP WIDTH="17" VPOS="1231" HPOS="598"/>
							<String ID="string_279" HPOS="615" VPOS="1231" WIDTH="44" HEIGHT="18" WC="0.93" CONTENT="1894"/><SP WIDTH="17" VPOS="1231" HPOS="659"/>
							<String ID="string_280" HPOS="676" VPOS="1233" WIDTH="68" HEIGHT="16" WC="0.92" CONTENT="ansetts"/><SP WIDTH="13" VPOS="1233" HPOS="744"/>
							<String ID="string_281" HPOS="757" VPOS="1231" WIDTH="66" HEIGHT="23" WC="0.90" CONTENT="möjlig."/><SP WIDTH="25" VPOS="1231" HPOS="823"/>
							<String ID="string_282" HPOS="848" VPOS="1231" WIDTH="26" HEIGHT="17" WC="0.96" CONTENT="Af"/>
						</TextLine>
						<TextLine ID="line_32" HPOS="118" VPOS="1259" WIDTH="757" HEIGHT="24">
							<String ID="string_283" HPOS="118" VPOS="1265" WIDTH="72" HEIGHT="13" WC="0.91" CONTENT="samma"/><SP WIDTH="17" VPOS="1265" HPOS="190"/>
							<String ID="string_284" HPOS="207" VPOS="1259" WIDTH="97" HEIGHT="24" WC="0.94" CONTENT="anledning"/><SP WIDTH="16" VPOS="1259" HPOS="304"/>
							<String ID="string_285" HPOS="320" VPOS="1259" WIDTH="34" HEIGHT="18" WC="0.93" CONTENT="har"/><SP WIDTH="12" VPOS="1259" HPOS="354"/>
							<String ID="string_286" HPOS="366" VPOS="1259" WIDTH="39" HEIGHT="18" WC="0.96" CONTENT="icke"/><SP WIDTH="13" VPOS="1259" HPOS="405"/>
							<String ID="string_287" HPOS="418" VPOS="1260" WIDTH="62" HEIGHT="23" WC="0.93" CONTENT="någon"/><SP WIDTH="12" VPOS="1260" HPOS="480"/>
							<String ID="string_288" HPOS="492" VPOS="1260" WIDTH="111" HEIGHT="23" WC="0.58" CONTENT="ärsstegring"/><SP WIDTH="12" VPOS="1260" HPOS="603"/>
							<String ID="string_289" HPOS="615" VPOS="1259" WIDTH="19" HEIGHT="18" WC="0.93" CONTENT="af"/><SP WIDTH="11" VPOS="1259" HPOS="634"/>
							<String ID="string_290" HPOS="645" VPOS="1259" WIDTH="230" HEIGHT="24" WC="0.91" CONTENT="väghällningskostnaden"/>
						</TextLine>
						<TextLine ID="line_33" HPOS="118" VPOS="1287" WIDTH="757" HEIGHT="25">
							<String ID="string_291" HPOS="118" VPOS="1289" WIDTH="72" HEIGHT="17" WC="0.93" CONTENT="kunnat"/><SP WIDTH="18" VPOS="1289" HPOS="190"/>
							<String ID="string_292" HPOS="208" VPOS="1289" WIDTH="89" HEIGHT="17" WC="0.91" CONTENT="uträknas"/><SP WIDTH="16" VPOS="1289" HPOS="297"/>
							<String ID="string_293" HPOS="313" VPOS="1288" WIDTH="36" HEIGHT="19" WC="0.93" CONTENT="och"/><SP WIDTH="15" VPOS="1288" HPOS="349"/>
							<String ID="string_294" HPOS="364" VPOS="1288" WIDTH="70" HEIGHT="18" WC="0.93" CONTENT="säledes"/><SP WIDTH="14" VPOS="1288" HPOS="434"/>
							<String ID="string_295" HPOS="448" VPOS="1288" WIDTH="14" HEIGHT="22" WC="0.92" CONTENT="ej"/><SP WIDTH="13" VPOS="1288" HPOS="462"/>
							<String ID="string_296" HPOS="475" VPOS="1288" WIDTH="59" HEIGHT="18" WC="0.93" CONTENT="häller"/><SP WIDTH="11" VPOS="1288" HPOS="534"/>
							<String ID="string_297" HPOS="545" VPOS="1288" WIDTH="60" HEIGHT="18" WC="0.93" CONTENT="denna"/><SP WIDTH="9" VPOS="1288" HPOS="605"/>
							<String ID="string_298" HPOS="614" VPOS="1288" WIDTH="78" HEIGHT="18" WC="0.91" CONTENT="kostnad"/><SP WIDTH="12" VPOS="1288" HPOS="692"/>
							<String ID="string_299" HPOS="704" VPOS="1295" WIDTH="32" HEIGHT="11" WC="0.93" CONTENT="ens"/><SP WIDTH="12" VPOS="1295" HPOS="736"/>
							<String ID="string_300" HPOS="748" VPOS="1287" WIDTH="127" HEIGHT="25" WC="0.91" CONTENT="aproximatift"/>
						</TextLine>
						<TextLine ID="line_34" HPOS="119" VPOS="1316" WIDTH="374" HEIGHT="19">
							<String ID="string_301" HPOS="119" VPOS="1317" WIDTH="89" HEIGHT="18" WC="0.96" CONTENT="beräknas"/><SP WIDTH="12" VPOS="1317" HPOS="208"/>
							<String ID="string_302" HPOS="220" VPOS="1317" WIDTH="29" HEIGHT="17" WC="0.96" CONTENT="för"/><SP WIDTH="12" VPOS="1317" HPOS="249"/>
							<String ID="string_303" HPOS="261" VPOS="1319" WIDTH="27" HEIGHT="15" WC="0.96" CONTENT="ett"/><SP WIDTH="11" VPOS="1319" HPOS="288"/>
							<String ID="string_304" HPOS="299" VPOS="1322" WIDTH="62" HEIGHT="12" WC="0.96" CONTENT="senare"/><SP WIDTH="12" VPOS="1322" HPOS="361"/>
							<String ID="string_305" HPOS="373" VPOS="1317" WIDTH="20" HEIGHT="17" WC="0.95" CONTENT="är"/><SP WIDTH="13" VPOS="1317" HPOS="393"/>
							<String ID="string_306" HPOS="406" VPOS="1318" WIDTH="23" HEIGHT="16" WC="0.96" CONTENT="än"/><SP WIDTH="13" VPOS="1318" HPOS="429"/>
							<String ID="string_307" HPOS="442" VPOS="1316" WIDTH="51" HEIGHT="18" WC="0.95" CONTENT="1894."/>
						</TextLine>
					</TextBlock>
					<TextBlock ID="block_3" HPOS="118" VPOS="1345" WIDTH="759" HEIGHT="132">
						<TextLine ID="line_35" HPOS="187" VPOS="1345" WIDTH="688" HEIGHT="24">
							<String ID="string_308" HPOS="187" VPOS="1345" WIDTH="13" HEIGHT="23" WC="0.53" CONTENT="9)"/><SP WIDTH="14" VPOS="1345" HPOS="200"/>
							<String ID="string_309" HPOS="214" VPOS="1346" WIDTH="37" HEIGHT="17" WC="0.95" CONTENT="Det"/><SP WIDTH="12" VPOS="1346" HPOS="251"/>
							<String ID="string_310" HPOS="263" VPOS="1346" WIDTH="33" HEIGHT="17" WC="0.93" CONTENT="har"/><SP WIDTH="12" VPOS="1346" HPOS="296"/>
							<String ID="string_311" HPOS="308" VPOS="1346" WIDTH="39" HEIGHT="17" WC="0.96" CONTENT="icke"/><SP WIDTH="12" VPOS="1346" HPOS="347"/>
							<String ID="string_312" HPOS="359" VPOS="1345" WIDTH="62" HEIGHT="18" WC="0.93" CONTENT="blifvit"/><SP WIDTH="12" VPOS="1345" HPOS="421"/>
							<String ID="string_313" HPOS="433" VPOS="1345" WIDTH="98" HEIGHT="22" WC="0.82" CONTENT="förbisedt,"/><SP WIDTH="6" VPOS="1345" HPOS="531"/>
							<String ID="string_314" HPOS="537" VPOS="1347" WIDTH="28" HEIGHT="16" WC="0.82" CONTENT="att"/><SP WIDTH="12" VPOS="1347" HPOS="565"/>
							<String ID="string_315" HPOS="577" VPOS="1346" WIDTH="55" HEIGHT="23" WC="0.93" CONTENT="enligt"/><SP WIDTH="9" VPOS="1346" HPOS="632"/>
							<String ID="string_316" HPOS="641" VPOS="1346" WIDTH="105" HEIGHT="18" WC="0.96" CONTENT="Utskottets"/><SP WIDTH="9" VPOS="1346" HPOS="746"/>
							<String ID="string_317" HPOS="755" VPOS="1346" WIDTH="69" HEIGHT="22" WC="0.93" CONTENT="förslag"/><SP WIDTH="9" VPOS="1346" HPOS="824"/>
							<String ID="string_318" HPOS="833" VPOS="1346" WIDTH="42" HEIGHT="22" WC="0.93" CONTENT="väg-"/>
						</TextLine>
						<TextLine ID="line_36" HPOS="118" VPOS="1373" WIDTH="757" HEIGHT="24">
							<String ID="string_319" HPOS="118" VPOS="1374" WIDTH="122" HEIGHT="18" WC="0.92" CONTENT="nämndernas"/><SP WIDTH="17" VPOS="1374" HPOS="240"/>
							<String ID="string_320" HPOS="257" VPOS="1373" WIDTH="213" HEIGHT="24" WC="0.92" CONTENT="kostnadsberäkningar"/><SP WIDTH="16" VPOS="1373" HPOS="470"/>
							<String ID="string_321" HPOS="486" VPOS="1374" WIDTH="52" HEIGHT="18" WC="0.93" CONTENT="skola"/><SP WIDTH="12" VPOS="1374" HPOS="538"/>
							<String ID="string_322" HPOS="550" VPOS="1374" WIDTH="51" HEIGHT="22" WC="0.96" CONTENT="höjas"/><SP WIDTH="12" VPOS="1374" HPOS="601"/>
							<String ID="string_323" HPOS="613" VPOS="1374" WIDTH="41" HEIGHT="18" WC="0.96" CONTENT="med"/><SP WIDTH="12" VPOS="1374" HPOS="654"/>
							<String ID="string_324" HPOS="666" VPOS="1374" WIDTH="44" HEIGHT="23" WC="0.67" CONTENT="5&quot;),"/><SP WIDTH="12" VPOS="1374" HPOS="710"/>
							<String ID="string_325" HPOS="722" VPOS="1374" WIDTH="85" HEIGHT="18" WC="0.93" CONTENT="afseende"/><SP WIDTH="12" VPOS="1374" HPOS="807"/>
							<String ID="string_326" HPOS="819" VPOS="1373" WIDTH="56" HEIGHT="23" WC="0.92" CONTENT="utgif-"/>
						</TextLine>
						<TextLine ID="line_37" HPOS="119" VPOS="1402" WIDTH="758" HEIGHT="24">
							<String ID="string_327" HPOS="119" VPOS="1407" WIDTH="27" HEIGHT="14" WC="0.96" CONTENT="ter"/><SP WIDTH="12" VPOS="1407" HPOS="146"/>
							<String ID="string_328" HPOS="158" VPOS="1402" WIDTH="29" HEIGHT="18" WC="0.93" CONTENT="för"/><SP WIDTH="11" VPOS="1402" HPOS="187"/>
							<String ID="string_329" HPOS="198" VPOS="1403" WIDTH="119" HEIGHT="17" WC="0.93" CONTENT="oförutsedda"/><SP WIDTH="12" VPOS="1403" HPOS="317"/>
							<String ID="string_330" HPOS="329" VPOS="1402" WIDTH="62" HEIGHT="18" WC="0.92" CONTENT="behof."/><SP WIDTH="21" VPOS="1402" HPOS="391"/>
							<String ID="string_331" HPOS="412" VPOS="1403" WIDTH="31" HEIGHT="17" WC="0.96" CONTENT="Då"/><SP WIDTH="13" VPOS="1403" HPOS="443"/>
							<String ID="string_332" HPOS="456" VPOS="1402" WIDTH="101" HEIGHT="19" WC="0.95" CONTENT="emellertid"/><SP WIDTH="12" VPOS="1402" HPOS="557"/>
							<String ID="string_333" HPOS="569" VPOS="1403" WIDTH="60" HEIGHT="18" WC="0.93" CONTENT="denna"/><SP WIDTH="11" VPOS="1403" HPOS="629"/>
							<String ID="string_334" HPOS="640" VPOS="1403" WIDTH="104" HEIGHT="23" WC="0.96" CONTENT="förhöjning"/><SP WIDTH="10" VPOS="1403" HPOS="744"/>
							<String ID="string_335" HPOS="754" VPOS="1403" WIDTH="39" HEIGHT="18" WC="0.96" CONTENT="icke"/><SP WIDTH="10" VPOS="1403" HPOS="793"/>
							<String ID="string_336" HPOS="803" VPOS="1403" WIDTH="74" HEIGHT="17" WC="0.95" CONTENT="komme"/>
						</TextLine>
						<TextLine ID="line_38" HPOS="119" VPOS="1430" WIDTH="758" HEIGHT="24">
							<String ID="string_337" HPOS="119" VPOS="1433" WIDTH="28" HEIGHT="16" WC="0.96" CONTENT="att"/><SP WIDTH="12" VPOS="1433" HPOS="147"/>
							<String ID="string_338" HPOS="159" VPOS="1431" WIDTH="76" HEIGHT="18" WC="0.93" CONTENT="inverka"/><SP WIDTH="11" VPOS="1431" HPOS="235"/>
							<String ID="string_339" HPOS="246" VPOS="1432" WIDTH="12" HEIGHT="17" WC="0.89" CONTENT="å"/><SP WIDTH="12" VPOS="1432" HPOS="258"/>
							<String ID="string_340" HPOS="270" VPOS="1431" WIDTH="249" HEIGHT="23" WC="0.92" CONTENT="proportionförhållandena"/><SP WIDTH="9" VPOS="1431" HPOS="519"/>
							<String ID="string_341" HPOS="528" VPOS="1431" WIDTH="5" HEIGHT="18" WC="0.96" CONTENT="i"/><SP WIDTH="9" VPOS="1431" HPOS="533"/>
							<String ID="string_342" HPOS="542" VPOS="1431" WIDTH="33" HEIGHT="18" WC="0.96" CONTENT="här"/><SP WIDTH="10" VPOS="1431" HPOS="575"/>
							<String ID="string_343" HPOS="585" VPOS="1431" WIDTH="112" HEIGHT="18" WC="0.95" CONTENT="verkställda"/><SP WIDTH="9" VPOS="1431" HPOS="697"/>
							<String ID="string_344" HPOS="706" VPOS="1431" WIDTH="127" HEIGHT="23" WC="0.96" CONTENT="beräkningar,"/><SP WIDTH="10" VPOS="1431" HPOS="833"/>
							<String ID="string_345" HPOS="843" VPOS="1430" WIDTH="34" HEIGHT="18" WC="0.96" CONTENT="har"/>
						</TextLine>
						<TextLine ID="line_39" HPOS="119" VPOS="1459" WIDTH="361" HEIGHT="18">
							<String ID="string_346" HPOS="119" VPOS="1459" WIDTH="108" HEIGHT="18" WC="0.96" CONTENT="densamma"/><SP WIDTH="12" VPOS="1459" HPOS="227"/>
							<String ID="string_347" HPOS="239" VPOS="1460" WIDTH="79" HEIGHT="17" WC="0.96" CONTENT="lämnats"/><SP WIDTH="13" VPOS="1460" HPOS="318"/>
							<String ID="string_348" HPOS="331" VPOS="1462" WIDTH="45" HEIGHT="15" WC="0.96" CONTENT="utan"/><SP WIDTH="13" VPOS="1462" HPOS="376"/>
							<String ID="string_349" HPOS="389" VPOS="1459" WIDTH="91" HEIGHT="18" WC="0.96" CONTENT="afseende."/>
						</TextLine>
					</TextBlock>
				</ComposedBlock>
			</PrintSpace>
		</Page>
	</Layout>
</alto>
