1095 1753
243 163 26 19 58
458 161 21 22 U.
497 161 21 22 B.
535 175 27 2 —
579 161 60 28 Prop.
656 161 35 22 N:o
707 161 21 22 6.

214 224 38 21 vid
268 224 284 29 landtmäteriförrättning
567 225 107 20 särskildt
690 224 51 21 från
756 224 81 28 frågan
852 224 116 28 angående

214 258 44 21 den
274 258 131 28 ersättning,
422 266 48 13 som
485 259 37 21 för
537 259 165 28 förrättningar
712 259 63 21 skola
786 260 55 27 utgå
851 259 35 20 till
896 259 71 20 landt-

214 294 107 23 mätaren,
341 293 42 21 och
403 293 62 28 förty
488 293 154 21 sammanstält
661 293 124 21 innehållet
805 293 26 20 af
847 293 121 21 sistnämda

215 327 130 28 paragrafer
360 327 34 21 till
410 329 33 20 ett
459 328 58 21 enda
533 327 132 28 stadgande,
682 335 48 14 som
745 327 43 21 fått
804 327 35 21 sin
855 327 56 28 plats
923 328 7 20 i
944 329 24 19 10

214 361 14 28 S
245 363 11 19 7
273 361 50 28 kap.

537 507 20 25 8
576 507 69 31 kap.

118 573 38 23 18.
286 571 9 18 1
317 569 13 28 $
347 571 12 19 8
378 569 44 28 kap
448 571 123 19 motsvaras
590 569 25 21 af
630 571 24 19 13
671 569 13 28 S
701 569 6 21 i
722 568 176 29 propositionen.
928 568 39 21 Ut-

72 603 63 22 (13
113 598 24 38 $i
147 603 153 26 ppop.)skottet
320 603 40 21 har
377 604 59 20 dock
452 603 49 21 icke
517 603 88 21 kunnat
620 604 122 27 godkänna
757 604 28 20 de
801 603 54 25 skäl,
871 603 8 20 i
894 602 74 28 grund

215 637 83 22 hvaraf
318 638 43 21 den
385 638 71 27 enligt
473 640 35 23 38,
529 640 26 19 69
575 638 42 21 och
638 640 38 19 111
696 639 28 28 $$
744 639 7 20 i
768 639 54 20 1848
843 639 34 19 års
897 637 71 21 landt-

215 672 217 28 mäterireglemente
448 672 317 28 förrättningslandtmätaren
778 672 119 28 äliggande
908 672 60 27 skyl-

215 706 108 28 digheten
339 708 33 19 att
387 706 57 21 efter
456 706 93 21 erhället
560 706 152 22 förordnande
724 709 32 18 att
767 706 122 22 verkställa
900 706 67 21 skifte

215 740 55 28 själf
277 740 102 21 anskaffa
387 741 123 27 utredning
519 748 36 14 om
563 741 171 21 vederbörande
742 740 143 28 lägenheters
893 748 74 16 namn,

214 782 109 18 nummer,
346 774 120 28 jordnatur
489 775 42 21 och
553 775 106 21 skattetal
684 778 58 18 samt
764 775 117 28 angäende
904 775 63 21 deras

215 816 67 21 egare
305 809 42 21 och
367 810 146 21 innehafvare
533 810 33 20 uti
588 812 25 18 13
631 810 13 28 &
665 810 25 20 af
708 810 167 28 propositionen
896 809 72 21 öfver-

215 843 89 28 flyttats
319 846 13 18 å
347 844 144 28 sakegarene.
522 844 71 21 Desso
613 844 71 21 sakna
698 844 7 21 i
721 844 27 21 de
764 844 64 21 flesta
843 844 40 20 fall
899 844 69 27 nödig

216 878 105 28 kunskap
340 878 62 22 säväl
421 886 37 14 om
478 879 27 20 de
521 878 141 28 handlingar,
679 886 48 14 som
743 878 112 22 erfordras
871 878 37 21 vid
925 878 43 21 för-

215 912 138 28 rättningen,
379 920 49 14 som
450 913 140 21 beträffande
613 914 27 20 de
661 913 166 28 myndigheter,
853 912 115 22 hvarifrän

215 947 71 27 sagda
306 947 136 28 handlingar
461 948 77 20 kunna
558 948 102 24 erhällas,
677 948 42 20 och
735 950 38 18 äro
789 947 62 28 förty
867 951 101 24 tvungne

216 983 33 19 att
269 981 36 21 för
324 981 176 29 handlingarnas
524 981 147 21 anskaffande
692 982 76 21 vända
787 982 35 27 sig
841 981 34 21 till
895 989 73 13 annan

215 1022 89 21 person,
328 1023 48 13 som
399 1016 94 21 innehar
515 1016 44 21 den
581 1016 77 21 härför
681 1016 84 28 nödiga
787 1016 181 28 sakkunskapen.

215 1049 46 21 Det
277 1057 66 20 synes
359 1050 70 21 likväl
445 1051 116 24 utskottet,
577 1057 47 14 som
640 1057 37 14 om
692 1051 27 20 de
736 1050 70 21 redan
820 1050 149 22 öfverhöfvan

216 1083 74 28 dryga
304 1084 153 21 kostnaderna
471 1085 36 20 för
521 1084 308 28 landtmäteriförrättningar
840 1085 49 20 icke
901 1085 68 20 borde

216 1118 55 21 ökas
290 1125 38 14 ens
349 1119 50 20 med
419 1119 92 21 arvodet
530 1119 35 21 för
585 1119 94 21 berörda
695 1119 152 28 anskaffning.
878 1119 47 21 Och
942 1119 28 21 dä

215 1151 37 22 för
277 1153 70 27 öfrigt
370 1153 165 28 handlingarna
555 1153 7 20 i
582 1153 65 28 fräga
671 1153 63 22 skola
753 1153 86 21 lemnas
858 1155 22 19 ät
899 1153 71 21 landt-

215 1189 108 22 mätaren,
344 1187 36 21 för
395 1187 94 21 hvilken
505 1187 27 21 de
548 1191 37 18 äro
602 1187 114 28 behöfliga
731 1187 70 21 redan
817 1187 36 21 för
867 1187 103 22 kallelses

216 1221 137 21 utfärdande
369 1221 34 21 till
419 1221 167 28 förrättningen
605 1221 41 22 och
662 1222 134 21 anmälande
812 1229 36 14 om
863 1221 107 22 hbehofvet

216 1255 26 21 af
255 1255 94 28 publika
364 1255 91 26 ombud,
471 1258 57 19 samt
543 1256 176 27 handlingarnas
731 1255 147 22 anskaffande
890 1263 80 20 genom

217 1297 75 13 annan
308 1297 82 20 person
407 1293 28 18 än
451 1290 317 28 förrättningslandtmätaren
783 1290 66 21 alltsä
864 1293 67 25 utgör
943 1298 27 13 en

216 1323 85 28 onödig
321 1325 107 26 omgäng,
448 1331 47 14 som
515 1324 79 21 endast
614 1324 112 28 fördröjer
741 1324 174 28 förrättningen,
931 1325 40 20 har

215 1358 119 25 utskottet,
357 1359 52 20 med
432 1359 68 20 tanke
523 1358 69 21 äfven
613 1361 29 26 pä
660 1359 44 20 den
723 1359 166 28 jämförelsevis
909 1361 62 26 ringa

215 1392 73 25 möda,
312 1392 161 29 skyldigheten
493 1396 33 17 att
546 1393 102 20 anskaffa
668 1394 47 20 ofta
734 1393 84 21 nämda
837 1393 134 28 handlingar

215 1426 90 21 medför
322 1427 37 21 för
377 1427 172 25 landtmätaren,
573 1429 73 19 ansett
670 1427 149 21 omförmälda
841 1427 130 28 skyldighet

215 1460 142 22 fortfarande
381 1461 54 21 böra
459 1461 91 28 äläggas
570 1461 84 21 honom
674 1461 42 21 och
731 1461 64 28 förty
811 1461 67 28 gifvit
893 1469 78 14 senare

284 1500 51 23 Lag-
349 1501 34 17 och
396 1501 182 18 ekonomiutskottets
592 1501 115 18 betänkande
719 1501 38 18 N:o
771 1501 17 18 5.
