1098 1739
346 155 24 22 U.
385 155 26 22 B.
427 168 27 3 -—
471 155 71 28 Prop.
557 155 42 22 N:o
615 155 21 22 2.

387 465 355 29 Grundlagsutskottets
765 466 102 22 betän-

316 499 97 23 kande
429 500 41 22 N:o
485 500 14 22 2
515 500 9 22 i
539 500 135 28 anledning
689 500 27 22 af
731 500 65 22 Hans
810 500 54 28 Kej-

316 534 90 28 serliga
418 534 122 29 Majestäts
548 534 90 28 nädiga
654 535 154 28 proposition
823 541 41 16 an-

316 568 93 28 gäende
430 568 105 29 ändring
558 569 28 22 af
604 569 29 22 81
657 569 16 29 S
689 569 9 22 i
714 569 148 27 Landtdags-

317 602 138 28 ordningen
479 604 40 22 för
547 604 239 22 Storfarstendömet
807 603 55 22 Fin-

318 637 67 23 land.

179 700 52 22 Den
253 700 167 22 förberedande
442 700 206 29 handläggningen
672 700 26 22 af
714 700 150 22 förevarande

111 734 87 29 nådiga
219 734 145 29 proposition
383 734 42 22 har
447 734 26 22 af
493 735 109 29 samtliga
616 735 69 22 stånd
698 735 164 21 öfverlämnats

112 769 36 21 till
171 769 254 29 Grundlagsutskottet,
445 776 49 15 som
516 770 130 21 sedermera
668 770 30 28 på
721 770 79 21 därom
824 770 40 21 hos

112 803 154 22 ordföranden
281 804 9 21 i
304 803 132 29 Kejserliga
452 804 100 22 Senaten
567 804 37 21 för
618 804 102 22 Finland
736 804 130 22 framställd

113 838 100 29 begäran
228 838 46 22 fått
289 840 118 27 emottaga
421 838 114 22 särskilda
549 839 8 21 i
572 839 72 21 saken
660 839 122 21 tillkomna
790 838 74 22 hand-

112 872 82 29 lingar,
216 873 129 27 utvisande,
368 872 70 22 bland
460 876 77 24 annat,
561 876 35 18 att
618 873 40 21 vid
674 873 106 21 ärendets
796 872 72 22 hand-

112 907 114 29 läggning
241 908 8 21 i
264 907 102 22 Senaten
389 908 268 28 meningsskiljaktighet
675 908 19 28 ej
711 907 155 22 förekommit.

181 1010 81 22 Redan
270 1011 30 28 på
312 1011 129 28 1600-talet,
453 1012 56 21 eller
517 1012 39 21 det
563 1011 117 22 tidsskede
692 1011 26 22 af
724 1011 39 22 det
772 1011 95 22 svensk-

112 1045 76 21 finska
202 1045 212 22 samhällsskickets
429 1046 143 29 utveckling,
582 1046 74 21 under
666 1045 91 22 hvilket
767 1045 44 22 den
822 1047 47 19 rätt

112 1079 36 22 till
164 1079 207 30 själfbeskattning
385 1081 44 21 och
444 1080 139 29 deltagande
598 1081 8 21 i
618 1080 186 29 lagstiftningen,
816 1087 49 14 som

112 1114 106 28 Sveriges
234 1114 42 21 och
292 1114 114 22 Finlands
421 1115 49 22 folk
486 1115 71 22 sedan
572 1115 106 28 urgamla
692 1114 60 22 tider
762 1114 103 21 tillkom-

112 1149 48 26 mit,
184 1148 117 22 definitivt
323 1149 120 29 öfvergick
466 1149 36 22 till
525 1149 28 22 de
576 1150 14 21 &
610 1149 96 29 riksdag
728 1148 140 23 församlade

112 1183 137 25 Ständerna,
265 1183 130 22 utbildades
411 1184 36 21 för
462 1184 197 29 tillvägagåendet
674 1184 40 21 vid
725 1183 141 22 ständermö-

112 1220 54 19 tena
182 1225 28 14 en
226 1218 105 29 ordning,
349 1225 48 14 som
413 1219 7 21 i
435 1218 54 22 flere
505 1219 147 21 hänseenden
668 1218 143 22 fortfarande
826 1217 43 22 hos

112 1259 36 14 oss
165 1255 25 18 är
212 1252 114 28 gällande.
357 1253 149 21 Beträffande
522 1253 28 21 de
566 1253 76 22 beslut
656 1253 99 22 stånden
771 1252 98 29 afgåfvo

112 1286 13 21 å
140 1286 138 29 konungens
299 1287 37 21 till
359 1287 52 21 dem
434 1287 174 22 öfverlämnade
623 1287 169 29 propositioner
807 1286 61 22 stad-

111 1320 59 29 gade
186 1324 63 18 ännu
265 1322 54 21 1617
336 1321 36 22 års
387 1321 209 30 riksdagsordning
611 1322 61 22 blott
679 1324 35 19 att
721 1323 69 20 hvart
800 1320 68 23 stånd

111 1355 75 22 skulle
202 1355 110 22 särskildt
329 1363 84 21 genom
435 1356 51 22 dess
508 1357 140 28 deputerade
666 1356 132 29 skriftligen
814 1357 52 20 ant-

111 1389 72 22 varda
199 1390 51 21 sina
265 1397 53 14 svar
333 1390 36 21 till
386 1390 130 29 konungen.
547 1391 134 22 Sedermera
692 1391 102 28 uppkom
804 1389 60 22 dock

112 1424 44 21 den
172 1425 78 27 praxis
265 1427 41 24 att,
319 1425 74 28 jämte
408 1425 39 21 det
463 1425 109 22 ståndens
588 1425 76 22 beslut
679 1425 8 22 i
700 1425 114 22 särskilda
823 1424 46 22 frå-

112 1465 42 21 gor
169 1458 146 22 meddelades
331 1459 126 29 konungen
472 1460 30 28 på
517 1460 120 26 rikssalen,
654 1459 65 22 öfver
728 1459 143 21 Ständernas

183 1504 200 24 Grundlagsutskottets
395 1506 112 18 betänkande
519 1506 37 18 N:o
568 1508 18 16 2.
