1098 1739
337 147 29 23 U.
383 147 28 21 B.
427 160 26 3 —
469 146 74 29 Prop.
559 146 41 23 N:o
616 147 22 21 1.

639 389 5 19 (
646 379 151 36 Ötversättning).

468 492 41 21 HI.

180 554 43 21 Det
237 554 87 27 förslag,
340 562 45 13 som
401 554 237 28 Grundlagsutskottet,
649 556 6 20 i
668 554 114 28 anledning
796 554 23 22 af
829 554 38 21 nä-

110 588 50 28 diga
182 589 160 28 propositionen
365 589 5 20 i
394 589 183 28 rösträttsfrägan,
594 589 86 21 beslutit
702 589 111 21 hemställa
834 589 32 21 till

110 622 130 22 Ständernas
256 622 164 28 godkännande,
436 624 89 20 innebär
541 624 163 27 otvifvelaktigt
719 623 65 21 redan
795 623 70 21 säsom

110 657 76 21 sädant
209 660 31 18 ett
263 657 122 28 betydande
407 657 104 29 framsteg
533 658 49 20 frän
605 658 27 20 de
647 658 125 21 nuvarande
787 657 80 21 förhäl-

110 692 96 21 landena.
238 692 84 21 Genom
345 692 134 21 afskatfande
503 692 23 21 af
547 692 235 29 förmögenhetsskalan
799 692 68 21 skulle

110 726 97 28 samtliga
222 726 178 28 röstberättigade
417 726 68 21 blifva
497 727 135 21 sinsemellan
644 726 115 28 likställda,
769 726 98 29 politiskt

110 760 141 29 fullmyndiga
273 761 138 28 medborgare
435 761 37 20 vid
496 761 35 21 val
550 761 32 20 till
603 761 107 27 Borgare-
725 761 40 21 och
781 760 86 21 Bonde-

110 795 96 27 ständen,
237 796 6 19 i
267 795 98 21 städerna
389 795 69 21 skulle
481 795 27 21 de
531 795 165 28 yrkesgrupper,
711 795 73 21 hvilka
799 795 67 21 sakna

111 829 86 28 politisk
222 831 92 24 rösträtt,
330 829 79 22 erhålla
432 829 73 27 sådan,
528 830 41 21 och
591 829 164 21 Bondeständet
777 829 90 22 skulle
851 825 18 36 i

111 864 71 21 stället
197 865 34 20 för
246 868 31 17 att
291 867 146 26 representera
453 872 26 13 en
496 865 70 20 sluten
582 871 69 21 grupp
668 863 99 22 besuttna
783 864 84 21 komma

110 901 32 18 att
164 902 145 25 representera
331 899 158 28 landsbygdens
514 899 126 27 befolkning
663 899 7 20 i
691 898 120 25 allmänhet,
827 898 39 21 och

110 933 68 21 skulle
202 933 89 21 sälunda
311 933 41 21 den
369 933 101 28 politiska
485 935 115 20 rösträtten
616 932 28 29 pä
659 933 71 21 landet
747 933 40 21 och
802 933 6 20 i
824 934 43 19 stä-

110 967 66 21 derna
192 967 29 22 bli
237 967 80 22 ordnad
334 968 67 27 enligt
417 969 159 26 samstämmiga
592 968 113 27 principer.

179 1001 48 22 Den
251 1003 5 20 i
281 1003 160 27 propositionen
457 1002 41 21 och
521 1002 122 21 Utskottets
660 1001 135 22 betänkande
810 1003 57 19 före-

110 1036 74 27 slagna
201 1036 158 28 förändringen,
375 1040 31 17 att
421 1037 82 20 enhvar
517 1036 69 21 skulle
602 1037 84 20 komma
702 1039 30 18 att
742 1036 27 21 ha
780 1043 26 14 en
816 1037 51 25 röst,

110 1072 23 19 är
156 1071 61 20 desto
236 1078 45 13 mer
296 1071 99 27 befogad,
410 1071 28 20 dä
453 1078 27 13 en
496 1071 66 20 sädan
579 1070 227 28 förmögenhetsskala,
821 1077 46 14 som

110 1105 42 20 den
182 1105 38 21 hos
250 1113 41 20 oss,
314 1105 127 28 näppeligen
475 1105 61 21 torde
561 1113 56 13 mera
632 1104 101 29 päträffas
749 1105 36 21 vid
801 1105 66 27 nägot

110 1142 65 18 annat
190 1139 60 21 lands
267 1139 100 28 politiska
383 1139 40 22 val.
453 1139 25 22 T.
495 1147 18 14 o.
529 1147 27 13 m.
571 1140 5 20 i
593 1139 99 27 Belgien,
704 1139 38 21 där
752 1141 114 20 rösträtten

110 1174 18 27 ej
145 1175 23 19 är
184 1174 48 26 lika,
248 1174 41 21 kan
307 1174 25 28 pä
347 1174 69 27 grund
432 1174 23 21 af
470 1174 150 27 förmögenhet
639 1173 75 22 endast
729 1181 26 14 en
771 1173 96 28 tilläggs-

109 1210 45 19 röst
177 1208 96 26 erhållas,
291 1209 39 20 och
347 1209 38 20 har
401 1209 70 20 denna
487 1208 89 21 sålunda
593 1209 5 20 i
614 1209 113 27 praktiken
745 1209 42 27 just
802 1209 64 26 ingen

110 1242 115 29 betydelse.
255 1238 72 26 Äfven
353 1244 5 20 i
382 1243 48 21 värt
451 1243 50 21 land
517 1243 39 21 har
571 1243 164 28 upphäfvandet
750 1242 23 22 af
788 1242 79 21 förmö-

108 1277 166 27 genhetsskalan
291 1278 120 20 förberedts
427 1285 78 20 genom
521 1278 6 20 i
544 1277 110 21 städernas
670 1277 151 27 valordningar
835 1277 32 20 in-

108 1314 66 25 tagna
197 1312 177 28 begränsningar;
400 1312 41 21 och
467 1312 127 21 därutinnan
620 1312 38 21 har
680 1312 153 27 utvecklingen
860 1311 6 20 i

109 1346 77 28 själfva
207 1346 74 21 verket
304 1346 77 21 skridit
397 1346 106 28 betydligt
517 1346 79 28 längre,
612 1348 26 19 än
654 1346 138 28 uppgifterna
807 1346 6 20 i
830 1345 37 21 be-

109 1380 118 22 tänkandet
249 1380 62 27 (sidd.
332 1381 65 27 8—9)
419 1381 78 21 utvisa.
526 1381 34 27 Ty
575 1380 68 21 under
658 1380 50 21 ären
725 1379 141 23 1902—1903

109 1414 65 21 hafva
188 1415 123 27 ytterligare
328 1416 12 20 6
356 1414 79 26 städer,
450 1415 107 28 nämligen
573 1414 71 27 Kemi,
655 1414 93 28 Kuopio,
760 1413 107 22 Villman-

108 1448 81 26 strand,
212 1448 116 29 Uleäborg,
350 1449 89 28 Nyslott
463 1449 42 21 och
527 1449 145 21 Tammerfors
690 1449 87 21 beslutit
793 1449 74 19 närma

178 1494 219 24 Grundlagsutskottets
410 1495 121 19 betänkande
544 1496 38 17 N:o
594 1497 15 16 1.
