1092 1742
100 1015 95 23 Befrielse.

227 156 27 21 42
462 157 28 23 U.
507 158 27 22 B.
550 171 28 3 —
593 158 74 29 Prop.
683 158 46 23 N:o
744 158 23 22 5.

228 225 54 27 dryg
302 225 310 30 landsvägaunderhällstunga,
627 234 49 14 men
699 228 56 20 detta
770 227 87 21 hindrar
872 227 26 27 ej,
913 227 71 21 säsom

226 260 80 27 jämväl
328 260 40 22 den
388 262 131 28 tillgängliga
535 262 117 21 statistiken
669 262 86 27 utvisar,
770 264 30 19 att
816 261 35 22 det
867 262 62 21 äfven
945 262 39 21 fin-

227 300 38 14 nes
288 300 25 15 en
337 297 44 19 stor
398 296 77 28 mängd
491 296 138 28 kronojordar
643 296 109 22 saknande
768 296 132 28 kommuner,
916 303 45 14 som
977 297 7 19 i

227 328 58 22 detta
307 329 99 22 afseende
424 332 36 19 äro
480 330 49 21 fullt
544 330 42 22 lika
602 330 63 28 drygt
681 330 125 28 betungade,
822 331 39 20 och
876 330 71 21 hvilka
964 331 18 27 ej

228 362 86 22 komma
329 364 7 20 i
351 364 123 28 åtnjutande
497 366 21 20 af
540 365 64 28 något
627 365 56 28 slags
706 365 175 26 statsunderstöd,
903 365 81 21 hvilket

227 398 33 20 för
282 398 60 21 dessa
364 400 133 27 naturligtvis
520 400 95 21 kommer
637 402 30 19 att
690 400 86 21 framstå
791 400 70 20 såsom
877 406 26 14 en
919 401 64 19 orätt-

228 432 50 21 visa.
308 432 76 22 Härtill
407 434 95 21 kommer
524 436 57 19 ännu
599 435 40 21 den
657 434 188 28 omständigheten,
861 436 30 19 att
906 440 26 15 en
949 434 34 21 del

227 466 127 22 kommuner
375 468 48 21 med
445 471 55 19 stora
526 469 137 21 kronomarks
687 469 101 21 områden
807 469 84 21 komma
907 471 30 19 att
952 468 31 21 åt-

227 502 60 26 njuta
303 504 30 19 ett
347 502 23 22 så
386 503 70 27 rikligt
471 504 174 26 statsunderstöd,
661 506 30 18 att
706 504 26 21 de
747 504 19 27 ej
783 504 6 20 i
805 503 91 27 längden
911 503 72 21 kunna

226 536 34 20 för
274 536 36 22 det
324 537 86 21 afsedda
426 538 119 21 ändamålet
561 538 20 20 få
596 538 137 28 användning
748 538 90 20 därför».

296 570 48 22 Med
368 572 114 21 statistiska
503 572 106 28 uppgifter
624 572 111 28 påvisades
750 573 98 27 därefter,
864 574 31 19 att
909 575 18 24 ej
944 578 39 15 ens

226 605 33 20 för
280 605 23 21 så
322 608 54 19 stora
398 607 86 21 enheter
505 614 45 14 som
568 607 62 21 länen
647 610 79 19 statens
741 607 73 27 bidrag
831 607 84 20 komme
931 608 29 20 att
975 606 6 21 i

226 640 74 20 rättvis
315 641 119 27 proportion
455 641 82 21 tillfalla
553 642 25 20 de
595 641 256 28 vägbyggnadsskyldige,
867 641 63 21 äfven
947 647 34 15 om

226 673 57 22 detta
298 674 74 28 bidrag
386 676 69 21 skulle
470 676 50 28 utgå
534 676 80 21 länsvis
629 676 66 28 enligt
707 676 21 22 af
743 676 93 21 komitén
861 676 119 27 föreslagen

224 709 75 27 grund.

294 743 48 21 Med
365 744 77 22 fästadt
462 745 98 21 afseende
579 745 50 21 härå
643 745 97 27 tillägger
755 747 146 19 reservanten:
928 744 53 21 »Om

226 777 95 22 däremot
341 779 189 21 statsunderstödet
552 780 61 27 utgår
628 780 47 20 med
692 786 26 14 en
735 779 42 21 viss
793 781 87 25 procent
895 779 21 21 af
931 778 49 22 hela

225 812 247 28 underhållskostnaden,
492 814 23 20 så
537 813 104 21 undvikas
656 814 41 20 alla
713 814 61 21 dessa
789 813 136 27 olägenheter
940 814 41 20 och

224 846 133 27 fördelenzaf
372 850 30 18 att
418 848 189 21 statsunderstödet
629 848 62 27 utgår
705 848 7 20 i
728 848 69 20 denna
818 847 53 21 form
888 846 93 28 framgår

224 881 92 21 indirekt
331 881 23 21 så
369 883 77 27 tydligt
461 883 21 20 af
497 883 35 21 det
547 883 70 27 sagda,
633 885 30 18 att
678 883 36 22 det
729 885 22 18 är
763 882 92 27 onödigt,
866 885 29 18 att
905 883 6 20 i
923 883 58 20 detta

223 916 153 27 sammanhang
400 917 80 27 påpeka
502 917 119 21 fördelarna
639 917 65 21 häraf.
733 917 64 21 Detta
813 919 78 18 statens
907 917 74 27 bidrag

223 962 27 3 -——
266 963 28 2 —
309 963 27 3 —
352 958 62 14 anser
428 952 35 27 jag
478 952 50 21 böra
544 952 50 27 utgå
612 952 48 21 med
684 952 64 21 minst
764 951 63 27 109?/,
843 951 20 21 af
879 951 46 21 hela
941 958 40 14 un-

223 984 230 23 derhällskostnaden».

292 1016 70 24 Äfven
381 1023 107 24 gentemot
504 1021 103 20 komit&ns
622 1021 85 26 förslag,
715 1022 30 19 att
760 1019 41 22 alla
817 1026 100 21 personer
927 1022 51 19 utan

223 1053 109 28 undantag
355 1055 57 20 inom
436 1055 135 25 kommunen,
593 1062 44 14 som
658 1055 31 21 till
705 1055 71 20 denna
791 1053 96 22 skattade
903 1054 32 21 för
950 1056 30 19 ett

223 1088 43 20 viss
293 1089 82 20 minimi
400 1089 175 28 inkomstbelopp,
600 1089 69 21 skulle
691 1089 7 21 i
727 1088 152 21 meranämnda
905 1088 75 21 besvär

223 1123 48 26 taga
286 1123 41 26 del,
342 1123 84 27 gjordes
449 1130 25 15 en
498 1131 69 13 annan
583 1124 88 27 mening
685 1123 98 28 gällande
799 1123 22 20 af
836 1124 141 19 reservanten.

223 1155 49 22 Han
288 1157 43 20 höll
347 1157 106 27 nämligen
469 1157 106 28 före,att
569 1151 11 40 i
591 1161 78 18 statens
685 1158 64 27 tjänst
764 1157 103 20 anställda
880 1163 100 21 personer

223 1190 65 22 borde
305 1198 47 14 vara
370 1192 93 21 befriade
479 1193 31 20 för
525 1193 40 20 den
581 1193 98 26 inkomst,
689 1192 25 21 de
725 1193 6 19 i
743 1192 54 20 form
814 1191 21 20 af
850 1191 41 27 lön,
902 1191 77 21 arvode

222 1225 53 20 eller
296 1226 117 21 resemedel
436 1227 84 26 ätnjöto,
543 1227 79 20 hvilket
637 1227 95 26 yrkande
749 1226 113 21 motiveras
878 1225 100 21 sålunda:

224 1259 45 20 »En
286 1259 64 22 sådan
368 1260 134 28 beskattning
518 1263 61 25 utgör
589 1263 30 18 ett
629 1261 84 27 intrång
726 1261 5 20 i
743 1261 62 20 deras
817 1260 162 26 löneförmåner,

222 1293 87 22 hvilken
333 1294 135 27 beskattning
490 1295 18 27 ej
533 1295 54 21 varit
605 1295 55 20 känd
677 1295 51 21 eller
745 1295 81 20 kunnat
842 1295 85 20 beaktas
944 1294 34 20 vid

222 1327 154 22 fastställandet
396 1329 21 20 af
432 1331 40 19 stat
487 1329 32 21 för
534 1329 175 27 tjänstemännen.
741 1329 40 21 Om
797 1331 79 18 statens
892 1329 87 26 tjänste-

221 1364 48 18 män
286 1363 18 27 ej
321 1363 87 26 fritagas
428 1363 45 21 från
490 1364 6 19 i
512 1363 151 28 frägavarande
686 1363 141 27 beskattning,
850 1363 23 20 sä.
895 1364 23 19 är
937 1362 41 21 den

221 1397 107 26 naturliga
351 1397 87 27 följden,
460 1401 30 18 att
513 1398 60 21 deras
590 1397 158 22 löneförmåner
763 1397 50 21 böra
829 1397 56 21 ökas.
915 1396 64 22 Dess-

221 1433 60 18 utom
303 1432 85 20 komme
410 1432 19 27 ej
452 1432 39 21 alla
515 1436 50 17 utan
581 1432 74 21 endast
671 1432 26 21 de
712 1431 13 22 å
740 1432 72 21 landet
828 1431 81 21 bosatte
925 1431 54 27 tjän-

221 1466 124 20 stemännen
368 1468 30 18 att
420 1466 64 21 blifva
499 1466 85 21 lidande
599 1466 70 27 härpå.
699 1466 39 21 Om
755 1468 68 19 staten
839 1466 95 20 kommer
949 1467 30 18 att

291 1510 51 23 Lag-
355 1511 32 17 och
400 1511 184 18 Ekonomiutskottets
596 1511 111 18 betänkande
719 1511 38 18 N:o
770 1511 17 17 4.
