<?xml version="1.0" encoding="UTF-8"?>
<alto xmlns="http://www.loc.gov/standards/alto/ns-v3#" xmlns:xlink="http://www.w3.org/1999/xlink" xmlns:xsi="http://www.w3.org/2001/XMLSchema-instance" xsi:schemaLocation="http://www.loc.gov/standards/alto/ns-v3# http://www.loc.gov/alto/v3/alto-3-0.xsd">
	<Description>
		<MeasurementUnit>pixel</MeasurementUnit>
		<sourceImageInformation>
			<fileName>/tmp/tess_jkub8w8t_input.PNG</fileName>
		</sourceImageInformation>
		<OCRProcessing ID="OCR_0">
			<ocrProcessingStep>
				<processingSoftware>
					<softwareName>tesseract 5.3.4</softwareName>
				</processingSoftware>
			</ocrProcessingStep>
		</OCRProcessing>
	</Description>
	<Layout>
		<Page WIDTH="1100" HEIGHT="1739" PHYSICAL_IMG_NR="0" ID="page_0">
			<PrintSpace HPOS="0" VPOS="0" WIDTH="1100" HEIGHT="1739">
				<ComposedBlock ID="cblock_0" HPOS="403" VPOS="109" WIDTH="269" HEIGHT="28">
					<TextBlock ID="block_0" HPOS="403" VPOS="109" WIDTH="269" HEIGHT="28">
						<TextLine ID="line_0" HPOS="403" VPOS="109" WIDTH="269" HEIGHT="28">
							<String ID="string_0" HPOS="403" VPOS="109" WIDTH="21" HEIGHT="23" WC="0.83" CONTENT="U."/><SP WIDTH="16" VPOS="109" HPOS="424"/>
							<String ID="string_1" HPOS="440" VPOS="109" WIDTH="22" HEIGHT="22" WC="0.90" CONTENT="B."/><SP WIDTH="16" VPOS="109" HPOS="462"/>
							<String ID="string_2" HPOS="478" VPOS="122" WIDTH="27" HEIGHT="3" WC="0.91" CONTENT="—"/><SP WIDTH="17" VPOS="122" HPOS="505"/>
							<String ID="string_3" HPOS="522" VPOS="109" WIDTH="60" HEIGHT="28" WC="0.96" CONTENT="Prop."/><SP WIDTH="17" VPOS="109" HPOS="582"/>
							<String ID="string_4" HPOS="599" VPOS="109" WIDTH="35" HEIGHT="22" WC="0.96" CONTENT="N:o"/><SP WIDTH="16" VPOS="109" HPOS="634"/>
							<String ID="string_5" HPOS="650" VPOS="109" WIDTH="22" HEIGHT="22" WC="0.96" CONTENT="3."/>
						</TextLine>
					</TextBlock>
				</ComposedBlock>
				<ComposedBlock ID="cblock_1" HPOS="363" VPOS="481" WIDTH="554" HEIGHT="236">
					<TextBlock ID="block_1" HPOS="363" VPOS="481" WIDTH="554" HEIGHT="236">
						<TextLine ID="line_1" HPOS="434" VPOS="481" WIDTH="483" HEIGHT="24">
							<String ID="string_6" HPOS="434" VPOS="482" WIDTH="270" HEIGHT="23" WC="0.92" CONTENT="Bankutskottets"/><SP WIDTH="19" VPOS="482" HPOS="704"/>
							<String ID="string_7" HPOS="723" VPOS="481" WIDTH="194" HEIGHT="23" WC="0.96" CONTENT="betänkande"/>
						</TextLine>
						<TextLine ID="line_2" HPOS="365" VPOS="516" WIDTH="551" HEIGHT="28">
							<String ID="string_8" HPOS="365" VPOS="516" WIDTH="48" HEIGHT="23" WC="0.91" CONTENT="N:o"/><SP WIDTH="18" VPOS="516" HPOS="413"/>
							<String ID="string_9" HPOS="431" VPOS="517" WIDTH="17" HEIGHT="21" WC="0.94" CONTENT="4"/><SP WIDTH="16" VPOS="517" HPOS="448"/>
							<String ID="string_10" HPOS="464" VPOS="516" WIDTH="5" HEIGHT="22" WC="0.94" CONTENT="i"/><SP WIDTH="16" VPOS="516" HPOS="469"/>
							<String ID="string_11" HPOS="485" VPOS="517" WIDTH="108" HEIGHT="27" WC="0.96" CONTENT="anledning"/><SP WIDTH="17" VPOS="517" HPOS="593"/>
							<String ID="string_12" HPOS="610" VPOS="516" WIDTH="25" HEIGHT="23" WC="0.96" CONTENT="af"/><SP WIDTH="13" VPOS="516" HPOS="635"/>
							<String ID="string_13" HPOS="648" VPOS="517" WIDTH="56" HEIGHT="21" WC="0.96" CONTENT="Hans"/><SP WIDTH="16" VPOS="517" HPOS="704"/>
							<String ID="string_14" HPOS="720" VPOS="516" WIDTH="117" HEIGHT="28" WC="0.93" CONTENT="Kejserliga"/><SP WIDTH="15" VPOS="516" HPOS="837"/>
							<String ID="string_15" HPOS="852" VPOS="516" WIDTH="64" HEIGHT="28" WC="0.93" CONTENT="Maje-"/>
						</TextLine>
						<TextLine ID="line_3" HPOS="363" VPOS="549" WIDTH="553" HEIGHT="30">
							<String ID="string_16" HPOS="363" VPOS="551" WIDTH="59" HEIGHT="22" WC="0.92" CONTENT="stäts"/><SP WIDTH="16" VPOS="551" HPOS="422"/>
							<String ID="string_17" HPOS="438" VPOS="549" WIDTH="76" HEIGHT="30" WC="0.96" CONTENT="nådiga"/><SP WIDTH="15" VPOS="549" HPOS="514"/>
							<String ID="string_18" HPOS="529" VPOS="551" WIDTH="130" HEIGHT="28" WC="0.96" CONTENT="proposition"/><SP WIDTH="14" VPOS="551" HPOS="659"/>
							<String ID="string_19" HPOS="673" VPOS="549" WIDTH="108" HEIGHT="29" WC="0.95" CONTENT="angående"/><SP WIDTH="11" VPOS="549" HPOS="781"/>
							<String ID="string_20" HPOS="792" VPOS="550" WIDTH="80" HEIGHT="22" WC="0.93" CONTENT="ändrad"/><SP WIDTH="11" VPOS="550" HPOS="872"/>
							<String ID="string_21" HPOS="883" VPOS="549" WIDTH="33" HEIGHT="28" WC="0.91" CONTENT="ly-"/>
						</TextLine>
						<TextLine ID="line_4" HPOS="365" VPOS="584" WIDTH="551" HEIGHT="29">
							<String ID="string_22" HPOS="365" VPOS="585" WIDTH="59" HEIGHT="23" WC="0.96" CONTENT="delse"/><SP WIDTH="18" VPOS="585" HPOS="424"/>
							<String ID="string_23" HPOS="442" VPOS="585" WIDTH="27" HEIGHT="23" WC="0.96" CONTENT="af"/><SP WIDTH="11" VPOS="585" HPOS="469"/>
							<String ID="string_24" HPOS="480" VPOS="586" WIDTH="14" HEIGHT="22" WC="0.94" CONTENT="2"/><SP WIDTH="16" VPOS="586" HPOS="494"/>
							<String ID="string_25" HPOS="510" VPOS="587" WIDTH="13" HEIGHT="26" WC="0.74" CONTENT="3"/><SP WIDTH="23" VPOS="587" HPOS="523"/>
							<String ID="string_26" HPOS="546" VPOS="586" WIDTH="7" HEIGHT="22" WC="0.96" CONTENT="6"/><SP WIDTH="17" VPOS="586" HPOS="553"/>
							<String ID="string_27" HPOS="570" VPOS="591" WIDTH="60" HEIGHT="17" WC="0.96" CONTENT="mom."/><SP WIDTH="17" VPOS="591" HPOS="630"/>
							<String ID="string_28" HPOS="647" VPOS="585" WIDTH="5" HEIGHT="22" WC="0.95" CONTENT="i"/><SP WIDTH="16" VPOS="585" HPOS="652"/>
							<String ID="string_29" HPOS="668" VPOS="585" WIDTH="139" HEIGHT="27" WC="0.96" CONTENT="reglementet"/><SP WIDTH="14" VPOS="585" HPOS="807"/>
							<String ID="string_30" HPOS="821" VPOS="584" WIDTH="35" HEIGHT="22" WC="0.93" CONTENT="för"/><SP WIDTH="16" VPOS="584" HPOS="856"/>
							<String ID="string_31" HPOS="872" VPOS="584" WIDTH="44" HEIGHT="22" WC="0.93" CONTENT="Fin-"/>
						</TextLine>
						<TextLine ID="line_5" HPOS="365" VPOS="616" WIDTH="550" HEIGHT="30">
							<String ID="string_32" HPOS="365" VPOS="620" WIDTH="60" HEIGHT="22" WC="0.96" CONTENT="lands"/><SP WIDTH="23" VPOS="620" HPOS="425"/>
							<String ID="string_33" HPOS="448" VPOS="620" WIDTH="57" HEIGHT="22" WC="0.96" CONTENT="Bank"/><SP WIDTH="23" VPOS="620" HPOS="505"/>
							<String ID="string_34" HPOS="528" VPOS="620" WIDTH="26" HEIGHT="22" WC="0.96" CONTENT="af"/><SP WIDTH="12" VPOS="620" HPOS="554"/>
							<String ID="string_35" HPOS="566" VPOS="620" WIDTH="40" HEIGHT="22" WC="0.96" CONTENT="den"/><SP WIDTH="14" VPOS="620" HPOS="606"/>
							<String ID="string_36" HPOS="620" VPOS="619" WIDTH="24" HEIGHT="23" WC="0.96" CONTENT="19"/><SP WIDTH="15" VPOS="619" HPOS="644"/>
							<String ID="string_37" HPOS="659" VPOS="619" WIDTH="95" HEIGHT="23" WC="0.96" CONTENT="februari"/><SP WIDTH="14" VPOS="619" HPOS="754"/>
							<String ID="string_38" HPOS="768" VPOS="619" WIDTH="64" HEIGHT="27" WC="0.96" CONTENT="1895,"/><SP WIDTH="16" VPOS="619" HPOS="832"/>
							<String ID="string_39" HPOS="848" VPOS="616" WIDTH="67" HEIGHT="25" WC="0.96" CONTENT="sådan"/>
						</TextLine>
						<TextLine ID="line_6" HPOS="365" VPOS="652" WIDTH="550" HEIGHT="30">
							<String ID="string_40" HPOS="365" VPOS="654" WIDTH="39" HEIGHT="22" WC="0.95" CONTENT="den"/><SP WIDTH="23" VPOS="654" HPOS="404"/>
							<String ID="string_41" HPOS="427" VPOS="654" WIDTH="60" HEIGHT="28" WC="0.96" CONTENT="lyder"/><SP WIDTH="16" VPOS="654" HPOS="487"/>
							<String ID="string_42" HPOS="503" VPOS="654" WIDTH="4" HEIGHT="22" WC="0.93" CONTENT="i"/><SP WIDTH="17" VPOS="654" HPOS="507"/>
							<String ID="string_43" HPOS="524" VPOS="652" WIDTH="80" HEIGHT="30" WC="0.92" CONTENT="Nådiga"/><SP WIDTH="23" VPOS="652" HPOS="604"/>
							<String ID="string_44" HPOS="627" VPOS="653" WIDTH="154" HEIGHT="28" WC="0.96" CONTENT="Förordningen"/><SP WIDTH="17" VPOS="653" HPOS="781"/>
							<String ID="string_45" HPOS="798" VPOS="652" WIDTH="26" HEIGHT="24" WC="0.96" CONTENT="af"/><SP WIDTH="13" VPOS="652" HPOS="824"/>
							<String ID="string_46" HPOS="837" VPOS="653" WIDTH="39" HEIGHT="22" WC="0.96" CONTENT="den"/><SP WIDTH="14" VPOS="653" HPOS="876"/>
							<String ID="string_47" HPOS="890" VPOS="652" WIDTH="25" HEIGHT="22" WC="0.96" CONTENT="10"/>
						</TextLine>
						<TextLine ID="line_7" HPOS="363" VPOS="688" WIDTH="115" HEIGHT="29">
							<String ID="string_48" HPOS="363" VPOS="688" WIDTH="36" HEIGHT="29" WC="0.93" CONTENT="juli"/><SP WIDTH="15" VPOS="688" HPOS="399"/>
							<String ID="string_49" HPOS="414" VPOS="688" WIDTH="64" HEIGHT="22" WC="0.96" CONTENT="1903."/>
						</TextLine>
					</TextBlock>
				</ComposedBlock>
				<ComposedBlock ID="cblock_2" HPOS="157" VPOS="762" WIDTH="762" HEIGHT="682">
					<TextBlock ID="block_2" HPOS="157" VPOS="762" WIDTH="761" HEIGHT="160">
						<TextLine ID="line_8" HPOS="226" VPOS="762" WIDTH="690" HEIGHT="29">
							<String ID="string_50" HPOS="226" VPOS="764" WIDTH="45" HEIGHT="21" WC="0.96" CONTENT="Vid"/><SP WIDTH="22" VPOS="764" HPOS="271"/>
							<String ID="string_51" HPOS="293" VPOS="764" WIDTH="161" HEIGHT="27" WC="0.95" CONTENT="behandlingen"/><SP WIDTH="19" VPOS="764" HPOS="454"/>
							<String ID="string_52" HPOS="473" VPOS="764" WIDTH="23" HEIGHT="21" WC="0.96" CONTENT="af"/><SP WIDTH="18" VPOS="764" HPOS="496"/>
							<String ID="string_53" HPOS="514" VPOS="764" WIDTH="142" HEIGHT="21" WC="0.96" CONTENT="förevarande"/><SP WIDTH="15" VPOS="764" HPOS="656"/>
							<String ID="string_54" HPOS="671" VPOS="764" WIDTH="143" HEIGHT="27" WC="0.96" CONTENT="proposition,"/><SP WIDTH="16" VPOS="764" HPOS="814"/>
							<String ID="string_55" HPOS="830" VPOS="762" WIDTH="86" HEIGHT="22" WC="0.96" CONTENT="hvilken"/>
						</TextLine>
						<TextLine ID="line_9" HPOS="157" VPOS="797" WIDTH="760" HEIGHT="29">
							<String ID="string_56" HPOS="157" VPOS="798" WIDTH="23" HEIGHT="21" WC="0.96" CONTENT="af"/><SP WIDTH="21" VPOS="798" HPOS="180"/>
							<String ID="string_57" HPOS="201" VPOS="798" WIDTH="101" HEIGHT="28" WC="0.96" CONTENT="samtliga"/><SP WIDTH="22" VPOS="798" HPOS="302"/>
							<String ID="string_58" HPOS="324" VPOS="798" WIDTH="65" HEIGHT="21" WC="0.96" CONTENT="stånd"/><SP WIDTH="22" VPOS="798" HPOS="389"/>
							<String ID="string_59" HPOS="411" VPOS="798" WIDTH="71" HEIGHT="21" WC="0.96" CONTENT="blifvit"/><SP WIDTH="14" VPOS="798" HPOS="482"/>
							<String ID="string_60" HPOS="496" VPOS="798" WIDTH="32" HEIGHT="21" WC="0.93" CONTENT="till"/><SP WIDTH="18" VPOS="798" HPOS="528"/>
							<String ID="string_61" HPOS="546" VPOS="798" WIDTH="169" HEIGHT="21" WC="0.92" CONTENT="Bankutskottet"/><SP WIDTH="15" VPOS="798" HPOS="715"/>
							<String ID="string_62" HPOS="730" VPOS="797" WIDTH="132" HEIGHT="25" WC="0.96" CONTENT="remitterad,"/><SP WIDTH="16" VPOS="797" HPOS="862"/>
							<String ID="string_63" HPOS="878" VPOS="797" WIDTH="39" HEIGHT="21" WC="0.95" CONTENT="har"/>
						</TextLine>
						<TextLine ID="line_10" HPOS="157" VPOS="831" WIDTH="760" HEIGHT="29">
							<String ID="string_64" HPOS="157" VPOS="832" WIDTH="117" HEIGHT="22" WC="0.96" CONTENT="Utskottet"/><SP WIDTH="21" VPOS="832" HPOS="274"/>
							<String ID="string_65" HPOS="295" VPOS="834" WIDTH="56" HEIGHT="26" WC="0.96" CONTENT="tagit"/><SP WIDTH="23" VPOS="834" HPOS="351"/>
							<String ID="string_66" HPOS="374" VPOS="832" WIDTH="36" HEIGHT="22" WC="0.96" CONTENT="del"/><SP WIDTH="21" VPOS="832" HPOS="410"/>
							<String ID="string_67" HPOS="431" VPOS="832" WIDTH="23" HEIGHT="22" WC="0.93" CONTENT="af"/><SP WIDTH="20" VPOS="832" HPOS="454"/>
							<String ID="string_68" HPOS="474" VPOS="832" WIDTH="154" HEIGHT="22" WC="0.91" CONTENT="Direktionens"/><SP WIDTH="18" VPOS="832" HPOS="628"/>
							<String ID="string_69" HPOS="646" VPOS="832" WIDTH="32" HEIGHT="21" WC="0.96" CONTENT="för"/><SP WIDTH="15" VPOS="832" HPOS="678"/>
							<String ID="string_70" HPOS="693" VPOS="832" WIDTH="102" HEIGHT="21" WC="0.96" CONTENT="Finlands"/><SP WIDTH="14" VPOS="832" HPOS="795"/>
							<String ID="string_71" HPOS="809" VPOS="831" WIDTH="63" HEIGHT="21" WC="0.90" CONTENT="Bank"/><SP WIDTH="14" VPOS="831" HPOS="872"/>
							<String ID="string_72" HPOS="886" VPOS="831" WIDTH="31" HEIGHT="21" WC="0.90" CONTENT="äf-"/>
						</TextLine>
						<TextLine ID="line_11" HPOS="157" VPOS="866" WIDTH="761" HEIGHT="28">
							<String ID="string_73" HPOS="157" VPOS="873" WIDTH="90" HEIGHT="14" WC="0.89" CONTENT="vensom"/><SP WIDTH="22" VPOS="873" HPOS="247"/>
							<String ID="string_74" HPOS="269" VPOS="866" WIDTH="208" HEIGHT="28" WC="0.85" CONTENT="Bankfullmäktiges"/><SP WIDTH="21" VPOS="866" HPOS="477"/>
							<String ID="string_75" HPOS="498" VPOS="868" WIDTH="6" HEIGHT="20" WC="0.96" CONTENT="i"/><SP WIDTH="22" VPOS="868" HPOS="504"/>
							<String ID="string_76" HPOS="526" VPOS="873" WIDTH="58" HEIGHT="15" WC="0.96" CONTENT="mars"/><SP WIDTH="24" VPOS="873" HPOS="584"/>
							<String ID="string_77" HPOS="608" VPOS="872" WIDTH="53" HEIGHT="21" WC="0.96" CONTENT="1903"/><SP WIDTH="19" VPOS="872" HPOS="661"/>
							<String ID="string_78" HPOS="680" VPOS="868" WIDTH="6" HEIGHT="20" WC="0.96" CONTENT="i"/><SP WIDTH="18" VPOS="868" HPOS="686"/>
							<String ID="string_79" HPOS="704" VPOS="866" WIDTH="67" HEIGHT="21" WC="0.93" CONTENT="saken"/><SP WIDTH="18" VPOS="866" HPOS="771"/>
							<String ID="string_80" HPOS="789" VPOS="866" WIDTH="80" HEIGHT="27" WC="0.92" CONTENT="afgifna"/><SP WIDTH="15" VPOS="866" HPOS="869"/>
							<String ID="string_81" HPOS="884" VPOS="868" WIDTH="34" HEIGHT="19" WC="0.91" CONTENT="ut-"/>
						</TextLine>
						<TextLine ID="line_12" HPOS="157" VPOS="900" WIDTH="107" HEIGHT="22">
							<String ID="string_82" HPOS="157" VPOS="900" WIDTH="107" HEIGHT="22" WC="0.73" CONTENT="lätanden."/>
						</TextLine>
					</TextBlock>
					<TextBlock ID="block_3" HPOS="157" VPOS="934" WIDTH="762" HEIGHT="510">
						<TextLine ID="line_13" HPOS="226" VPOS="934" WIDTH="691" HEIGHT="28">
							<String ID="string_83" HPOS="226" VPOS="935" WIDTH="115" HEIGHT="26" WC="0.91" CONTENT="Förslaget"/><SP WIDTH="23" VPOS="935" HPOS="341"/>
							<String ID="string_84" HPOS="364" VPOS="936" WIDTH="7" HEIGHT="19" WC="0.95" CONTENT="i"/><SP WIDTH="22" VPOS="936" HPOS="371"/>
							<String ID="string_85" HPOS="393" VPOS="935" WIDTH="43" HEIGHT="20" WC="0.93" CONTENT="den"/><SP WIDTH="22" VPOS="935" HPOS="436"/>
							<String ID="string_86" HPOS="458" VPOS="936" WIDTH="79" HEIGHT="26" WC="0.92" CONTENT="nädiga"/><SP WIDTH="23" VPOS="936" HPOS="537"/>
							<String ID="string_87" HPOS="560" VPOS="936" WIDTH="165" HEIGHT="26" WC="0.96" CONTENT="propositionen"/><SP WIDTH="21" VPOS="936" HPOS="725"/>
							<String ID="string_88" HPOS="746" VPOS="935" WIDTH="89" HEIGHT="20" WC="0.93" CONTENT="innebär"/><SP WIDTH="14" VPOS="935" HPOS="835"/>
							<String ID="string_89" HPOS="849" VPOS="934" WIDTH="68" HEIGHT="21" WC="0.93" CONTENT="sädan"/>
						</TextLine>
						<TextLine ID="line_14" HPOS="157" VPOS="968" WIDTH="760" HEIGHT="29">
							<String ID="string_90" HPOS="157" VPOS="969" WIDTH="91" HEIGHT="27" WC="0.96" CONTENT="ändring"/><SP WIDTH="15" VPOS="969" HPOS="248"/>
							<String ID="string_91" HPOS="263" VPOS="969" WIDTH="24" HEIGHT="21" WC="0.93" CONTENT="af"/><SP WIDTH="20" VPOS="969" HPOS="287"/>
							<String ID="string_92" HPOS="307" VPOS="969" WIDTH="6" HEIGHT="27" WC="0.92" CONTENT="$"/><SP WIDTH="16" VPOS="969" HPOS="313"/>
							<String ID="string_93" HPOS="329" VPOS="975" WIDTH="12" HEIGHT="14" WC="0.96" CONTENT="2"/><SP WIDTH="16" VPOS="975" HPOS="341"/>
							<String ID="string_94" HPOS="357" VPOS="976" WIDTH="65" HEIGHT="14" WC="0.96" CONTENT="mom."/><SP WIDTH="16" VPOS="976" HPOS="422"/>
							<String ID="string_95" HPOS="438" VPOS="969" WIDTH="14" HEIGHT="20" WC="0.89" CONTENT="6"/><SP WIDTH="10" VPOS="969" HPOS="452"/>
							<String ID="string_96" HPOS="462" VPOS="971" WIDTH="7" HEIGHT="19" WC="0.89" CONTENT="i"/><SP WIDTH="10" VPOS="971" HPOS="469"/>
							<String ID="string_97" HPOS="479" VPOS="969" WIDTH="207" HEIGHT="28" WC="0.92" CONTENT="bankreglementet,"/><SP WIDTH="17" VPOS="969" HPOS="686"/>
							<String ID="string_98" HPOS="703" VPOS="969" WIDTH="66" HEIGHT="27" WC="0.93" CONTENT="enligt"/><SP WIDTH="14" VPOS="969" HPOS="769"/>
							<String ID="string_99" HPOS="783" VPOS="969" WIDTH="82" HEIGHT="20" WC="0.93" CONTENT="hvilket"/><SP WIDTH="15" VPOS="969" HPOS="865"/>
							<String ID="string_100" HPOS="880" VPOS="968" WIDTH="37" HEIGHT="21" WC="0.96" CONTENT="vid"/>
						</TextLine>
						<TextLine ID="line_15" HPOS="158" VPOS="1003" WIDTH="759" HEIGHT="28">
							<String ID="string_101" HPOS="158" VPOS="1003" WIDTH="149" HEIGHT="28" WC="0.91" CONTENT="diskontering"/><SP WIDTH="22" VPOS="1003" HPOS="307"/>
							<String ID="string_102" HPOS="329" VPOS="1003" WIDTH="24" HEIGHT="21" WC="0.93" CONTENT="af"/><SP WIDTH="15" VPOS="1003" HPOS="353"/>
							<String ID="string_103" HPOS="368" VPOS="1004" WIDTH="82" HEIGHT="25" WC="0.93" CONTENT="vexlar,"/><SP WIDTH="19" VPOS="1004" HPOS="450"/>
							<String ID="string_104" HPOS="469" VPOS="1004" WIDTH="95" HEIGHT="26" WC="0.92" CONTENT="lydande"/><SP WIDTH="15" VPOS="1004" HPOS="564"/>
							<String ID="string_105" HPOS="579" VPOS="1005" WIDTH="13" HEIGHT="20" WC="0.92" CONTENT="ä"/><SP WIDTH="15" VPOS="1005" HPOS="592"/>
							<String ID="string_106" HPOS="607" VPOS="1003" WIDTH="67" HEIGHT="22" WC="0.96" CONTENT="finska"/><SP WIDTH="15" VPOS="1003" HPOS="674"/>
							<String ID="string_107" HPOS="689" VPOS="1003" WIDTH="66" HEIGHT="26" WC="0.93" CONTENT="mark,"/><SP WIDTH="17" VPOS="1003" HPOS="755"/>
							<String ID="string_108" HPOS="772" VPOS="1006" WIDTH="145" HEIGHT="25" WC="0.91" CONTENT="acceptanten"/>
						</TextLine>
						<TextLine ID="line_16" HPOS="157" VPOS="1037" WIDTH="761" HEIGHT="22">
							<String ID="string_109" HPOS="157" VPOS="1037" WIDTH="40" HEIGHT="22" WC="0.96" CONTENT="bör"/><SP WIDTH="17" VPOS="1037" HPOS="197"/>
							<String ID="string_110" HPOS="214" VPOS="1045" WIDTH="52" HEIGHT="14" WC="0.96" CONTENT="vara"/><SP WIDTH="16" VPOS="1045" HPOS="266"/>
							<String ID="string_111" HPOS="282" VPOS="1038" WIDTH="99" HEIGHT="21" WC="0.96" CONTENT="inhemsk"/><SP WIDTH="15" VPOS="1038" HPOS="381"/>
							<String ID="string_112" HPOS="396" VPOS="1037" WIDTH="59" HEIGHT="22" WC="0.96" CONTENT="firma"/><SP WIDTH="16" VPOS="1037" HPOS="455"/>
							<String ID="string_113" HPOS="471" VPOS="1038" WIDTH="51" HEIGHT="21" WC="0.96" CONTENT="eller"/><SP WIDTH="15" VPOS="1038" HPOS="522"/>
							<String ID="string_114" HPOS="537" VPOS="1039" WIDTH="59" HEIGHT="20" WC="0.96" CONTENT="inom"/><SP WIDTH="14" VPOS="1039" HPOS="596"/>
							<String ID="string_115" HPOS="610" VPOS="1038" WIDTH="74" HEIGHT="21" WC="0.93" CONTENT="landet"/><SP WIDTH="16" VPOS="1038" HPOS="684"/>
							<String ID="string_116" HPOS="700" VPOS="1039" WIDTH="73" HEIGHT="20" WC="0.93" CONTENT="bosatt"/><SP WIDTH="15" VPOS="1039" HPOS="773"/>
							<String ID="string_117" HPOS="788" VPOS="1037" WIDTH="55" HEIGHT="22" WC="0.93" CONTENT="finsk"/><SP WIDTH="14" VPOS="1037" HPOS="843"/>
							<String ID="string_118" HPOS="857" VPOS="1037" WIDTH="61" HEIGHT="21" WC="0.92" CONTENT="med-"/>
						</TextLine>
						<TextLine ID="line_17" HPOS="157" VPOS="1072" WIDTH="759" HEIGHT="28">
							<String ID="string_119" HPOS="157" VPOS="1072" WIDTH="100" HEIGHT="27" WC="0.96" CONTENT="borgare,"/><SP WIDTH="16" VPOS="1072" HPOS="257"/>
							<String ID="string_120" HPOS="273" VPOS="1076" WIDTH="33" HEIGHT="17" WC="0.93" CONTENT="att"/><SP WIDTH="15" VPOS="1076" HPOS="306"/>
							<String ID="string_121" HPOS="321" VPOS="1073" WIDTH="111" HEIGHT="26" WC="0.92" CONTENT="uttrycket"/><SP WIDTH="14" VPOS="1073" HPOS="432"/>
							<String ID="string_122" HPOS="446" VPOS="1073" WIDTH="72" HEIGHT="24" WC="0.33" CONTENT="inom"/><SP WIDTH="15" VPOS="1073" HPOS="518"/>
							<String ID="string_123" HPOS="533" VPOS="1072" WIDTH="74" HEIGHT="21" WC="0.93" CONTENT="landet"/><SP WIDTH="12" VPOS="1072" HPOS="607"/>
							<String ID="string_124" HPOS="619" VPOS="1073" WIDTH="70" HEIGHT="20" WC="0.96" CONTENT="bosatt"/><SP WIDTH="4" VPOS="1073" HPOS="689"/>
							<String ID="string_125" HPOS="693" VPOS="1073" WIDTH="62" HEIGHT="27" WC="0.96" CONTENT="finsk"/><SP WIDTH="9" VPOS="1073" HPOS="755"/>
							<String ID="string_126" HPOS="764" VPOS="1072" WIDTH="152" HEIGHT="27" WC="0.75" CONTENT="medborgare”"/>
						</TextLine>
						<TextLine ID="line_18" HPOS="158" VPOS="1106" WIDTH="760" HEIGHT="28">
							<String ID="string_127" HPOS="158" VPOS="1106" WIDTH="88" HEIGHT="27" WC="0.96" CONTENT="utbytes"/><SP WIDTH="15" VPOS="1106" HPOS="246"/>
							<String ID="string_128" HPOS="261" VPOS="1110" WIDTH="47" HEIGHT="18" WC="0.96" CONTENT="mot"/><SP WIDTH="15" VPOS="1110" HPOS="308"/>
							<String ID="string_129" HPOS="323" VPOS="1107" WIDTH="77" HEIGHT="20" WC="0.93" CONTENT="orden:"/><SP WIDTH="16" VPOS="1107" HPOS="400"/>
							<String ID="string_130" HPOS="416" VPOS="1107" WIDTH="72" HEIGHT="25" WC="0.86" CONTENT=",inom"/><SP WIDTH="15" VPOS="1107" HPOS="488"/>
							<String ID="string_131" HPOS="503" VPOS="1107" WIDTH="73" HEIGHT="21" WC="0.95" CONTENT="landet"/><SP WIDTH="16" VPOS="1107" HPOS="576"/>
							<String ID="string_132" HPOS="592" VPOS="1107" WIDTH="70" HEIGHT="20" WC="0.95" CONTENT="bosatt"/><SP WIDTH="9" VPOS="1107" HPOS="662"/>
							<String ID="string_133" HPOS="671" VPOS="1109" WIDTH="101" HEIGHT="25" WC="0.33" CONTENT="person."/><SP WIDTH="29" VPOS="1109" HPOS="772"/>
							<String ID="string_134" HPOS="801" VPOS="1106" WIDTH="117" HEIGHT="22" WC="0.88" CONTENT="Utskottet"/>
						</TextLine>
						<TextLine ID="line_19" HPOS="158" VPOS="1141" WIDTH="759" HEIGHT="28">
							<String ID="string_135" HPOS="158" VPOS="1141" WIDTH="39" HEIGHT="20" WC="0.96" CONTENT="har"/><SP WIDTH="21" VPOS="1141" HPOS="197"/>
							<String ID="string_136" HPOS="218" VPOS="1141" WIDTH="51" HEIGHT="21" WC="0.95" CONTENT="med"/><SP WIDTH="19" VPOS="1141" HPOS="269"/>
							<String ID="string_137" HPOS="288" VPOS="1141" WIDTH="103" HEIGHT="21" WC="0.93" CONTENT="afseende"/><SP WIDTH="15" VPOS="1141" HPOS="391"/>
							<String ID="string_138" HPOS="406" VPOS="1141" WIDTH="53" HEIGHT="21" WC="0.91" CONTENT="härå"/><SP WIDTH="15" VPOS="1141" HPOS="459"/>
							<String ID="string_139" HPOS="474" VPOS="1142" WIDTH="127" HEIGHT="27" WC="0.96" CONTENT="visserligen"/><SP WIDTH="15" VPOS="1142" HPOS="601"/>
							<String ID="string_140" HPOS="616" VPOS="1141" WIDTH="48" HEIGHT="21" WC="0.96" CONTENT="icke"/><SP WIDTH="14" VPOS="1141" HPOS="664"/>
							<String ID="string_141" HPOS="678" VPOS="1141" WIDTH="81" HEIGHT="22" WC="0.95" CONTENT="kunnat"/><SP WIDTH="15" VPOS="1141" HPOS="759"/>
							<String ID="string_142" HPOS="774" VPOS="1141" WIDTH="73" HEIGHT="27" WC="0.96" CONTENT="undgå"/><SP WIDTH="15" VPOS="1141" HPOS="847"/>
							<String ID="string_143" HPOS="862" VPOS="1143" WIDTH="33" HEIGHT="18" WC="0.96" CONTENT="att"/><SP WIDTH="16" VPOS="1143" HPOS="895"/>
							<String ID="string_144" HPOS="911" VPOS="1141" WIDTH="6" HEIGHT="20" WC="0.96" CONTENT="i"/>
						</TextLine>
						<TextLine ID="line_20" HPOS="157" VPOS="1175" WIDTH="760" HEIGHT="28">
							<String ID="string_145" HPOS="157" VPOS="1175" WIDTH="68" HEIGHT="21" WC="0.96" CONTENT="likhet"/><SP WIDTH="19" VPOS="1175" HPOS="225"/>
							<String ID="string_146" HPOS="244" VPOS="1176" WIDTH="50" HEIGHT="20" WC="0.93" CONTENT="med"/><SP WIDTH="25" VPOS="1176" HPOS="294"/>
							<String ID="string_147" HPOS="319" VPOS="1175" WIDTH="217" HEIGHT="28" WC="0.89" CONTENT="bankförvaltningen"/><SP WIDTH="20" VPOS="1175" HPOS="536"/>
							<String ID="string_148" HPOS="556" VPOS="1175" WIDTH="62" HEIGHT="26" WC="0.95" CONTENT="finna,"/><SP WIDTH="24" VPOS="1175" HPOS="618"/>
							<String ID="string_149" HPOS="642" VPOS="1179" WIDTH="38" HEIGHT="22" WC="0.96" CONTENT="att,"/><SP WIDTH="24" VPOS="1179" HPOS="680"/>
							<String ID="string_150" HPOS="704" VPOS="1176" WIDTH="51" HEIGHT="21" WC="0.93" CONTENT="enär"/><SP WIDTH="19" VPOS="1176" HPOS="755"/>
							<String ID="string_151" HPOS="774" VPOS="1175" WIDTH="143" HEIGHT="27" WC="0.91" CONTENT="utländingar,"/>
						</TextLine>
						<TextLine ID="line_21" HPOS="158" VPOS="1209" WIDTH="761" HEIGHT="28">
							<String ID="string_152" HPOS="158" VPOS="1209" WIDTH="72" HEIGHT="21" WC="0.95" CONTENT="hvilka"/><SP WIDTH="28" VPOS="1209" HPOS="230"/>
							<String ID="string_153" HPOS="258" VPOS="1210" WIDTH="75" HEIGHT="21" WC="0.93" CONTENT="bosatt"/><SP WIDTH="19" VPOS="1210" HPOS="333"/>
							<String ID="string_154" HPOS="352" VPOS="1211" WIDTH="34" HEIGHT="26" WC="0.95" CONTENT="sig"/><SP WIDTH="30" VPOS="1211" HPOS="386"/>
							<String ID="string_155" HPOS="416" VPOS="1211" WIDTH="6" HEIGHT="20" WC="0.95" CONTENT="i"/><SP WIDTH="30" VPOS="1211" HPOS="422"/>
							<String ID="string_156" HPOS="452" VPOS="1210" WIDTH="74" HEIGHT="22" WC="0.95" CONTENT="landet"/><SP WIDTH="25" VPOS="1210" HPOS="526"/>
							<String ID="string_157" HPOS="551" VPOS="1211" WIDTH="42" HEIGHT="20" WC="0.96" CONTENT="och"/><SP WIDTH="25" VPOS="1211" HPOS="593"/>
							<String ID="string_158" HPOS="618" VPOS="1210" WIDTH="38" HEIGHT="21" WC="0.96" CONTENT="här"/><SP WIDTH="25" VPOS="1210" HPOS="656"/>
							<String ID="string_159" HPOS="681" VPOS="1210" WIDTH="51" HEIGHT="21" WC="0.96" CONTENT="idka"/><SP WIDTH="25" VPOS="1210" HPOS="732"/>
							<String ID="string_160" HPOS="757" VPOS="1210" WIDTH="79" HEIGHT="21" WC="0.96" CONTENT="handel"/><SP WIDTH="31" VPOS="1210" HPOS="836"/>
							<String ID="string_161" HPOS="867" VPOS="1209" WIDTH="52" HEIGHT="21" WC="0.86" CONTENT="eller"/>
						</TextLine>
						<TextLine ID="line_22" HPOS="158" VPOS="1243" WIDTH="760" HEIGHT="28">
							<String ID="string_162" HPOS="158" VPOS="1250" WIDTH="70" HEIGHT="14" WC="0.95" CONTENT="annan"/><SP WIDTH="15" VPOS="1250" HPOS="228"/>
							<String ID="string_163" HPOS="243" VPOS="1244" WIDTH="87" HEIGHT="25" WC="0.95" CONTENT="rörelse,"/><SP WIDTH="16" VPOS="1244" HPOS="330"/>
							<String ID="string_164" HPOS="346" VPOS="1246" WIDTH="7" HEIGHT="19" WC="0.96" CONTENT="i"/><SP WIDTH="15" VPOS="1246" HPOS="353"/>
							<String ID="string_165" HPOS="368" VPOS="1244" WIDTH="75" HEIGHT="27" WC="0.96" CONTENT="regeln"/><SP WIDTH="15" VPOS="1244" HPOS="443"/>
							<String ID="string_166" HPOS="458" VPOS="1244" WIDTH="64" HEIGHT="21" WC="0.93" CONTENT="äfven"/><SP WIDTH="15" VPOS="1244" HPOS="522"/>
							<String ID="string_167" HPOS="537" VPOS="1245" WIDTH="118" HEIGHT="21" WC="0.92" CONTENT="förvärfvat"/><SP WIDTH="14" VPOS="1245" HPOS="655"/>
							<String ID="string_168" HPOS="669" VPOS="1245" WIDTH="55" HEIGHT="20" WC="0.92" CONTENT="finsk"/><SP WIDTH="13" VPOS="1245" HPOS="724"/>
							<String ID="string_169" HPOS="737" VPOS="1243" WIDTH="181" HEIGHT="28" WC="0.90" CONTENT="medborgarrätt,"/>
						</TextLine>
						<TextLine ID="line_23" HPOS="158" VPOS="1277" WIDTH="760" HEIGHT="29">
							<String ID="string_170" HPOS="158" VPOS="1277" WIDTH="142" HEIGHT="22" WC="0.95" CONTENT="förevarande"/><SP WIDTH="8" VPOS="1277" HPOS="300"/>
							<String ID="string_171" HPOS="308" VPOS="1278" WIDTH="81" HEIGHT="27" WC="0.95" CONTENT="förslag"/><SP WIDTH="8" VPOS="1278" HPOS="389"/>
							<String ID="string_172" HPOS="397" VPOS="1278" WIDTH="48" HEIGHT="21" WC="0.96" CONTENT="icke"/><SP WIDTH="8" VPOS="1278" HPOS="445"/>
							<String ID="string_173" HPOS="453" VPOS="1285" WIDTH="66" HEIGHT="20" WC="0.96" CONTENT="synes"/><SP WIDTH="8" VPOS="1285" HPOS="519"/>
							<String ID="string_174" HPOS="527" VPOS="1279" WIDTH="102" HEIGHT="21" WC="0.96" CONTENT="innebära"/><SP WIDTH="9" VPOS="1279" HPOS="629"/>
							<String ID="string_175" HPOS="638" VPOS="1282" WIDTH="31" HEIGHT="18" WC="0.93" CONTENT="ett"/><SP WIDTH="8" VPOS="1282" HPOS="669"/>
							<String ID="string_176" HPOS="677" VPOS="1278" WIDTH="161" HEIGHT="28" WC="0.92" CONTENT="önskningsmål"/><SP WIDTH="8" VPOS="1278" HPOS="838"/>
							<String ID="string_177" HPOS="846" VPOS="1278" WIDTH="23" HEIGHT="21" WC="0.96" CONTENT="af"/><SP WIDTH="6" VPOS="1278" HPOS="869"/>
							<String ID="string_178" HPOS="875" VPOS="1278" WIDTH="43" HEIGHT="20" WC="0.96" CONTENT="den"/>
						</TextLine>
						<TextLine ID="line_24" HPOS="157" VPOS="1312" WIDTH="762" HEIGHT="29">
							<String ID="string_179" HPOS="157" VPOS="1312" WIDTH="122" HEIGHT="27" WC="0.95" CONTENT="betydelse,"/><SP WIDTH="23" VPOS="1312" HPOS="279"/>
							<String ID="string_180" HPOS="302" VPOS="1316" WIDTH="32" HEIGHT="18" WC="0.96" CONTENT="att"/><SP WIDTH="20" VPOS="1316" HPOS="334"/>
							<String ID="string_181" HPOS="354" VPOS="1313" WIDTH="122" HEIGHT="21" WC="0.96" CONTENT="detsamma"/><SP WIDTH="20" VPOS="1313" HPOS="476"/>
							<String ID="string_182" HPOS="496" VPOS="1314" WIDTH="68" HEIGHT="20" WC="0.95" CONTENT="borde"/><SP WIDTH="16" VPOS="1314" HPOS="564"/>
							<String ID="string_183" HPOS="580" VPOS="1313" WIDTH="86" HEIGHT="28" WC="0.96" CONTENT="påkalla"/><SP WIDTH="15" VPOS="1313" HPOS="666"/>
							<String ID="string_184" HPOS="681" VPOS="1314" WIDTH="90" HEIGHT="27" WC="0.96" CONTENT="ändring"/><SP WIDTH="16" VPOS="1314" HPOS="771"/>
							<String ID="string_185" HPOS="787" VPOS="1313" WIDTH="22" HEIGHT="21" WC="0.96" CONTENT="af"/><SP WIDTH="14" VPOS="1313" HPOS="809"/>
							<String ID="string_186" HPOS="823" VPOS="1314" WIDTH="6" HEIGHT="19" WC="0.96" CONTENT="i"/><SP WIDTH="16" VPOS="1314" HPOS="829"/>
							<String ID="string_187" HPOS="845" VPOS="1313" WIDTH="74" HEIGHT="20" WC="0.96" CONTENT="ämnet"/>
						</TextLine>
						<TextLine ID="line_25" HPOS="158" VPOS="1347" WIDTH="760" HEIGHT="28">
							<String ID="string_188" HPOS="158" VPOS="1347" WIDTH="100" HEIGHT="27" WC="0.96" CONTENT="gällande"/><SP WIDTH="18" VPOS="1347" HPOS="258"/>
							<String ID="string_189" HPOS="276" VPOS="1347" WIDTH="141" HEIGHT="28" WC="0.93" CONTENT="lagstiftning,"/><SP WIDTH="19" VPOS="1347" HPOS="417"/>
							<String ID="string_190" HPOS="436" VPOS="1348" WIDTH="146" HEIGHT="27" WC="0.91" CONTENT="synnerligast"/><SP WIDTH="17" VPOS="1348" HPOS="582"/>
							<String ID="string_191" HPOS="599" VPOS="1355" WIDTH="48" HEIGHT="14" WC="0.97" CONTENT="som"/><SP WIDTH="15" VPOS="1355" HPOS="647"/>
							<String ID="string_192" HPOS="662" VPOS="1348" WIDTH="38" HEIGHT="21" WC="0.97" CONTENT="det"/><SP WIDTH="14" VPOS="1348" HPOS="700"/>
							<String ID="string_193" HPOS="714" VPOS="1348" WIDTH="48" HEIGHT="21" WC="0.96" CONTENT="icke"/><SP WIDTH="15" VPOS="1348" HPOS="762"/>
							<String ID="string_194" HPOS="777" VPOS="1348" WIDTH="55" HEIGHT="20" WC="0.96" CONTENT="lärer"/><SP WIDTH="14" VPOS="1348" HPOS="832"/>
							<String ID="string_195" HPOS="846" VPOS="1347" WIDTH="72" HEIGHT="21" WC="0.96" CONTENT="kunna"/>
						</TextLine>
						<TextLine ID="line_26" HPOS="158" VPOS="1381" WIDTH="760" HEIGHT="29">
							<String ID="string_196" HPOS="158" VPOS="1381" WIDTH="97" HEIGHT="26" WC="0.91" CONTENT="förbises,"/><SP WIDTH="19" VPOS="1381" HPOS="255"/>
							<String ID="string_197" HPOS="274" VPOS="1386" WIDTH="33" HEIGHT="17" WC="0.96" CONTENT="att"/><SP WIDTH="18" VPOS="1386" HPOS="307"/>
							<String ID="string_198" HPOS="325" VPOS="1383" WIDTH="28" HEIGHT="20" WC="0.96" CONTENT="de"/><SP WIDTH="20" VPOS="1383" HPOS="353"/>
							<String ID="string_199" HPOS="373" VPOS="1389" WIDTH="111" HEIGHT="20" WC="0.96" CONTENT="personer,"/><SP WIDTH="16" VPOS="1389" HPOS="484"/>
							<String ID="string_200" HPOS="500" VPOS="1383" WIDTH="84" HEIGHT="21" WC="0.93" CONTENT="hvilkas"/><SP WIDTH="14" VPOS="1383" HPOS="584"/>
							<String ID="string_201" HPOS="598" VPOS="1382" WIDTH="141" HEIGHT="22" WC="0.91" CONTENT="kreditbehof"/><SP WIDTH="13" VPOS="1382" HPOS="739"/>
							<String ID="string_202" HPOS="752" VPOS="1383" WIDTH="166" HEIGHT="27" WC="0.96" CONTENT="propositionen"/>
						</TextLine>
						<TextLine ID="line_27" HPOS="158" VPOS="1416" WIDTH="761" HEIGHT="28">
							<String ID="string_203" HPOS="158" VPOS="1416" WIDTH="56" HEIGHT="21" WC="0.92" CONTENT="afser"/><SP WIDTH="22" VPOS="1416" HPOS="214"/>
							<String ID="string_204" HPOS="236" VPOS="1419" WIDTH="33" HEIGHT="19" WC="0.96" CONTENT="att"/><SP WIDTH="22" VPOS="1419" HPOS="269"/>
							<String ID="string_205" HPOS="291" VPOS="1417" WIDTH="123" HEIGHT="27" WC="0.96" CONTENT="tillgodose,"/><SP WIDTH="24" VPOS="1417" HPOS="414"/>
							<String ID="string_206" HPOS="438" VPOS="1417" WIDTH="46" HEIGHT="21" WC="0.96" CONTENT="ofta"/><SP WIDTH="24" VPOS="1417" HPOS="484"/>
							<String ID="string_207" HPOS="508" VPOS="1417" WIDTH="37" HEIGHT="21" WC="0.96" CONTENT="äro"/><SP WIDTH="21" VPOS="1417" HPOS="545"/>
							<String ID="string_208" HPOS="566" VPOS="1419" WIDTH="6" HEIGHT="19" WC="0.96" CONTENT="i"/><SP WIDTH="23" VPOS="1419" HPOS="572"/>
							<String ID="string_209" HPOS="595" VPOS="1417" WIDTH="24" HEIGHT="21" WC="0.96" CONTENT="så"/><SP WIDTH="22" VPOS="1417" HPOS="619"/>
							<String ID="string_210" HPOS="641" VPOS="1417" WIDTH="45" HEIGHT="27" WC="0.95" CONTENT="hög"/><SP WIDTH="22" VPOS="1417" HPOS="686"/>
							<String ID="string_211" HPOS="708" VPOS="1417" WIDTH="54" HEIGHT="27" WC="0.95" CONTENT="grad"/><SP WIDTH="19" VPOS="1417" HPOS="762"/>
							<String ID="string_212" HPOS="781" VPOS="1417" WIDTH="86" HEIGHT="27" WC="0.95" CONTENT="rörliga,"/><SP WIDTH="19" VPOS="1417" HPOS="867"/>
							<String ID="string_213" HPOS="886" VPOS="1419" WIDTH="33" HEIGHT="18" WC="0.96" CONTENT="att"/>
						</TextLine>
					</TextBlock>
				</ComposedBlock>
				<ComposedBlock ID="cblock_3" HPOS="227" VPOS="1463" WIDTH="332" HEIGHT="20">
					<TextBlock ID="block_4" HPOS="227" VPOS="1463" WIDTH="332" HEIGHT="20">
						<TextLine ID="line_28" HPOS="227" VPOS="1463" WIDTH="332" HEIGHT="20">
							<String ID="string_214" HPOS="227" VPOS="1463" WIDTH="139" HEIGHT="15" WC="0.90" CONTENT="Bankutskottets"/><SP WIDTH="12" VPOS="1463" HPOS="366"/>
							<String ID="string_215" HPOS="378" VPOS="1463" WIDTH="106" HEIGHT="16" WC="0.95" CONTENT="betänkande"/><SP WIDTH="12" VPOS="1463" HPOS="484"/>
							<String ID="string_216" HPOS="496" VPOS="1463" WIDTH="34" HEIGHT="16" WC="0.94" CONTENT="N:o"/><SP WIDTH="12" VPOS="1463" HPOS="530"/>
							<String ID="string_217" HPOS="542" VPOS="1469" WIDTH="17" HEIGHT="14" WC="0.96" CONTENT="4."/>
						</TextLine>
					</TextBlock>
				</ComposedBlock>
			</PrintSpace>
		</Page>
	</Layout>
</alto>
