1092 1742
69 207 59 18 Brist.
139 208 9 17 i
157 209 44 21 gäll.
220 223 2 2 .

116 238 43 16 rätt.

54 1206 72 17 Jordbr.
134 1213 16 11 o.
158 1208 35 21 öfr.

75 1236 43 16 när.
135 1235 38 18 inb.

62 1262 123 22 förhållande.

213 138 32 38 54
427 144 28 22 U.
470 145 29 22 B.
515 158 27 2 —
558 145 74 29 Prop.
646 146 42 22 N:o
703 146 23 22 5.

284 212 31 21 Ur
328 212 41 22 den
380 213 127 27 föregående
520 214 183 28 framställningen
712 215 61 21 torde
782 215 30 21 till
821 214 52 22 fullo
881 214 90 28 framgå,

214 245 103 22 hurusom
341 247 56 27 gång
419 247 52 22 efter
493 255 70 15 annan
583 249 106 27 klagomål
704 249 125 22 framställts
844 249 60 21 öfver
919 251 51 25 väg-

214 279 223 29 hållningsbesvärets,
447 282 101 22 särskildt
562 283 33 21 för
602 284 158 26 jordbrukaren
772 283 116 27 tryckande
895 284 75 26 börda,

213 314 103 22 hurusom
342 316 120 28 upprepadt
483 317 73 27 yrkats
579 318 27 27 på
629 318 151 21 utsträckande
808 318 23 21 af
848 318 122 27 skyldighe-

211 350 37 19 ten
273 351 32 19 att
325 350 84 28 deltaga
433 352 7 20 i
462 352 122 27 byggandet
609 352 39 22 och
664 352 133 22 underhållet
812 352 23 21 af
848 354 64 25 vägar
928 352 40 22 och

211 382 64 22 broar
290 383 61 22 äfven
367 385 32 21 till
413 386 54 26 dem,
482 386 70 22 hvilka
567 393 29 15 nu
612 388 36 20 äro
665 386 93 22 därifrån
776 386 94 21 befriade
880 386 39 22 och
928 386 39 22 hu-

210 423 74 15 rusom
308 418 31 21 tid
361 418 53 22 efter
436 426 70 16 annan
530 420 169 28 förhoppningar
720 420 86 22 uttalats
823 427 34 15 om
874 422 92 26 tungans

209 450 101 23 framtida
321 452 98 27 jämnare
434 454 125 28 fördelning.

283 486 96 22 Orsaken
399 488 76 26 därtill,
503 491 32 19 att
557 490 97 26 gällande
679 490 132 27 stadganden
837 489 129 21 härutinnan

209 520 46 21 icke
280 527 63 16 anses
366 526 107 18 motsvara
489 524 36 21 det
539 524 93 22 rådande
648 524 211 26 rättsmedvetandet,
875 524 38 21 bör
932 524 33 21 väl

208 554 78 23 främst
306 556 82 22 sökas
381 550 13 40 i
405 558 36 21 det
462 558 138 26 förhållande,
612 561 33 19 att
668 559 144 27 grundsatsen
830 558 8 22 i
858 559 108 21 desamma

209 590 23 20 är
247 590 70 21 direkt
331 590 86 23 hemtad
433 599 25 14 ur
473 594 70 20 rätten
558 593 7 21 i
576 599 26 15 en
613 593 59 21 äldre
683 594 35 26 tid,
732 593 64 21 hvars
813 592 49 22 kraf
874 592 40 22 och
927 593 37 21 all-

208 625 93 20 männna
313 625 99 22 karaktär
422 626 45 22 icke
477 626 69 22 finner
556 628 33 20 sin
601 628 154 26 motsvarighet
765 628 6 20 i
784 627 35 21 det
832 627 134 21 närvarande

208 658 117 22 samhället.
355 660 43 21 Det
412 660 41 22 kan
466 661 25 27 ju
507 661 18 27 ej
542 661 106 26 förnekas,
664 662 36 21 det
715 661 198 27 hufvudprincipen,
933 663 31 19 att

207 692 164 28 väghållningen
387 696 24 19 är
426 696 31 20 ett
468 695 13 21 å
493 695 76 27 jorden
586 695 98 22 hvilande
696 702 60 20 onus,
768 702 38 14 var
819 695 49 22 fullt
878 696 86 20 berätti-

208 726 41 27 gad
264 727 7 21 i
286 733 26 15 en
329 728 35 26 tid,
381 728 26 21 då
421 729 83 21 landets
520 732 64 24 vägar
594 729 88 22 framför
698 730 38 22 allt
750 730 143 26 tillgodosågo
905 730 58 21 kom-

207 761 247 23 munikationsbehofvet
471 763 39 21 hos
523 764 181 26 jordbrukarenes
724 764 166 22 samhällsklass.
912 764 51 21 Lika

207 795 47 22 litet
269 796 40 21 kan
325 797 118 22 emellertid
459 798 110 26 bestridas,
585 801 31 19 att
632 806 32 19 en,
680 799 101 21 särskildt
795 799 68 21 under
878 801 86 19 senaste

207 830 112 22 decennier
338 832 71 21 starkt
427 833 85 26 stegrad
532 833 110 21 intensitet
662 834 56 21 inom
742 833 156 27 näringslifvet,
917 833 46 21 icke

206 870 59 16 mera
287 866 71 21 såsom
374 866 7 21 i
396 866 62 22 forna
480 868 54 21 tider
556 868 112 21 inskränkt
685 868 32 21 till
740 868 101 21 städerna
859 868 6 21 i
885 868 77 25 landet,

206 901 52 19 utan
274 900 92 22 utbredd
381 901 61 21 äfven
458 901 58 22 öfver
534 902 166 27 landsbyggden,
723 903 80 27 jämväl
827 903 27 26 på
879 903 82 21 landets

206 935 65 25 vägar
287 935 72 21 ställer
374 935 123 28 tilltagande
520 936 51 21 kraf.
600 937 70 21 Dessa
686 937 45 21 åter
746 937 50 21 föda
810 937 151 21 motsvarande

206 967 151 28 skyldigheter.
387 970 42 21 Det
451 971 68 21 måste
534 971 60 21 äfven
611 971 111 26 erkännas,
738 974 32 18 att
792 977 26 15 en
838 971 23 21 år
877 971 45 21 från
939 972 25 20 år

205 1001 55 22 ökad
283 1002 128 29 förbättring
433 1005 12 20 å
466 1005 67 21 andra
555 1005 299 21 kommunikationsområden
870 1005 91 22 medfört

204 1036 67 21 behof
284 1036 22 22 af
321 1040 32 19 ett
368 1039 68 20 tätare
456 1041 78 25 vägnät
556 1042 55 19 samt
631 1039 120 22 framkallat
772 1039 125 22 samfärdsel
912 1040 48 21 med

204 1071 40 20 och
259 1071 81 22 rörelse
359 1072 57 21 inom
438 1073 61 21 äfven
517 1073 124 28 aflägsnare,
659 1073 137 22 ekonomiskt
810 1073 50 28 föga
875 1073 86 22 utveck-

204 1105 48 21 lade
267 1105 128 22 landsdelar.
424 1103 70 26 Äfven
510 1108 57 21 detta
583 1108 95 27 påkallar
695 1115 25 14 en
737 1108 153 21 motsvarande
905 1108 55 27 skyl-

203 1139 78 27 dighet.

272 1174 64 22 Hvad
347 1175 90 22 sålunda
447 1175 88 24 anförts,
545 1177 75 21 vinner
631 1177 129 21 bekräftelse
771 1176 61 22 däraf
838 1179 38 24 att,
884 1177 75 21 medan

202 1208 6 19 i
225 1208 59 21 äldre
299 1209 54 21 tider
369 1209 41 22 den
427 1210 64 21 totala
504 1211 157 21 ärsinkomsten
675 1211 11 21 &
696 1211 160 27 landsbyggden
868 1210 91 22 hufvud-

203 1241 103 28 sakligast
324 1245 187 25 representerades
527 1244 22 21 af
562 1245 187 28 årsafkastningen
764 1246 48 21 trån
825 1245 135 27 jordbruket,

201 1276 41 21 den
259 1277 132 22 sistnämnda
407 1285 28 14 nu
452 1280 63 25 utgör
528 1279 55 21 blott
592 1279 44 26 51,9
644 1280 28 27 "/,
689 1279 23 22 af
720 1280 41 21 den
772 1279 62 26 förra,
845 1280 68 21 under
923 1279 35 22 det

199 1313 32 18 att
249 1311 123 22 återstoden
390 1311 92 22 fördelar
499 1313 34 26 sig
549 1313 48 21 med
612 1314 43 25 23,7
664 1314 27 26 %/,
709 1314 28 27 på
752 1313 206 27 inkomstkategorin

201 1345 90 27 »näring
306 1345 40 22 och
361 1346 64 27 yrke»
443 1349 54 19 samt
517 1347 48 21 med
579 1348 79 26 24,4%/,
671 1348 27 27 på
716 1348 113 27 kategorin
847 1347 67 28 »öfrig
929 1347 29 22 in-

198 1375 93 32 komst»,
300 1380 71 21 såsom
379 1380 94 28 framgår
481 1388 26 14 ur
515 1387 26 15 en
550 1381 58 22 detta
617 1381 231 22 utskottsbetänkande
858 1381 101 28 vidfogad

200 1414 106 21 statistisk
321 1415 121 27 utredning.

269 1493 48 23 Lag-
331 1494 32 17 och
376 1494 184 19 Ekonomiutskottets
572 1495 110 18 betänkande
695 1496 35 17 N:o
743 1497 17 16 4.
