1095 1742
87 200 88 19 Rörande
186 202 30 22 fri

92 229 111 19 minimiin-

168 261 11 16 t.

93 820 87 20 Rörande

73 850 87 21 grunden
172 852 31 21 för

92 879 92 20 väghålln.

109 907 57 24 skyld.

228 134 28 20 34
452 137 28 23 U.
496 138 29 21 B.
541 151 27 3 —
584 138 74 28 Prop.
675 138 40 22 N:o
732 138 21 21 5.

295 202 11 22 I
322 206 151 27 sammanhang
488 206 48 22 med
552 206 133 28 spörjsmälet
708 214 34 14 om
761 206 224 28 väghällningsbesvä-

226 239 42 19 rets
284 239 147 22 utsträckande
445 241 30 20 till
491 241 59 21 öfver
560 242 82 20 hufvud
656 244 57 25 taget
727 242 27 20 all
766 241 218 21 kommunalbeskatt-

226 272 52 27 ning
293 273 141 22 underkastad
449 275 93 21 inkomst
558 276 107 27 päpekade
681 276 99 26 komitön,
790 276 101 20 hurusom
907 275 71 28 frägan

225 312 34 14 om
271 306 35 22 det
321 307 98 23 behällna
434 310 176 27 inkomstbelopp,
617 316 46 15 som
679 310 31 21 till
727 310 157 27 förebyggande
902 310 22 20 af
938 310 40 20 den

224 340 105 28 fattig&ste
343 342 140 23 folkklassens
499 344 71 21 alltför
584 344 61 21 svåra
662 344 135 28 betungande
814 344 64 21 borde
893 344 89 27 fritagas-

223 374 47 22 från
294 376 27 20 all
342 377 128 28 delaktighet
485 379 6 20 i
508 379 96 21 besväret
627 379 56 21 olika
705 379 79 21 åsikter
805 379 56 21 inom
885 378 92 22 komiten

222 410 56 27 gjort
293 411 31 27 sig
339 412 103 27 gällande,
457 413 7 21 i
480 413 34 21 det
531 414 130 27 majoriteten
678 414 30 20 uti
724 414 74 20 sädant
813 413 100 21 afseende
929 413 51 21 fast-

222 444 57 22 ställt
300 445 96 28 beloppet
411 447 31 21 till
457 448 41 20 400
514 448 65 27 mark,
595 448 68 20 under
678 448 35 21 det
729 450 29 19 att
773 454 26 14 en
815 448 107 20 minoritet
941 447 35 28 pä-

221 478 63 27 yrkat
299 480 40 21 500
355 481 65 21 mark.
450 482 78 21 Härom
546 482 93 21 vittnade
654 482 62 22 äfven
733 484 76 19 tvänne
825 482 152 21 reservationer

222 513 111 28 vidfogade
350 515 226 23 komitöbetänkandet.
606 516 12 21 I
633 517 40 21 den
693 523 39 15 ena
748 516 108 22 framhölls
872 516 106 26 särskildt,

220 550 31 19 att
265 548 182 30 minimiboloppet
468 551 64 21 borde
555 551 59 27 höjas
635 551 32 20 till
689 552 64 20 minst
775 551 102 26 sistsagda
892 558 82 14 summa

220 582 32 20 för
275 585 29 19 att
327 584 70 26 verka,
412 584 54 22 hvad
490 585 47 21 med
560 585 117 21 detsamma
697 586 78 26 afsetts,
791 587 20 25 ty
829 585 25 27 pä
869 585 68 28 grund
953 584 25 22 af

220 616 286 31 kommunalförfattningens
521 620 130 27 stadganden
668 626 34 14 om
713 620 26 21 de
750 620 141 27 grundsatser,
903 620 71 20 hvilka

220 651 34 21 vid
271 652 96 27 taxering
383 653 65 22 borde
464 654 67 28 följas,
547 654 84 22 komme
654 661 25 15 en
701 654 93 22 skattefri
819 656 62 26 gräns
896 654 21 21 af
933 654 43 21 399

218 686 60 20 mark
294 686 87 22 framför
397 688 36 21 allt
449 691 29 19 att
492 688 82 27 skydda
598 688 52 22 blott
673 690 64 26 ogifta
753 689 96 27 legohjon
867 689 39 21 och
925 688 47 22 med

218 720 48 21 dem
282 721 115 28 jämförligt
412 723 120 26 arbetsfolk,
547 730 48 14 men
612 724 46 20 icke
673 724 39 26 gift
734 724 85 27 tjänare,
842 723 131 27 spannmäls-

217 756 83 26 torpare
322 756 39 21 och
383 757 41 21 den
447 758 34 21 del
504 758 20 20 af
546 758 219 28 landsbefolkningen,
787 764 44 14 som
847 758 48 21 med
911 758 61 21 dessa

217 788 71 22 kunde
305 790 106 22 likställas.

286 824 170 24 Vidkommande
479 826 40 22 den
543 827 76 27 grund,
634 827 66 27 enligt
715 827 86 21 hvilken
817 826 157 28 väghällnings-

216 857 96 23 besväret
327 859 58 22 förut
401 861 87 26 utgjorts
500 862 38 19 och
547 861 112 21 framdeles
674 862 65 20 borde
750 863 90 24 utgöras,
851 861 123 20 framhälles

214 893 6 20 i
233 892 231 24 komitöbetänkandet:
482 903 39 11 >—
536 896 38 20 Att
597 895 101 21 mantalet
715 895 67 21 under
797 895 56 20 tiden
874 895 33 20 för
922 895 48 21 dess

214 926 108 22 äsättande
338 935 37 14 var
390 935 32 21 en,
439 929 67 21 sävidt
521 930 87 27 möjligt,
623 930 63 27 riktig
709 931 79 19 mätare
804 929 31 21 för
851 929 34 21 det
900 929 70 21 därtill

213 961 139 28 uppskattade
374 963 153 27 jordomrädets
549 964 95 27 förmäga
664 966 35 25 att,
716 965 7 20 i
738 963 131 21 förhällande
885 963 31 22 till
932 971 36 14 an-

212 995 38 22 dra
257 997 155 27 jordomräden,
421 998 49 21 bära
481 998 25 21 de
518 999 26 26 pä
555 999 212 26 mantalssättningen
779 997 104 22 beroende
891 998 79 21 skatte-

212 1030 82 26 bördor,
310 1031 55 21 lärer
380 1033 33 20 väl
429 1033 45 20 icke
496 1033 71 20 kunna
591 1033 114 26 bestridas;
729 1039 50 14 men
802 1032 47 21 med
864 1032 43 21 lika
923 1032 45 21 skäl

210 1065 60 21 torde
286 1065 72 22 kunna
375 1066 100 28 betviflas,
491 1069 29 19 att
536 1067 106 26 mantalet,
654 1067 91 21 likasom
761 1067 72 27 hvarje
849 1073 69 14 annan
935 1067 33 20 för

210 1098 148 23 århundraden
382 1101 86 21 tillbaka
490 1104 41 18 satt
554 1101 144 28 skattegrund,
715 1101 42 21 kan
780 1101 37 21 allt
837 1101 131 21 fortfarande

208 1133 99 22 förblifva
323 1141 26 14 en
365 1135 73 21 rättvis
454 1137 78 20 mätare
547 1136 32 20 för
594 1136 185 27 skatteförmägan.
805 1135 161 27 Omständighe-

208 1170 37 24 ter,
262 1168 31 21 till
309 1169 39 21 och
365 1169 46 21 med
428 1169 86 22 alldeles
535 1170 118 21 oberoende
669 1170 21 21 af
705 1171 200 26 hemmansegarens
921 1176 43 14 om-

207 1202 69 25 tanke,
298 1202 69 21 såsom
391 1204 186 27 odlingstillfällen,
592 1205 127 20 förändrade
740 1204 226 21 kommunikationsle-

206 1236 39 21 der
261 1237 39 20 och
315 1237 60 21 däraf
391 1239 169 26 uppkommande
576 1239 150 27 förmänligare
753 1238 187 27 afsättningsorter,
956 1239 7 20 i

205 1271 102 21 närheten
324 1272 131 27 uppstäende
469 1275 66 18 större
550 1273 132 21 industriella
705 1273 158 27 anläggningar,
880 1273 84 21 tillfälle

204 1305 33 20 för
252 1305 183 28 tillgodogörande
451 1307 20 20 af
487 1307 96 28 befintlig
606 1307 134 26 vattenkraft,
756 1307 59 20 däraf
838 1307 72 21 värdet
927 1307 33 21 vid

204 1340 214 27 mantalssättningen
433 1342 19 27 ej
468 1342 62 27 tagits
546 1342 6 20 i
568 1342 143 25 betraktande,
726 1342 65 27 jämte
807 1341 76 27 mänga
895 1341 66 21 andra

203 1375 92 25 orsaker,
311 1375 72 21 kunna
399 1376 5 20 i
421 1376 92 21 tidernas
528 1376 63 27 längd
609 1377 111 26 väsentligt
743 1376 99 20 förändra
857 1377 29 19 ett
901 1376 61 21 hem-

203 1415 60 14 mans
286 1409 94 28 värkliga
404 1410 62 21 värde
489 1411 39 20 och
550 1411 93 27 förmäga
667 1413 31 18 att
719 1411 51 20 bära
792 1410 35 21 det
843 1409 118 22 allmännas

202 1441 82 22 bördor.
314 1443 33 20 En
371 1444 125 21 bekräftelse
512 1445 20 20 af
547 1445 61 20 dessa
629 1447 77 18 satsers
721 1445 92 26 sanning
828 1444 67 27 ligger
909 1445 7 19 i
932 1444 28 21 de

270 1489 48 22 Lag-
331 1489 33 18 och
376 1489 184 19 Ekonomiutskottets
573 1491 110 17 betänkande
696 1491 38 17 N:o
748 1491 17 16 4.
