1095 1742
430 416 97 33 Förslag
544 416 43 25 till
605 415 206 34 kompletterande
829 415 153 26 föreskrifter

361 462 41 25 till
419 461 87 35 nådiga
524 462 170 33 förordningen
712 460 121 35 angående
847 461 135 33 grunderna

362 508 46 26 och
426 508 132 34 ordningen
579 508 38 25 för
637 507 288 34 väghållningsbesvärets
942 509 38 23 ut-

362 554 104 33 görande
484 553 32 36 på
534 554 88 26 landet.

581 624 46 27 18.

295 663 152 22 Guvernören
480 663 142 22 tillkommer
650 665 35 20 att
710 663 129 22 öfvervaka
869 666 113 25 vägarnes

224 697 114 29 behöriga
352 697 123 23 underhåll
489 698 42 21 och
545 698 96 28 vidtaga
652 699 79 20 derför
741 697 155 28 erforderliga
907 698 75 27 åtgär-

224 732 50 21 der.
305 732 117 28 Derjemte
438 733 89 28 åligger
541 732 85 22 honom
637 733 61 20 tillse
713 734 35 19 att
762 732 27 21 de
807 731 176 29 väghållnings-

225 766 109 29 skyldige
349 766 52 22 icke
417 767 156 21 öfverhöfvan
590 767 121 28 betungas.

295 801 110 21 Närmast
422 801 74 21 under
512 801 151 22 Guvernören
678 802 96 21 utöfvas
789 800 113 28 tillsynen
918 800 66 21 öfver

225 834 161 29 vägväsendet
407 835 26 21 af
451 835 163 28 kronofogden
632 835 53 21 med
700 835 92 22 biträde
809 835 26 20 af
848 834 136 21 kronoläns-

226 872 55 17 män
304 869 44 21 och
368 869 52 21 dem
443 869 177 28 underlydande
639 869 203 29 poliskonstaplar,
862 868 98 21 hvarvid
976 868 8 21 i

225 905 81 19 ämnet
327 902 110 29 gällande
457 903 170 29 författningar
646 905 42 20 och
705 903 128 28 behörigen
849 902 135 22 meddelade

227 937 151 21 föreskrifter
396 938 66 21 skola
476 938 71 21 lända
562 938 38 21 till
615 938 163 21 efterrättelse.

583 1002 11 19 2
610 1002 20 26 8.

297 1040 67 21 Inom
389 1040 81 28 hvarje
499 1040 217 29 vägbyggnadslag,
748 1040 41 21 der
816 1040 90 21 kronan
931 1046 54 22 eger

227 1074 156 28 skogsparker
398 1074 57 22 eller
470 1074 72 22 andra
557 1075 98 27 marker,
671 1075 87 27 hvilka,
770 1074 75 29 enligt
858 1077 24 19 14
893 1076 13 25 $
917 1081 67 14 mom.

227 1115 19 14 o.
263 1108 9 21 i
287 1108 87 28 nådiga
389 1108 169 29 förordningen
574 1109 26 21 af
614 1108 44 22 den
869 1110 40 19 190
925 1124 4 12 ,
945 1115 39 14 an-

227 1142 91 28 gäende
333 1143 134 28 grunderna
483 1144 43 20 och
542 1143 130 28 ordningen
687 1144 38 21 för
737 1142 248 29 väghällningsbesvä-

227 1178 48 20 rets
291 1177 131 28 utgörande
438 1178 29 28 pä
482 1178 86 27 landet,
580 1182 39 17 äro
631 1177 110 29 skyldiga
752 1180 35 18 att
797 1177 95 28 deltaga
902 1177 9 21 i
921 1177 65 21 detta

228 1211 90 28 besvär,
342 1211 60 21 skall
423 1212 27 21 af
468 1212 152 21 Guvernören
635 1213 79 28 nägon
732 1212 99 28 lämplig
849 1218 84 22 person
949 1212 37 20 för

228 1245 82 29 längre
330 1245 56 21 eller
404 1246 94 21 kortare
521 1246 33 22 tid
574 1249 62 19 utses
659 1250 35 18 att
709 1247 14 21 å
739 1246 247 22 kommunalstämmor

228 1280 45 21 och
295 1280 41 20 vid
358 1280 74 22 andra
451 1281 117 28 tillfällen,
586 1281 29 21 dä
637 1280 238 30 vägbyggnadslaget
889 1280 97 22 rörande

229 1314 82 28 frägor
325 1314 39 21 till
380 1314 145 29 behandling
540 1315 150 28 förekomma,
706 1316 9 20 i
730 1314 119 30 egenskap
865 1314 28 21 af
901 1314 85 22 ombud

228 1348 92 22 bevaka
336 1348 102 22 kronans
454 1350 26 20 af
494 1350 71 20 saken
581 1350 115 21 beroende
711 1352 49 18 rätt
776 1349 43 21 och
836 1349 71 21 bästa.

585 1414 11 20 3
612 1414 20 25 8.

299 1451 152 29 Väglagning
466 1452 60 21 skall
547 1459 37 14 om
604 1453 72 20 vären
696 1451 141 22 verkställas
858 1451 73 21 innan
948 1454 40 17 vä-

228 1492 47 21 gen
289 1485 86 22 hunnit
390 1487 73 26 torka,
478 1487 37 20 för
527 1486 91 22 hvilket
631 1487 108 21 ändamä!
754 1486 96 28 tjenligt
863 1485 125 28 fyllnings-
