1092 1748
231 127 28 21 36
546 128 43 22 N:o
600 129 14 20 6

200 195 79 23 blifvit
296 203 84 21 genom
395 196 241 29 rågångsförrättning
652 197 54 22 eller
722 197 100 28 egobyte
837 196 120 22 faststälda

201 231 55 21 eller
271 231 66 28 eljest
351 231 125 28 behörigen
492 231 125 28 bestämda,
629 232 54 21 eller
699 231 101 22 befinnes
816 231 106 21 faststäld
933 231 24 21 rå

200 265 51 22 icke
266 265 201 22 öfverensstämma
482 266 52 21 med
550 266 99 28 marken,
661 267 55 20 eller
730 265 153 22 förekommer
893 265 65 28 eljest

201 299 120 22 osäkerhet
337 307 36 14 om
389 300 51 21 dess
455 303 61 18 rätta
531 301 141 28 sträckning;
689 301 29 21 då
733 300 65 28 skall,
814 301 25 20 så
854 300 51 21 vidt
920 299 38 22 det

200 333 35 22 för
257 333 172 22 bestämmande
451 334 25 21 af
498 335 96 21 sålunda
616 337 76 26 öppen
715 335 55 21 eller
791 334 108 29 tvetydig
921 335 36 20 rås

201 368 133 29 sträckning
356 368 118 29 erfordras,
496 369 241 28 rågångsförrättning
759 368 116 29 företagas
890 368 9 21 i
914 368 43 22 den

201 402 104 29 ordning,
326 410 49 14 som
397 403 36 22 för
453 403 65 29 dylik
535 403 139 29 förrättning
689 403 73 22 finnes
778 403 8 21 i
802 403 113 22 157-159
930 404 27 26 88

201 436 156 23 föreskrifven.
388 437 46 22 Till
455 437 169 29 förrättningen
646 438 56 22 böra
721 437 171 22 vederbörande
911 437 46 22 del-

201 479 67 20 egare
290 471 8 22 i
321 473 158 27 angränsande
502 472 120 29 skifteslag
644 473 73 21 kallas
740 473 75 20 såsom
835 472 8 21 i
863 472 27 21 15
905 473 13 26 $
933 474 25 19 är

201 505 74 29 sagdt,
299 509 58 19 samt
375 507 8 21 i
402 507 107 21 afseende
526 507 12 21 å
553 507 142 21 densammas
710 506 165 22 förberedande
890 505 67 23 äfven

200 540 172 22 föreskrifterna
387 542 8 21 i
411 542 26 21 13
453 542 43 22 och
512 542 27 22 14
549 544 27 25 8$
587 542 8 21 i
605 542 139 28 tillämpliga
760 542 63 21 delar
837 541 120 28 iakttagas.

552 605 28 21 95
595 607 19 25 8.

269 638 22 28 Ä
305 644 251 30 förrättningsmännen
572 645 119 22 ankomme
707 648 34 19 att
756 645 75 28 enligt
847 645 44 21 dei
903 644 28 22 94
945 646 12 26 8

200 678 95 30 angifna
310 679 101 29 grunder
426 679 80 29 afgöra
516 688 37 13 om
564 680 240 28 rågångsförrättning
815 680 59 21 skall
885 679 6 21 i
901 686 57 15 sam-

199 713 117 28 manhang
331 713 52 21 med
399 713 80 22 skiftet
494 714 73 21 hållas
583 714 54 21 eller
651 714 56 21 icke.
733 714 13 21 I
761 714 142 21 sistnämnda
917 714 41 21 fall

200 755 53 14 vare
273 748 111 28 delegare,
404 756 48 13 som
468 748 52 21 med
535 748 39 22 det
589 748 124 28 afgörande
728 748 51 22 icke
795 748 70 28 nöjes,
882 748 76 22 obeta-

199 784 41 26 get
263 784 34 19 att
319 782 47 22 deri
386 783 41 21 hos
448 783 226 28 egodelningsrätten
690 784 55 20 söka
761 783 99 28 ändring
875 790 82 20 genom

199 816 88 28 besvär,
311 824 48 14 som
380 816 72 29 jemte
475 817 102 29 skriftlig
595 818 93 28 uppgift
707 818 23 21 af
752 818 135 28 ingeniören
903 818 12 20 å
930 818 28 21 de

200 851 91 28 ombud,
307 852 79 21 hvilka
401 852 69 22 hafva
485 854 35 19 att
534 852 40 22 vid
588 852 170 29 förrättningen
773 852 89 21 bevaka
873 852 38 21 det
919 852 39 21 all-

200 889 95 18 männas
316 889 52 25 rätt,
389 887 64 21 skola
476 889 77 19 senast
575 887 48 22 före
642 887 97 22 klockan
756 886 45 23 tolf
816 887 13 21 å
844 887 45 21 den
904 889 54 19 tret-

199 920 80 22 tionde
294 921 74 28 dagen
384 921 97 22 derefter
497 921 101 29 ingifvas
613 921 37 22 till
665 923 144 26 guvernören
825 921 8 21 i
849 921 61 20 länet
923 920 36 22 för

200 957 34 19 att
250 955 36 21 till
302 958 85 19 rättens
404 956 136 22 ordförande
556 956 151 21 öfversändas.
736 955 36 22 Af
788 955 71 22 sådan
874 956 84 27 klagan

199 990 37 20 må
251 989 252 30 skiftesförrättningen
519 990 19 28 ej
555 990 139 28 uppehållas.

552 1054 27 20 96
595 1055 18 25 8.

268 1092 75 22 Innan
362 1093 181 21 omkretsråerna
562 1093 78 22 blifvit
655 1093 110 28 slutligen
781 1092 124 28 bestämda,
923 1093 36 21 må

199 1126 20 28 ej
237 1126 251 30 skiftesförrättningen
504 1128 124 28 fortsättas,
643 1130 65 19 utom
724 1128 24 21 så
759 1127 51 22 vidt
820 1128 71 27 angår
901 1129 57 19 mät-

199 1161 57 28 ning
273 1161 42 21 och
331 1161 124 29 affattning
471 1162 23 21 af
509 1162 27 21 de
553 1162 111 28 ostridiga
679 1170 91 20 egorna.

233 1264 20 21 3.
283 1264 67 22 Huru
365 1265 82 28 egobyte
461 1265 10 21 i
485 1265 153 29 sammanhang
652 1266 47 20 med
712 1266 53 20 stor-
780 1264 37 22 och
832 1264 93 28 nyskifte

517 1305 122 22 verkställes.

551 1362 27 22 97
595 1364 18 25 8.

268 1401 75 29 Fråga
367 1409 37 14 om
427 1403 99 28 egobyte
546 1403 8 21 i
574 1403 38 21 det
630 1403 106 21 afseende
755 1403 27 20 41
803 1404 13 25 $
831 1402 128 21 innehåller

199 1435 59 22 skall
273 1435 131 30 föredragas
420 1445 13 13 å
449 1437 107 22 särskildt
572 1437 174 28 sammanträde;
768 1437 43 22 och
827 1437 61 28 gälle
903 1437 8 20 i
926 1436 33 21 af-
