1092 1750
250 128 27 21 72
564 128 43 22 N:o
620 128 14 21 6

220 196 67 29 fogas
301 196 99 29 räkning
415 196 64 22 öfver
494 197 42 21 allt
550 197 62 21 hvad
627 199 76 19 rätten
718 196 102 21 tilldömt
835 196 42 27 sig,
894 194 85 22 tillkal-

220 230 39 22 lad
274 231 131 28 sakkunnig
419 231 44 22 och
473 231 216 28 skiftesingeniören
701 231 9 21 i
720 230 130 28 ersättning
859 229 36 22 för
905 229 74 28 skjuts

220 265 45 21 och
280 265 203 28 dagtraktamente.

561 357 43 22 214
619 359 19 26 8.

289 403 49 21 Har
360 403 105 28 delegare
487 405 49 19 mot
555 403 64 21 klara
634 403 50 21 skäl
699 403 103 28 påkallat
818 401 160 29 egodelnings-

220 439 87 19 rättens
323 437 167 22 sammanträde
506 437 54 22 eller
576 437 63 22 detta
653 437 127 22 föranledts
795 436 26 22 af
834 435 145 23 skiftesmän-

220 479 57 13 nens
297 471 138 29 lagstridiga
455 471 43 22 och
512 471 113 29 felaktiga
639 471 143 28 behandling
802 471 23 21 af
847 470 132 22 förrättnin-

220 513 52 20 gen,
289 505 58 22 skall
364 505 128 22 kostnaden
511 505 35 22 för
562 505 178 22 sammanträdet
756 505 86 22 drabba
857 505 44 21 den
917 505 61 28 skyl-

220 539 63 29 dige;
299 540 43 21 och
356 540 46 22 kan
417 540 74 21 denne
506 540 131 22 derutöfver
652 541 94 28 åläggas
762 542 85 19 ersätta
862 540 31 21 all
903 547 74 14 annan

219 574 28 22 af
258 574 86 22 honom
359 575 113 22 förvållad
486 575 98 22 kostnad
600 575 43 22 och
658 575 76 22 skada.

562 667 44 21 215
620 668 19 26 8.

289 712 35 22 Af
337 713 237 29 egodelningsrättens
589 714 78 28 utslag
677 714 59 21 skall
746 713 116 28 exemplar
872 713 52 22 med
938 713 39 28 på-

219 747 112 28 teckning
353 755 38 14 om
412 747 110 29 missnöje
545 751 61 18 emot
625 749 101 27 utslaget
744 748 99 21 anmälts
859 747 54 22 eller
928 747 49 22 icke

220 784 77 19 senast
312 781 63 22 inom
390 782 44 21 den
450 782 41 28 tid,
508 782 28 21 då
554 785 52 26 part
621 790 54 21 eger
689 782 51 22 utfå
754 785 88 18 rättens
862 781 116 29 protokoll

220 815 43 22 och
285 817 84 28 utslag,
390 817 132 28 afgiftsfritt
543 817 120 22 tillsändas
686 817 187 28 länsingeniören
891 816 35 22 för
944 818 34 19 att

219 850 218 29 skiftesingeniören
453 851 121 22 tillställas.

562 944 42 21 216
620 945 18 26 8.

289 988 49 22 Har
352 989 97 22 klander
464 992 60 19 emot
539 989 126 22 verkstäldt
680 989 69 22 skifte
760 988 79 22 blifvit
849 988 24 21 af
887 988 90 29 egodel-

219 1023 146 28 ningsrätten
381 1025 97 27 ogilladt
493 1025 43 21 och
551 1024 80 21 skiftet
646 1024 68 21 äfven
729 1024 9 21 i
748 1023 72 28 öfrigt
830 1023 89 22 funnits
929 1023 48 28 lag-

219 1057 64 28 ligen
298 1057 135 29 beskaffadt,
449 1058 69 22 varde
533 1058 39 21 det
587 1058 25 21 af
625 1058 152 22 ordföranden
793 1059 14 20 &
821 1060 86 19 rättens
923 1060 54 25 väg-

219 1098 42 14 nar
275 1092 110 21 tecknadt
400 1093 13 20 å
427 1093 81 21 kartan
525 1093 42 21 och
583 1091 288 29 delningsbeskrifningen.

560 1184 42 22 217
618 1185 20 26 8.

288 1229 246 29 Egodelningsrättens
550 1231 100 21 dombok
664 1230 42 22 bör
718 1237 84 22 genom
813 1229 163 22 ordförandens

217 1263 93 28 försorg
327 1264 140 22 renskrifvas
485 1267 59 19 samt
558 1265 63 22 inom
637 1265 44 21 den
697 1265 12 20 1
726 1265 96 21 oktober
837 1264 100 29 följande
952 1265 25 20 år

219 1297 37 21 till
278 1298 74 21 länets
374 1299 230 22 landtmäterikontor
626 1299 112 22 inlemnas
761 1301 63 19 emot
841 1299 70 27 bevis,
927 1305 50 15 som

218 1331 65 22 inom
299 1339 28 14 en
341 1333 83 20 månad
440 1333 98 21 derefter
556 1333 23 22 af
597 1333 152 22 ordföranden
764 1333 108 22 insändes
887 1332 37 22 till
939 1340 37 14 ve-

218 1365 143 23 derbörande
375 1367 93 22 hofrätt.

288 1401 88 21 Varder
391 1401 197 29 egodelningsrätt
603 1402 72 21 under
690 1402 70 21 tilltal
772 1402 67 28 stäld,
851 1401 66 22 döme
927 1401 50 22 hof-

218 1436 77 20 rätten
310 1435 109 22 deröfver.
