1095 1745
101 1308 105 19 Valeensus.

232 173 11 18 6
465 173 28 22 U.
511 173 27 22 B.
555 185 28 4 —
597 173 74 28 Prop.
688 173 41 22 N:o
745 173 20 22 1.

231 242 81 29 plägat
344 243 74 30 väljas
446 245 23 21 af
495 245 180 28 prästerskapet,
714 247 35 19 ett
780 244 80 29 längre
896 244 90 29 gående

231 277 105 28 yrkande
365 278 143 23 beträffande
539 279 156 22 skollärarnes
725 279 183 28 representation
935 279 50 22 icke

231 318 57 15 vara
315 312 23 21 af
366 313 159 22 beskaffenhet
553 316 34 19 att
609 314 76 21 allena
703 314 36 21 för
757 313 36 29 sig
811 313 120 22 föranleda
948 313 37 22 till

231 347 78 28 någon
328 347 88 28 åtgärd.
451 348 110 22 Däremot
579 348 72 22 funno
671 348 131 22 Ständerna
820 348 110 29 förslaget
948 355 37 15 om

231 379 89 30 ökning
339 381 24 22 af
380 382 171 22 universitetets
578 385 185 26 representanter
787 390 63 14 mera
867 382 118 29 befogadt.

232 415 184 23 Vidkommande
440 417 83 28 frågan
541 425 37 13 om
597 417 187 21 tillerkännande
804 417 23 21 af
844 420 142 25 representa-

231 449 111 22 tionsrätt
360 450 8 21 i
385 451 176 22 Prästeståndet
576 452 25 21 åt
619 452 62 21 vissa
698 452 140 28 tjänstemän
856 452 29 28 på
898 451 86 27 landet,

231 483 64 23 höllo
320 484 130 24 Ständerna
470 486 47 22 före
543 488 34 20 att
601 486 76 22 denna
695 486 65 28 fråga
778 486 52 22 icke
848 486 78 22 kunde
943 492 42 15 un-

232 518 138 30 danskjutas
387 520 8 22 i
413 520 109 22 händelse
535 520 116 22 valrätten
664 520 8 22 i
684 520 176 22 Bondeståndet
871 520 114 22 utsträck-

231 555 36 19 tes
285 554 8 20 i
311 554 90 29 princip
420 555 37 21 till
475 555 246 22 landskommunernas
745 554 148 22 medlemmar
911 554 74 22 öfver-

232 587 95 22 hufvud.
364 588 186 23 Prästeständets
563 590 135 22 nuvarande
710 590 210 28 sammansättning
932 596 53 21 syn-

231 624 36 19 tes
293 622 52 22 icke
372 623 72 22 heller
470 624 102 22 utesluta
584 618 11 40 :
599 624 151 29 möjligheten
779 626 33 20 att
836 624 52 21 med
912 623 73 29 sagda

231 657 69 21 stånd
326 658 136 29 ytterligare
488 658 119 22 införlifva
633 666 29 14 en
690 659 55 21 eller
770 666 76 14 annan
869 665 73 21 grupp
961 658 24 21 af

231 691 152 29 medborgare
401 693 51 21 med
471 692 135 23 akademisk
623 693 115 29 bildning.

300 726 11 21 I
330 726 44 22 den
393 728 104 28 petition,
516 735 47 14 som
583 728 7 21 i
609 728 127 28 anledning
753 727 24 21 af
793 726 134 23 förberörda
939 727 46 21 för-

231 760 52 28 slag
307 768 35 14 om
368 761 123 29 ändringar
509 762 8 22 i
537 762 28 21 de
584 762 83 22 ofrälse
691 762 109 22 ståndens
826 763 158 20 sammansätt-

230 795 59 28 ning
307 802 31 14 nu
356 796 74 28 afläts,
449 796 92 22 anhöllo
561 796 138 30 Ständerna,
715 796 77 22 såvidt
804 796 69 22 ofvan
887 795 98 22 berörda

231 829 64 21 delar
314 830 23 21 af
355 830 82 29 frågan
456 832 91 27 angick,
567 834 34 19 att
619 830 266 30 Landtdagsordningen
912 831 72 21 måtte

230 864 140 28 förtydligas
389 864 42 22 och
449 866 120 21 utvecklas
589 866 7 21 i
614 866 61 28 syfte
693 868 36 19 att
747 865 159 28 otydligheten
920 865 23 21 af
955 864 29 21 de

229 898 36 21 uti
287 899 56 26 118
361 899 26 21 L.
407 899 23 21 O.
450 900 187 21 förekommande
665 900 71 21 orden
761 899 100 29 stiftets
880 899 51 21 med
949 906 36 14 or-

230 932 89 22 dinarie
341 933 88 22 embete
448 934 56 21 eller
522 935 74 28 tjänst
613 934 108 22 försedda
738 933 129 30 prestmän*
888 933 42 22 och
949 933 35 21 uti

230 967 141 28 stadgandet
389 968 8 21 i
418 969 28 20 12
466 970 13 25 $
498 969 120 29 angäende
645 969 28 22 de
701 968 147 22 medlemmar
867 968 23 21 af
911 967 73 22 stads-

229 1001 147 28 kommunen,
403 1002 81 23 hvilka
511 1007 38 18 äro
577 1004 51 21 frän
655 1003 87 22 valrätt
765 1003 125 28 uteslutna,
908 1002 75 21 blefve

229 1035 146 30 undanröjda
394 1040 59 19 samt
470 1040 35 19 att
523 1037 87 22 sädana
627 1045 102 22 grupper
748 1037 23 22 af
788 1037 91 22 landets
896 1036 88 22 befolk-

229 1071 65 28 ning,
321 1078 48 15 som
394 1071 50 22 icke
471 1076 39 18 äro
529 1073 8 20 i
555 1073 214 29 representationen
796 1071 138 27 företrädda,
958 1071 26 20 sä

229 1105 52 21 vidt
307 1106 93 28 möjligt
423 1106 74 22 skulle
521 1107 88 22 erhälla
627 1110 47 19 rätt
693 1110 35 18 att
746 1106 94 28 deltaga
858 1106 7 21 i
884 1106 38 21 val
941 1104 42 22 och

229 1140 75 28 väljas
322 1140 37 22 till
378 1140 185 30 landtdagsman.

298 1278 54 21 Med
379 1279 150 29 tillämpoing
553 1279 23 21 af
603 1278 153 29 grundsatsen
785 1280 35 20 att
846 1277 138 29 rättigheter

229 1311 44 22 och
294 1312 159 29 skyldigheter
473 1316 48 19 mot
539 1313 122 22 samhället
679 1313 97 28 betinga
792 1311 132 22 hvarandra
936 1311 48 22 del-

228 1347 56 27 togo
303 1347 9 20 i
330 1346 64 22 äldre
412 1347 60 22 tider
489 1347 36 22 uti
538 1347 119 22 städernas
671 1347 145 28 förvaltning
834 1347 70 28 jämte
916 1346 68 28 borg-

227 1383 101 20 mästare
347 1381 43 22 och
408 1381 42 22 räd
463 1384 184 26 representanter
659 1381 36 22 för
707 1381 173 29 borgerskapet,
894 1380 91 21 hvilket

227 1414 87 29 jämväl
341 1415 54 29 äläg
420 1419 36 18 att
478 1415 103 23 bestrida
603 1416 128 28 utgifterna
749 1416 36 21 för
802 1415 181 28 förvaltningen.

225 1449 13 21 I
257 1450 117 29 egenskap
402 1451 24 21 af
454 1451 43 21 den
521 1450 184 29 skattdragande
733 1450 68 21 delen
819 1449 24 22 af
863 1449 121 22 städernas

226 1483 140 30 befolkning
385 1486 83 28 ansägs
487 1485 178 28 borgerskapets
683 1484 150 23 medlemmar
846 1483 68 22 äfven
928 1483 56 22 böra

296 1527 218 24 Grundlagsutskottets
527 1529 120 17 betänkande
660 1528 37 18 N:o
710 1530 15 15 1.
