<?xml version="1.0" encoding="UTF-8"?>
<alto xmlns="http://www.loc.gov/standards/alto/ns-v3#" xmlns:xlink="http://www.w3.org/1999/xlink" xmlns:xsi="http://www.w3.org/2001/XMLSchema-instance" xsi:schemaLocation="http://www.loc.gov/standards/alto/ns-v3# http://www.loc.gov/alto/v3/alto-3-0.xsd">
	<Description>
		<MeasurementUnit>pixel</MeasurementUnit>
		<sourceImageInformation>
			<fileName>/tmp/tess_tlo62p_x_input.PNG</fileName>
		</sourceImageInformation>
		<OCRProcessing ID="OCR_0">
			<ocrProcessingStep>
				<processingSoftware>
					<softwareName>tesseract 5.3.4</softwareName>
				</processingSoftware>
			</ocrProcessingStep>
		</OCRProcessing>
	</Description>
	<Layout>
		<Page WIDTH="1095" HEIGHT="1745" PHYSICAL_IMG_NR="0" ID="page_0">
			<PrintSpace HPOS="0" VPOS="0" WIDTH="1095" HEIGHT="1745">
				<ComposedBlock ID="cblock_0" HPOS="236" VPOS="159" WIDTH="524" HEIGHT="29">
					<TextBlock ID="block_0" HPOS="236" VPOS="159" WIDTH="524" HEIGHT="29">
						<TextLine ID="line_0" HPOS="236" VPOS="159" WIDTH="524" HEIGHT="29">
							<String ID="string_0" HPOS="236" VPOS="161" WIDTH="27" HEIGHT="20" WC="0.96" CONTENT="26"/><SP WIDTH="200" VPOS="161" HPOS="263"/>
							<String ID="string_1" HPOS="463" VPOS="159" WIDTH="27" HEIGHT="23" WC="0.88" CONTENT="U."/><SP WIDTH="17" VPOS="159" HPOS="490"/>
							<String ID="string_2" HPOS="507" VPOS="159" WIDTH="27" HEIGHT="22" WC="0.91" CONTENT="B."/><SP WIDTH="17" VPOS="159" HPOS="534"/>
							<String ID="string_3" HPOS="551" VPOS="172" WIDTH="25" HEIGHT="3" WC="0.91" CONTENT="—"/><SP WIDTH="17" VPOS="172" HPOS="576"/>
							<String ID="string_4" HPOS="593" VPOS="159" WIDTH="74" HEIGHT="29" WC="0.96" CONTENT="Prop."/><SP WIDTH="16" VPOS="159" HPOS="667"/>
							<String ID="string_5" HPOS="683" VPOS="160" WIDTH="41" HEIGHT="22" WC="0.95" CONTENT="N:o"/><SP WIDTH="17" VPOS="160" HPOS="724"/>
							<String ID="string_6" HPOS="741" VPOS="159" WIDTH="19" HEIGHT="22" WC="0.95" CONTENT="1."/>
						</TextLine>
					</TextBlock>
				</ComposedBlock>
				<ComposedBlock ID="cblock_1" HPOS="237" VPOS="230" WIDTH="755" HEIGHT="1271">
					<TextBlock ID="block_1" HPOS="237" VPOS="230" WIDTH="755" HEIGHT="996">
						<TextLine ID="line_1" HPOS="305" VPOS="230" WIDTH="687" HEIGHT="29">
							<String ID="string_7" HPOS="305" VPOS="231" WIDTH="116" HEIGHT="22" WC="0.89" CONTENT="Behofvet"/><SP WIDTH="19" VPOS="231" HPOS="421"/>
							<String ID="string_8" HPOS="440" VPOS="233" WIDTH="34" HEIGHT="20" WC="0.96" CONTENT="att"/><SP WIDTH="18" VPOS="233" HPOS="474"/>
							<String ID="string_9" HPOS="492" VPOS="232" WIDTH="8" HEIGHT="21" WC="0.93" CONTENT="i"/><SP WIDTH="19" VPOS="232" HPOS="500"/>
							<String ID="string_10" HPOS="519" VPOS="231" WIDTH="264" HEIGHT="28" WC="0.92" CONTENT="folkrepresentationen"/><SP WIDTH="20" VPOS="231" HPOS="783"/>
							<String ID="string_11" HPOS="803" VPOS="239" WIDTH="23" HEIGHT="14" WC="0.96" CONTENT="se"/><SP WIDTH="18" VPOS="239" HPOS="826"/>
							<String ID="string_12" HPOS="844" VPOS="233" WIDTH="35" HEIGHT="20" WC="0.95" CONTENT="ett"/><SP WIDTH="17" VPOS="233" HPOS="879"/>
							<String ID="string_13" HPOS="896" VPOS="230" WIDTH="96" HEIGHT="29" WC="0.96" CONTENT="uttryck"/>
						</TextLine>
						<TextLine ID="line_2" HPOS="237" VPOS="265" WIDTH="755" HEIGHT="30">
							<String ID="string_14" HPOS="237" VPOS="265" WIDTH="36" HEIGHT="22" WC="0.95" CONTENT="för"/><SP WIDTH="28" VPOS="265" HPOS="273"/>
							<String ID="string_15" HPOS="301" VPOS="273" WIDTH="28" HEIGHT="14" WC="0.93" CONTENT="en"/><SP WIDTH="27" VPOS="273" HPOS="329"/>
							<String ID="string_16" HPOS="356" VPOS="265" WIDTH="120" HEIGHT="30" WC="0.91" CONTENT="möjligast"/><SP WIDTH="27" VPOS="265" HPOS="476"/>
							<String ID="string_17" HPOS="503" VPOS="268" WIDTH="49" HEIGHT="19" WC="0.96" CONTENT="stor"/><SP WIDTH="26" VPOS="268" HPOS="552"/>
							<String ID="string_18" HPOS="578" VPOS="265" WIDTH="37" HEIGHT="22" WC="0.95" CONTENT="del"/><SP WIDTH="28" VPOS="265" HPOS="615"/>
							<String ID="string_19" HPOS="643" VPOS="266" WIDTH="24" HEIGHT="21" WC="0.96" CONTENT="af"/><SP WIDTH="17" VPOS="266" HPOS="667"/>
							<String ID="string_20" HPOS="684" VPOS="265" WIDTH="117" HEIGHT="28" WC="0.96" CONTENT="nationen,"/><SP WIDTH="20" VPOS="265" HPOS="801"/>
							<String ID="string_21" HPOS="821" VPOS="273" WIDTH="47" HEIGHT="14" WC="0.92" CONTENT="som"/><SP WIDTH="19" VPOS="273" HPOS="868"/>
							<String ID="string_22" HPOS="887" VPOS="265" WIDTH="49" HEIGHT="22" WC="0.92" CONTENT="ledt"/><SP WIDTH="19" VPOS="265" HPOS="936"/>
							<String ID="string_23" HPOS="955" VPOS="265" WIDTH="37" HEIGHT="22" WC="0.96" CONTENT="till"/>
						</TextLine>
						<TextLine ID="line_3" HPOS="237" VPOS="299" WIDTH="754" HEIGHT="30">
							<String ID="string_24" HPOS="237" VPOS="300" WIDTH="45" HEIGHT="21" WC="0.96" CONTENT="den"/><SP WIDTH="27" VPOS="300" HPOS="282"/>
							<String ID="string_25" HPOS="309" VPOS="300" WIDTH="111" HEIGHT="29" WC="0.93" CONTENT="politiska"/><SP WIDTH="27" VPOS="300" HPOS="420"/>
							<String ID="string_26" HPOS="447" VPOS="302" WIDTH="137" HEIGHT="20" WC="0.91" CONTENT="rösträttens"/><SP WIDTH="24" VPOS="302" HPOS="584"/>
							<String ID="string_27" HPOS="608" VPOS="300" WIDTH="164" HEIGHT="29" WC="0.95" CONTENT="utsträckning"/><SP WIDTH="24" VPOS="300" HPOS="772"/>
							<String ID="string_28" HPOS="796" VPOS="300" WIDTH="37" HEIGHT="21" WC="0.95" CONTENT="till"/><SP WIDTH="18" VPOS="300" HPOS="833"/>
							<String ID="string_29" HPOS="851" VPOS="300" WIDTH="44" HEIGHT="22" WC="0.95" CONTENT="allt"/><SP WIDTH="17" VPOS="300" HPOS="895"/>
							<String ID="string_30" HPOS="912" VPOS="299" WIDTH="79" HEIGHT="22" WC="0.95" CONTENT="vidare"/>
						</TextLine>
						<TextLine ID="line_4" HPOS="237" VPOS="334" WIDTH="755" HEIGHT="29">
							<String ID="string_31" HPOS="237" VPOS="335" WIDTH="72" HEIGHT="28" WC="0.96" CONTENT="lager,"/><SP WIDTH="24" VPOS="335" HPOS="309"/>
							<String ID="string_32" HPOS="333" VPOS="335" WIDTH="43" HEIGHT="22" WC="0.96" CONTENT="har"/><SP WIDTH="23" VPOS="335" HPOS="376"/>
							<String ID="string_33" HPOS="399" VPOS="335" WIDTH="43" HEIGHT="22" WC="0.96" CONTENT="ock"/><SP WIDTH="20" VPOS="335" HPOS="442"/>
							<String ID="string_34" HPOS="462" VPOS="335" WIDTH="84" HEIGHT="28" WC="0.96" CONTENT="skapat"/><SP WIDTH="17" VPOS="335" HPOS="546"/>
							<String ID="string_35" HPOS="563" VPOS="335" WIDTH="103" HEIGHT="21" WC="0.96" CONTENT="insikten"/><SP WIDTH="19" VPOS="335" HPOS="666"/>
							<String ID="string_36" HPOS="685" VPOS="343" WIDTH="35" HEIGHT="13" WC="0.96" CONTENT="om"/><SP WIDTH="19" VPOS="343" HPOS="720"/>
							<String ID="string_37" HPOS="739" VPOS="336" WIDTH="35" HEIGHT="20" WC="0.96" CONTENT="att"/><SP WIDTH="19" VPOS="336" HPOS="774"/>
							<String ID="string_38" HPOS="793" VPOS="335" WIDTH="45" HEIGHT="22" WC="0.92" CONTENT="alla"/><SP WIDTH="19" VPOS="335" HPOS="838"/>
							<String ID="string_39" HPOS="857" VPOS="334" WIDTH="135" HEIGHT="23" WC="0.90" CONTENT="valberätti-"/>
						</TextLine>
						<TextLine ID="line_5" HPOS="238" VPOS="369" WIDTH="753" HEIGHT="30">
							<String ID="string_40" HPOS="238" VPOS="369" WIDTH="60" HEIGHT="29" WC="0.92" CONTENT="gade"/><SP WIDTH="26" VPOS="369" HPOS="298"/>
							<String ID="string_41" HPOS="324" VPOS="369" WIDTH="58" HEIGHT="22" WC="0.96" CONTENT="böra"/><SP WIDTH="26" VPOS="369" HPOS="382"/>
							<String ID="string_42" HPOS="408" VPOS="370" WIDTH="92" HEIGHT="29" WC="0.96" CONTENT="åtnjuta"/><SP WIDTH="18" VPOS="370" HPOS="500"/>
							<String ID="string_43" HPOS="518" VPOS="369" WIDTH="49" HEIGHT="22" WC="0.96" CONTENT="lika"/><SP WIDTH="18" VPOS="369" HPOS="567"/>
							<String ID="string_44" HPOS="585" VPOS="371" WIDTH="102" HEIGHT="20" WC="0.95" CONTENT="rösträtt."/><SP WIDTH="37" VPOS="371" HPOS="687"/>
							<String ID="string_45" HPOS="724" VPOS="369" WIDTH="42" HEIGHT="22" WC="0.94" CONTENT="Om"/><SP WIDTH="19" VPOS="369" HPOS="766"/>
							<String ID="string_46" HPOS="785" VPOS="369" WIDTH="68" HEIGHT="22" WC="0.93" CONTENT="äfven"/><SP WIDTH="18" VPOS="369" HPOS="853"/>
							<String ID="string_47" HPOS="871" VPOS="369" WIDTH="120" HEIGHT="22" WC="0.92" CONTENT="förutsätt-"/>
						</TextLine>
						<TextLine ID="line_6" HPOS="237" VPOS="403" WIDTH="752" HEIGHT="29">
							<String ID="string_48" HPOS="237" VPOS="404" WIDTH="116" HEIGHT="28" WC="0.96" CONTENT="ningarna"/><SP WIDTH="27" VPOS="404" HPOS="353"/>
							<String ID="string_49" HPOS="380" VPOS="404" WIDTH="34" HEIGHT="22" WC="0.96" CONTENT="för"/><SP WIDTH="24" VPOS="404" HPOS="414"/>
							<String ID="string_50" HPOS="438" VPOS="406" WIDTH="34" HEIGHT="20" WC="0.95" CONTENT="att"/><SP WIDTH="18" VPOS="406" HPOS="472"/>
							<String ID="string_51" HPOS="490" VPOS="404" WIDTH="7" HEIGHT="21" WC="0.96" CONTENT="i"/><SP WIDTH="19" VPOS="404" HPOS="497"/>
							<String ID="string_52" HPOS="516" VPOS="403" WIDTH="133" HEIGHT="22" WC="0.95" CONTENT="samhällets"/><SP WIDTH="19" VPOS="403" HPOS="649"/>
							<String ID="string_53" HPOS="668" VPOS="404" WIDTH="96" HEIGHT="21" WC="0.93" CONTENT="intresse"/><SP WIDTH="19" VPOS="404" HPOS="764"/>
							<String ID="string_54" HPOS="783" VPOS="404" WIDTH="81" HEIGHT="22" WC="0.88" CONTENT="utöfva"/><SP WIDTH="19" VPOS="404" HPOS="864"/>
							<String ID="string_55" HPOS="883" VPOS="403" WIDTH="106" HEIGHT="29" WC="0.92" CONTENT="befogen-"/>
						</TextLine>
						<TextLine ID="line_7" HPOS="237" VPOS="438" WIDTH="755" HEIGHT="29">
							<String ID="string_56" HPOS="237" VPOS="438" WIDTH="71" HEIGHT="22" WC="0.96" CONTENT="heten"/><SP WIDTH="18" VPOS="438" HPOS="308"/>
							<String ID="string_57" HPOS="326" VPOS="440" WIDTH="37" HEIGHT="20" WC="0.92" CONTENT="att"/><SP WIDTH="17" VPOS="440" HPOS="363"/>
							<String ID="string_58" HPOS="380" VPOS="438" WIDTH="126" HEIGHT="22" WC="0.92" CONTENT="medvärka"/><SP WIDTH="18" VPOS="438" HPOS="506"/>
							<String ID="string_59" HPOS="524" VPOS="438" WIDTH="37" HEIGHT="22" WC="0.96" CONTENT="till"/><SP WIDTH="19" VPOS="438" HPOS="561"/>
							<String ID="string_60" HPOS="580" VPOS="438" WIDTH="236" HEIGHT="29" WC="0.96" CONTENT="sammansättningen"/><SP WIDTH="21" VPOS="438" HPOS="816"/>
							<String ID="string_61" HPOS="837" VPOS="438" WIDTH="24" HEIGHT="22" WC="0.93" CONTENT="af"/><SP WIDTH="14" VPOS="438" HPOS="861"/>
							<String ID="string_62" HPOS="875" VPOS="445" WIDTH="117" HEIGHT="22" WC="0.91" CONTENT="represen-"/>
						</TextLine>
						<TextLine ID="line_8" HPOS="237" VPOS="472" WIDTH="754" HEIGHT="29">
							<String ID="string_63" HPOS="237" VPOS="472" WIDTH="107" HEIGHT="22" WC="0.92" CONTENT="tationen"/><SP WIDTH="27" VPOS="472" HPOS="344"/>
							<String ID="string_64" HPOS="371" VPOS="473" WIDTH="51" HEIGHT="21" WC="0.96" CONTENT="icke"/><SP WIDTH="26" VPOS="473" HPOS="422"/>
							<String ID="string_65" HPOS="448" VPOS="473" WIDTH="42" HEIGHT="21" WC="0.96" CONTENT="hos"/><SP WIDTH="28" VPOS="473" HPOS="490"/>
							<String ID="string_66" HPOS="518" VPOS="473" WIDTH="46" HEIGHT="21" WC="0.92" CONTENT="alla"/><SP WIDTH="26" VPOS="473" HPOS="564"/>
							<String ID="string_67" HPOS="590" VPOS="472" WIDTH="124" HEIGHT="22" WC="0.91" CONTENT="förefinnas"/><SP WIDTH="21" VPOS="472" HPOS="714"/>
							<String ID="string_68" HPOS="735" VPOS="473" WIDTH="8" HEIGHT="21" WC="0.96" CONTENT="i"/><SP WIDTH="19" VPOS="473" HPOS="743"/>
							<String ID="string_69" HPOS="762" VPOS="480" WIDTH="86" HEIGHT="14" WC="0.96" CONTENT="samma"/><SP WIDTH="17" VPOS="480" HPOS="848"/>
							<String ID="string_70" HPOS="865" VPOS="472" WIDTH="66" HEIGHT="29" WC="0.96" CONTENT="grad,"/><SP WIDTH="17" VPOS="472" HPOS="931"/>
							<String ID="string_71" HPOS="948" VPOS="476" WIDTH="43" HEIGHT="24" WC="0.96" CONTENT="gör"/>
						</TextLine>
						<TextLine ID="line_9" HPOS="238" VPOS="506" WIDTH="752" HEIGHT="30">
							<String ID="string_72" HPOS="238" VPOS="508" WIDTH="37" HEIGHT="28" WC="0.96" CONTENT="sig"/><SP WIDTH="26" VPOS="508" HPOS="275"/>
							<String ID="string_73" HPOS="301" VPOS="507" WIDTH="147" HEIGHT="29" WC="0.96" CONTENT="svårigheten"/><SP WIDTH="28" VPOS="507" HPOS="448"/>
							<String ID="string_74" HPOS="476" VPOS="509" WIDTH="35" HEIGHT="20" WC="0.96" CONTENT="att"/><SP WIDTH="26" VPOS="509" HPOS="511"/>
							<String ID="string_75" HPOS="537" VPOS="507" WIDTH="65" HEIGHT="21" WC="0.96" CONTENT="finna"/><SP WIDTH="27" VPOS="507" HPOS="602"/>
							<String ID="string_76" HPOS="629" VPOS="515" WIDTH="27" HEIGHT="13" WC="0.96" CONTENT="en"/><SP WIDTH="27" VPOS="515" HPOS="656"/>
							<String ID="string_77" HPOS="683" VPOS="507" WIDTH="76" HEIGHT="29" WC="0.95" CONTENT="grund"/><SP WIDTH="19" VPOS="507" HPOS="759"/>
							<String ID="string_78" HPOS="778" VPOS="508" WIDTH="35" HEIGHT="21" WC="0.96" CONTENT="för"/><SP WIDTH="18" VPOS="508" HPOS="813"/>
							<String ID="string_79" HPOS="831" VPOS="515" WIDTH="28" HEIGHT="14" WC="0.97" CONTENT="en"/><SP WIDTH="18" VPOS="515" HPOS="859"/>
							<String ID="string_80" HPOS="877" VPOS="506" WIDTH="113" HEIGHT="30" WC="0.96" CONTENT="graderad"/>
						</TextLine>
						<TextLine ID="line_10" HPOS="237" VPOS="542" WIDTH="754" HEIGHT="28">
							<String ID="string_81" HPOS="237" VPOS="544" WIDTH="103" HEIGHT="26" WC="0.95" CONTENT="rösträtt,"/><SP WIDTH="19" VPOS="544" HPOS="340"/>
							<String ID="string_82" HPOS="359" VPOS="550" WIDTH="47" HEIGHT="14" WC="0.95" CONTENT="som"/><SP WIDTH="20" VPOS="550" HPOS="406"/>
							<String ID="string_83" HPOS="426" VPOS="542" WIDTH="121" HEIGHT="28" WC="0.96" CONTENT="värkligen"/><SP WIDTH="19" VPOS="542" HPOS="547"/>
							<String ID="string_84" HPOS="566" VPOS="542" WIDTH="74" HEIGHT="21" WC="0.96" CONTENT="skulle"/><SP WIDTH="18" VPOS="542" HPOS="640"/>
							<String ID="string_85" HPOS="658" VPOS="542" WIDTH="65" HEIGHT="28" WC="0.96" CONTENT="tjäna"/><SP WIDTH="18" VPOS="542" HPOS="723"/>
							<String ID="string_86" HPOS="741" VPOS="542" WIDTH="84" HEIGHT="22" WC="0.96" CONTENT="nämda"/><SP WIDTH="18" VPOS="542" HPOS="825"/>
							<String ID="string_87" HPOS="843" VPOS="542" WIDTH="67" HEIGHT="28" WC="0.96" CONTENT="syfte,"/><SP WIDTH="15" VPOS="542" HPOS="910"/>
							<String ID="string_88" HPOS="925" VPOS="542" WIDTH="66" HEIGHT="28" WC="0.96" CONTENT="långt"/>
						</TextLine>
						<TextLine ID="line_11" HPOS="238" VPOS="576" WIDTH="753" HEIGHT="29">
							<String ID="string_89" HPOS="238" VPOS="584" WIDTH="63" HEIGHT="14" WC="0.96" CONTENT="mera"/><SP WIDTH="26" VPOS="584" HPOS="301"/>
							<String ID="string_90" HPOS="327" VPOS="576" WIDTH="109" HEIGHT="29" WC="0.95" CONTENT="gällande"/><SP WIDTH="20" VPOS="576" HPOS="436"/>
							<String ID="string_91" HPOS="456" VPOS="581" WIDTH="28" HEIGHT="17" WC="0.96" CONTENT="än"/><SP WIDTH="19" VPOS="581" HPOS="484"/>
							<String ID="string_92" HPOS="503" VPOS="576" WIDTH="144" HEIGHT="22" WC="0.95" CONTENT="beträffande"/><SP WIDTH="19" VPOS="576" HPOS="647"/>
							<String ID="string_93" HPOS="666" VPOS="576" WIDTH="173" HEIGHT="22" WC="0.96" CONTENT="fastställandet"/><SP WIDTH="18" VPOS="576" HPOS="839"/>
							<String ID="string_94" HPOS="857" VPOS="577" WIDTH="24" HEIGHT="21" WC="0.92" CONTENT="af"/><SP WIDTH="18" VPOS="577" HPOS="881"/>
							<String ID="string_95" HPOS="899" VPOS="576" WIDTH="92" HEIGHT="22" WC="0.90" CONTENT="valcen-"/>
						</TextLine>
						<TextLine ID="line_12" HPOS="239" VPOS="610" WIDTH="751" HEIGHT="29">
							<String ID="string_96" HPOS="239" VPOS="618" WIDTH="44" HEIGHT="16" WC="0.91" CONTENT="sus,"/><SP WIDTH="41" VPOS="618" HPOS="283"/>
							<String ID="string_97" HPOS="324" VPOS="611" WIDTH="87" HEIGHT="22" WC="0.95" CONTENT="Härtill"/><SP WIDTH="18" VPOS="611" HPOS="411"/>
							<String ID="string_98" HPOS="429" VPOS="612" WIDTH="103" HEIGHT="21" WC="0.95" CONTENT="kommer"/><SP WIDTH="18" VPOS="612" HPOS="532"/>
							<String ID="string_99" HPOS="550" VPOS="613" WIDTH="35" HEIGHT="19" WC="0.95" CONTENT="att"/><SP WIDTH="19" VPOS="613" HPOS="585"/>
							<String ID="string_100" HPOS="604" VPOS="619" WIDTH="35" HEIGHT="13" WC="0.96" CONTENT="om"/><SP WIDTH="20" VPOS="619" HPOS="639"/>
							<String ID="string_101" HPOS="659" VPOS="611" WIDTH="43" HEIGHT="21" WC="0.93" CONTENT="den"/><SP WIDTH="19" VPOS="611" HPOS="702"/>
							<String ID="string_102" HPOS="721" VPOS="610" WIDTH="127" HEIGHT="29" WC="0.91" CONTENT="graderade"/><SP WIDTH="19" VPOS="610" HPOS="848"/>
							<String ID="string_103" HPOS="867" VPOS="612" WIDTH="123" HEIGHT="21" WC="0.96" CONTENT="rösträtten"/>
						</TextLine>
						<TextLine ID="line_13" HPOS="238" VPOS="644" WIDTH="753" HEIGHT="30">
							<String ID="string_104" HPOS="238" VPOS="645" WIDTH="60" HEIGHT="22" WC="0.96" CONTENT="skall"/><SP WIDTH="27" VPOS="645" HPOS="298"/>
							<String ID="string_105" HPOS="325" VPOS="646" WIDTH="8" HEIGHT="21" WC="0.96" CONTENT="i"/><SP WIDTH="24" VPOS="646" HPOS="333"/>
							<String ID="string_106" HPOS="357" VPOS="646" WIDTH="178" HEIGHT="28" WC="0.96" CONTENT="tillämpningen"/><SP WIDTH="19" VPOS="646" HPOS="535"/>
							<String ID="string_107" HPOS="554" VPOS="645" WIDTH="51" HEIGHT="22" WC="0.96" CONTENT="visa"/><SP WIDTH="18" VPOS="645" HPOS="605"/>
							<String ID="string_108" HPOS="623" VPOS="646" WIDTH="36" HEIGHT="28" WC="0.96" CONTENT="sig"/><SP WIDTH="18" VPOS="646" HPOS="659"/>
							<String ID="string_109" HPOS="677" VPOS="646" WIDTH="54" HEIGHT="21" WC="0.93" CONTENT="fullt"/><SP WIDTH="18" VPOS="646" HPOS="731"/>
							<String ID="string_110" HPOS="749" VPOS="646" WIDTH="114" HEIGHT="27" WC="0.90" CONTENT="värksam,"/><SP WIDTH="19" VPOS="646" HPOS="863"/>
							<String ID="string_111" HPOS="882" VPOS="648" WIDTH="35" HEIGHT="19" WC="0.93" CONTENT="ett"/><SP WIDTH="17" VPOS="648" HPOS="917"/>
							<String ID="string_112" HPOS="934" VPOS="644" WIDTH="57" HEIGHT="22" WC="0.91" CONTENT="rela-"/>
						</TextLine>
						<TextLine ID="line_14" HPOS="238" VPOS="680" WIDTH="752" HEIGHT="29">
							<String ID="string_113" HPOS="238" VPOS="680" WIDTH="47" HEIGHT="22" WC="0.95" CONTENT="tivt"/><SP WIDTH="18" VPOS="680" HPOS="285"/>
							<String ID="string_114" HPOS="303" VPOS="680" WIDTH="57" HEIGHT="29" WC="0.95" CONTENT="högt"/><SP WIDTH="21" VPOS="680" HPOS="360"/>
							<String ID="string_115" HPOS="381" VPOS="680" WIDTH="96" HEIGHT="22" WC="0.96" CONTENT="röstetal"/><SP WIDTH="19" VPOS="680" HPOS="477"/>
							<String ID="string_116" HPOS="496" VPOS="681" WIDTH="71" HEIGHT="21" WC="0.96" CONTENT="måste"/><SP WIDTH="20" VPOS="681" HPOS="567"/>
							<String ID="string_117" HPOS="587" VPOS="680" WIDTH="110" HEIGHT="29" WC="0.96" CONTENT="tilläggas"/><SP WIDTH="18" VPOS="680" HPOS="697"/>
							<String ID="string_118" HPOS="715" VPOS="680" WIDTH="28" HEIGHT="22" WC="0.96" CONTENT="de"/><SP WIDTH="19" VPOS="680" HPOS="743"/>
							<String ID="string_119" HPOS="762" VPOS="680" WIDTH="108" HEIGHT="29" WC="0.93" CONTENT="gynnade"/><SP WIDTH="19" VPOS="680" HPOS="870"/>
							<String ID="string_120" HPOS="889" VPOS="680" WIDTH="101" HEIGHT="22" WC="0.91" CONTENT="valmän-"/>
						</TextLine>
						<TextLine ID="line_15" HPOS="238" VPOS="714" WIDTH="753" HEIGHT="29">
							<String ID="string_121" HPOS="238" VPOS="722" WIDTH="53" HEIGHT="20" WC="0.95" CONTENT="nen,"/><SP WIDTH="30" VPOS="722" HPOS="291"/>
							<String ID="string_122" HPOS="321" VPOS="715" WIDTH="90" HEIGHT="21" WC="0.95" CONTENT="hvilket"/><SP WIDTH="26" VPOS="715" HPOS="411"/>
							<String ID="string_123" HPOS="437" VPOS="715" WIDTH="8" HEIGHT="21" WC="0.96" CONTENT="i"/><SP WIDTH="24" VPOS="715" HPOS="445"/>
							<String ID="string_124" HPOS="469" VPOS="715" WIDTH="36" HEIGHT="21" WC="0.96" CONTENT="sin"/><SP WIDTH="18" VPOS="715" HPOS="505"/>
							<String ID="string_125" HPOS="523" VPOS="717" WIDTH="37" HEIGHT="19" WC="0.96" CONTENT="tur"/><SP WIDTH="19" VPOS="717" HPOS="560"/>
							<String ID="string_126" HPOS="579" VPOS="715" WIDTH="36" HEIGHT="21" WC="0.96" CONTENT="för"/><SP WIDTH="18" VPOS="715" HPOS="615"/>
							<String ID="string_127" HPOS="633" VPOS="714" WIDTH="51" HEIGHT="22" WC="0.96" CONTENT="med"/><SP WIDTH="19" VPOS="714" HPOS="684"/>
							<String ID="string_128" HPOS="703" VPOS="715" WIDTH="36" HEIGHT="28" WC="0.96" CONTENT="sig"/><SP WIDTH="19" VPOS="715" HPOS="739"/>
							<String ID="string_129" HPOS="758" VPOS="717" WIDTH="35" HEIGHT="19" WC="0.96" CONTENT="att"/><SP WIDTH="18" VPOS="717" HPOS="793"/>
							<String ID="string_130" HPOS="811" VPOS="715" WIDTH="40" HEIGHT="21" WC="0.96" CONTENT="hos"/><SP WIDTH="18" VPOS="715" HPOS="851"/>
							<String ID="string_131" HPOS="869" VPOS="714" WIDTH="29" HEIGHT="22" WC="0.96" CONTENT="de"/><SP WIDTH="19" VPOS="714" HPOS="898"/>
							<String ID="string_132" HPOS="917" VPOS="714" WIDTH="74" HEIGHT="28" WC="0.96" CONTENT="öfriga"/>
						</TextLine>
						<TextLine ID="line_16" HPOS="238" VPOS="748" WIDTH="753" HEIGHT="30">
							<String ID="string_133" HPOS="238" VPOS="749" WIDTH="104" HEIGHT="29" WC="0.91" CONTENT="väljarne"/><SP WIDTH="28" VPOS="749" HPOS="342"/>
							<String ID="string_134" HPOS="370" VPOS="757" WIDTH="28" HEIGHT="14" WC="0.96" CONTENT="en"/><SP WIDTH="27" VPOS="757" HPOS="398"/>
							<String ID="string_135" HPOS="425" VPOS="750" WIDTH="82" HEIGHT="21" WC="0.96" CONTENT="känsla"/><SP WIDTH="27" VPOS="750" HPOS="507"/>
							<String ID="string_136" HPOS="534" VPOS="750" WIDTH="24" HEIGHT="21" WC="0.93" CONTENT="af"/><SP WIDTH="26" VPOS="750" HPOS="558"/>
							<String ID="string_137" HPOS="584" VPOS="749" WIDTH="63" HEIGHT="22" WC="0.92" CONTENT="liden"/><SP WIDTH="26" VPOS="749" HPOS="647"/>
							<String ID="string_138" HPOS="673" VPOS="750" WIDTH="112" HEIGHT="21" WC="0.96" CONTENT="orättvisa"/><SP WIDTH="19" VPOS="750" HPOS="785"/>
							<String ID="string_139" HPOS="804" VPOS="749" WIDTH="58" HEIGHT="22" WC="0.95" CONTENT="skall"/><SP WIDTH="18" VPOS="749" HPOS="862"/>
							<String ID="string_140" HPOS="880" VPOS="752" WIDTH="57" HEIGHT="26" WC="0.95" CONTENT="göra"/><SP WIDTH="17" VPOS="752" HPOS="937"/>
							<String ID="string_141" HPOS="954" VPOS="748" WIDTH="37" HEIGHT="28" WC="0.96" CONTENT="sig"/>
						</TextLine>
						<TextLine ID="line_17" HPOS="237" VPOS="783" WIDTH="753" HEIGHT="29">
							<String ID="string_142" HPOS="237" VPOS="783" WIDTH="110" HEIGHT="29" WC="0.96" CONTENT="gällande"/><SP WIDTH="25" VPOS="783" HPOS="347"/>
							<String ID="string_143" HPOS="372" VPOS="784" WIDTH="42" HEIGHT="22" WC="0.96" CONTENT="och"/><SP WIDTH="24" VPOS="784" HPOS="414"/>
							<String ID="string_144" HPOS="438" VPOS="784" WIDTH="108" HEIGHT="22" WC="0.96" CONTENT="intresset"/><SP WIDTH="18" VPOS="784" HPOS="546"/>
							<String ID="string_145" HPOS="564" VPOS="784" WIDTH="36" HEIGHT="22" WC="0.96" CONTENT="för"/><SP WIDTH="18" VPOS="784" HPOS="600"/>
							<String ID="string_146" HPOS="618" VPOS="784" WIDTH="150" HEIGHT="28" WC="0.96" CONTENT="deltagandet"/><SP WIDTH="18" VPOS="784" HPOS="768"/>
							<String ID="string_147" HPOS="786" VPOS="784" WIDTH="7" HEIGHT="21" WC="0.96" CONTENT="i"/><SP WIDTH="18" VPOS="784" HPOS="793"/>
							<String ID="string_148" HPOS="811" VPOS="784" WIDTH="68" HEIGHT="22" WC="0.93" CONTENT="valen"/><SP WIDTH="18" VPOS="784" HPOS="879"/>
							<String ID="string_149" HPOS="897" VPOS="783" WIDTH="93" HEIGHT="29" WC="0.91" CONTENT="slappas"/>
						</TextLine>
						<TextLine ID="line_18" HPOS="238" VPOS="817" WIDTH="753" HEIGHT="30">
							<String ID="string_150" HPOS="238" VPOS="821" WIDTH="60" HEIGHT="19" WC="0.95" CONTENT="samt"/><SP WIDTH="18" VPOS="821" HPOS="298"/>
							<String ID="string_151" HPOS="316" VPOS="820" WIDTH="35" HEIGHT="20" WC="0.96" CONTENT="att"/><SP WIDTH="27" VPOS="820" HPOS="351"/>
							<String ID="string_152" HPOS="378" VPOS="818" WIDTH="160" HEIGHT="22" WC="0.96" CONTENT="valresultatet"/><SP WIDTH="18" VPOS="818" HPOS="538"/>
							<String ID="string_153" HPOS="556" VPOS="818" WIDTH="69" HEIGHT="22" WC="0.95" CONTENT="alltså"/><SP WIDTH="19" VPOS="818" HPOS="625"/>
							<String ID="string_154" HPOS="644" VPOS="819" WIDTH="21" HEIGHT="28" WC="0.95" CONTENT="ej"/><SP WIDTH="19" VPOS="819" HPOS="665"/>
							<String ID="string_155" HPOS="684" VPOS="818" WIDTH="45" HEIGHT="22" WC="0.96" CONTENT="blir"/><SP WIDTH="22" VPOS="818" HPOS="729"/>
							<String ID="string_156" HPOS="751" VPOS="820" WIDTH="33" HEIGHT="20" WC="0.96" CONTENT="ett"/><SP WIDTH="18" VPOS="820" HPOS="784"/>
							<String ID="string_157" HPOS="802" VPOS="820" WIDTH="76" HEIGHT="26" WC="0.96" CONTENT="troget"/><SP WIDTH="17" VPOS="820" HPOS="878"/>
							<String ID="string_158" HPOS="895" VPOS="817" WIDTH="96" HEIGHT="29" WC="0.95" CONTENT="uttryck"/>
						</TextLine>
						<TextLine ID="line_19" HPOS="238" VPOS="852" WIDTH="753" HEIGHT="29">
							<String ID="string_159" HPOS="238" VPOS="853" WIDTH="36" HEIGHT="21" WC="0.92" CONTENT="för"/><SP WIDTH="27" VPOS="853" HPOS="274"/>
							<String ID="string_160" HPOS="301" VPOS="852" WIDTH="129" HEIGHT="29" WC="0.90" CONTENT="folkviljan,"/><SP WIDTH="30" VPOS="852" HPOS="430"/>
							<String ID="string_161" HPOS="460" VPOS="852" WIDTH="90" HEIGHT="22" WC="0.96" CONTENT="hvilket"/><SP WIDTH="27" VPOS="852" HPOS="550"/>
							<String ID="string_162" HPOS="577" VPOS="853" WIDTH="24" HEIGHT="28" WC="0.96" CONTENT="ju"/><SP WIDTH="28" VPOS="853" HPOS="601"/>
							<String ID="string_163" HPOS="629" VPOS="853" WIDTH="59" HEIGHT="21" WC="0.96" CONTENT="dock"/><SP WIDTH="27" VPOS="853" HPOS="688"/>
							<String ID="string_164" HPOS="715" VPOS="853" WIDTH="43" HEIGHT="21" WC="0.96" CONTENT="bör"/><SP WIDTH="18" VPOS="853" HPOS="758"/>
							<String ID="string_165" HPOS="776" VPOS="855" WIDTH="83" HEIGHT="26" WC="0.96" CONTENT="utgöra"/><SP WIDTH="18" VPOS="855" HPOS="859"/>
							<String ID="string_166" HPOS="877" VPOS="852" WIDTH="114" HEIGHT="22" WC="0.96" CONTENT="kärnan"/><SP WIDTH="-13" VPOS="852" HPOS="991"/>
							<String ID="string_167" HPOS="978" VPOS="848" WIDTH="17" HEIGHT="37" WC="0.94" CONTENT="i"/>
						</TextLine>
						<TextLine ID="line_20" HPOS="238" VPOS="887" WIDTH="752" HEIGHT="29">
							<String ID="string_168" HPOS="238" VPOS="889" WIDTH="226" HEIGHT="26" WC="0.91" CONTENT="rösträttssystemet."/><SP WIDTH="38" VPOS="889" HPOS="464"/>
							<String ID="string_169" HPOS="502" VPOS="887" WIDTH="48" HEIGHT="21" WC="0.96" CONTENT="Där"/><SP WIDTH="18" VPOS="887" HPOS="550"/>
							<String ID="string_170" HPOS="568" VPOS="895" WIDTH="54" HEIGHT="14" WC="0.96" CONTENT="man"/><SP WIDTH="18" VPOS="895" HPOS="622"/>
							<String ID="string_171" HPOS="640" VPOS="888" WIDTH="20" HEIGHT="28" WC="0.93" CONTENT="ej"/><SP WIDTH="21" VPOS="888" HPOS="660"/>
							<String ID="string_172" HPOS="681" VPOS="887" WIDTH="117" HEIGHT="28" WC="0.91" CONTENT="öfvergått"/><SP WIDTH="17" VPOS="887" HPOS="798"/>
							<String ID="string_173" HPOS="815" VPOS="887" WIDTH="37" HEIGHT="21" WC="0.95" CONTENT="till"/><SP WIDTH="18" VPOS="887" HPOS="852"/>
							<String ID="string_174" HPOS="870" VPOS="887" WIDTH="120" HEIGHT="28" WC="0.95" CONTENT="principen"/>
						</TextLine>
						<TextLine ID="line_21" HPOS="239" VPOS="921" WIDTH="751" HEIGHT="29">
							<String ID="string_175" HPOS="239" VPOS="929" WIDTH="37" HEIGHT="14" WC="0.96" CONTENT="om"/><SP WIDTH="18" VPOS="929" HPOS="276"/>
							<String ID="string_176" HPOS="294" VPOS="921" WIDTH="49" HEIGHT="22" WC="0.94" CONTENT="lika"/><SP WIDTH="17" VPOS="921" HPOS="343"/>
							<String ID="string_177" HPOS="360" VPOS="924" WIDTH="103" HEIGHT="25" WC="0.96" CONTENT="rösträtt,"/><SP WIDTH="21" VPOS="924" HPOS="463"/>
							<String ID="string_178" HPOS="484" VPOS="925" WIDTH="25" HEIGHT="18" WC="0.96" CONTENT="är"/><SP WIDTH="17" VPOS="925" HPOS="509"/>
							<String ID="string_179" HPOS="526" VPOS="921" WIDTH="40" HEIGHT="22" WC="0.96" CONTENT="det"/><SP WIDTH="18" VPOS="921" HPOS="566"/>
							<String ID="string_180" HPOS="584" VPOS="922" WIDTH="8" HEIGHT="21" WC="0.96" CONTENT="i"/><SP WIDTH="18" VPOS="922" HPOS="592"/>
							<String ID="string_181" HPOS="610" VPOS="922" WIDTH="78" HEIGHT="28" WC="0.96" CONTENT="regeln"/><SP WIDTH="20" VPOS="922" HPOS="688"/>
							<String ID="string_182" HPOS="708" VPOS="921" WIDTH="44" HEIGHT="22" WC="0.97" CONTENT="den"/><SP WIDTH="19" VPOS="921" HPOS="752"/>
							<String ID="string_183" HPOS="771" VPOS="923" WIDTH="72" HEIGHT="20" WC="0.92" CONTENT="större"/><SP WIDTH="18" VPOS="923" HPOS="843"/>
							<String ID="string_184" HPOS="861" VPOS="921" WIDTH="129" HEIGHT="28" WC="0.91" CONTENT="förmögen-"/>
						</TextLine>
						<TextLine ID="line_22" HPOS="238" VPOS="955" WIDTH="753" HEIGHT="29">
							<String ID="string_185" HPOS="238" VPOS="955" WIDTH="77" HEIGHT="28" WC="0.96" CONTENT="heten,"/><SP WIDTH="27" VPOS="955" HPOS="315"/>
							<String ID="string_186" HPOS="342" VPOS="963" WIDTH="49" HEIGHT="15" WC="0.96" CONTENT="som"/><SP WIDTH="27" VPOS="963" HPOS="391"/>
							<String ID="string_187" HPOS="418" VPOS="956" WIDTH="102" HEIGHT="21" WC="0.91" CONTENT="skänker"/><SP WIDTH="26" VPOS="956" HPOS="520"/>
							<String ID="string_188" HPOS="546" VPOS="955" WIDTH="72" HEIGHT="23" WC="0.89" CONTENT="ökadt"/><SP WIDTH="26" VPOS="955" HPOS="618"/>
							<String ID="string_189" HPOS="644" VPOS="955" WIDTH="128" HEIGHT="29" WC="0.95" CONTENT="inflytande"/><SP WIDTH="27" VPOS="955" HPOS="772"/>
							<String ID="string_190" HPOS="799" VPOS="957" WIDTH="24" HEIGHT="20" WC="0.96" CONTENT="åt"/><SP WIDTH="18" VPOS="957" HPOS="823"/>
							<String ID="string_191" HPOS="841" VPOS="963" WIDTH="28" HEIGHT="14" WC="0.95" CONTENT="en"/><SP WIDTH="19" VPOS="963" HPOS="869"/>
							<String ID="string_192" HPOS="888" VPOS="955" WIDTH="37" HEIGHT="22" WC="0.93" CONTENT="del"/><SP WIDTH="18" VPOS="955" HPOS="925"/>
							<String ID="string_193" HPOS="943" VPOS="955" WIDTH="48" HEIGHT="22" WC="0.92" CONTENT="val-"/>
						</TextLine>
						<TextLine ID="line_23" HPOS="238" VPOS="990" WIDTH="752" HEIGHT="29">
							<String ID="string_194" HPOS="238" VPOS="990" WIDTH="154" HEIGHT="29" WC="0.96" CONTENT="berättigade,"/><SP WIDTH="26" VPOS="990" HPOS="392"/>
							<String ID="string_195" HPOS="418" VPOS="991" WIDTH="111" HEIGHT="28" WC="0.96" CONTENT="antingen"/><SP WIDTH="19" VPOS="991" HPOS="529"/>
							<String ID="string_196" HPOS="548" VPOS="991" WIDTH="25" HEIGHT="21" WC="0.96" CONTENT="så"/><SP WIDTH="19" VPOS="991" HPOS="573"/>
							<String ID="string_197" HPOS="592" VPOS="993" WIDTH="35" HEIGHT="20" WC="0.93" CONTENT="att"/><SP WIDTH="18" VPOS="993" HPOS="627"/>
							<String ID="string_198" HPOS="645" VPOS="991" WIDTH="138" HEIGHT="26" WC="0.92" CONTENT="röstskalan,"/><SP WIDTH="20" VPOS="991" HPOS="783"/>
							<String ID="string_199" HPOS="803" VPOS="991" WIDTH="73" HEIGHT="21" WC="0.96" CONTENT="såsom"/><SP WIDTH="18" VPOS="991" HPOS="876"/>
							<String ID="string_200" HPOS="894" VPOS="990" WIDTH="41" HEIGHT="21" WC="0.96" CONTENT="hos"/><SP WIDTH="19" VPOS="990" HPOS="935"/>
							<String ID="string_201" HPOS="954" VPOS="997" WIDTH="36" HEIGHT="14" WC="0.88" CONTENT="oss"/>
						</TextLine>
						<TextLine ID="line_24" HPOS="239" VPOS="1023" WIDTH="751" HEIGHT="31">
							<String ID="string_202" HPOS="239" VPOS="1032" WIDTH="32" HEIGHT="14" WC="0.96" CONTENT="nu"/><SP WIDTH="28" VPOS="1032" HPOS="271"/>
							<String ID="string_203" HPOS="299" VPOS="1028" WIDTH="25" HEIGHT="18" WC="0.93" CONTENT="är"/><SP WIDTH="27" VPOS="1028" HPOS="324"/>
							<String ID="string_204" HPOS="351" VPOS="1025" WIDTH="72" HEIGHT="29" WC="0.93" CONTENT="fallet,"/><SP WIDTH="19" VPOS="1025" HPOS="423"/>
							<String ID="string_205" HPOS="442" VPOS="1025" WIDTH="61" HEIGHT="22" WC="0.96" CONTENT="inom"/><SP WIDTH="19" VPOS="1025" HPOS="503"/>
							<String ID="string_206" HPOS="522" VPOS="1025" WIDTH="62" HEIGHT="22" WC="0.95" CONTENT="vissa"/><SP WIDTH="18" VPOS="1025" HPOS="584"/>
							<String ID="string_207" HPOS="602" VPOS="1029" WIDTH="95" HEIGHT="24" WC="0.96" CONTENT="gränser"/><SP WIDTH="17" VPOS="1029" HPOS="697"/>
							<String ID="string_208" HPOS="714" VPOS="1029" WIDTH="43" HEIGHT="24" WC="0.96" CONTENT="gör"/><SP WIDTH="18" VPOS="1029" HPOS="757"/>
							<String ID="string_209" HPOS="775" VPOS="1025" WIDTH="78" HEIGHT="28" WC="0.96" CONTENT="jämna"/><SP WIDTH="18" VPOS="1025" HPOS="853"/>
							<String ID="string_210" HPOS="871" VPOS="1027" WIDTH="50" HEIGHT="25" WC="0.96" CONTENT="steg"/><SP WIDTH="18" VPOS="1027" HPOS="921"/>
							<String ID="string_211" HPOS="939" VPOS="1023" WIDTH="51" HEIGHT="22" WC="0.95" CONTENT="med"/>
						</TextLine>
						<TextLine ID="line_25" HPOS="239" VPOS="1058" WIDTH="752" HEIGHT="29">
							<String ID="string_212" HPOS="239" VPOS="1059" WIDTH="139" HEIGHT="28" WC="0.96" CONTENT="inkomsten,"/><SP WIDTH="20" VPOS="1059" HPOS="378"/>
							<String ID="string_213" HPOS="398" VPOS="1060" WIDTH="56" HEIGHT="21" WC="0.95" CONTENT="eller"/><SP WIDTH="17" VPOS="1060" HPOS="454"/>
							<String ID="string_214" HPOS="471" VPOS="1061" WIDTH="25" HEIGHT="20" WC="0.96" CONTENT="så"/><SP WIDTH="19" VPOS="1061" HPOS="496"/>
							<String ID="string_215" HPOS="515" VPOS="1062" WIDTH="35" HEIGHT="19" WC="0.96" CONTENT="att"/><SP WIDTH="18" VPOS="1062" HPOS="550"/>
							<String ID="string_216" HPOS="568" VPOS="1059" WIDTH="28" HEIGHT="22" WC="0.93" CONTENT="de"/><SP WIDTH="18" VPOS="1059" HPOS="596"/>
							<String ID="string_217" HPOS="614" VPOS="1059" WIDTH="186" HEIGHT="28" WC="0.91" CONTENT="valberättigade"/><SP WIDTH="19" VPOS="1059" HPOS="800"/>
							<String ID="string_218" HPOS="819" VPOS="1059" WIDTH="58" HEIGHT="21" WC="0.96" CONTENT="efter"/><SP WIDTH="19" VPOS="1059" HPOS="877"/>
							<String ID="string_219" HPOS="896" VPOS="1058" WIDTH="39" HEIGHT="22" WC="0.93" CONTENT="det"/><SP WIDTH="18" VPOS="1058" HPOS="935"/>
							<String ID="string_220" HPOS="953" VPOS="1058" WIDTH="38" HEIGHT="21" WC="0.91" CONTENT="be-"/>
						</TextLine>
						<TextLine ID="line_26" HPOS="239" VPOS="1092" WIDTH="752" HEIGHT="31">
							<String ID="string_221" HPOS="239" VPOS="1093" WIDTH="55" HEIGHT="30" WC="0.96" CONTENT="lopp"/><SP WIDTH="28" VPOS="1093" HPOS="294"/>
							<String ID="string_222" HPOS="322" VPOS="1094" WIDTH="23" HEIGHT="22" WC="0.95" CONTENT="af"/><SP WIDTH="27" VPOS="1094" HPOS="345"/>
							<String ID="string_223" HPOS="372" VPOS="1094" WIDTH="64" HEIGHT="22" WC="0.96" CONTENT="skatt"/><SP WIDTH="27" VPOS="1094" HPOS="436"/>
							<String ID="string_224" HPOS="463" VPOS="1093" WIDTH="27" HEIGHT="22" WC="0.96" CONTENT="de"/><SP WIDTH="19" VPOS="1093" HPOS="490"/>
							<String ID="string_225" HPOS="509" VPOS="1094" WIDTH="95" HEIGHT="29" WC="0.96" CONTENT="erlägga"/><SP WIDTH="18" VPOS="1094" HPOS="604"/>
							<String ID="string_226" HPOS="622" VPOS="1094" WIDTH="89" HEIGHT="22" WC="0.96" CONTENT="indelas"/><SP WIDTH="19" VPOS="1094" HPOS="711"/>
							<String ID="string_227" HPOS="730" VPOS="1094" WIDTH="7" HEIGHT="22" WC="0.96" CONTENT="i"/><SP WIDTH="19" VPOS="1094" HPOS="737"/>
							<String ID="string_228" HPOS="756" VPOS="1094" WIDTH="61" HEIGHT="22" WC="0.96" CONTENT="vissa"/><SP WIDTH="19" VPOS="1094" HPOS="817"/>
							<String ID="string_229" HPOS="836" VPOS="1093" WIDTH="93" HEIGHT="27" WC="0.95" CONTENT="klasser,"/><SP WIDTH="20" VPOS="1093" HPOS="929"/>
							<String ID="string_230" HPOS="949" VPOS="1092" WIDTH="42" HEIGHT="22" WC="0.96" CONTENT="och"/>
						</TextLine>
						<TextLine ID="line_27" HPOS="240" VPOS="1127" WIDTH="752" HEIGHT="31">
							<String ID="string_231" HPOS="240" VPOS="1130" WIDTH="35" HEIGHT="20" WC="0.96" CONTENT="att"/><SP WIDTH="26" VPOS="1130" HPOS="275"/>
							<String ID="string_232" HPOS="301" VPOS="1128" WIDTH="82" HEIGHT="29" WC="0.96" CONTENT="hvarje"/><SP WIDTH="27" VPOS="1128" HPOS="383"/>
							<String ID="string_233" HPOS="410" VPOS="1129" WIDTH="62" HEIGHT="21" WC="0.96" CONTENT="klass"/><SP WIDTH="27" VPOS="1129" HPOS="472"/>
							<String ID="string_234" HPOS="499" VPOS="1128" WIDTH="71" HEIGHT="22" WC="0.95" CONTENT="sedan"/><SP WIDTH="24" VPOS="1128" HPOS="570"/>
							<String ID="string_235" HPOS="594" VPOS="1129" WIDTH="73" HEIGHT="29" WC="0.95" CONTENT="väljer"/><SP WIDTH="18" VPOS="1129" HPOS="667"/>
							<String ID="string_236" HPOS="685" VPOS="1129" WIDTH="36" HEIGHT="21" WC="0.96" CONTENT="för"/><SP WIDTH="18" VPOS="1129" HPOS="721"/>
							<String ID="string_237" HPOS="739" VPOS="1129" WIDTH="43" HEIGHT="28" WC="0.96" CONTENT="sig,"/><SP WIDTH="19" VPOS="1129" HPOS="782"/>
							<String ID="string_238" HPOS="801" VPOS="1128" WIDTH="95" HEIGHT="22" WC="0.96" CONTENT="hvilken"/><SP WIDTH="19" VPOS="1128" HPOS="896"/>
							<String ID="string_239" HPOS="915" VPOS="1127" WIDTH="77" HEIGHT="22" WC="0.96" CONTENT="metod"/>
						</TextLine>
						<TextLine ID="line_28" HPOS="239" VPOS="1161" WIDTH="753" HEIGHT="31">
							<String ID="string_240" HPOS="239" VPOS="1164" WIDTH="75" HEIGHT="21" WC="0.96" CONTENT="såsom"/><SP WIDTH="19" VPOS="1164" HPOS="314"/>
							<String ID="string_241" HPOS="333" VPOS="1166" WIDTH="92" HEIGHT="19" WC="0.95" CONTENT="nämnts"/><SP WIDTH="18" VPOS="1166" HPOS="425"/>
							<String ID="string_242" HPOS="443" VPOS="1164" WIDTH="8" HEIGHT="20" WC="0.96" CONTENT="i"/><SP WIDTH="19" VPOS="1164" HPOS="451"/>
							<String ID="string_243" HPOS="470" VPOS="1171" WIDTH="28" HEIGHT="13" WC="0.96" CONTENT="en"/><SP WIDTH="20" VPOS="1171" HPOS="498"/>
							<String ID="string_244" HPOS="518" VPOS="1163" WIDTH="36" HEIGHT="21" WC="0.96" CONTENT="del"/><SP WIDTH="19" VPOS="1163" HPOS="554"/>
							<String ID="string_245" HPOS="573" VPOS="1164" WIDTH="68" HEIGHT="28" WC="0.96" CONTENT="tyska"/><SP WIDTH="18" VPOS="1164" HPOS="641"/>
							<String ID="string_246" HPOS="659" VPOS="1166" WIDTH="72" HEIGHT="19" WC="0.93" CONTENT="stater"/><SP WIDTH="12" VPOS="1166" HPOS="731"/>
							<String ID="string_247" HPOS="743" VPOS="1163" WIDTH="67" HEIGHT="29" WC="0.92" CONTENT="följes"/><SP WIDTH="13" VPOS="1163" HPOS="810"/>
							<String ID="string_248" HPOS="823" VPOS="1162" WIDTH="40" HEIGHT="22" WC="0.95" CONTENT="vid"/><SP WIDTH="12" VPOS="1162" HPOS="863"/>
							<String ID="string_249" HPOS="875" VPOS="1162" WIDTH="66" HEIGHT="22" WC="0.95" CONTENT="valen"/><SP WIDTH="14" VPOS="1162" HPOS="941"/>
							<String ID="string_250" HPOS="955" VPOS="1161" WIDTH="37" HEIGHT="22" WC="0.96" CONTENT="till"/>
						</TextLine>
						<TextLine ID="line_29" HPOS="239" VPOS="1197" WIDTH="230" HEIGHT="29">
							<String ID="string_251" HPOS="239" VPOS="1197" WIDTH="66" HEIGHT="22" WC="0.93" CONTENT="deras"/><SP WIDTH="18" VPOS="1197" HPOS="305"/>
							<String ID="string_252" HPOS="323" VPOS="1197" WIDTH="146" HEIGHT="29" WC="0.91" CONTENT="landtdagar."/>
						</TextLine>
					</TextBlock>
					<TextBlock ID="block_2" HPOS="237" VPOS="1230" WIDTH="755" HEIGHT="271">
						<TextLine ID="line_30" HPOS="307" VPOS="1230" WIDTH="685" HEIGHT="24">
							<String ID="string_253" HPOS="307" VPOS="1232" WIDTH="123" HEIGHT="22" WC="0.96" CONTENT="Utskottet"/><SP WIDTH="27" VPOS="1232" HPOS="430"/>
							<String ID="string_254" HPOS="457" VPOS="1232" WIDTH="73" HEIGHT="22" WC="0.95" CONTENT="håller"/><SP WIDTH="27" VPOS="1232" HPOS="530"/>
							<String ID="string_255" HPOS="557" VPOS="1232" WIDTH="36" HEIGHT="21" WC="0.96" CONTENT="för"/><SP WIDTH="27" VPOS="1232" HPOS="593"/>
							<String ID="string_256" HPOS="620" VPOS="1232" WIDTH="35" HEIGHT="21" WC="0.96" CONTENT="sin"/><SP WIDTH="28" VPOS="1232" HPOS="655"/>
							<String ID="string_257" HPOS="683" VPOS="1231" WIDTH="37" HEIGHT="21" WC="0.95" CONTENT="del"/><SP WIDTH="27" VPOS="1231" HPOS="720"/>
							<String ID="string_258" HPOS="747" VPOS="1232" WIDTH="48" HEIGHT="21" WC="0.95" CONTENT="före"/><SP WIDTH="20" VPOS="1232" HPOS="795"/>
							<String ID="string_259" HPOS="815" VPOS="1234" WIDTH="34" HEIGHT="19" WC="0.96" CONTENT="att"/><SP WIDTH="18" VPOS="1234" HPOS="849"/>
							<String ID="string_260" HPOS="867" VPOS="1231" WIDTH="44" HEIGHT="21" WC="0.96" CONTENT="den"/><SP WIDTH="20" VPOS="1231" HPOS="911"/>
							<String ID="string_261" HPOS="931" VPOS="1230" WIDTH="61" HEIGHT="22" WC="0.96" CONTENT="olika"/>
						</TextLine>
						<TextLine ID="line_31" HPOS="239" VPOS="1264" WIDTH="753" HEIGHT="30">
							<String ID="string_262" HPOS="239" VPOS="1266" WIDTH="190" HEIGHT="28" WC="0.91" CONTENT="förmögenheten"/><SP WIDTH="19" VPOS="1266" HPOS="429"/>
							<String ID="string_263" HPOS="448" VPOS="1270" WIDTH="25" HEIGHT="18" WC="0.96" CONTENT="är"/><SP WIDTH="18" VPOS="1270" HPOS="473"/>
							<String ID="string_264" HPOS="491" VPOS="1269" WIDTH="35" HEIGHT="19" WC="0.96" CONTENT="ett"/><SP WIDTH="18" VPOS="1269" HPOS="526"/>
							<String ID="string_265" HPOS="544" VPOS="1266" WIDTH="78" HEIGHT="22" WC="0.96" CONTENT="alltför"/><SP WIDTH="18" VPOS="1266" HPOS="622"/>
							<String ID="string_266" HPOS="640" VPOS="1266" WIDTH="138" HEIGHT="28" WC="0.96" CONTENT="bristfälligt"/><SP WIDTH="19" VPOS="1266" HPOS="778"/>
							<String ID="string_267" HPOS="797" VPOS="1266" WIDTH="58" HEIGHT="21" WC="0.96" CONTENT="mått"/><SP WIDTH="18" VPOS="1266" HPOS="855"/>
							<String ID="string_268" HPOS="873" VPOS="1266" WIDTH="36" HEIGHT="21" WC="0.93" CONTENT="för"/><SP WIDTH="14" VPOS="1266" HPOS="909"/>
							<String ID="string_269" HPOS="923" VPOS="1264" WIDTH="69" HEIGHT="22" WC="0.92" CONTENT="bedö-"/>
						</TextLine>
						<TextLine ID="line_32" HPOS="238" VPOS="1300" WIDTH="754" HEIGHT="29">
							<String ID="string_270" HPOS="238" VPOS="1300" WIDTH="96" HEIGHT="22" WC="0.92" CONTENT="mandet"/><SP WIDTH="28" VPOS="1300" HPOS="334"/>
							<String ID="string_271" HPOS="362" VPOS="1301" WIDTH="24" HEIGHT="21" WC="0.96" CONTENT="af"/><SP WIDTH="23" VPOS="1301" HPOS="386"/>
							<String ID="string_272" HPOS="409" VPOS="1301" WIDTH="43" HEIGHT="21" WC="0.96" CONTENT="den"/><SP WIDTH="20" VPOS="1301" HPOS="452"/>
							<String ID="string_273" HPOS="472" VPOS="1301" WIDTH="98" HEIGHT="21" WC="0.96" CONTENT="relativa"/><SP WIDTH="19" VPOS="1301" HPOS="570"/>
							<String ID="string_274" HPOS="589" VPOS="1300" WIDTH="110" HEIGHT="29" WC="0.93" CONTENT="politiska"/><SP WIDTH="18" VPOS="1300" HPOS="699"/>
							<String ID="string_275" HPOS="717" VPOS="1300" WIDTH="154" HEIGHT="28" WC="0.92" CONTENT="mogenheten"/><SP WIDTH="19" VPOS="1300" HPOS="871"/>
							<String ID="string_276" HPOS="890" VPOS="1300" WIDTH="102" HEIGHT="21" WC="0.91" CONTENT="valmän-"/>
						</TextLine>
						<TextLine ID="line_33" HPOS="238" VPOS="1333" WIDTH="753" HEIGHT="30">
							<String ID="string_277" HPOS="238" VPOS="1342" WIDTH="46" HEIGHT="14" WC="0.96" CONTENT="nen"/><SP WIDTH="28" VPOS="1342" HPOS="284"/>
							<String ID="string_278" HPOS="312" VPOS="1335" WIDTH="104" HEIGHT="22" WC="0.93" CONTENT="emellan."/><SP WIDTH="29" VPOS="1335" HPOS="416"/>
							<String ID="string_279" HPOS="445" VPOS="1329" WIDTH="7" HEIGHT="39" WC="0.46" CONTENT="="/><SP WIDTH="10" VPOS="1329" HPOS="452"/>
							<String ID="string_280" HPOS="462" VPOS="1334" WIDTH="138" HEIGHT="29" WC="0.46" CONTENT="Isynnerhet"/><SP WIDTH="26" VPOS="1334" HPOS="600"/>
							<String ID="string_281" HPOS="626" VPOS="1335" WIDTH="74" HEIGHT="28" WC="0.96" CONTENT="gäller"/><SP WIDTH="24" VPOS="1335" HPOS="700"/>
							<String ID="string_282" HPOS="724" VPOS="1335" WIDTH="65" HEIGHT="22" WC="0.96" CONTENT="detta"/><SP WIDTH="19" VPOS="1335" HPOS="789"/>
							<String ID="string_283" HPOS="808" VPOS="1341" WIDTH="36" HEIGHT="14" WC="0.93" CONTENT="om"/><SP WIDTH="19" VPOS="1341" HPOS="844"/>
							<String ID="string_284" HPOS="863" VPOS="1333" WIDTH="128" HEIGHT="22" WC="0.92" CONTENT="röstskalan"/>
						</TextLine>
						<TextLine ID="line_34" HPOS="237" VPOS="1369" WIDTH="755" HEIGHT="27">
							<String ID="string_285" HPOS="237" VPOS="1369" WIDTH="73" HEIGHT="22" WC="0.96" CONTENT="sådan"/><SP WIDTH="29" VPOS="1369" HPOS="310"/>
							<String ID="string_286" HPOS="339" VPOS="1369" WIDTH="45" HEIGHT="22" WC="0.96" CONTENT="den"/><SP WIDTH="28" VPOS="1369" HPOS="384"/>
							<String ID="string_287" HPOS="412" VPOS="1373" WIDTH="25" HEIGHT="18" WC="0.93" CONTENT="är"/><SP WIDTH="29" VPOS="1373" HPOS="437"/>
							<String ID="string_288" HPOS="466" VPOS="1369" WIDTH="119" HEIGHT="22" WC="0.96" CONTENT="anordnad"/><SP WIDTH="27" VPOS="1369" HPOS="585"/>
							<String ID="string_289" HPOS="612" VPOS="1369" WIDTH="42" HEIGHT="22" WC="0.96" CONTENT="hos"/><SP WIDTH="27" VPOS="1369" HPOS="654"/>
							<String ID="string_290" HPOS="681" VPOS="1377" WIDTH="42" HEIGHT="14" WC="0.93" CONTENT="oss."/><SP WIDTH="37" VPOS="1377" HPOS="723"/>
							<String ID="string_291" HPOS="760" VPOS="1369" WIDTH="232" HEIGHT="27" WC="0.85" CONTENT="Förvärfsförmägan"/>
						</TextLine>
						<TextLine ID="line_35" HPOS="237" VPOS="1401" WIDTH="755" HEIGHT="31">
							<String ID="string_292" HPOS="237" VPOS="1403" WIDTH="69" HEIGHT="22" WC="0.96" CONTENT="beror"/><SP WIDTH="27" VPOS="1403" HPOS="306"/>
							<String ID="string_293" HPOS="333" VPOS="1404" WIDTH="8" HEIGHT="21" WC="0.93" CONTENT="i"/><SP WIDTH="28" VPOS="1404" HPOS="341"/>
							<String ID="string_294" HPOS="369" VPOS="1405" WIDTH="84" HEIGHT="27" WC="0.90" CONTENT="mänga"/><SP WIDTH="27" VPOS="1405" HPOS="453"/>
							<String ID="string_295" HPOS="480" VPOS="1404" WIDTH="41" HEIGHT="21" WC="0.96" CONTENT="fall"/><SP WIDTH="29" VPOS="1404" HPOS="521"/>
							<String ID="string_296" HPOS="550" VPOS="1404" WIDTH="22" HEIGHT="21" WC="0.93" CONTENT="af"/><SP WIDTH="18" VPOS="1404" HPOS="572"/>
							<String ID="string_297" HPOS="590" VPOS="1403" WIDTH="149" HEIGHT="29" WC="0.91" CONTENT="egenskaper,"/><SP WIDTH="20" VPOS="1403" HPOS="739"/>
							<String ID="string_298" HPOS="759" VPOS="1411" WIDTH="48" HEIGHT="14" WC="0.96" CONTENT="som"/><SP WIDTH="19" VPOS="1411" HPOS="807"/>
							<String ID="string_299" HPOS="826" VPOS="1403" WIDTH="53" HEIGHT="21" WC="0.93" CONTENT="med"/><SP WIDTH="18" VPOS="1403" HPOS="879"/>
							<String ID="string_300" HPOS="897" VPOS="1401" WIDTH="95" HEIGHT="30" WC="0.92" CONTENT="politisk"/>
						</TextLine>
						<TextLine ID="line_36" HPOS="237" VPOS="1437" WIDTH="754" HEIGHT="30">
							<String ID="string_301" HPOS="237" VPOS="1438" WIDTH="126" HEIGHT="29" WC="0.92" CONTENT="mogenhet"/><SP WIDTH="27" VPOS="1438" HPOS="363"/>
							<String ID="string_302" HPOS="390" VPOS="1438" WIDTH="42" HEIGHT="22" WC="0.92" CONTENT="och"/><SP WIDTH="29" VPOS="1438" HPOS="432"/>
							<String ID="string_303" HPOS="461" VPOS="1438" WIDTH="95" HEIGHT="29" WC="0.91" CONTENT="politisk"/><SP WIDTH="27" VPOS="1438" HPOS="556"/>
							<String ID="string_304" HPOS="583" VPOS="1437" WIDTH="110" HEIGHT="23" WC="0.96" CONTENT="karaktär"/><SP WIDTH="24" VPOS="1437" HPOS="693"/>
							<String ID="string_305" HPOS="717" VPOS="1438" WIDTH="30" HEIGHT="22" WC="0.93" CONTENT="ha"/><SP WIDTH="25" VPOS="1438" HPOS="747"/>
							<String ID="string_306" HPOS="772" VPOS="1438" WIDTH="53" HEIGHT="28" WC="0.92" CONTENT="föga"/><SP WIDTH="18" VPOS="1438" HPOS="825"/>
							<String ID="string_307" HPOS="843" VPOS="1439" WIDTH="148" HEIGHT="27" WC="0.96" CONTENT="gemensamt."/>
						</TextLine>
						<TextLine ID="line_37" HPOS="237" VPOS="1472" WIDTH="755" HEIGHT="29">
							<String ID="string_308" HPOS="237" VPOS="1472" WIDTH="55" HEIGHT="22" WC="0.92" CONTENT="Men"/><SP WIDTH="27" VPOS="1472" HPOS="292"/>
							<String ID="string_309" HPOS="319" VPOS="1473" WIDTH="95" HEIGHT="22" WC="0.91" CONTENT="framför"/><SP WIDTH="28" VPOS="1473" HPOS="414"/>
							<String ID="string_310" HPOS="442" VPOS="1473" WIDTH="42" HEIGHT="22" WC="0.96" CONTENT="allt"/><SP WIDTH="21" VPOS="1473" HPOS="484"/>
							<String ID="string_311" HPOS="505" VPOS="1473" WIDTH="84" HEIGHT="22" WC="0.93" CONTENT="saknas"/><SP WIDTH="19" VPOS="1473" HPOS="589"/>
							<String ID="string_312" HPOS="608" VPOS="1473" WIDTH="105" HEIGHT="21" WC="0.91" CONTENT="hällbara"/><SP WIDTH="18" VPOS="1473" HPOS="713"/>
							<String ID="string_313" HPOS="731" VPOS="1472" WIDTH="102" HEIGHT="29" WC="0.96" CONTENT="grunder"/><SP WIDTH="18" VPOS="1472" HPOS="833"/>
							<String ID="string_314" HPOS="851" VPOS="1472" WIDTH="36" HEIGHT="21" WC="0.96" CONTENT="för"/><SP WIDTH="18" VPOS="1472" HPOS="887"/>
							<String ID="string_315" HPOS="905" VPOS="1473" WIDTH="33" HEIGHT="20" WC="0.93" CONTENT="ett"/><SP WIDTH="18" VPOS="1473" HPOS="938"/>
							<String ID="string_316" HPOS="956" VPOS="1478" WIDTH="36" HEIGHT="21" WC="0.92" CONTENT="sy-"/>
						</TextLine>
					</TextBlock>
				</ComposedBlock>
				<ComposedBlock ID="cblock_2" HPOS="307" VPOS="1516" WIDTH="430" HEIGHT="23">
					<TextBlock ID="block_3" HPOS="307" VPOS="1516" WIDTH="430" HEIGHT="23">
						<TextLine ID="line_38" HPOS="307" VPOS="1516" WIDTH="430" HEIGHT="23">
							<String ID="string_317" HPOS="307" VPOS="1516" WIDTH="219" HEIGHT="23" WC="0.92" CONTENT="Grundlagsutskottets"/><SP WIDTH="14" VPOS="1516" HPOS="526"/>
							<String ID="string_318" HPOS="540" VPOS="1517" WIDTH="119" HEIGHT="17" WC="0.92" CONTENT="betänkande"/><SP WIDTH="13" VPOS="1517" HPOS="659"/>
							<String ID="string_319" HPOS="672" VPOS="1517" WIDTH="37" HEIGHT="18" WC="0.91" CONTENT="N:o"/><SP WIDTH="13" VPOS="1517" HPOS="709"/>
							<String ID="string_320" HPOS="722" VPOS="1517" WIDTH="15" HEIGHT="16" WC="0.96" CONTENT="1."/>
						</TextLine>
					</TextBlock>
				</ComposedBlock>
			</PrintSpace>
		</Page>
	</Layout>
</alto>
