1098 1742
341 152 29 22 U.
386 153 28 21 B.
431 165 27 3 —
473 152 74 28 Prop.
564 152 40 22 N:o
622 152 19 22 1.
846 152 27 20 23

112 220 99 22 skrifven
223 220 41 22 och
279 220 84 22 säledes
379 221 40 21 ock
436 221 85 26 enhvar,
532 228 46 14 som
594 220 73 22 blefve
683 220 94 28 delaktig
792 220 23 21 af
830 220 41 21 den

114 255 108 21 allmänna
244 257 121 25 rösträtten,
387 255 86 29 skyldig
495 258 31 18 att
547 255 86 28 erlägga
654 255 218 28 mantalspenningar,

115 290 73 21 hvilka
197 290 6 21 i
212 289 99 22 städerna
320 291 75 27 utgöra
406 293 59 18 snart
480 290 63 28 sagdt
558 290 42 21 den
616 289 55 22 enda
682 289 82 21 direkta
776 290 57 21 skatt
842 289 30 21 till

113 327 78 18 staten.
221 324 52 21 Men
288 324 74 28 hvarje
378 324 140 28 medborgare
533 323 68 22 mäste
616 324 69 21 tillika
700 324 32 21 till
751 327 69 19 staten
837 324 37 20 be-

116 358 44 22 tala
181 358 39 21 tull
236 358 40 22 och
299 366 69 13 annan
383 358 94 22 indirekt
492 358 57 22 skatt
565 358 32 21 till
613 358 119 29 mängfaldt
754 358 66 29 högre
836 358 36 21 be-

114 393 52 28 lopp
188 394 26 20 än
231 392 43 27 det,
292 392 87 22 hvartill
394 392 41 22 den
451 392 181 22 kommunalskatt
647 394 71 26 stiger,
733 392 34 22 för
783 393 88 22 hvilken

116 426 112 22 Utskottet
249 427 37 21 vill
298 427 78 28 bevilja
392 428 93 20 rösträtt.
514 427 13 21 1
542 427 90 28 Sverige
647 427 39 21 har
701 427 37 21 det
753 427 120 26 beräknats,

115 464 34 18 att
171 468 25 14 en
216 462 80 27 burgen
319 461 98 21 arbetare
433 461 47 21 med
496 461 68 29 familj
580 461 41 21 och
636 461 49 21 med
702 469 25 13 en
742 461 130 22 ärsinkomst

116 496 128 28 uppgäende
266 496 32 21 till
318 496 99 28 omkring
433 497 40 20 900
490 496 79 21 kronor
584 496 52 21 eller
652 497 60 25 1,260
728 496 65 27 mark,
807 496 65 28 jämte

114 530 76 22 hustru
205 531 41 21 och
261 532 80 20 tvänne
357 530 51 22 barn
424 530 114 22 förbrukar
554 538 68 18 varor,
632 530 35 21 för
682 530 73 22 hvilka
764 531 67 27 enligt
839 530 35 28 låg

116 565 118 28 beräkning
255 565 96 28 erlägges
374 566 6 20 i
402 564 94 22 indirekt
518 565 59 21 skatt
600 566 40 20 133
665 565 77 21 kronor
764 565 52 21 eller
831 566 41 20 186

115 599 61 21 mark
198 599 87 28 årligen.
314 599 78 21 Denna
418 599 117 28 beräkning
561 599 42 21 kan
624 602 51 18 utan
691 600 78 21 tvifvel
784 599 24 21 sä
823 600 51 20 nära

116 633 106 29 tillämpas
238 634 64 21 äfven
318 634 29 28 pä
362 633 51 22 vära
428 633 155 27 förhällanden,
599 637 31 17 att
646 641 48 14 man
706 634 116 28 ingalunda
830 633 42 21 kan

117 668 62 28 pästä
194 671 30 18 att
240 668 32 27 de,
288 675 45 14 som
354 668 47 28 gätt
416 668 42 21 fria
473 668 48 21 frän
537 668 255 28 kommunaltaxeringen,
807 668 64 22 äfven

115 702 49 28 gått
173 702 41 21 fria
224 702 47 21 från
282 702 28 21 all
321 702 152 28 skattetunga.,
488 702 49 22 Och
552 702 96 26 taräman
664 703 6 20 i
687 702 145 26 betraktande,
842 705 33 18 att

115 736 67 21 äfven
197 736 67 22 andra
278 736 137 28 betungande
430 736 180 28 samhällsplikter
625 736 67 22 finnas
708 738 26 20 än
751 736 32 28 de,
799 736 75 22 hvilka

116 771 73 21 kunna
204 770 102 29 fullgöras
323 772 6 20 i
345 771 55 21 form
416 771 23 21 af
453 771 63 26 skatt,
532 770 24 22 sä
571 771 42 21 kan
629 770 37 22 det
681 772 18 27 ej
716 771 38 21 alls
762 771 108 21 försvaras

115 807 33 19 att
163 804 42 22 läta
221 805 87 28 politisk
323 807 88 19 rösträtt
427 805 66 29 köpas
509 805 49 21 med
574 805 187 22 kommunalskatt.

187 839 54 21 Lika
256 840 47 20 litet
317 840 83 21 hållbar
415 842 24 18 är
455 840 40 21 den
512 840 173 28 uppfattningen,
696 842 32 19 att
742 840 133 28 delaktighet

116 874 7 21 i
132 874 177 29 landtdagsvalen
325 875 18 28 ej
360 874 71 22 kunde
449 874 88 29 beviljas
554 874 66 22 andra
631 876 27 19 än
666 874 54 28 dem,
730 874 72 22 hvilka
809 874 67 22 hafva

116 909 88 20 rösträtt
226 909 7 20 i
249 909 135 21 kommunala
400 909 163 28 angelägenher.
593 903 73 27 Äfven
683 910 5 19 i
706 909 64 21 andra
786 909 50 21 land
852 911 24 18 är

114 942 39 22 det
176 943 18 28 ej
219 943 102 28 ovanligt,
343 947 32 18 att
395 943 36 22 vid
447 944 62 21 sidan
525 943 22 22 af
563 943 77 22 allmän
657 944 86 27 politisk
759 945 94 24 rösträtt,
870 944 6 20 i

119 977 141 22 betraktande
281 978 23 21 af
316 977 41 22 den
374 978 135 21 kommunala
525 979 121 26 ekonomin,
662 985 25 14 en
703 985 75 21 genom
795 978 80 21 förmö-

114 1011 170 28 genhetscensus
301 1012 124 28 begränsad,
441 1013 21 28 ja
477 1015 14 18 t.
507 1020 19 13 o.
542 1021 26 13 m.
580 1013 66 28 enligt
654 1012 222 28 förmögenhetsskala

114 1045 105 29 graderad
236 1046 123 21 kommunal
374 1048 89 20 rösträtt
478 1047 128 21 bibehållits.

98 1109 1 3 |
185 1080 34 21 De
235 1081 52 26 skäl,
296 1081 48 21 med
360 1081 72 22 hvilka
449 1081 113 22 Utskottet
577 1081 33 21 för
626 1082 32 21 sin
674 1081 35 22 del
725 1089 24 13 ur
764 1081 109 28 synpunk-

115 1117 38 18 ten
169 1114 23 21 af
206 1114 38 21 det
259 1115 107 21 allmänna
382 1115 60 22 bästa
457 1117 112 20 motsätter
584 1116 33 27 sig
638 1115 76 22 allmän
730 1117 92 25 rösträtt,
838 1117 37 19 äro

116 1149 49 21 icke
188 1148 67 22 häller
278 1149 113 22 bindande.
421 1149 30 22 Sä
466 1151 23 19 är
501 1149 61 22 fallet
577 1149 48 22 med
641 1150 129 28 antagandet
784 1153 32 18 att
832 1149 42 22 den

115 1182 176 29 själfständighet
306 1183 41 22 och
362 1184 37 21 det
415 1185 90 20 intresse
521 1184 34 21 för
570 1184 108 21 allmänna
688 1184 187 28 angelägenheter,

115 1216 74 22 hvilka
215 1219 75 26 utgöra
313 1217 140 28 oundvikliga
478 1218 178 29 förutsättningar
670 1218 35 21 för
720 1220 42 20 rätt
776 1218 96 22 använd-

116 1251 52 28 ning
183 1251 23 21 af
222 1252 86 27 politisk
333 1254 92 25 rösträtt,
442 1252 77 28 skullej
535 1253 67 21 finnas
626 1253 73 27 ofvan,
716 1261 45 14 men
778 1253 44 21 helt
834 1253 41 21 och

116 1285 67 21 hållet
198 1286 78 21 saknas
292 1286 68 21 under
376 1289 31 18 ett
423 1287 54 21 visst
492 1287 149 21 skattestreck.
672 1287 65 22 Detta
752 1287 122 28 antagande

114 1321 26 20 är
164 1319 88 22 alldeles
277 1320 142 29 godtyckligt.
450 1321 42 28 Eni
507 1323 68 20 större
591 1321 149 28 förmögenhet
755 1323 63 27 utgör
832 1321 44 21 lika

116 1353 48 22 litet
184 1355 83 27 garanti
283 1355 33 20 för
332 1355 37 21 det
384 1362 40 14 ena
440 1363 45 14 som
501 1355 34 22 för
550 1355 37 21 det
599 1355 71 22 andra.
696 1355 108 22 Utskottet
816 1355 59 21 med-

113 1388 74 27 gifver
208 1389 22 28 ju
245 1389 41 21 ock
303 1389 27 28 på
345 1389 30 21 tal
391 1397 34 14 om
442 1389 121 22 röstskalan
579 1389 48 28 (sid.
643 1391 41 26 26),
702 1393 43 18 »att
760 1390 41 21 den
817 1389 58 22 olika

116 1422 177 28 förmögenheten
309 1425 23 19 är
348 1426 30 18 ett
393 1423 72 22 alltför
481 1424 125 28 bristfälligt
621 1424 53 21 mått
690 1424 34 21 för
731 1423 145 22 bedömandet

112 1456 27 21 af
161 1456 42 22 den
226 1457 90 22 relativa
339 1458 100 28 politiska
463 1458 142 28 mogenheten
629 1459 125 21 valmännen
771 1458 103 22 emellan>

190 1503 195 22 Grundlagsutskottets
398 1503 111 18 betänkande
523 1506 37 15 N:o
573 1505 15 16 1.
