1092 1745
218 151 40 21 124
444 152 28 22 U.
489 152 27 22 B.
532 165 26 2 —
575 152 72 28 Prop.
664 152 41 22 N:o
721 152 22 22 5.

216 220 58 21 sidor
298 228 34 13 om
356 220 100 29 landsväg
478 220 128 29 borthuggas
629 220 33 22 till
687 222 28 26 1,5
738 223 76 18 meters
837 220 68 22 bredd
927 220 46 21 från

216 257 56 25 yttre
297 254 138 22 dikeskanten
459 255 57 26 eller,
531 255 38 21 där
591 255 50 21 dike
657 255 18 27 ej
692 255 73 26 finnes,
780 254 32 22 till
829 262 25 14 en
869 254 68 22 bredd
951 254 23 21 af

217 289 13 20 3
246 292 67 18 meter
328 288 46 22 från
390 291 77 27 vägens
482 289 57 21 kant.
563 289 198 27 Verkställigheten
777 288 60 22 häraf
852 288 122 22 ankommer

217 322 13 22 å
245 322 139 29 väghållaren,
406 323 71 22 därest
500 324 18 27 ej
542 324 123 28 jordegaren
687 323 77 21 önskar
786 323 121 21 densamma
930 330 43 13 om-

217 357 89 28 besörja.

573 428 11 26 s
601 428 18 19 9.

288 483 54 22 Med
356 484 108 28 jordegare
480 484 56 21 afses
552 485 6 20 i
574 484 69 21 denna
658 484 34 29 lag
707 491 61 22 egare
783 483 40 22 och
838 483 136 22 innehafvare

218 517 22 21 af
255 517 133 29 själfständig
402 519 151 28 jordlägenhet.

571 613 12 25 s
599 611 32 21 10.

289 667 97 29 Stängsel
405 668 34 21 må
454 668 36 21 vid
506 668 101 28 landsväg
623 668 40 21 och
680 668 68 28 byväg
763 667 48 21 icke
826 667 88 21 inrättas
930 669 45 18 när-

219 709 57 14 mare
298 704 25 19 än
339 703 29 26 0,5
384 706 66 18 meter
465 703 46 20 från
526 705 55 26 yttre
597 702 139 22 dikeskanten
751 701 51 22 eller
818 702 11 21 1
846 704 67 19 meter
929 701 46 21 från

220 738 78 26 vägens
312 739 56 25 yttre
384 737 56 26 kant,
456 737 38 21 där
508 737 49 21 dike
573 737 18 27 ej
607 737 74 21 finnes.

288 770 26 28 Ej
338 770 35 21 må
394 770 125 22 hädanefter
542 771 71 21 utmed
634 771 103 28 landsväg
752 770 27 29 på
794 770 82 22 mindre
891 769 84 22 afstånd

219 806 26 19 än
262 806 12 20 3
290 808 68 18 meter
372 805 46 21 från
434 808 78 26 vägens
528 806 51 21 kant
595 806 99 28 byggnad
709 805 107 29 uppföras.

571 905 12 26 $
600 905 32 19 11.

288 966 83 28 Nödigt
409 967 85 22 område
524 967 33 21 för
586 967 126 28 anläggning
741 967 39 21 och
813 966 109 22 underhåll
953 966 23 21 af

219 999 103 29 landsväg
337 1001 39 21 och
392 1001 70 28 byväg
477 1001 60 27 skall,
548 1001 38 22 där
601 1002 18 27 ej
636 1001 213 22 öfverenskommelse
862 999 49 22 med
920 999 56 28 jord-

219 1041 77 21 egaren
311 1035 42 21 kan
368 1035 82 25 träffas,
467 1036 150 28 exproprieras.

288 1069 124 28 Ersättning
433 1069 33 21 för
489 1069 42 22 fast
546 1070 108 28 egendom,
670 1077 44 14 som
730 1070 146 28 exproprieras
892 1069 33 20 för
941 1076 35 13 an-

219 1103 101 28 läggning
335 1103 23 21 af
373 1103 107 29 landsväg,
495 1103 60 29 utgär
571 1104 22 21 af
608 1104 105 21 allmänna
728 1103 75 22 medel.

288 1137 46 28 Lag
356 1145 79 14 samma
457 1145 49 14 vare
527 1138 134 21 beträffande
677 1138 109 29 jordegare
801 1137 128 22 tillbörande
945 1144 31 13 er-

218 1172 94 28 sättning
334 1171 34 22 för
390 1172 150 28 inskränkning
555 1173 7 20 i
578 1172 153 29 nyttjanderätt
752 1172 33 21 till
801 1171 59 22 mark
876 1171 28 28 pä
919 1173 57 19 ömse

218 1205 58 22 sidor
290 1213 35 14 om
340 1206 102 29 landsväg
457 1207 39 21 och
512 1207 33 20 för
561 1207 126 28 anläggning
702 1206 23 21 af
740 1206 114 29 spängväg,
870 1213 44 14 som
934 1205 42 21 för-

218 1240 82 21 medlar
315 1240 138 22 samfärdseln
469 1240 88 22 socknar
573 1241 95 21 emellan.

570 1328 11 27 s
598 1328 32 20 12.

287 1390 26 28 Ej
334 1390 35 21 mä
390 1390 212 28 vägbyggnadsämne
617 1394 60 24 tagas
694 1390 47 21 från
757 1397 79 14 annans
851 1389 60 21 mark
928 1392 49 18 utan

216 1423 136 29 jordegarens
374 1424 101 21 tillstånd.
505 1424 45 21 Där
573 1424 64 21 behof
659 1426 61 26 göres
743 1423 23 22 af
787 1423 134 28 jordomräde
944 1423 33 20 för

217 1465 65 20 grus-,
298 1458 68 26 sand-,
381 1461 56 18 sten-
452 1459 39 21 och
514 1459 82 28 lertägt,
617 1459 78 20 inlöses
717 1458 75 21 sädant
810 1457 87 22 omräde
913 1457 65 28 enligt

288 1504 48 23 Lag-
349 1505 32 16 och
394 1504 184 18 Ekonomiutskottets
591 1504 110 18 betänkande
714 1504 37 17 N:o
764 1505 17 16 4.
