1092 1748
368 148 22 23 U.
407 148 22 22 B.
446 161 27 3 —
489 148 61 27 Prop.
567 147 35 22 N:o
618 147 22 22 6.
827 148 27 19 39

129 213 64 21 mitet
208 212 91 21 vunnits
315 211 52 22 med
378 211 39 22 det
427 211 73 22 under
510 213 27 19 48
548 211 14 28 $
573 211 7 20 i
590 210 171 29 propositionen
771 210 112 21 förekom-

130 247 80 20 mande
221 246 42 21 och
271 245 86 28 jämväl
366 245 25 22 af
400 246 112 21 utskottet
522 245 8 21 i
538 247 32 19 ett
579 247 69 19 annat
656 244 164 28 sammanhang
828 251 55 20 upp-

128 283 71 26 tagna
213 280 142 28 stadgandet,
372 282 33 19 att
419 287 36 14 om
465 279 269 29 lägenhetsinnehafvare
744 278 52 21 med
806 278 77 21 veder-

128 315 85 28 börligt
228 315 101 21 tillständ
343 315 111 28 uppodlat
466 314 92 28 oländig
569 313 64 22 mark
644 313 53 22 eller
708 313 50 21 fällt
768 314 79 20 vatten
857 320 26 13 ur

128 349 34 28 sjö
178 349 51 22 med
244 349 73 21 vilkor
333 351 33 19 att
382 349 44 21 den
442 349 70 25 mark,
524 355 48 14 som
583 347 67 22 däraf
659 347 76 22 blifvit
746 347 136 28 odlingsbar,

129 384 57 21 skall
205 383 98 21 enskildt
325 383 92 22 tillhöra
439 383 57 21 hans
519 383 113 28 lägenhet,
656 382 74 21 denna
750 381 64 22 mark
830 381 53 21 eller

128 418 53 21 fullt
197 418 107 27 vederlag
319 417 8 21 i
342 417 46 22 lika
403 418 38 21 väl
456 417 85 22 häfdad
555 417 52 28 jord
622 417 58 21 skall
691 417 105 27 tilläggas
808 416 75 28 lägen-

128 453 68 20 heten
216 452 90 21 utöfver
326 452 38 21 det
383 452 135 28 egobelopp,
534 452 74 21 denna
624 451 71 28 enligt
711 451 172 28 delningsgrun-

130 487 44 20 den
190 487 141 22 tillkommer.
354 481 79 26 Äfven
448 487 7 20 i
471 489 33 18 ett
520 488 69 19 annat
604 485 106 22 afseende
726 493 54 30 eger
794 484 89 22 skilnad

129 529 49 13 rum
199 522 95 20 emellan
315 523 27 19 49
358 521 14 29 8
388 521 43 21 och
453 521 150 21 förevarande
618 520 127 29 paragraf
737 516 15 38 i
760 520 123 21 utskottets

128 556 93 28 förslag.
244 557 27 19 49
287 556 14 28 &
317 556 91 28 stadgar
428 556 121 28 nämligen,
573 557 32 19 att
628 555 78 27 intaga
728 554 57 22 skall
802 556 30 26 gå
849 554 35 20 till

129 590 69 21 skifte
216 592 55 19 utan
293 590 108 28 vederlag
424 590 54 21 eller
501 590 131 28 ersättning.
663 589 79 28 Enligt
761 589 122 21 utskottets

129 625 86 27 förslag
231 626 47 19 åter
293 624 46 21 kan
355 624 128 28 ersättning
496 624 36 22 för
542 626 13 19 å
565 624 94 28 intagan
670 624 66 28 gjord
746 623 138 27 förbättring

128 660 91 20 komma
235 659 8 21 i
262 659 70 28 fråga.
364 658 142 29 Stadgandet
523 659 8 20 i
546 660 14 19 4
575 659 13 28 &
606 660 26 19 10
654 658 51 28 kap.
721 658 27 21 B.
763 658 26 20 B.
806 658 77 20 därom

129 696 33 19 att
182 693 82 27 arbete,
288 700 47 14 som
350 693 105 28 nedlagts
471 695 13 19 å
499 695 55 19 utan
569 693 36 21 lof
618 692 66 29 gjord
700 692 83 28 intaga,
800 695 25 18 är
839 692 44 21 för-

129 728 101 25 verkadt,
250 735 53 21 eger
325 727 115 28 nämligen
463 728 106 28 giltighet
588 728 80 20 endast
683 727 51 21 med
748 726 107 22 afseende
871 727 13 19 å

130 762 43 21 den
191 762 160 28 ursprungliga
374 762 142 28 uppodlaren
539 770 51 13 men
614 765 24 18 är
659 762 100 21 däremot
774 761 50 21 icke
839 760 44 21 till-

128 796 104 28 lämpligt
247 798 12 19 å
274 797 50 25 den,
345 804 48 14 som
412 799 47 19 mot
477 796 109 28 vederlag
605 796 127 22 förvärfvat
750 796 35 28 sig
807 796 76 27 lägen-

128 831 75 25 heten,
219 831 71 21 under
305 831 93 21 hvilken
413 831 95 28 intagan
524 831 99 21 brukats.
646 830 54 22 Med
712 830 106 21 afseende
829 829 55 21 härå

129 865 40 22 har
185 866 110 21 utskottet
310 866 33 20 uti
358 865 172 28 ifrågavarande
546 868 12 19 5
574 865 14 29 &
604 865 116 21 tillerkänt
735 872 32 21 ny
783 871 66 21 egare
861 863 25 22 af

128 900 113 27 lägenhet,
258 907 48 14 som
321 899 130 22 förvärfvat
467 901 130 20 densamma
611 902 47 19 mot
668 899 114 28 vederlag,
794 900 45 19 rätt
849 898 35 21 till

128 934 145 28 godtgörelse
288 935 36 21 för
340 934 28 22 de
384 935 128 25 kostnader,
529 941 76 15 som
589 929 15 38 å
620 934 94 28 intagan
728 933 111 28 nedlagts.

197 971 12 19 6
226 969 20 28 8,
257 969 64 21 hvari
332 969 92 28 stadgas
435 977 28 13 en
475 969 91 29 speciell
577 968 180 29 delningsgrund
768 968 36 22 för
814 968 69 21 skatt-
941 972 12 17 6
965 972 17 22 8.

128 1003 54 38 lagd
197 1003 76 28 utjord
289 1004 54 20 eller
358 1004 138 27 utbysskatt,
513 1006 74 19 såsom
602 1003 62 21 detta
679 1003 49 28 slag
740 1002 26 22 af
774 1001 145 29 fastighet(5l
928 1001 27 23 $i
967 1001 62 22 prop.)

129 1046 7 12 i
151 1037 294 29 landtmäterireglementet
464 1038 129 25 benämnes,
614 1038 41 21 har
670 1038 35 21 sin
720 1036 165 28 motsvarighet

128 1072 7 20 i
152 1074 25 19 51
194 1072 13 28 8
224 1073 7 20 i
246 1072 177 28 propositionen.
453 1072 63 21 Enär
536 1072 51 21 med
607 1071 182 29 öfverloppsjord
804 1071 8 21 i
828 1073 26 19 51
870 1070 14 28 $

128 1106 26 21 af
171 1107 170 28 propositionen
363 1107 78 21 kunde
465 1106 83 22 förstäs
567 1106 79 22 endast
665 1107 70 20 sädan
750 1106 70 24 mark,
837 1112 48 14 som

129 1142 94 20 äterstär
243 1141 69 21 sedan
335 1141 183 28 samfälligheten
537 1140 126 22 tillskiftats
679 1141 60 21 hvad
755 1140 130 22 densamma

128 1174 82 26 tillbör,
231 1176 80 20 medan
335 1176 44 21 den
394 1176 7 20 i
416 1176 138 28 paragrafen
573 1175 147 22 omförmälda
740 1177 45 19 rätt
800 1174 36 22 för
851 1175 34 20 ut-

126 1209 53 27 jord
194 1210 35 20 till
244 1210 96 21 tillskott
359 1210 4 21 i
379 1217 55 21 egor
449 1210 47 21 kan
511 1210 90 21 komma
616 1210 8 20 i
640 1210 146 21 betraktande
798 1208 88 29 jämväl

129 1244 6 20 i
150 1244 39 21 det
203 1244 41 21 fall
259 1246 33 19 att
307 1244 160 28 samfällighet,
484 1252 48 14 som
547 1244 97 28 tidigare
659 1244 119 28 skattlagts
794 1243 43 22 och
853 1244 32 20 sä-

128 1278 69 21 lunda
213 1278 19 28 ej
250 1281 25 19 är
289 1279 154 21 underkastad
459 1279 127 27 afvittring,
598 1279 61 21 inom
670 1278 108 28 ostridiga
788 1280 50 19 räer
848 1277 37 21 be-

128 1312 72 22 finnes
213 1312 122 22 innehafva
347 1320 55 21 egor
412 1313 92 21 utöfver
516 1313 38 21 det
564 1312 82 29 belopp
658 1313 28 21 de
696 1312 102 22 enskilda
808 1312 77 28 lägen-

128 1346 104 22 heternas
257 1347 60 21 skatt
340 1348 93 25 utvisar,
456 1347 42 21 har
521 1347 111 21 utskottet
654 1347 78 28 utbytt
754 1346 71 28 sagda
845 1346 40 21 ord

127 1383 48 20 mot
195 1381 37 22 det
248 1382 71 28 enligt
335 1382 124 21 utskottets
475 1382 93 28 mening
584 1381 108 28 riktigare
707 1381 116 28 uttrycket
839 1397 9 10 ,
853 1380 32 22 öf-

128 1416 122 22 verskott*,

196 1490 50 23 Lag-
259 1490 34 17 och
306 1490 185 18 ekonomiutskottets
504 1491 116 17 betänkande
632 1490 37 18 N:o
684 1491 16 17 5.
