1092 1739
351 146 29 22 U.
397 147 27 21 B.
443 159 22 2 —
483 147 74 28 Prop.
574 147 40 22 N:o
630 147 22 21 5.
853 146 28 22 83

124 215 154 27 sammanhang
303 216 48 21 med
376 216 125 26 uppbörden
526 215 24 22 af
572 216 67 21 andra
663 214 153 29 trafikafgifter,
841 214 39 22 och

124 249 121 28 syftemälet
266 250 68 21 skulle
357 251 75 21 vinnas
455 250 83 22 enklast
554 256 76 21 genom
646 250 141 27 bäkafgiftens
802 250 79 27 förhöj-

124 285 52 26 ning
197 285 50 21 med
269 285 56 21 vissa
347 286 89 26 procent
458 285 68 21 under
546 285 205 21 vintermånaderna.
782 284 99 22 Komiten

124 319 39 21 har
187 319 54 21 dock
256 319 17 27 ej
296 321 53 19 trott
369 320 34 26 sig
418 319 52 21 böra
484 319 79 21 föreslä
578 319 138 27 vidtagandet
731 319 23 21 af
767 320 70 20 denna
851 318 30 22 ät-

126 354 51 26 gärd
200 353 33 21 för
255 354 137 26 närvarande,
415 354 136 21 alldenstund
572 353 172 27 vintersjöfarten
768 356 57 19 ännu
840 353 41 21 kan

126 390 63 25 sägas
212 394 51 15 vara
277 388 54 21 isin
355 388 74 27 början
453 388 38 21 och
513 388 62 21 äfven
597 394 78 16 annars
698 388 38 21 har
757 390 31 20 att
804 388 77 27 kämpa

125 422 49 22 med
190 422 104 22 särskilda
309 422 136 27 svärigheter.

194 457 74 27 Enligt
275 456 102 28 förslaget
387 457 68 21 skulle
466 464 114 20 omsorgen
592 464 34 14 om
639 457 143 21 anstalternas
792 456 90 22 anskaft-

126 492 51 27 ning
193 491 38 21 och
247 491 192 22 vidmakthällande
454 492 73 21 kunna
542 492 86 26 äläggas
644 492 47 20 hela
701 491 182 28 vägbyggnadsla-

128 528 41 24 get,
192 532 25 14 en
241 525 34 21 del
291 524 60 22 däraf
367 526 50 20 eller
433 526 38 21 ock
487 526 55 21 blott
557 526 57 21 vissa
628 526 255 27 vägbyggnadsskyldige,

127 560 107 21 beroende
256 560 27 27 pä
306 560 110 21 behofvets
439 560 145 22 beskaffenhet
602 560 39 22 och
656 560 72 21 hvilka
743 560 22 21 af
778 559 105 22 anstalten

127 594 62 22 hafva
204 597 64 25 nyttä.
298 590 31 25 Är
345 594 89 22 sälunda
448 595 39 21 bro
504 595 50 21 eller
568 594 54 28 färja
637 595 65 27 nödig
715 594 33 22 för
758 594 125 22 samfärdsel

127 629 77 21 mellan
227 629 67 21 skilda
317 629 94 25 socknar,
432 629 39 21 bör
494 630 124 20 densamma
640 629 109 21 betraktas
770 629 73 21 såsom
857 634 26 15 en

128 664 136 21 beståndsdel
293 663 22 22 af
340 663 77 22 allmän
442 663 108 28 landsväg,
572 663 85 22 hvarför
682 664 147 27 skyldigheten
853 664 32 20 att

127 698 151 21 vidmakthålla
301 698 123 21 densamma
438 699 7 20 i
461 698 94 27 enlighet
572 699 50 20 med
638 699 55 20 1883
709 699 35 20 års
759 697 126 27 förordning

127 733 69 21 måste
211 733 86 26 åläggas
313 733 101 26 antingen
430 733 47 21 hela
492 733 210 27 vägbyggnadslaget
722 733 51 21 eller
788 732 55 21 båda
859 731 27 22 de

128 767 164 21 vidkommande
307 767 166 21 kommunernas
484 767 256 27 vägbyggnadsskyldige.
770 766 114 22 Erfordras

129 801 213 28 ötvergängsanstalt,
365 802 76 21 endast
455 801 32 22 för
504 802 70 26 någon
590 802 52 21 eller
657 802 66 26 några
738 802 62 26 byars
815 800 70 26 behof,

127 836 41 21 kan
192 836 50 21 dess
264 836 50 21 vård
337 836 39 21 och
399 836 111 21 underhåll
534 836 17 27 ej
568 836 86 27 åläggas
670 836 67 21 andra
752 838 26 18 än
794 835 26 22 de
835 837 50 24 väg-

124 871 207 26 hyggnadsskyldige
346 871 6 20 i
368 871 63 20 dessa
445 871 59 26 byar.

193 905 42 21 Vid
260 905 165 26 öfvervägandet
447 905 22 20 af
481 905 75 26 frågan
572 911 35 15 om
622 904 149 27 fördelningen
786 904 21 21 af
822 904 59 21 kost-

125 939 94 22 naderna
241 939 32 21 för
296 939 128 21 inrättandet
446 939 39 21 och
511 939 193 27 upprätthållandet
730 939 20 21 af
772 938 109 27 vägöfver-

126 973 169 28 gångsanstalter
310 973 38 22 har
363 974 58 21 inom
436 974 94 21 komitén
546 973 126 27 föreslagits,
688 975 30 20 att
733 973 26 22 de
774 973 107 27 vägbygg-

126 1008 151 27 nadsskyldige
291 1009 66 21 borde
373 1009 31 20 till
419 1008 52 21 fulla
486 1009 100 26 beloppet
602 1008 114 27 godtgöras
732 1008 32 21 för
779 1008 41 21 alla
835 1007 47 21 här-

127 1043 48 21 med
191 1042 101 21 förenade
313 1042 92 27 utgifter.
435 1043 114 21 Komiténs
564 1042 68 22 flertal
648 1043 37 20 har
701 1042 63 21 likväl
780 1042 18 27 ej
815 1043 62 20 anset

128 1077 34 21 det
185 1077 123 21 välbetänkt
330 1079 29 18 att
378 1077 44 21 helt
437 1077 39 21 och
496 1077 66 21 hållet
575 1077 77 26 fritaga
667 1077 156 21 kommunerna
836 1075 47 22 från

128 1118 26 15 en
171 1111 68 26 utgift,
262 1111 63 21 hvars
348 1111 79 21 storlek
443 1112 5 20 i
465 1112 44 21 viss
529 1111 49 22 mån
594 1111 58 21 alltid
668 1111 99 21 kommer
782 1113 31 19 att
825 1109 65 22 blifva

128 1146 108 21 beroende
252 1145 22 22 af
287 1146 26 21 de
335 1146 137 21 kommunala
487 1146 188 27 myndigheternas
691 1145 142 27 förfoganden
849 1144 41 21 och

128 1181 99 20 kontroll.
258 1181 75 26 Någon
357 1182 60 25 nytta
439 1180 38 21 har
498 1181 24 26 ju
546 1181 53 20 dock
622 1179 267 28 skärgårdsbefolkningen

129 1215 59 20 alltid
209 1215 23 20 af
252 1217 31 18 att
305 1221 25 14 en
352 1215 146 26 regelbunden
515 1214 145 27 vintersjöfart
676 1214 160 27 upprätthålles,
851 1212 39 22 och

130 1249 119 27 väsentliga
270 1249 107 21 förmåner
397 1249 88 21 beredes
509 1249 124 22 densamma
653 1249 123 27 derigenom
792 1249 99 26 isynner-

131 1284 36 21 het
183 1284 68 21 under
267 1284 39 21 den
322 1284 31 21 tid
368 1283 23 21 af
404 1284 49 21 höst
468 1284 40 21 och
523 1284 43 26 vår,
584 1284 27 21 då
626 1284 45 20 isen
687 1284 45 20 icke
748 1284 37 20 bär
801 1283 90 25 dragare

132 1318 39 21 och
193 1318 83 22 fordon.
307 1318 73 22 Redan
404 1318 70 21 denna
498 1318 157 27 omständighet
670 1318 113 21 motiverar
799 1315 92 23 tillräck-

131 1353 40 26 ligt
193 1353 26 21 de
237 1352 163 22 vidkommande
421 1352 167 22 kommunernas
604 1352 141 27 förpliktande
760 1354 31 18 att
806 1350 87 26 deltaga

132 1388 6 20 i
154 1387 93 21 nämnda
262 1386 93 27 utgifter.

202 1421 48 21 Den
273 1420 22 22 af
315 1421 94 21 komitén
432 1420 122 28 föreslagna
571 1420 148 28 fördelningen
735 1420 23 22 af
770 1427 30 14 nu
815 1418 78 27 ifråga-

132 1455 80 21 komna
227 1455 116 22 kostnader
358 1456 94 25 innebär,
468 1458 32 18 att
515 1456 76 20 endast
606 1455 79 21 vården
705 1455 38 21 och
758 1453 135 23 underhållet

203 1501 47 23 Lag-
264 1502 32 17 och
308 1501 187 18 Ekonomiutskottets
508 1502 111 17 betänkande
633 1502 37 16 N:o
683 1502 17 16 4.
