1092 1742
240 140 32 38 64
477 146 29 22 U.
522 145 27 23 B.
565 159 27 3 —
607 146 74 29 Prop.
698 146 45 23 N:o
759 146 22 22 5.

240 214 48 21 hela
311 214 71 22 landet
406 215 102 21 förklaras
524 216 56 21 bilda
593 218 30 19 ett
639 216 193 27 vägbyggnadslag.
863 216 82 21 Genom
969 222 26 14 en

240 248 64 22 sädan
321 249 117 27 anordning
454 256 49 15 vore
519 250 116 21 emellertid
652 250 64 21 mälet
731 250 79 21 ernädt.
841 250 102 21 Häremot
959 250 37 21 har

240 282 122 27 visserligen
386 284 69 21 blifvit
469 284 94 26 invändt,
579 284 35 21 det
629 291 24 14 en
671 285 99 20 orättvisa
785 284 47 27 läge
849 284 50 26 däri,
915 287 30 18 att
960 291 37 20 ge-

239 323 50 14 nom
313 317 87 21 berörda
416 318 118 27 anordning
556 321 55 18 stora
635 318 59 21 delar
716 318 22 21 af
760 318 79 26 landet,
854 331 29 2 —
896 318 100 21 särskildt

239 351 63 20 södra
323 351 89 22 Finland
436 365 26 3 —
479 352 68 21 blefve
563 355 95 25 tvungna
674 353 86 21 bekosta
775 353 19 26 ej
812 352 53 22 blott
879 353 46 20 sina
941 359 54 21 egna

238 385 126 28 landsvägar
386 389 50 18 utan
458 386 63 22 äfven
544 387 85 27 bidraga
652 387 31 20 till
707 387 226 28 väghällningstungan
952 389 44 18 sär-

238 419 65 22 skildt
318 421 6 19 i
340 420 40 21 den
404 421 98 28 fattigare
523 421 39 21 och
585 421 54 27 glest
662 421 96 21 bebodda
782 421 96 28 nordliga
895 421 61 22 delen
973 421 21 21 af

238 454 79 25 landet,
339 455 37 20 där
396 455 88 21 sälunda
500 455 123 28 visserligen
640 462 25 15 en
682 456 105 27 sänkning
802 455 22 21 af
839 455 154 28 väghällnings-

238 489 116 21 kostnaden
378 496 48 15 vore
449 492 29 19 att
500 493 85 22 emotse,
609 497 47 14 men
683 491 75 20 endast
779 490 109 27 samtidigt
905 497 45 14 som
967 497 25 14 en

238 524 94 27 stegring
340 524 127 22 härutinnan
480 525 144 27 framtvunges
639 525 7 20 i
662 525 66 28 öfriga
744 525 59 21 delar
818 525 21 20 af
853 525 77 21 landet.
956 525 38 21 Ut-

237 557 79 22 skottet
322 558 38 21 bar
368 559 116 22 emelleriiä
493 561 69 20 ausett
569 562 36 24 att,
610 559 62 22 äfven
680 566 34 14 om
720 559 131 21 sistnämnda
859 559 131 27 antaganden

237 592 105 22 befunnes
358 600 50 14 vara
423 594 48 21 med
487 594 94 27 verkliga
596 594 141 21 förhållandet
755 593 237 26 öfverensstämmande,

237 626 120 22 tillvitelsen
374 627 32 22 för
422 629 98 20 orättvisa
536 629 53 20 dock
605 629 46 20 icke
667 629 40 20 kan
719 635 62 14 anses
793 628 60 21 hafva
867 627 41 28 fog.
928 627 64 21 Detta

237 661 38 20 har
290 664 59 23 synts
365 661 107 22 Utskottet
487 663 80 27 framgå
583 663 64 21 redan
663 663 20 20 af
694 663 26 21 de
731 662 45 21 skäl
787 662 46 21 utaf
843 662 147 27 etisk-politisk

236 697 38 26 art,
289 695 72 22 hvilka
382 697 42 21 tala
439 697 33 21 för
486 699 31 19 att
537 697 112 28 godkänna
669 698 110 27 principen
801 703 33 14 om
860 697 52 20 allas
933 696 58 28 skyl-

237 729 72 27 dighet
324 732 30 19 att
368 730 84 28 deltaga
467 731 7 20 i
490 731 234 28 väghällningstungan.
754 731 50 21 Men
821 737 48 14 man
881 731 38 20 bör
928 731 63 20 också

236 763 77 22 beakta
328 764 35 21 det
378 765 130 22 förhållande
524 768 30 19 att
569 766 82 21 landets
666 772 59 15 mera
740 765 83 27 burgna
834 765 59 21 delar
905 771 86 21 genom-

236 798 85 28 dragits,
343 799 92 22 förutom
459 800 64 21 redan
539 800 63 21 sedan
619 800 58 21 äldre
693 800 54 21 tider
767 799 21 21 af
803 799 108 28 offentliga
927 801 64 25 vägar

236 833 22 20 af
272 833 57 21 olika
351 833 50 28 slag,
422 835 7 20 i
452 841 26 14 en
501 841 74 14 senare
593 834 29 21 tid
643 835 62 20 äfven
727 834 21 21 af
767 834 118 27 järnvägar,
906 833 83 28 byggda

235 867 49 21 med
308 867 112 26 allmänna,
441 869 46 20 från
502 869 77 21 folkets
594 869 41 20 alla
651 868 159 26 samhällslager
825 868 7 20 i
847 868 72 26 hvarje
935 867 55 21 trakt

234 901 22 20 af
270 901 73 21 landet
365 902 169 28 sammanbragta
557 902 67 21 medel
648 903 39 21 och
703 905 30 18 att
748 902 36 20 det
799 902 70 20 därför
885 902 103 27 svårligen

234 935 72 22 kunde
329 942 61 15 anses
409 936 101 22 innebära
526 937 69 27 någon
611 937 106 27 orättvisa,
733 936 46 21 ifall
795 936 32 21 till
843 936 125 27 landsvägar
983 936 6 20 i

234 969 82 22 landets
338 970 80 28 fattiga,
438 971 127 27 nordligaste
583 971 58 21 delar
657 971 109 21 användes
782 977 100 19 summor,
897 977 44 14 som
958 971 31 20 in-

233 1004 58 21 flutit
312 1004 46 21 från
381 1005 138 21 förenämnda
542 1006 133 26 förmögnare
698 1005 79 27 näjder.
808 1004 50 21 Men
883 1004 106 21 Utskottet

233 1038 39 21 har
294 1039 115 21 emellertid
433 1040 61 20 äfven
520 1040 55 21 velat
589 1040 57 27 jäfva
661 1040 128 27 riktigheten
812 1039 21 21 af
849 1039 139 27 nyssberörda

232 1074 125 26 antagande.
383 1074 31 21 Ur
429 1074 40 21 den
486 1074 158 28 undersökning
655 1074 88 21 rörande
755 1073 233 27 väghållningskostna-

232 1108 54 20 dens
306 1108 126 28 fördelning,
447 1115 44 14 som
508 1109 67 27 fogats
591 1109 31 21 till
639 1108 242 25 utskottsbetänkandet,
897 1108 92 26 framgår

232 1142 113 27 nämligen,
361 1144 29 19 att
405 1143 69 27 någon
486 1143 79 27 ökning
580 1143 21 21 af
612 1142 245 28 väghållningsbesväret
866 1142 33 20 för
908 1142 80 27 jorden,

231 1176 70 21 såsom
317 1176 41 21 den
374 1177 48 21 med
439 1177 116 21 detsamma
570 1178 33 20 för
617 1178 131 20 närvarande
766 1178 75 20 främst
863 1176 125 27 betungade,

231 1210 47 21 icke
289 1212 23 19 är
327 1213 29 19 att
372 1210 78 28 befara,
465 1214 49 18 utan
531 1212 84 20 komme
630 1214 90 18 tvärtom
743 1211 80 27 52,29/,
845 1210 21 21 af
888 1210 47 21 hela
953 1211 34 20 det

230 1245 140 27 uppskattade
387 1245 95 22 besväret
504 1246 39 21 och
558 1247 56 25 45,02
621 1246 28 27 %,
665 1246 21 21 af
704 1246 40 21 den
761 1246 12 20 å
792 1246 75 27 jorden
893 1245 33 20 för
941 1247 46 19 när-

230 1279 94 21 varande
339 1280 99 21 hvilande
457 1280 88 21 andelen
562 1280 21 21 af
603 1280 116 21 detsamma
737 1282 30 19 att
791 1280 91 26 aflyftas,
905 1279 80 21 hvadan

228 1314 76 26 jorden
328 1314 66 27 enligt
416 1314 118 21 Utskottets
549 1314 78 28 förslag
643 1315 83 21 komme
749 1316 31 19 att
795 1314 95 27 uppbära
908 1314 43 25 42,7
959 1313 28 26 %

229 1348 22 20 af
266 1348 41 21 den
318 1348 121 22 beräknade
452 1349 227 27 väghållningstungan
690 1349 33 21 för
736 1348 48 22 hela
795 1348 72 21 landet
877 1350 44 18 mot
931 1348 56 20 förut

228 1383 129 21 omnämnda
368 1383 44 27 94,9
420 1383 32 27 9/,.
473 1383 39 21 Till
523 1383 84 27 frågans
618 1384 122 27 ytterligare
756 1382 117 28 belysande
889 1382 97 21 hänvisas

229 1416 53 22 blott
296 1417 33 21 till
345 1417 40 21 den
402 1418 114 20 statistiska
531 1418 90 26 bilagan,
635 1418 85 20 hvarest
735 1417 150 27 minskningen
905 1423 36 21 per
952 1416 32 21 län

227 1449 70 22 finnes
312 1451 151 28 öfverskådligt
478 1451 123 22 framställd.

297 1496 49 23 Lag-
358 1497 33 17 och
404 1497 183 18 Ekonomiutskottets
600 1497 110 18 betänkande
722 1497 39 18 N:o
773 1498 18 16 4.
