1095 1745
242 162 25 18 12
475 161 28 22 U.
520 161 27 22 B.
563 174 27 2 —
607 161 74 28 Prop.
698 161 39 22 N:o
754 160 20 22 1.

241 230 81 23 hvilka
337 231 87 22 valrätt
439 233 21 28 ej
476 231 71 23 borde
566 232 137 28 tillkomma,
719 234 90 27 upptog
824 233 112 28 förslaget
952 240 43 14 ena

241 265 77 22 handa
337 266 145 29 stadganden
495 274 48 15 som
559 267 44 22 den
613 267 25 21 år
650 267 64 21 1885
730 267 35 21 till
780 266 131 23 Ständerna
921 267 74 22 öfver-

241 300 107 22 lämnade
367 301 172 28 propositionen
557 301 61 22 blott
635 301 53 22 med
706 301 44 22 den
769 301 113 22 afvikelse
898 303 41 26 att,
950 309 45 14 me-

241 334 47 22 dan
307 335 74 28 enligt
393 335 126 22 sistnämda
532 336 144 29 proposition
689 335 82 22 endast
783 335 103 29 lagstadt
899 336 96 29 tjänste-

241 369 56 29 hjon
315 369 9 21 i
341 369 148 22 husbondens
513 370 54 22 kost
584 370 119 22 uteslutits
722 370 52 22 från
792 370 93 28 valrätt,
910 370 85 29 ifråga-

242 403 100 22 varande
368 404 119 29 undantag
510 412 32 14 nu
565 405 113 22 bibehölls
697 405 36 22 för
750 404 124 29 lagstadda
898 405 97 28 tjänste-

241 437 57 29 hjon
320 438 159 22 öfverhufvud.
508 438 80 22 Såsom
606 439 77 22 vilkor
701 439 34 22 för
753 441 97 19 rösträtt
867 439 3 21 i
882 439 113 29 Borgare-

242 472 44 22 och
312 472 179 23 Bondestånden
518 473 143 29 uppställdes
679 481 28 14 en
727 474 139 21 årsinkomst
884 474 24 21 af
926 474 70 21 minst

243 507 50 21 500
320 507 65 22 mark
402 508 70 28 jämte
491 508 134 28 skyldighet
644 510 35 20 att
704 509 29 28 på
751 508 77 29 grund
846 508 23 22 af
888 508 107 28 taxering

242 541 96 29 erlägga
356 542 64 22 skatt
437 542 36 22 till
491 542 150 22 kommunens
660 550 168 21 gemensamma
840 542 75 28 behof,
928 542 67 22 hvar-

241 575 42 22 hos
310 576 34 22 för
372 576 79 30 hvarje
477 577 189 29 öfverskjutande
694 577 187 29 inkomstbelopp
903 577 23 21 af
945 578 48 20 500

243 610 65 22 mark
325 611 137 29 ytterligare
481 611 70 22 borde
570 612 129 22 tillkomma
718 620 28 13 en
764 614 49 19 röst
831 611 61 22 ända
910 612 36 20 till
961 611 33 21 tio

242 647 79 20 röster.
349 646 46 21 Det
413 646 81 28 högsta
512 646 121 22 röstetalet
651 646 75 22 skulle
745 646 97 22 sålunda
858 646 70 21 hafva
937 653 58 21 upp-

242 680 64 21 nåtts
324 680 40 21 vid
383 688 28 14 en
429 680 102 22 inkomst
549 681 24 21 af
592 682 72 26 5,000
676 681 71 21 mark.
776 680 46 22 Vid
841 680 105 22 ärendets
957 680 38 21 be-

241 713 116 30 handling
375 715 7 21 i
402 714 100 22 Senaten
519 715 105 28 yttrades
642 716 63 21 olika
723 715 127 29 meningar,
868 715 8 21 i
895 714 39 22 det
960 717 35 19 att

243 748 116 22 särskilda
376 749 131 28 ledamöter,
527 750 8 21 i
554 750 152 21 betraktande
725 750 24 22 af
767 752 35 19 att
821 757 27 14 en
874 749 121 22 valcensus

243 783 23 21 af
285 783 49 21 500
354 784 65 21 mark
437 784 50 22 icke
507 784 65 21 stode
591 785 7 21 i
616 784 123 29 samklang
747 784 52 22 med
809 784 125 22 skattörets
943 787 52 18 när-

242 817 101 22 varande
363 818 64 22 valör
445 819 8 21 i
471 818 27 22 de
525 818 89 22 mindre
641 819 109 21 städerna
763 818 43 22 och
825 820 35 20 att
879 818 116 22 valrätten

243 851 91 23 komme
352 854 36 20 att
405 853 130 21 utsträckas
554 853 36 21 till
609 856 62 19 stora
688 861 102 21 grupper
806 853 22 21 af
838 853 157 28 medborgare,

243 893 49 14 som
318 886 117 22 härintills
462 887 83 22 saknat
569 887 78 28 sådan,
667 887 102 22 önskade
789 887 48 21 dels
856 887 35 22 för
910 887 86 22 valrätt

243 920 38 21 till
309 921 197 28 Borgareständet
533 921 154 22 öfverhufvud
714 921 115 22 fastställa
855 929 81 14 census
959 921 36 21 till

244 955 50 22 800
312 955 73 29 mark,
404 955 48 22 dels
470 956 35 21 för
523 956 107 22 städerna
649 956 152 29 Helsingfors,
812 951 58 32 Äbo,
881 955 114 22 Tammer-

243 989 54 28 fors,
325 989 94 30 Viborg,
447 990 123 29 Uleåborg,
597 991 147 22 Nikolaistad
778 990 42 22 och
850 990 145 29 Björneborg

243 1023 83 29 stadga
345 1031 29 14 en
393 1031 80 15 census
491 1025 24 22 af
533 1025 50 22 800
601 1025 64 22 mark
685 1025 42 22 och
746 1025 35 22 för
808 1025 28 21 de
858 1025 74 28 öfriga
950 1027 45 19 stä-

244 1057 72 23 derna
333 1061 60 19 samt
411 1059 34 22 för
462 1059 176 29 landsbyggden
658 1060 23 21 af
700 1060 49 21 600
759 1059 65 22 mark
835 1059 51 22 med
899 1067 29 13 en
937 1059 59 21 efter

243 1092 123 23 enahanda
384 1093 84 29 belopp
487 1094 106 29 stigande
611 1095 120 21 röstskala.

312 1128 47 21 Det
377 1128 23 22 af
419 1128 100 22 Senaten
537 1129 130 29 uppgjorda
685 1129 112 28 förslaget
806 1128 37 22 till
853 1128 142 29 proposition

243 1169 63 15 vann
324 1162 60 22 dock
403 1163 19 28 ej
442 1163 82 29 nädigt
542 1163 177 29 godkännande,
739 1170 51 15 men
806 1162 52 22 med
869 1162 127 28 anledning

243 1196 24 22 af
285 1196 143 22 Ständernas
454 1197 39 21 vid
521 1198 63 21 1900
609 1198 36 21 ärs
671 1197 114 29 landtdag
809 1197 87 21 aflätna
913 1196 83 22 under-

244 1230 86 29 däniga
349 1232 99 28 petition
467 1239 36 14 om
521 1232 142 29 vidtagande
682 1232 23 22 af
724 1232 114 28 åtgärder,
865 1239 49 14 som
941 1237 55 15 vore

243 1265 89 29 egnade
352 1267 36 20 att
406 1266 103 28 aflägsna
526 1267 63 21 vissa
607 1266 189 29 missriktningar
813 1266 8 21 i
834 1265 125 29 ledningen
973 1265 23 21 af

243 1299 91 22 landets
354 1300 149 29 förvaltning,
522 1300 73 22 erhöll
614 1301 101 22 Senaten
734 1302 61 27 ånyo
814 1300 129 28 befallning
961 1301 36 20 att

243 1333 80 22 skrida
342 1333 37 22 till
397 1335 100 22 revision
517 1335 23 22 af
558 1335 60 22 vissa
637 1335 64 22 delar
720 1335 23 22 af
766 1333 231 29 Landtdagsordnin-

242 1375 53 21 gen,
313 1368 99 22 hvarvid
428 1369 86 28 jämväl
526 1370 82 28 frågan
627 1377 36 14 om
682 1369 130 22 ordnandet
830 1369 23 22 af
871 1370 126 20 rösträtten

242 1402 9 21 i
269 1403 74 28 tredje
363 1403 43 22 och
424 1403 73 29 fjärde
516 1404 97 21 stånden
631 1407 102 26 upptogs
746 1403 37 22 till
792 1403 144 28 behandling
944 1402 53 22 med

242 1436 97 30 ledning
358 1437 24 22 af
400 1445 27 14 en
446 1438 149 22 därförinnan
614 1438 120 22 anordnad
761 1437 145 22 omfattande
932 1437 65 22 stati-

242 1471 59 22 stisk
319 1471 175 30 undersökning
512 1473 97 21 rörande
619 1471 285 24 rösträttsförhållandena
913 1471 8 22 i
931 1471 66 22 dessa

312 1516 217 23 Grundlagsutskottets
543 1517 118 18 betänkande
674 1517 37 18 N:o
725 1519 15 16 1.
