1095 1753
255 161 26 19 66
469 159 21 23 U.
509 159 21 22 B.
547 173 27 3 —
590 160 61 28 Prop.
668 160 35 23 N:o
719 160 21 22 6.

225 221 80 28 afgöra
320 222 42 21 alla
378 223 27 21 de
421 223 83 28 frägor,
520 230 48 15 som
584 223 141 22 beträffande
740 223 180 28 förrättningens
935 230 44 15 om-

225 255 56 29 fäng
296 257 133 28 underligga
446 258 64 21 deras
525 258 115 28 pröfning.

123 295 20 18 10
155 295 18 24 8.
295 293 25 18 10
338 291 13 28 &
367 294 125 19 motsvarar
511 294 27 19 93
554 293 14 28 &
584 293 6 20 i
605 292 172 29 propositionen
795 292 44 21 och
855 292 124 21 innehåller

80 323 29 22 (93
118 324 11 22 $
140 324 6 17 i
156 325 62 22 prop.)
224 325 125 28 stadgande
365 325 58 22 huru
438 326 97 22 förfaras
548 327 58 20 skall
616 327 7 20 i
633 327 38 20 det
681 326 42 21 fall
734 329 32 18 att
778 327 109 27 sakegare
897 329 82 25 vägrar

223 359 122 28 godkänna
370 360 260 29 förrättningsmännens
653 360 73 22 beslut
746 361 8 21 i
773 360 66 28 fräga
862 360 116 29 angäende

224 393 89 22 skiftets
329 394 100 28 omfäng.
460 395 141 28 Paragrafen
616 395 98 28 stadgar,
731 397 33 19 att
779 396 7 20 i
802 397 33 19 ett
848 395 79 21 sädant
937 394 41 22 fall

223 428 70 21 saken
313 428 57 21 skall
386 429 150 21 öfverlemnas
552 430 34 20 till
602 429 235 29 egodelningsrättens
854 429 123 28 afgörande

223 462 43 21 och
284 462 167 29 förrättningen
467 464 139 21 omedelbart
622 464 101 28 afbrytas
738 467 63 18 utom
817 464 76 21 sävidt
908 466 70 26 angär

222 498 103 27 mätning
347 498 43 21 och
412 498 122 28 affattning
556 498 26 21 af
602 498 38 21 det
663 498 114 28 ostridiga.
808 498 53 21 Men
879 498 36 22 för
933 498 43 21 den

222 531 107 22 händelse
345 534 87 26 rägäng
446 532 103 29 pröfvats
565 540 42 21 ega
621 540 55 18 rum,
689 533 57 21 skall
758 533 75 21 denna
844 533 132 21 verkställas

221 566 70 20 innan
307 566 95 22 berörda
412 567 185 21 öfverlemnande
608 568 57 20 sker.
691 567 130 21 Sistnämda
833 567 143 27 bestämning

222 600 122 22 äterfinnes
364 601 49 21 icke
432 602 7 21 i
458 602 176 28 propositionen,
653 602 72 28 enligt
743 602 94 21 hvilken
856 602 65 26 fräga
940 608 36 14 om

222 635 89 22 skiftets
328 636 92 28 omfång,
436 637 57 20 skall
509 644 54 13 vara
578 637 107 27 slutligen
701 636 91 29 afgjord
809 637 69 20 innan
889 638 87 26 rägäng

221 669 36 21 får
272 670 138 21 verkställas.
441 671 117 21 Utskottet
574 671 40 21 har
629 671 58 21 dock
703 673 81 23 ansett,
801 673 34 19 att
850 671 29 21 dä
889 672 87 27 rägäng

221 704 88 21 medför
324 704 118 28 möjlighet
457 705 34 21 till
506 708 53 25 nytt
574 705 86 21 afbrott
670 705 7 21 i
689 705 169 28 förrättningen
871 705 42 21 och
923 708 53 25 nytt

221 739 164 21 sammanträde
401 739 25 21 af
440 739 229 28 egodelningsrätten,
686 740 82 28 frägan
782 746 36 14 om
830 740 89 20 skiftets
931 746 43 14 om-

220 772 57 28 fäng
292 773 7 21 i
314 773 81 21 sädant
410 773 41 21 fall
467 774 44 21 kan
527 776 64 19 anstä
607 774 44 21 tills
667 776 117 26 rägängen
799 774 122 21 verkstälts
933 773 41 21 och

221 806 105 26 därefter,
341 808 7 20 i
364 808 107 21 händelse
486 808 107 28 missnöje
609 811 46 19 mot
671 808 81 26 beslut,
763 808 149 28 hvarigenom
923 810 51 18 räns

221 842 131 28 sträckning
368 842 117 25 faststälts,
502 843 102 25 anmälts,
620 843 2 21 i
633 843 164 27 sammanhang
808 843 93 21 härmed
913 843 60 21 eller,

219 876 7 20 i
241 878 93 19 motsatt
349 876 47 26 fall,
412 877 106 21 särskildt
530 877 25 21 af
564 877 222 28 egodelningsrätten
798 877 99 28 pröfvas.
924 877 49 21 Den

220 911 196 27 omständigheten
436 914 33 18 att
487 912 81 28 frågan
584 919 36 13 om
635 911 89 21 skiftets
740 912 96 27 omfång
853 914 24 18 är
893 914 79 25 öppen,

219 944 92 22 hindrar
331 945 115 28 nämligen
466 946 49 20 icke
535 948 128 26 rågångens
679 946 175 21 verkställande.
887 946 86 20 Genom

218 986 32 14 nu
266 979 100 28 antydda
382 980 129 21 förfarande
527 980 41 21 har
584 980 42 21 den
641 980 74 21 fördel
729 980 101 25 vunnits,
843 982 32 18 att
886 980 87 20 skiftes-

218 1013 174 29 förrättningen,
409 1014 6 21 i
432 1014 43 21 den
491 1014 36 21 del
543 1015 129 21 densamma
687 1015 83 21 hänför
786 1014 35 28 sig
835 1014 33 21 till
879 1014 94 21 bestäm-

217 1048 82 20 mande
317 1048 25 21 af
359 1048 91 21 skiftets
470 1048 94 29 omfång
580 1049 41 20 och
636 1049 188 25 omkretsråerna,
842 1049 79 20 endast
936 1055 36 14 en-

217 1083 63 26 gång
295 1082 109 28 afbrytes.

286 1117 40 21 Uti
344 1119 13 18 2
377 1125 66 13 mom.
465 1119 24 19 10
508 1117 13 28 8
541 1117 40 21 har
599 1117 110 22 utskottet
727 1117 82 28 intagit
828 1117 143 28 bestämning

217 1150 77 22 därom
315 1153 33 19 att
368 1151 49 21 ifall
436 1152 51 21 sökt
506 1152 102 27 nyskifte
626 1152 26 21 af
669 1152 251 28 förrättningsmännen
939 1151 32 22 in-

216 1185 71 25 stälts,
304 1185 43 21 den
363 1186 50 21 med
430 1186 97 21 beslutet
542 1186 121 28 missnöjde
679 1194 53 20 eger
748 1186 49 21 däri
809 1186 55 21 söka
875 1186 96 27 ändring

215 1219 42 21 hos
273 1220 230 28 egodelningsrätten.
534 1221 79 27 Enligt
627 1221 123 20 utskottets
765 1221 69 20 tanke
845 1222 71 19 måste
928 1220 43 21 den

215 1253 165 22 förberedande
403 1255 177 28 undersökning,
599 1262 48 14 som
665 1255 250 27 förrättningsmännen
935 1261 36 14 an-

215 1288 65 21 ställa
295 1289 117 27 angående
429 1289 167 28 behöfligheten
612 1289 25 20 af
648 1289 110 28 nyskifte,
772 1289 113 21 betraktas
897 1290 72 19 såsom

215 1329 27 14 en
259 1323 97 20 afslutad
372 1323 143 28 förrättning.
535 1323 44 21 Vid
595 1323 79 21 sådant
689 1323 145 21 förhållande
851 1323 41 20 har
903 1322 68 21 också

213 1356 262 29 förrättningsmännens
491 1358 106 21 funktion
612 1358 51 21 med
679 1357 171 28 förrättningen
864 1356 105 29 upphört,

214 1393 25 18 så
255 1394 61 18 snart
327 1392 97 21 beslutet
440 1395 24 18 är
475 1392 134 25 meddeladt,
620 1392 43 21 och
673 1392 50 21 dem
735 1392 46 21 kan
794 1392 49 20 icke
852 1391 118 21 åhvälfvas

213 1425 162 28 skyldigheten
390 1429 33 18 att
434 1427 140 20 öfverlemna
586 1427 92 20 ärendet
690 1426 33 21 till
735 1425 233 28 egodelningsrätten.

213 1459 173 28 Propositionen
404 1461 82 20 saknar
501 1461 35 20 för
548 1460 100 28 antydda
659 1460 39 21 fall
711 1460 96 21 särskild
819 1459 150 28 bestämning,

281 1499 51 23 Lag-
346 1500 33 17 och
392 1500 184 18 ekonomiutskottots
589 1500 114 17 betänkande
715 1500 39 18 N:o
768 1501 16 16 5.
