1095 1748
483 125 42 22 N:o
537 125 13 21 6
839 124 29 21 35

140 194 55 21 eller
215 193 25 21 af
257 193 66 21 andel
338 194 8 20 i
362 194 70 27 mark,
449 201 48 14 som
512 193 36 22 för
563 196 142 26 gemensamt
720 193 69 22 behof
809 193 87 21 undan-

139 228 77 28 tagits.

208 262 109 21 Kommer
332 262 71 28 fråga,
420 270 49 14 som
483 262 42 22 här
541 266 24 18 är
579 262 91 28 nämnd,
683 264 34 19 att
727 262 97 28 förfalla,
835 262 61 28 gälle

140 304 37 14 om
192 296 153 22 kostnaderna
360 296 61 22 hvad
436 297 8 21 i
459 297 28 21 86
503 298 12 26 8
538 298 7 20 3
560 304 66 14 mom.
642 296 109 28 stadgats.

490 354 27 21 92
533 355 19 26 8.

208 393 123 22 Användes
347 394 86 28 parcell
448 394 194 28 hufvudsakligen
657 394 37 21 till
709 395 119 28 tomtplats
843 395 54 21 eller

139 428 36 22 för
197 428 132 21 industrielt
351 428 55 22 eller
426 431 71 19 annat
517 429 76 28 dylikt
608 428 111 29 ändamål,
736 430 36 20 må
787 429 44 21 den
846 429 51 21 icke

140 465 55 19 utan
219 470 93 21 egarens
335 463 118 28 samtycke
475 463 9 21 i
506 463 102 29 nyskifte
628 463 113 29 indragas,
757 466 56 19 utan
833 464 24 20 så
873 466 24 18 är

141 500 34 19 att
190 497 70 21 sådan
276 498 148 28 användning
440 498 100 29 vidtagit
556 498 57 22 efter
628 498 38 21 det
681 498 65 28 fråga
762 506 36 14 om
809 498 88 28 nyskif-

139 535 34 19 tet
188 532 98 22 väcktes.

492 574 28 20 93
535 574 19 26 8.

209 612 45 22 Vid
270 612 123 29 afgörande
409 613 25 21 af
448 613 82 29 frågor,
547 621 49 14 som
606 613 8 21 i
624 613 85 22 83—87
721 613 42 22 och
773 613 28 21 89
810 626 13 2 -
831 613 28 21 92
869 614 28 26 $$

140 650 102 25 nämnas,
264 648 63 21 skola
349 647 253 29 förrättningsmännen
624 648 104 21 meddela
750 647 147 29 fullständigt

139 682 124 21 utlåtande.
293 682 69 28 Nöjas
386 682 136 28 delegareno
545 682 112 28 enhälligt
676 682 70 28 derät,
762 685 53 25 tage
834 682 63 28 inge-

140 716 80 22 niören
241 716 63 22 deras
325 716 116 29 skriftliga
456 717 174 27 godkännande,
649 717 43 21 och
706 716 107 29 bestyrke
829 716 68 21 äfven

140 751 59 28 gode
222 754 96 18 männen
341 751 38 21 det
402 751 170 28 godkännande
591 751 51 21 med
662 751 50 21 sina
726 750 171 22 underskrifter.

140 785 136 22 Utlätandet
290 792 53 14 vare
359 786 69 20 sedan
444 786 47 20 lika
512 786 60 28 gildt
587 793 48 14 som
651 786 133 27 delogarene
800 785 96 21 emellan

139 820 118 28 ingången
279 819 106 29 förening
408 820 58 21 efter
488 820 60 21 hvad
567 820 7 21 i
594 820 26 20 19
638 821 12 25 $
671 820 108 28 stadgats.
810 820 88 27 Vägrar

141 854 105 28 delegare
269 854 35 21 sin
325 854 149 28 päteckning,
495 854 59 22 ändä
573 857 34 19 att
625 854 45 21 han
690 854 129 21 utlätandet
837 853 61 22 inför

140 889 139 28 protokollet
301 889 139 28 godkänner,
462 889 67 22 lände
553 889 38 22 det
609 889 47 21 lika
675 889 54 21 fullt
744 889 36 21 till
795 888 102 22 efterrät-

142 923 57 21 telse
216 923 73 21 säsom
304 930 32 14 nu
351 925 24 19 är
391 923 73 28 sagdt.

209 951 33 27 Är
265 957 100 22 deremot
388 957 106 28 delegare
514 957 51 22 med
585 957 129 22 utlätandet
728 957 111 28 missnöjd
855 956 43 21 och

141 991 42 22 vill
204 991 61 29 förty
282 991 18 29 ej
318 991 40 22 sitt
373 991 170 28 godkännande
558 991 96 29 afgifva;
677 991 29 22 dä
721 992 58 21 skall
793 991 105 28 ingeniö-

140 1034 40 13 ren
196 1029 56 18 utan
268 1026 107 28 dröjsmäl
391 1026 37 21 till
445 1026 150 22 ordföranden
607 1027 8 20 i
626 1026 225 28 egodelningsrätten
864 1025 34 21 in-

141 1060 71 21 sända
226 1060 141 28 protokollet
379 1060 72 28 jemte
466 1061 130 21 utlätandet
612 1061 41 21 och
668 1060 95 29 uppgift
778 1061 13 20 å
806 1059 27 22 de
852 1067 46 14 om-

140 1094 52 29 bud,
216 1095 79 21 hvilka
317 1094 69 22 hafva
407 1097 35 19 att
462 1095 41 21 vid
518 1095 167 28 förrättningen
701 1095 88 21 bevaka
804 1094 39 21 det
858 1094 40 21 all-

140 1131 95 19 männas
250 1131 52 19 rätt.

208 1163 74 21 Innan
306 1162 71 29 fråga,
397 1171 50 14 som
469 1163 41 22 här
530 1163 149 28 omförmäles,
695 1163 78 22 blifvit
788 1163 110 28 slutligen

140 1197 98 28 afgjord,
258 1198 38 21 må
318 1197 253 29 skiftesförrättningen
590 1198 50 21 icke
655 1197 123 28 fortsättas,
794 1200 65 19 utom
874 1197 25 21 så

139 1231 51 22 vidt
206 1233 71 27 angår
292 1233 105 28 mätning
414 1233 42 21 och
472 1233 125 28 affattning
611 1232 25 21 af
650 1233 38 20 det
703 1232 116 28 ostridiga.

223 1307 20 20 2.
276 1306 123 29 Ordningen
414 1307 36 27 för
465 1307 177 22 omkretsräernas
657 1307 156 22 bestämmande.

493 1359 28 20 94
536 1360 19 25 8.

208 1397 110 29 Framgär
337 1397 19 29 ej
379 1398 23 21 af
423 1399 37 20 till
475 1399 74 21 hands
564 1399 98 21 varande
677 1399 77 21 kartor
770 1399 42 21 och
827 1398 72 21 hand-

139 1431 83 28 lingar,
234 1434 34 19 att
284 1432 107 29 samtliga
406 1433 50 21 räer
467 1436 62 19 emot
540 1433 156 28 angränsande
707 1433 120 28 skifteslag
837 1432 62 22 förut
