1095 1745
409 129 43 22 N:o
466 130 11 21 1
816 129 13 22 7

171 199 68 22 Valet
258 198 22 22 af
300 199 111 21 elektorer
429 205 53 21 eger
501 206 51 13 rum
568 198 13 21 å
595 200 103 25 stämma,
714 197 94 22 hvilken
822 200 37 19 ut-

103 234 60 27 lyses
178 233 24 21 af
217 232 150 22 ordföranden
382 233 9 20 i
405 232 253 28 kommunalstämman,
674 239 49 14 som
736 232 79 21 dervid
824 232 34 22 fö-

103 275 36 14 rer
154 267 72 28 ordet;
242 267 42 21 och
298 267 115 28 iakttages
428 267 9 20 i
452 267 106 22 afseende
574 267 13 21 å
601 266 71 21 sådan
687 268 96 20 stämma
798 266 60 22 hvad

104 309 37 14 om
162 301 229 22 kommunalstämma
413 302 78 27 gäller,
515 300 76 22 såvidt
614 301 18 28 ej
657 301 9 20 i
685 301 74 21 denna
773 301 87 22 Landt-

104 335 155 29 dagsordning
275 339 23 18 är
314 335 142 22 annorlunda
470 335 113 28 stadgadt.
605 335 131 28 Röstlängd
750 335 36 22 för
799 336 60 21 elek-

104 371 85 20 torsval
205 373 113 25 uppgöres
334 369 23 22 af
371 369 249 22 kommunalnämnden
635 369 43 22 och
688 370 59 21 skall
756 372 102 26 upptaga

104 404 78 28 hvarje
204 404 172 28 valberättigad.
407 404 160 28 Röstlängden
586 404 48 28 bör,
654 411 83 21 genom
756 405 103 20 kommu-

104 438 164 21 nalnämndens
287 438 95 29 försorg,
401 438 70 21 minst
490 438 87 28 fjorton
597 438 70 28 dagar
686 438 72 21 hållas
774 439 13 20 å
801 439 57 20 kun-

105 472 77 29 gjordt
204 473 66 21 ställe
292 472 113 29 framlagd
428 473 42 21 och
492 472 98 22 derefter
609 473 14 20 å
641 473 73 28 utlyst
731 472 35 21 tid
784 475 75 19 senast

105 506 74 29 dagen
194 507 48 22 före
257 508 61 21 valet
332 507 61 22 inför
408 507 248 22 kommunalnämnden
670 508 115 27 granskas.
812 507 48 22 An-

105 541 122 29 märkning
242 544 60 19 emot
316 541 102 28 längden
433 542 64 28 skall,
513 541 36 22 för
564 544 33 19 att
612 541 91 22 komma
717 541 72 22 under
799 541 60 28 pröf-

105 575 62 29 ning,
187 576 40 21 vid
247 575 73 22 denna
335 576 144 28 granskning
493 575 149 28 framställas;
658 576 58 21 dock
731 577 37 20 mä
783 575 76 22 skrift-

105 610 63 28 ligen
184 610 94 22 affattad
294 610 152 28 anmärkning
461 610 68 22 äfven
545 610 146 22 derförinnan
706 611 36 21 till
757 611 103 21 kommu-

105 645 154 21 nalnämnden
268 645 116 21 inlemnas.
409 640 68 26 Öfver
487 645 68 28 gjord
565 645 153 28 anmärkning
728 646 58 21 skall
796 645 63 21 kom-

105 679 193 22 munalnämnden
323 680 12 21 å
359 679 114 28 valdagen
497 679 49 22 före
568 680 62 21 valet
652 679 100 22 afkunna
774 680 86 27 utslag;

106 713 72 22 införe
194 714 42 21 ock
252 716 80 25 genast
347 714 8 21 i
370 714 149 28 röstlängden
535 713 71 22 sådan
620 715 100 27 rättelse,
734 721 48 14 som
792 713 23 22 af
824 716 37 19 ut-

107 749 73 27 slaget
197 747 133 29 föranledes,
351 750 59 19 samt
425 748 138 21 öfverlemne
579 748 69 28 derpä
662 749 147 28 röstlängden
824 749 36 20 till

107 782 151 22 ordföranden
272 783 9 20 i
296 785 117 19 stämman.
443 783 58 21 Före
517 785 123 19 stämmans
657 782 126 23 afslutande
799 783 61 21 med-

107 817 49 21 dele
165 817 150 22 ordföranden
323 819 34 19 att
364 817 86 28 klagan
458 817 19 28 ej
487 817 88 21 mindre
584 817 63 21 öfver
654 817 206 28 valförrättningen

107 855 30 18 än
158 851 63 22 öfver
235 851 257 22 kommunalnämndens
507 852 78 27 utslag
600 851 94 22 rörande
710 852 150 27 anmärkning

107 888 61 19 emot
186 886 147 28 röstlängden
352 885 34 22 fär
405 885 89 22 anföras
512 886 9 20 i
539 886 43 21 den
599 886 103 28 ordning,
718 893 48 14 som
781 886 8 20 i
805 886 26 21 16
847 887 14 25 &

106 919 151 22 föreskrifves.

175 954 35 21 De
228 954 93 22 utsedde
341 954 141 22 elektorerne
502 955 70 27 skola,
591 954 103 22 försedde
712 955 52 21 med
778 955 83 27 utdrag

107 996 27 14 ur
149 989 139 27 protokollet
302 989 95 21 rörande
413 989 166 28 elektorsvalet,
595 988 35 22 för
644 990 38 20 val
698 989 22 21 af
730 989 131 28 landtdags-

107 1030 53 14 man
182 1024 193 21 sammankomma
397 1024 31 27 pä
449 1026 72 19 utsatt
541 1023 35 21 tid
594 1024 42 21 och
654 1024 72 21 ställe.
755 1024 106 21 Elektors

107 1060 94 19 utevaro
216 1060 69 26 utgör
300 1058 19 28 ej
335 1058 81 21 hinder
431 1058 35 21 för
481 1058 212 28 valförrättningen.
719 1058 66 22 Valet
795 1058 66 21 verk-

109 1093 77 21 ställes
208 1092 52 22 med
280 1093 74 21 slutna
374 1092 74 22 sedlar
468 1093 43 21 och
529 1100 54 20 eger
601 1093 80 21 dervid
700 1092 56 22 hvar
775 1093 88 21 elektor

108 1134 28 14 en
150 1130 52 18 röst.

454 1157 12 26 8
483 1156 32 21 14.

176 1196 135 28 Berättigad
331 1198 34 19 att
383 1196 92 28 deltaga
494 1196 9 21 i
521 1196 38 21 val
579 1196 22 21 af
616 1196 86 22 elektor
718 1196 55 21 eller
787 1195 74 22 landt-

108 1230 111 28 dagsman
236 1230 8 21 i
265 1230 82 22 ofrälse
362 1230 68 22 ständ
446 1234 29 25 är,
491 1230 53 22 med
559 1230 149 28 iakttagande
724 1230 22 22 af
761 1230 27 21 de
803 1230 9 21 i
828 1230 34 27 11,

110 1265 27 21 12
155 1265 42 21 och
217 1265 26 21 13
258 1266 27 26 8$
300 1265 110 28 stadgade
426 1265 105 28 grunder,
547 1265 57 21 hvar
619 1265 43 21 och
677 1273 28 13 en
720 1265 35 21 till
771 1264 91 22 ståndet

109 1298 42 21 och
168 1299 155 21 valdistriktet
341 1299 101 21 hörande
461 1300 60 20 finsk
540 1307 60 20 man,
621 1306 48 14 som
687 1299 44 28 fylt
748 1298 113 29 tjugufem

109 1333 29 21 är.
167 1333 66 21 Dock
248 1334 37 20 mä
300 1333 19 28 ej
336 1334 75 21 säsom
426 1333 169 28 valberättigad
610 1340 73 15 anses:

178 1367 50 28 den,
248 1374 49 14 som
315 1367 18 28 ej
354 1367 74 22 under
446 1367 27 22 de
491 1370 34 19 tre
544 1367 148 22 sistförflutna
711 1368 52 21 åren
779 1367 60 21 varit
854 1366 8 21 i

108 1401 78 22 landet
201 1401 171 28 skattskrifven;

178 1435 49 28 den,
244 1443 47 14 som
307 1436 46 21 stär
367 1436 73 21 under
454 1435 196 29 förmynderskap;
