1092 1739
325 145 29 22 U.
371 146 27 21 B.
415 158 26 2 --
457 145 75 28 Prop.
550 145 41 21 N:o
607 144 22 23 5.
838 144 26 20 79

105 214 88 20 hvarom
209 220 29 15 nu
252 216 23 19 är
290 214 65 28 fräga,
372 216 6 20 i
401 215 80 21 hvilket
503 214 101 22 afseende
621 214 111 21 Utskottet
751 215 52 19 trott
821 214 44 20 sär-

106 248 65 21 skildt
190 249 245 27 entreprenadsystemet
450 249 34 21 vid
501 249 129 27 väglagning
646 254 50 15 vara
712 247 23 22 af
751 247 114 27 betydelse,

106 284 51 20 enär
177 282 149 28 fordringarna
345 284 12 20 ä
375 285 139 25 entreprenör
532 284 6 20 i
555 284 64 20 dessa
636 282 137 22 hänseenden
793 282 73 20 kunna

107 316 72 22 ställas
188 317 108 27 'betydligt
306 317 67 27 högre
384 320 26 18 än
419 318 12 20 &
443 318 41 20 den
495 318 31 20 till
540 317 220 27 naturaprestationer
772 316 93 27 pliktige.

107 352 10 20 I
133 350 64 28 öfrigt
211 351 38 21 har
266 352 111 21 Utskottet
392 352 34 21 vid
443 352 139 27 uppgörande
606 351 22 21 af
648 350 138 28 lagförslaget
802 351 6 20 i
826 350 39 21 hit-

107 386 94 21 hörande
215 386 58 21 delar
288 386 55 21 ledts
358 386 21 21 af
394 387 40 21 den
451 386 141 28 uppfattning,
609 388 31 19 att
650 386 62 26 lagen
726 385 65 21 borde
806 385 59 21 inne-

108 420 54 20 hålla
179 420 25 21 de
219 420 106 22 allmänna
339 421 139 27 principerna,
489 428 50 14 men
556 421 23 21 sä
595 421 44 21 vidt
654 420 84 26 möjligt
758 419 67 21 hållas
839 418 27 22 fri

108 454 46 21 från
181 455 195 27 detaljstadganden
401 456 91 20 rörande
519 454 273 28 verkställighetsätgärder
816 456 50 18 utan

110 488 133 28 själfständig
266 490 108 26 betydelse
391 489 32 21 för
447 490 26 20 de
494 490 107 20 allmänna
618 489 174 27 grundsatserna,
816 488 50 20 lika-

110 530 45 14 som
173 524 110 20 Utskottet
298 526 75 24 ansett,
389 524 36 21 det
440 524 119 21 tillkomma
574 524 105 27 styrelsen
695 525 32 19 att
742 524 57 20 inom
811 522 26 21 de
847 520 22 22 af

109 558 62 26 lagen
187 557 86 27 angifna
291 560 116 25 gränserna
427 559 7 20 i
456 559 156 21 administrativ
635 560 42 25 väg
699 557 83 21 utfärda
798 556 70 21 erfor-

110 592 81 27 derliga
206 592 216 27 specialstadganden.
443 593 113 21 Utskottet
567 592 38 21 har
614 592 107 27 nämligen
740 591 58 21 hällit
815 590 51 26 före,

110 629 30 18 att
156 626 36 22 det
206 626 33 21 för
250 627 153 26 vägväsendets
419 627 68 21 sunda
502 627 122 27 utveckling
640 626 100 22 särskildt
754 627 6 20 i
775 625 93 22 tekniskt

110 660 123 22 hänseende
248 667 51 15 vore
310 661 109 27 olämpligt
435 661 39 22 och
490 662 72 21 säkert
578 661 68 22 skulle
660 661 65 21 verka
735 660 132 25 hämmande,

111 701 34 15 om
162 695 127 27 ständerlag,
307 696 62 21 hvars
390 696 109 21 ändrande
514 698 24 19 är
553 695 116 22 förbundet
688 695 49 22 med
752 695 116 27 omgängar

112 730 38 21 och
167 730 134 27 tidsutdrägt,
320 733 94 24 upptoge
429 731 127 20 hithörande
573 730 137 27 stadganden,
722 730 81 21 hvilkas
814 731 55 19 rätta

112 765 55 26 plats
183 771 50 14 vore
256 765 7 20 i
285 771 26 14 en
335 765 154 21 administrativ
512 765 132 26 förordning,
666 771 46 14 som
733 768 49 17 utan
800 765 69 20 större

112 799 132 26 svärigheter
260 799 40 21 kan
316 799 77 21 ändras
408 799 39 21 och
461 799 81 27 lämpas
558 799 54 21 efter
628 799 25 21 de
669 799 119 26 fordringar
812 797 57 22 trafi-

111 833 41 21 ken
169 833 39 21 och
224 839 26 15 en
266 833 61 21 häraf
343 834 113 21 normerad
472 834 40 21 och
522 834 38 21 allt
569 833 107 28 framgent
687 833 33 27 sig
732 832 137 22 utvecklande

113 867 114 27 vägteknik
243 868 95 26 skäligen
355 868 110 27 uppställa.

182 902 104 27 Slutligen
306 902 38 21 har
361 903 112 21 Utskottet
491 905 71 19 ansett
580 903 33 26 sig
628 903 52 21 böra
694 903 7 20 i
717 901 153 27 sammanhang
887 901 116 18 Statsunder-

112 936 49 21 med
174 937 132 20 sistberörda
327 936 72 27 frägor
417 936 117 27 framhälla,
549 939 31 19 att
601 937 111 22 Utskottet
726 937 47 21 icke
788 935 81 22 medels

113 970 166 27 genomförande
295 971 22 20 af
331 971 26 21 de
372 971 122 27 föreslagna
509 971 133 22 reformerna
660 971 64 22 afsett
738 971 132 26 onödiggöra

876 929 39 18 stöd
929 929 30 18 för
967 928 47 23 väg-,

891 958 39 17 bro-
943 962 15 13 o.
970 957 45 24 färj-

877 987 68 22 byggn.-
955 991 15 13 0.
980 990 35 14 om-

112 1005 140 26 regeringens
275 1005 104 22 härintills
400 1005 65 28 följda
489 1006 75 27 politik
580 1008 31 19 att
626 1012 77 21 genom
720 1005 128 26 statsbidrag
863 1005 7 20 i
885 1015 116 22 pyggn.-före-

112 1039 55 21 form
183 1039 22 21 af
219 1039 82 22 direkta
316 1040 116 21 understöd
448 1040 52 21 eller
511 1040 140 27 fördelaktiga
661 1040 35 21 län
708 1039 98 22 befordra
817 1045 53 20 upp-

113 1073 98 21 komsten
227 1073 23 22 af
263 1081 40 20 nya
318 1074 105 27 behöfliga
433 1075 263 25 kommunikationsleder,
712 1073 159 28 synnerligast
861 1069 13 37 i

113 1107 83 22 landets
212 1108 97 27 nordliga
325 1109 38 20 och
379 1109 133 26 nordostliga
527 1109 59 21 delar
601 1109 51 20 eller
668 1108 88 27 företag,
766 1115 45 14 som
826 1107 45 22 afse

113 1142 139 27 omläggning
267 1143 22 20 af
302 1143 58 21 äldre
376 1145 64 25 vägar
455 1143 67 27 enligt
538 1144 70 26 nägon
624 1143 114 27 dyrbarare
752 1143 39 21 och
802 1143 69 20 bättre

113 1177 226 28 vägbyggnadsmetod
360 1177 51 22 eller
433 1178 39 21 ock
492 1178 136 27 ombyggnad
644 1177 22 22 af
680 1178 70 27 nägon
765 1177 106 21 kostsam-

927 1044 36 22 tag.

113 1217 59 14 mare
180 1211 39 21 bro
228 1211 51 21 eller
290 1211 57 28 färja.
368 1212 83 21 Endast
459 1212 37 21 det
506 1212 38 21 har
552 1212 112 21 Utskottet
674 1213 71 20 ansett
756 1212 32 26 sig
796 1210 75 22 härvid
882 1210 53 34 Väg-,
948 1210 40 32 bro-
1001 1215 15 12 o.

114 1245 51 21 böra
184 1245 107 22 bestämdt
310 1246 71 26 uttala,
391 1248 32 20 att
437 1247 36 21 vid
488 1246 118 22 eventuellt
627 1246 118 27 beviljande
760 1245 22 22 af
795 1246 35 20 län
846 1251 25 15 ur
893 1238 103 24 förjafgift.

114 1280 124 21 statsmedel
254 1280 22 21 åt
297 1281 64 27 något
376 1281 51 21 eller
443 1280 100 22 samfäldt
553 1281 67 27 några
634 1280 239 28 vägbyggnadsdistrikt

114 1314 31 21 till
160 1316 114 20 räntornas
285 1315 111 22 betalande
407 1315 51 21 eller
469 1316 69 21 lånets
549 1316 132 26 amortering
692 1316 47 20 dem
750 1316 46 20 icke
808 1314 65 22 måtte

114 1348 89 27 beviljas
213 1350 42 20 rätt
265 1352 32 18 att
307 1350 96 26 uppbära
412 1350 71 26 någon
495 1352 55 24 väg-,
559 1350 48 21 bro-
614 1350 52 21 eller
673 1349 106 27 färjafgift.
790 1350 83 20 Härom

114 1382 38 21 har
167 1383 112 21 Utskottet
293 1383 62 22 äfven
370 1384 75 27 intagit
461 1390 26 15 en
504 1384 114 27 uttrycklig
633 1384 135 26 bestämning
782 1384 7 20 i
804 1383 69 26 lagen.

114 1416 61 22 Dock
179 1418 24 20 är
208 1418 120 26 medgifvet,
335 1420 36 22 att,
378 1418 37 21 där
423 1418 57 27 dylik
486 1418 130 27 befogenhet
622 1418 90 27 tidigare
719 1418 154 22 konstituerats

114 1450 31 22 till
160 1450 83 22 förmån
259 1452 32 21 för
302 1452 53 21 visst
364 1452 190 27 vägbyggnadslag
564 1452 40 22 och
616 1452 64 22 sådan
690 1454 42 20 rätt
742 1451 131 23 fortfarande

184 1497 48 22 Lag-
245 1498 32 17 och
289 1498 188 18 Ekonomiutskottets
487 1498 113 18 betänkande
612 1498 37 18 N:o
662 1499 17 17 4.
