1092 1731
356 153 29 22 U.
401 154 27 20 B.
445 166 25 2 -—
488 152 74 28 Prop.
578 152 43 22 N:o
642 152 23 23 5.
873 151 13 20 9

198 222 42 25 En,
256 229 34 14 om
306 223 41 20 ock
363 222 47 21 icke
426 221 123 22 omedelbar
563 221 109 28 betydelse
684 221 34 21 för
726 221 159 28 väghållnings-
893 219 28 18 Om
933 218 55 17 sättet
1000 217 26 18 att

127 256 103 21 besväret
244 256 66 21 hafva
326 256 99 28 frågorna
441 256 52 21 hvar
509 256 41 21 och
566 255 53 21 huru
636 257 41 26 väg
694 255 37 21 bör
748 255 79 28 byggas
843 254 41 21 och

127 290 144 21 underhållas.
300 290 81 21 Härom
404 290 117 21 innehåller
536 291 11 26 $
564 291 8 20 1
592 290 47 28 kap.
656 290 26 21 25
698 289 24 21 B.
739 289 24 21 B.
780 290 53 21 1734
849 288 34 21 års

128 325 36 26 lag
179 325 106 28 följande:
305 324 127 28 »Landsväg
445 325 54 20 skall
515 325 73 26 läggas
605 325 5 19 i
627 324 57 21 länet
700 323 38 21 där
747 323 40 21 den
796 323 88 26 tarfvas,

129 359 41 21 och
185 358 43 21 låte
244 359 134 27 Konungens
401 358 240 28 befallningshafvande
658 357 35 22 vid
710 359 68 26 tinget
793 357 90 21 ransaka

128 393 54 20 hvar
198 393 41 20 den
254 393 91 28 jämnast
361 393 40 20 och
416 396 76 24 genast
508 395 62 26 göras
587 393 62 20 kan».
678 392 68 21 Förut
763 391 121 29 åberopade

130 427 78 28 Kongl.
224 427 70 21 Resol.
309 427 23 20 af
347 427 40 21 den
405 428 11 20 9
433 427 45 21 dec.
493 428 54 21 1766
559 427 84 28 påbjöd,
654 430 31 17 att
696 435 41 20 nya
749 428 65 27 vägar
824 427 60 21 skola

128 461 57 21 hälst
200 461 72 28 läggas
288 463 6 19 i
306 462 88 22 utmark,
406 462 86 21 hvarest
503 463 18 26 ej
533 462 33 20 för
577 461 63 21 svåra
650 461 75 21 hinder
736 463 62 19 möta.
819 463 12 26 $
844 462 40 20 168

128 497 6 19 i
160 497 54 20 1848
237 496 34 21 års
295 496 265 27 landtmäterireglemente
583 495 118 22 innehåller
717 497 95 20 närmare
828 495 56 21 före-

128 531 88 20 skrifter
231 539 34 12 om
281 530 56 21 hvad
354 531 35 20 vid
407 531 111 28 byggande
532 530 22 21 af
570 538 28 20 ny
614 531 76 20 allmän
708 532 40 25 väg
764 530 53 21 skall
828 530 55 21 iakt-

129 567 66 26 tagas,
211 565 75 20 därvid
297 565 101 21 särskildt
415 565 159 21 bestämmande
587 565 41 20 den
643 565 76 28 högsta
730 565 84 20 tillåtna
825 567 59 26 stup-

129 600 78 27 ningen
223 600 11 20 å
253 600 77 21 backar
345 600 39 20 och
401 600 133 27 sluttningar.
564 600 9 20 I
591 601 12 26 $
619 600 12 19 6
648 599 22 21 af
686 600 54 20 1883
756 599 34 21 års
800 599 84 21 förord-

129 635 51 26 ning
195 634 93 27 stadgas,
299 637 31 18 att
347 634 27 21 då
390 642 27 20 ny
433 635 77 20 allmän
528 636 40 26 väg
584 634 54 21 skall
657 634 80 27 byggas
753 634 41 21 låte
807 641 77 20 guver-

128 670 66 19 nören
223 669 55 20 efter
309 669 223 20 kommunalstämmas
558 668 94 21 hörande
678 668 36 21 vid
737 668 146 21 häradsrätten

128 702 121 21 undersöka
275 711 33 12 om
332 703 102 21 behofvet
457 703 62 20 däraf
540 703 111 20 äfvensom
674 702 112 21 huruledes
808 701 77 22 sådant

128 737 121 28 lämpligast
266 737 39 22 och
322 738 47 20 med
386 739 77 19 minsta
489 737 89 21 kostnad
596 737 40 21 kan
654 737 86 21 utföras.
769 737 65 21 Hvad
850 736 34 21 så-

128 771 65 21 lunda
209 772 96 27 stadgats
321 772 110 27 angående
448 772 112 27 byggande
582 772 22 20 af
620 780 27 19 ny
664 773 41 26 väg
720 771 38 21 har
773 771 40 22 ock
829 772 55 20 varit

128 805 41 22 och
190 807 23 19 är
229 807 5 19 i
250 806 99 27 gällande
365 806 58 21 delar
439 806 123 28 tillämpligt
576 805 12 22 å
604 806 136 28 omläggning
755 806 22 21 af
792 805 91 28 gammal

129 842 47 26 väg.
206 840 42 21 Till
271 841 165 27 komplettering
459 840 22 21 af
504 840 62 21 dessa
593 841 157 27 bestämningar
768 839 65 22 hafva
849 839 34 22 väl

128 874 31 21 tid
176 874 55 21 efter
245 883 70 12 annan
330 875 76 28 gifvits
422 883 41 20 nya
479 875 140 26 föreskrifter,
635 875 23 20 af
672 875 74 21 hvilka
762 874 55 21 dock
833 874 50 21 alle-

129 912 47 17 nast
191 909 60 28 Kejs.
267 909 72 22 Brefv.
362 909 23 21 af
400 909 40 21 den
459 911 10 19 7
482 909 45 21 dec.
542 910 54 20 1830
608 909 40 21 och
660 910 24 20 11
697 917 48 13 nov.
762 909 61 25 1851,
838 916 45 13 som

129 943 105 21 hvardera
250 943 108 28 afsyftade
374 944 129 27 strategiska
516 945 116 19 intressens
644 943 169 28 tillgodoseende
829 945 55 18 samt

130 977 79 28 Kongl.
230 978 71 21 Resol.
323 979 39 20 och
386 978 96 21 Förklar.
505 979 12 20 å
533 978 63 21 Allm.
613 978 81 25 besvär,
710 977 73 29 gifven
799 977 41 22 den
857 979 26 20 29

130 1019 47 14 nov.
195 1013 60 22 1756,
279 1012 6 28 $
303 1014 10 19 7
330 1013 40 20 och
386 1013 60 27 Kejs.
463 1012 72 28 Kung.
550 1020 47 19 ang.
621 1012 129 21 inrättandet
768 1012 22 21 af
807 1015 30 18 ett
852 1013 33 20 in-

129 1046 174 22 tendentsarbete
319 1047 22 21 af
357 1047 40 21 den
414 1049 12 18 3
443 1050 53 25 sept.
516 1048 50 20 1811
582 1047 23 27 $$
620 1048 10 19 1
643 1047 40 21 och
694 1048 12 19 2
718 1046 88 29 erbjuda
816 1047 68 20 större

130 1081 95 20 intresse.
257 1081 37 21 Uti
310 1081 61 21 dessa
387 1081 133 21 sistnämnda
536 1081 90 28 päbjöds
641 1081 113 27 nämligen,
768 1084 32 18 att
815 1081 69 26 broar,

130 1115 5 20 i
154 1115 28 20 all
197 1115 114 28 synnerhet
327 1115 82 21 mindre
425 1115 81 22 sädana
522 1119 60 22 samt,
598 1115 38 21 där
654 1115 77 21 sädant
754 1115 70 21 kunde
840 1115 44 26 ske,

129 1149 78 28 jämväl
218 1151 73 25 större,
303 1150 68 21 skulle
385 1150 131 28 uppföras
492 1145 24 37 af
525 1155 53 20 sten,
587 1149 93 22 börande
689 1149 38 22 där
734 1149 82 22 arbetet
826 1150 59 20 kom-

130 1191 45 13 mer
189 1186 32 18 att
231 1184 47 21 med
290 1184 105 21 allmänna
407 1184 68 21 medel
488 1184 81 21 utföras
582 1184 132 28 »ordentliga
725 1184 110 21 desseiner
845 1183 41 22 och

130 1215 197 31 kostnadsförslag»
345 1219 23 21 af
378 1219 201 28 fackmyndigheter
597 1221 115 26 upprättas.
738 1219 59 28 Kejs.
814 1218 72 28 Kung.

129 1252 148 22 innefattande
300 1253 105 21 särskilda
438 1254 126 20 öreskrifter
587 1254 5 20 i
616 1253 103 21 afseende
743 1253 13 21 å
779 1255 52 25 väg-
845 1252 41 22 och

130 1286 168 28 brobyggnaden
314 1287 13 21 å
341 1287 81 26 landet,
436 1287 75 28 gifven
527 1287 41 21 den
586 1288 26 20 15
627 1288 41 27 jan.
685 1288 60 26 1883,
761 1288 13 27 $
789 1289 14 19 4
813 1286 72 29 gifver

130 1320 36 22 vid
190 1320 91 27 handen,
296 1325 37 23 att,
349 1321 38 21 där
406 1322 156 28 landsvägsbro
579 1322 47 20 icke
642 1322 41 21 kan
699 1325 51 17 utan
766 1321 82 21 biträde
864 1320 23 21 af

129 1355 96 21 tekniskt
249 1355 72 21 bildad
345 1363 76 21 person
443 1356 110 28 uppföras,
572 1356 160 21 vederbörande
752 1356 60 21 skola
827 1356 59 20 kost-

129 1389 102 21 nadsfritt
253 1390 79 21 erhålla
355 1391 18 27 ej
399 1390 83 21 mindre
507 1390 184 28 kostnadsförslag
708 1390 41 22 och
764 1391 80 26 ritning
859 1391 27 19 än

128 1423 42 22 ock
187 1424 83 21 teknisk
288 1424 86 28 ledning
391 1424 35 21 vid
443 1424 94 22 arbetets
554 1424 118 27 utförande,
689 1425 88 22 hvarom
791 1423 95 24 ansökan

201 1506 48 23 Lag-
262 1506 31 18 och
307 1506 185 18 Ekonomiutskottets
505 1507 111 18 betänkande
628 1507 37 17 N:o
678 1509 17 16 4.

909 248 55 21 bygga
975 246 34 17 och

895 275 97 22 riktningen
1006 275 21 17 af

911 305 44 16 allm.
968 303 38 22 väg.

900 333 39 17 End.
954 332 36 17 äld.
1003 337 15 12 o.

909 361 43 22 gäll.
967 362 42 15 rätt.
