1095 1742
353 146 29 22 U.
399 146 27 22 B.
443 158 26 2 —
485 146 73 28 Prop.
576 146 43 22 N:o
634 146 22 22 5.
842 146 39 20 111

197 214 142 22 Föreskriften
355 215 6 20 i
378 215 11 27 $
404 216 28 20 45
455 215 71 21 därom
542 216 35 24 att,
594 215 6 20 i
617 215 100 21 händelse
733 215 21 21 af
769 214 56 22 olika
840 220 43 15 me-
908 210 13 37 =
933 214 12 23 $
958 214 25 17 45

129 249 76 27 ningar
226 248 35 21 vid
280 249 160 26 sammanträde,
456 256 44 14 som
516 250 7 20 i
539 249 127 27 föregående
682 249 97 27 paragraf
794 250 88 24 nämnts,
890 243 33 33 $$
935 243 26 17 46
973 249 15 11 o.
1001 242 27 18 49

131 282 130 27 omröstning
276 283 52 21 skall
344 284 37 20 ske
397 283 66 28 enligt
480 284 166 26 mantalsgrund,
662 284 59 20 torde
737 284 48 20 med
801 284 81 26 hänsyn
910 278 38 12 '"
959 272 44 22 ped:

130 317 31 21 till
184 317 41 20 den
241 317 74 27 grund,
331 318 106 20 hvarefter
451 318 148 27 jordegarenes
616 318 267 27 väghållningsskyldighet

130 350 84 29 jämlikt
236 358 80 14 samma
334 352 82 27 lagrum
432 352 53 21 skall
501 352 106 28 fullgöras,
623 352 86 21 framstå
724 352 48 21 fullt
788 352 95 27 befogad.

131 386 25 27 Ej
173 385 66 21 häller
250 386 159 28 bestämningen
426 393 33 15 om
473 389 30 19 att
513 387 78 27 jämväl
601 387 53 21 efter
665 387 130 27 omröstning
805 386 78 22 fattade

134 420 68 21 beslut
224 420 59 21 skola
299 421 6 20 i
321 421 127 27 protokollet
469 422 120 26 antecknas,
605 422 58 20 torde
679 421 94 21 erfordra
788 423 95 19 närmare

129 455 131 27 motivering.

198 489 150 28 Stadgandena
364 490 6 20 i
387 490 26 27 $$
429 490 27 21 46
472 491 38 20 och
526 491 26 20 47
569 492 35 19 äro
620 490 98 21 hemtade
734 497 25 13 ur
774 490 26 26 $$
811 490 33 25 20,
855 490 25 20 21
889 492 26 22 $$
929 491 26 17 46
971 496 15 12 o.
1001 490 27 18 47

130 524 38 21 och
185 525 26 20 22
227 524 6 20 i
250 525 75 27 nådiga
347 525 163 27 propositionen.
540 524 141 28 Lagrummen
704 524 62 21 hafva
789 524 52 21 dock
863 520 60 24 af($$
935 519 93 18 20—22%

132 558 108 22 Utskottet
256 559 148 21 underkastats
426 560 178 26 omformulering,
620 559 100 27 betingad
736 559 45 21 dels
796 559 21 21 af
832 558 50 21 olik-
923 548 68 23 "P7

130 593 59 21 heter
212 594 25 20 de
260 594 53 20 båda
336 594 140 27 lagförslagen
499 594 90 21 emellan
612 594 45 20 dels
683 594 21 20 af
733 593 150 21 redaktionella

129 628 71 20 motiv.

197 662 27 27 $$
239 663 27 21 48
283 663 38 20 och
335 663 28 20 49
379 664 116 19 motsvaras
510 663 21 20 af
546 663 25 27 $$
588 663 26 20 26
630 663 38 21 och
685 663 25 20 27
727 663 7 20 i
750 662 75 28 nådiga
836 664 78 26 pro-$$
929 664 26 17 48
972 669 16 12 o.
1002 663 26 17 49

131 696 119 28 positionen
266 697 38 21 och
320 699 35 19 äro
371 697 49 21 med
436 697 60 21 dessa
511 697 142 27 likalydande.
889 684 38 47 ($$,
933 687 95 49 O

199 731 11 27 S
229 732 26 20 50
271 733 23 19 är
309 731 84 21 affattad
410 732 48 20 med
473 732 88 27 ledning
576 732 21 20 af
611 732 12 27 $
638 732 27 20 28
681 732 7 20 i
704 732 76 27 nådiga
791 731 92 28 proposi-
892 734 23 22 /$
924 733 41 18 10
957 727 9 36 i
976 732 53 18 1883

129 766 78 20 tionen.
234 765 31 21 De
281 766 72 26 gjorda
369 766 140 27 ändringarna
525 768 35 18 äro
571 766 123 21 föranledda
704 766 22 20 af
736 766 26 21 de
772 766 112 20 allmänna;
900 757 43 40 KZ
953 756 51 41 2
1010 762 16 11 9

129 800 7 20 i
152 800 34 20 det
202 800 21 20 af
238 800 109 21 Utskottet
362 800 123 21 utarbetade
503 800 135 28 lagförslaget
653 800 136 28 genomförda
805 800 78 27 grund-
922 803 22 17 K
958 802 33 23 KJ

131 837 99 18 satserna.
891 832 78 45 lta
990 831 37 45 mi

198 869 11 26 S
234 869 25 20 51
280 871 117 18 motsvarar
412 869 12 27 $
441 869 26 20 29
483 869 6 20 i
505 869 76 27 nådiga
603 869 161 27 propositionen.
795 869 10 20 I
821 869 60 26 lagen
890 873 23 28 /g
924 878 24 17 17
958 877 8 18 i
976 867 52 27 1883

131 909 34 14 om
186 905 113 19 vattenrätt
319 903 21 21 af
358 903 40 21 den
415 904 26 20 23
456 903 39 28 juli
512 904 54 20 1902
583 903 45 28 kap.
644 903 32 21 III
692 904 12 27 $
722 905 10 19 1
750 903 75 21 uttalas
841 903 41 20 den
920 897 25 50 EN
956 900 36 46 i

130 937 107 38 allmänna
258 933 117 46 grundsats,
397 933 29 46 att
445 938 116 27 jordegare,
580 944 45 15 som
640 938 33 21 för
688 938 72 27 odling
776 937 51 22 eller
836 937 47 38 för-
890 938 90 37 (s25in.
988 952 38 22 ir)

131 971 93 27 bättring
240 972 20 20 af
276 978 30 15 sin
323 973 59 20 mark
399 972 36 20 vill
451 972 91 21 därifrån
558 972 67 21 afleda
641 975 77 24 vatten,
734 974 23 19 är
768 971 113 27 berättigad
890 961 23 37 [5
924 975 22 17 12
956 975 8 17 i
975 975 54 17 1883

131 1006 30 21 till
178 1006 75 21 sädant
268 1006 97 21 ändamäl
381 1013 75 20 genom
476 1013 81 14 annans
573 1013 50 21 egor
638 1007 72 27 gräfva
726 1007 54 26 dike,
796 1006 87 21 säframt
977 997 15 23 J

131 1040 68 27 aflopp
223 1040 51 21 eller
296 1041 128 27 planmässig
447 1041 88 27 dikning
551 1041 50 27 eljes
617 1041 45 21 icke
679 1041 51 21 eller
745 1041 74 21 endast
834 1040 47 21 med

130 1075 81 27 oskälig
227 1075 89 21 kostnad
332 1075 41 21 kan
389 1075 160 21 åstadkommas.
580 1075 63 21 Mom.
658 1076 13 20 2
688 1075 10 28 &
714 1077 12 19 2
742 1076 39 20 och
796 1081 63 14 mom.
871 1075 12 20 2

131 1109 12 27 8
158 1110 14 20 4
187 1109 6 20 i
210 1115 80 15 samma
306 1109 34 28 lag
355 1109 184 28 vidhandengifva,
555 1112 30 19 att
600 1110 31 21 till
646 1110 74 21 sådant
736 1109 97 22 ändamål
848 1115 33 20 ge-
889 1107 139 24 $$1,20.4kap.

131 1150 48 15 nom
204 1151 82 14 annans
309 1144 111 27 bebyggda
439 1147 54 18 tomt
511 1145 52 21 eller
577 1145 98 27 trädgärd
691 1145 31 20 fär
738 1145 73 20 endast
825 1143 60 21 täckt
901 1137 33 17 III
942 1137 30 22 lag
986 1142 30 27 om

131 1177 48 22 dike
197 1179 73 26 läggas
288 1181 51 19 utan
358 1179 52 21 hans
426 1179 30 21 lof
471 1181 54 19 samt
540 1182 35 23 att,
591 1179 37 21 där
643 1181 62 26 öppet
720 1179 48 21 dike
784 1179 49 20 skär
847 1184 37 15 an-
901 1166 117 17 LITA

130 1219 52 14 nans
198 1213 96 21 enskilda
310 1215 45 26 väg,
371 1214 36 21 bro
424 1213 37 22 bör
477 1214 20 21 ät
513 1216 117 25 vägegaren
649 1214 87 20 inrättas
752 1214 38 20 och
806 1213 77 20 under-

129 1247 71 20 hällas.
231 1247 10 21 I
258 1248 132 21 konsekvens
412 1248 87 21 härmed
523 1249 37 20 har
582 1248 33 21 det
632 1250 60 25 synts
707 1248 110 21 Utskottet
832 1247 50 21 böra

129 1281 118 27 medgifvas
267 1282 109 27 jordegare
392 1284 40 19 rätt
448 1285 29 18 att
493 1283 61 20 äfven
569 1289 77 20 genom
662 1282 77 21 allmän
756 1284 39 25 väg
810 1281 73 28 gräfva

128 1316 54 27 dike,
207 1317 49 20 med
279 1317 120 27 skyldighet
420 1319 31 19 att
467 1317 59 21 öfver
541 1317 63 27 diket,
620 1317 69 27 bygga
704 1317 40 21 och
760 1315 123 22 underhälla

126 1350 38 21 bro
188 1350 52 21 eller
263 1353 137 25 vägtrumma.
430 1351 47 21 Den
501 1351 206 21 kronolänsmannen
722 1349 161 23 tillkommande

128 1387 67 18 rätten
212 1385 38 21 och
269 1386 147 27 skyldigheten
433 1387 29 19 att
476 1386 74 20 härvid
565 1385 81 22 bevaka
660 1385 35 21 det
704 1385 107 21 allmänna
824 1385 59 20 kom-

127 1419 249 28 munikationsintresset,
393 1420 38 21 har
445 1423 60 24 synts
520 1420 110 21 Utskottet
646 1427 49 14 vara
710 1420 21 21 af
743 1418 141 29 politirättslig

127 1455 37 18 art.
193 1452 77 22 Därför
293 1455 39 20 och
355 1454 26 21 dä
397 1454 150 21 samfärdselns
562 1453 164 22 säkerställande
742 1454 46 21 icke
803 1454 80 19 ansetts

195 1498 49 21 Lag-
258 1500 31 17 och
303 1499 187 18 Ekonomiutskottets
503 1500 111 17 betänkande
626 1500 38 17 N:o
676 1501 17 16 4.
