1092 1748
224 147 42 36 150
453 152 29 22 U.
500 152 26 22 B.
544 166 27 2 —
586 152 76 28 Prop.
677 152 43 22 N:o
736 152 22 22 5.

293 220 142 22 Förestäende
451 221 98 27 exempel
564 224 36 18 äro
616 222 115 26 ingalunda
740 221 26 21 de
778 221 61 25 enda,
853 225 49 17 utan
912 220 71 21 kunde

223 254 78 22 sådana
319 255 126 21 framställas
463 256 123 27 ytterligare
602 262 24 15 en
644 256 33 20 hel
694 256 83 27 mängd.
807 255 11 21 1
835 256 51 20 brist
902 255 25 28 pä
942 257 41 19 sta-

223 289 78 21 tistiskt
317 290 92 20 materia]
427 290 40 20 kan
482 290 37 27 jag
534 290 54 21 dock
604 291 18 27 ej
638 303 26 3 —
675 290 89 21 ledsamt
777 296 42 21 nog
829 302 27 3 —
867 290 116 26 framlägga

223 323 64 27 nägot
310 324 97 27 exempel
430 324 45 21 frän
498 324 97 27 Nylands
614 325 39 20 och
670 324 89 28 Viborgs
774 324 42 27 län,
832 330 49 15 men
897 326 86 24 antagas

223 357 67 22 mäste
313 358 70 27 likväl,
406 360 29 19 att
457 359 7 20 i
487 358 101 22 händelse
610 359 36 27 jag
664 358 36 22 det
716 358 77 28 kunde,
808 358 61 21 dessa
885 358 97 27 exempel

222 392 43 21 lika
288 392 77 28 tydligt
387 393 102 27 utvisade,
512 395 30 19 att
564 393 67 27 enligt
646 393 118 21 Utskottets
780 393 133 21 betänkande
928 392 12 21 ä
955 398 25 15 en

222 426 33 21 del
273 429 55 19 orter
343 428 46 20 icke
409 434 38 14 ens
466 428 140 27 jordegarene
626 428 79 20 erhölle
728 428 70 27 nägon
821 428 88 25 lättnad,
932 431 49 18 utan

222 463 90 19 tvärtom
343 462 90 26 komme,
459 464 29 19 att
519 462 83 21 utöfver
631 462 31 21 sin
694 469 52 20 egen
764 462 218 28 vägbyggnadstunga

221 495 68 22 mästa
313 496 107 28 bispringa
441 496 145 28 inbyggarene
601 497 6 20 i
624 504 62 14 norra
704 496 99 22 Finland.
833 496 47 22 Den
896 496 85 27 lättnad,

221 536 47 14 som
291 537 49 14 man
357 531 62 21 afsett
434 533 30 19 att
480 531 77 21 bereda
572 531 154 27 jordbrukaren
742 531 129 27 därigenom,
887 533 30 19 att
933 532 48 25 väg-

221 564 206 28 häliningsdesväret
433 566 113 20 utsirävkis
552 566 62 20 äfven
622 565 31 21 Uli
660 566 141 20 kuminunens
806 572 12 14 ö

221 599 70 27 gande
307 599 144 28 medlemmar,
463 600 84 20 komme
557 600 7 20 i
575 600 61 20 dessa
647 600 126 20 kommuner
777 595 41 36 alls
829 600 41 20 icke
881 602 30 18 att
918 599 63 20 fram-

220 633 32 21 stä
279 633 68 21 såsom
374 634 69 27 någon
465 634 88 26 lättnad,
577 637 50 18 utan
652 634 68 21 skulle
744 634 37 21 där
799 634 80 21 bosatte
896 634 84 27 tjänste-

220 670 55 24 män,
291 668 69 21 säsom
377 671 85 25 präster,
479 669 169 25 kronolänsmän,
664 669 173 21 folkskolelärare
851 675 18 14 o.
879 668 18 21 d.
909 668 70 21 äfven-

219 708 45 15 som
290 702 118 28 affärsmän,
431 703 154 21 handtvärkare
607 710 17 14 o.
647 710 15 14 s.
678 710 17 14 v.
713 704 63 20 blifva
793 706 95 24 tvungna
904 703 76 21 under-

219 736 68 28 stödja
312 737 131 21 främmande
468 738 125 20 kommuner
608 738 6 20 i
631 738 126 26 utgörandet
778 738 22 20 af
819 737 160 27 vägbyggnads-

219 772 86 26 tungan.
329 771 49 21 Men
395 772 18 27 ej
431 779 42 21 nog
488 772 92 21 härmed.
606 772 72 27 HEnligt
694 772 11 28 $
720 773 28 20 44
763 772 7 20 i
787 772 35 20 det
838 772 142 20 betänkandet

219 805 116 27 åtföljande
357 806 137 27 lagförslaget
517 806 73 21 kunna
612 809 58 18 ännu
686 807 122 21 härutöfver
824 806 155 21 tillskottskost-

218 840 66 21 nader
307 841 79 21 drabba
402 841 144 27 jordegarene,
565 842 86 20 oaktadt
666 841 26 21 de
708 841 65 21 redan
789 841 31 21 till
837 841 39 21 den
893 847 85 21 gemen-

218 881 81 14 samma
316 875 75 21 kassan
408 875 66 27 erlagt
489 878 30 18 ett
534 876 64 27 högre
614 876 76 27 belopp
700 878 25 18 än
738 876 41 26 det,
790 875 31 21 till
833 876 79 20 hvilket
923 876 54 20 kost-

217 909 96 20 naderna
335 909 33 21 för
391 910 141 21 kommunens
555 912 63 25 vägar
641 910 5 20 i
671 910 144 27 verkligheten
839 911 59 26 stiga.
928 910 49 21 Man

217 943 60 21 torde
301 943 70 22 därför
393 945 18 26 ej
429 944 89 21 behöfva
534 944 59 21 tvifla
609 945 69 26 därpå,
694 947 30 18 att
739 951 25 14 en
781 945 130 26 förordning,
927 951 50 20 upp-

217 977 61 27 gjord
294 978 6 19 i
317 978 93 27 enlighet
426 979 48 20 med
491 978 117 21 Utskottets
624 979 84 26 förslag,
725 980 83 19 komme
825 981 29 18 att
867 979 110 20 framkalla

216 1012 87 27 mycket
326 1013 99 27 missnöje
449 1013 38 20 och
510 1013 63 27 ovilja
596 1013 5 20 i
622 1013 62 21 södra
699 1013 97 27 Finland,
813 1015 49 19 utan
879 1016 30 17 att
924 1013 53 20 dock

215 1046 151 28 befolkningen
387 1047 5 20 i
416 1047 82 21 landets
522 1054 60 14 norra
603 1047 34 21 del
658 1047 68 21 blefve
743 1048 48 20 dem
808 1047 99 21 särskildt
921 1048 56 20 tack-

215 1086 46 15 sam
285 1081 32 20 för
340 1081 90 27 hjälpen,
454 1086 21 21 ty
500 1081 69 21 denna
592 1081 74 26 skulle,
682 1084 49 18 enär
748 1082 40 20 den
806 1082 83 20 komme
905 1084 30 18 att
947 1082 30 19 in-

216 1114 81 22 betalas
313 1115 32 21 till
362 1115 67 22 länets
445 1116 101 27 vägkassa
562 1116 38 21 ocn
616 1116 77 27 jämväl
710 1117 80 20 kronan
803 1116 102 27 gäfve'sin
915 1116 63 21 andel

217 1149 77 27 därtill,
318 1150 59 21 alltid
397 1152 30 19 att
442 1150 78 21 erhålla
537 1151 98 20 karaktär
650 1151 20 20 af
686 1151 132 27 statsbidrag.
850 1151 41 20 Väl
907 1153 22 18 är
943 1151 35 27 jag

214 1189 52 15 ense
290 1184 48 21 med
362 1184 117 21 Utskottets
502 1184 67 21 flertal
594 1185 134 27 därutinnan,
751 1187 30 18 att
804 1185 173 27 befolkningen
966 1180 15 37 i

216 1224 63 14 norra
303 1218 90 21 Finland
417 1219 37 20 bör
469 1219 6 20 i
492 1219 239 27 väghållningstungans
755 1219 116 28 utgörande
899 1220 78 21 erhålla

216 1252 122 27 understöd,
354 1253 68 20 ehuru
437 1253 40 27 jag,
493 1253 68 21 såsom
578 1253 65 21 redan
659 1253 133 26 framhållits,
808 1254 46 21 icke
871 1254 39 20 kan
927 1255 50 26 god-

212 1286 71 21 känna
307 1287 35 20 det
365 1287 21 20 af
411 1287 221 28 utskottsmajoriteten
663 1288 119 27 föreslagna
805 1290 72 19 sättet.
906 1288 71 27 Enligt

212 1321 43 20 min
279 1321 55 21 åsikt
356 1321 38 21 bör
415 1323 73 24 staten,
504 1322 19 20 d.
540 1329 17 13 v.
574 1329 14 13 s.
604 1322 48 21 hela
668 1323 71 23 folket,
755 1323 57 26 gifva
829 1323 56 20 detta
902 1323 75 20 under-

213 1355 54 24 stöd,
285 1362 48 14 men
354 1356 115 26 ingalunda
485 1356 96 21 enskilda
596 1363 106 20 personer,
718 1357 21 20 af
755 1357 71 20 hvilka
842 1363 25 14 en
884 1359 44 18 stor
943 1357 33 21 del

214 1389 105 21 härintills
336 1390 39 20 alls
390 1390 47 21 icke
453 1391 87 26 deltagit
555 1391 6 20 i
578 1391 251 26 väghållningsbesväret.
852 1391 73 27 Enligt
942 1392 35 20 nå-

215 1423 49 27 diga
288 1425 157 26 propositionen
467 1425 69 20 skulle
559 1425 80 20 kronan
663 1425 84 28 erlägga
771 1425 21 21 ät
814 1425 41 21 alla
873 1426 25 20 10
914 1426 27 27 %
957 1427 20 20 af

212 1457 144 21 kostnaderna
377 1458 33 21 för
433 1459 122 27 detsamma,
579 1459 135 27 hvarigenom
728 1466 27 15 en
780 1459 95 21 kännbar
897 1460 79 20 lättnad

282 1503 48 23 Lag-
344 1504 32 17 och
390 1503 184 20 Ekonomiutskottets
586 1505 113 18 betänkande
710 1505 39 18 N:o
763 1507 12 15 4
