1092 1748
360 152 22 23 U.
399 152 22 22 B.
437 165 28 3 —
481 153 60 27 Prop.
558 152 35 22 N:o
609 152 21 22 6.
821 153 25 20 18

190 215 88 22 Genom
292 215 153 28 nyssberörda
460 215 38 28 lag
514 215 49 21 blef
574 223 28 13 en
612 215 115 28 väsentlig
737 215 56 21 brist
803 215 7 20 i
821 214 54 21 skif-

120 249 210 29 teslagstiftningen
346 249 100 28 afhjälpt
462 249 42 22 och
519 252 32 18 ett
561 249 131 22 förfarande
703 249 38 22 vid
753 249 123 28 delningen

120 283 26 22 af
158 284 202 21 vattenområdena
375 284 7 20 i
396 283 79 21 landet
490 283 92 26 infördt,
599 291 48 14 som
662 285 71 20 måste
744 291 65 14 anses
820 285 56 20 mot-

120 325 66 14 svara
205 318 230 28 rättsutvecklingens
459 318 57 21 kraf.
546 318 84 21 Likaså
651 317 51 22 blef
723 325 82 20 genom
821 319 54 20 1895

121 354 35 20 års
171 352 135 28 förordning
322 352 51 21 med
389 352 48 21 däri
452 359 79 14 senare
546 352 81 28 gjorda
643 352 122 28 ändringar
781 352 43 21 den
839 351 38 22 del

121 387 25 20 af
162 387 201 25 skiftesinstitutet,
386 394 49 14 som
453 386 82 22 hänför
551 387 34 28 sig
601 387 34 20 till
651 387 168 28 egostyckning
834 386 43 21 och

119 421 194 28 jordafsöndring,
336 421 139 21 reformerad
497 423 29 26 på
549 423 33 19 ett
600 421 209 21 tillfredsställande
825 423 50 19 sätt.

121 455 40 22 Uti
176 455 234 28 klyfningsinstitutet
425 455 89 22 införde
533 457 53 19 1895
601 457 34 19 års
649 455 134 28 förordning
792 455 85 28 jämväl

122 489 159 29 förändringar
298 489 140 22 beträffande
451 490 148 28 procedyren,
611 497 52 14 men
674 489 29 22 då
713 489 164 29 förordningen

122 524 7 21 i
144 524 71 28 öfrigt
234 524 118 26 föreskref,
376 527 32 18 att
427 524 109 28 klyfning
551 524 73 22 skulle
638 524 134 21 verkställas
788 526 29 26 på
832 526 45 19 sätt

123 558 77 22 därom
223 561 25 19 är
270 558 106 22 särskildt
399 558 114 28 stadgadt,
537 558 50 22 blef
607 558 142 22 förfarandet
763 558 39 22 vid
817 558 60 28 klyf-

122 593 137 28 ningsskifte
275 593 39 21 vid
330 593 38 21 det
383 593 81 28 gamla.
491 593 48 21 Och
554 593 61 21 hvad
631 592 106 22 beträffar
753 592 124 26 storskifte,

124 627 194 29 skiftesreglering
341 627 43 22 och
406 627 177 29 komplettering
601 627 25 21 af
641 627 117 21 storskifte
776 629 25 19 så
819 627 58 21 hade

122 662 8 20 1
144 662 156 28 stadgandena
316 669 36 14 om
368 662 65 21 dessa
449 662 140 28 hufvudslag
605 662 25 21 af
643 662 234 21 landtmäteriförrätt-

122 696 82 28 ningar
224 696 50 21 icke
292 696 71 22 häller
378 698 72 26 några
464 696 159 28 förändringar
638 696 87 22 införts.
756 696 121 22 Landtmä-

122 730 192 28 terireglementet
330 730 58 22 hade
403 730 59 22 dock
477 731 68 28 tidigt
559 738 47 20 nog
621 731 59 21 visat
695 731 36 28 sig
741 731 49 21 icke
800 731 78 21 kunna

123 764 57 28 fylla
196 765 28 21 de
240 765 103 28 anspråk,
362 764 44 22 den
425 765 104 27 stigande
543 764 160 28 jordkulturen
719 765 70 21 stälde
804 766 30 27 på
849 772 28 14 en

124 798 166 29 skiftesstadga.
321 799 45 21 Det
385 806 82 21 genom
487 799 175 29 lagstiftningen
677 801 24 19 år
718 801 53 19 1848
787 799 91 21 införda

124 833 322 29 skiftesregleringsinstitutet
469 834 65 28 afsåg
555 834 38 21 väl
615 836 33 18 att
669 834 24 20 få
715 834 61 20 äldre
794 834 83 27 olämp-

124 868 42 28 ligt
188 868 92 21 utförda
303 868 85 21 skiften
414 868 100 21 ordnade
538 870 29 27 på
589 871 33 18 ett
644 870 50 24 sätt,
720 875 48 14 som
790 867 88 29 möjlig-

124 901 79 29 gjorde
219 902 129 21 införandet
364 902 42 21 och
421 902 174 29 tillämpningen
609 903 25 20 af
643 909 78 15 senare
731 903 69 20 tiders
810 902 68 21 fram-

124 938 50 26 steg
184 937 7 20 i
199 936 118 28 jordbruk,
334 944 52 14 men
396 937 161 21 användandet
569 937 26 21 af
604 937 123 21 detsamma
738 937 57 21 hade
806 936 72 29 gjorts

124 970 112 22 beroende
259 971 25 21 af
304 973 25 19 så
344 973 83 26 många
442 974 124 26 omgångar
582 972 43 20 och
639 972 191 27 inskränkningar
845 973 34 19 att

124 1005 43 21 den
183 1005 117 28 praktiska
316 1008 82 26 nyttan
414 1005 26 21 af
452 1006 114 21 institutet
581 1005 76 22 blifvit
667 1006 114 28 betydligt
791 1005 88 21 mindre

124 1042 29 18 än
168 1039 45 21 den
228 1039 54 28 eljes
298 1040 88 21 kunnat
400 1047 60 14 vara.
484 1040 36 21 En
534 1047 75 14 annan
620 1040 55 21 brist
685 1040 8 21 i
703 1040 175 28 lagstiftningen

126 1076 23 18 är
164 1074 38 21 det
218 1076 50 24 sätt,
285 1074 87 28 hvarpå
387 1074 138 28 pröfningen
541 1074 26 21 af
575 1074 28 21 de
613 1074 39 22 vid
661 1074 151 28 jordaskiften
822 1081 57 21 upp-

123 1108 136 21 kommande
275 1108 175 28 stridigheterna
466 1112 25 17 är
506 1108 93 22 ordnad.
619 1108 113 22 Särskildt
747 1109 69 21 hafva
827 1115 52 21 ego-

124 1142 216 28 delningsrätternas
361 1143 160 28 organisation,
538 1150 47 14 som
600 1143 50 21 icke
665 1143 132 28 tillräckligt
812 1142 67 22 beak-

124 1178 34 19 tar
176 1176 94 22 fordran
292 1179 30 26 på
344 1176 130 22 erfarenhet
490 1177 40 21 hos
546 1180 85 18 rättens
647 1177 135 21 ordförande
797 1177 8 21 i
819 1176 60 29 jord-

124 1210 190 29 delningsfrågor,
330 1211 69 28 gifvit
414 1212 49 20 skäl
479 1212 35 20 till
524 1212 181 28 anmärkningar.
730 1211 115 22 Behofvet
855 1210 26 22 af

124 1252 46 20 nya
181 1244 147 28 stadganden,
338 1252 48 14 som
397 1246 73 20 skulle
483 1248 83 19 ersätta
576 1246 304 28 landtmäterireglementets

125 1278 175 28 bestämningar,
324 1278 80 29 gjorde
427 1280 35 27 sig
486 1280 76 21 därför
577 1282 62 19 snart
654 1287 47 20 nog
716 1280 105 28 gällande
837 1278 43 22 och

125 1312 121 22 beaktades
263 1312 86 28 jämväl
372 1313 26 21 af
410 1314 143 28 regeringen,
569 1321 48 14 som
632 1315 8 19 i
655 1313 57 29 april
727 1313 81 21 månad
825 1314 55 20 1884

124 1346 92 22 tillsatte
232 1354 29 14 en
276 1347 84 21 komité
372 1348 50 20 med
434 1348 106 28 uppdrag
549 1351 33 18 att
592 1348 57 21 efter
660 1348 114 21 verkstäld
785 1347 95 29 gransk-

124 1380 56 29 ning
203 1381 25 21 af
248 1381 44 22 alla
314 1382 52 21 med
384 1382 110 22 Finlands
512 1382 243 21 landtmäteriväsende
770 1388 110 15 samman-

124 1414 122 28 hängande
265 1415 158 22 förhållanden
446 1417 115 21 inkomma
583 1417 35 20 till
637 1416 128 28 Kejserliga
779 1416 101 21 Senaten

124 1448 51 21 med
198 1449 86 28 förslag
307 1450 95 21 rörande
426 1450 28 21 de
470 1451 114 21 allmänna
599 1451 118 28 principer,
733 1457 48 15 som
796 1449 40 23 vid
851 1457 30 14 en

192 1488 51 23 Lag-
257 1489 34 18 och
304 1489 184 19 ekonomiutskottets
501 1490 115 18 betänkande
628 1490 38 19 N:o
679 1491 18 17 5.
