1095 1739
446 127 54 22 N:o
518 127 22 22 4

320 437 73 26 Hans
417 437 170 35 Kejserliga
611 436 150 35 Majestäts
784 436 86 34 nådiga

252 483 150 34 proposition
429 483 39 25 till
495 483 109 26 Finlands
627 483 100 26 Ständer
750 482 119 34 angående

253 529 133 33 grunderna
404 529 37 25 för
459 529 192 33 tolagsafgiftens
670 529 158 26 beräknande.

185 610 88 22 Genom
295 610 90 28 Nådiga
407 610 163 28 förordningen
594 610 43 22 den
658 610 15 21 8
691 610 100 22 Oktober
815 609 55 22 1900

115 644 41 22 har
171 644 135 28 förordnats,
322 646 34 20 att
371 644 145 29 tolagsafgift
532 644 74 22 skulle
621 644 62 22 intill
696 644 43 22 den
751 645 11 21 1
774 644 95 22 Januari

117 678 55 22 1906
187 682 93 26 utgöras
295 679 51 21 med
360 679 47 21 viss
423 682 95 25 procent
533 678 23 22 af
571 679 127 21 tullsatsen.

185 713 84 22 Tillika
284 714 40 21 har
339 712 23 22 af
377 713 64 22 Hans
457 713 130 29 Kejserliga
599 713 107 29 Majestät
717 713 85 21 medels
812 713 57 21 kun-

116 748 88 28 görelse
220 748 22 21 af
257 748 156 22 förstnämnda
428 748 45 28 dag
489 748 125 21 meddelats
629 747 177 29 nedanföljande
819 750 50 18 när-

116 790 60 14 mare
191 782 170 28 bestämningar
377 782 117 28 angående
510 782 127 28 ordningen
653 782 35 22 för
704 782 70 28 sagda
790 781 79 29 afgifts

115 817 137 28 utgörande:

184 854 34 19 att
246 852 184 28 tolagsafgiftens
454 852 128 22 dåvarande
605 851 184 29 maximibelopp,
813 854 57 18 mot-

116 886 111 22 svarande
246 886 51 28 fyra
315 889 95 25 procent
431 886 25 22 af
469 887 121 21 tullsatsen
606 887 14 21 å
634 886 43 21 den
693 886 177 28 tolagsbeskatt-

115 921 57 28 ning
187 920 167 22 underkastade
369 928 76 20 varan,
462 921 74 21 skulle
551 921 136 27 bibehållas;

184 958 35 19 att
245 955 144 22 föreskriften
413 963 38 14 om
473 955 188 29 tolagsafgiftens
684 955 126 28 utgörande
833 955 35 21 till

116 989 46 22 lika
179 993 95 25 procent
290 990 22 21 af
326 991 73 21 tullen
415 991 12 20 å
442 990 59 22 både
520 990 162 21 inkommande
699 990 41 21 och
756 989 114 28 utgående

116 1031 66 15 varor
194 1024 86 29 jemväl
296 1025 72 21 skulle
383 1025 109 21 förblifva
508 1024 145 27 oförändrad;
670 1027 58 18 samt

184 1061 34 20 att
241 1059 73 22 denna
337 1059 69 28 afgift
424 1059 71 22 borde
515 1059 105 29 erläggas
635 1059 36 21 till
687 1059 46 21 lika
748 1059 83 28 belopp
847 1058 26 21 af

117 1093 18 28 ej
160 1093 88 22 mindre
271 1093 115 22 städernas
405 1094 109 28 samtliga
533 1093 138 22 innevånare
691 1096 27 19 än
734 1093 45 22 alla
794 1093 75 27 andra,

116 1135 47 14 som
188 1127 96 30 sjöledes
307 1128 54 21 eller
383 1128 143 29 landsvägen
546 1127 50 22 från
618 1130 59 19 orter
693 1130 63 19 utom
771 1127 100 22 Finland

115 1162 37 21 till
174 1162 106 22 städerna
303 1162 88 22 införde
415 1163 54 21 eller
493 1162 99 22 derifrån
615 1161 90 23 utförde
727 1161 144 29 tullpligtiga

116 1203 71 15 varor.

184 1231 34 22 På
232 1232 74 28 grund
321 1231 23 22 af
359 1231 96 22 berörda
470 1231 86 29 nådiga
566 1231 137 28 kungörelse
713 1231 41 22 har
765 1231 105 27 Senaten,

116 1265 7 21 i
139 1265 103 29 enlighet
263 1266 52 21 med
332 1266 93 28 förslag,
445 1273 48 14 som
513 1265 23 22 af
551 1266 106 21 städerna
672 1266 37 21 till
724 1265 99 22 Senaten
839 1265 32 22 af-

115 1299 88 29 gifvits,
214 1300 45 22 den
270 1301 27 21 16
306 1301 67 28 April
385 1300 55 22 1901
452 1300 102 22 faststält
564 1301 212 28 tolagsprocentens
786 1300 84 27 belopp

115 1333 36 23 för
173 1334 29 22 de
224 1335 82 28 städer,
328 1335 80 22 hvilka
428 1335 147 22 derförinnan
595 1335 60 21 varit
673 1334 8 21 i
699 1334 134 29 åtnjutande
849 1333 23 22 af

115 1369 174 28 ifrågavarande
304 1369 95 28 förmån,
416 1369 119 22 äfvensom
545 1369 37 22 för
592 1369 77 22 Kaskö
681 1369 56 28 stad,
749 1369 39 21 der
799 1369 73 28 enligt

116 1403 227 29 Stadsfullmäktiges
358 1403 77 22 beslut
445 1404 78 29 någon
533 1404 65 28 tolag
608 1403 51 22 icke
669 1403 120 28 uppburits
800 1403 72 21 under

115 1437 64 21 tiden
194 1437 50 22 från
262 1438 54 21 1896
332 1439 35 20 års
382 1437 82 29 början
479 1439 36 20 till
532 1438 42 22 och
591 1438 50 21 med
658 1439 23 20 år
698 1437 59 22 1901.
782 1437 90 22 Beträf-
