<?xml version="1.0" encoding="UTF-8"?>
<alto xmlns="http://www.loc.gov/standards/alto/ns-v3#" xmlns:xlink="http://www.w3.org/1999/xlink" xmlns:xsi="http://www.w3.org/2001/XMLSchema-instance" xsi:schemaLocation="http://www.loc.gov/standards/alto/ns-v3# http://www.loc.gov/alto/v3/alto-3-0.xsd">
	<Description>
		<MeasurementUnit>pixel</MeasurementUnit>
		<sourceImageInformation>
			<fileName>/tmp/tess_4prhd1xl_input.PNG</fileName>
		</sourceImageInformation>
		<OCRProcessing ID="OCR_0">
			<ocrProcessingStep>
				<processingSoftware>
					<softwareName>tesseract 5.3.4</softwareName>
				</processingSoftware>
			</ocrProcessingStep>
		</OCRProcessing>
	</Description>
	<Layout>
		<Page WIDTH="1095" HEIGHT="1742" PHYSICAL_IMG_NR="0" ID="page_0">
			<PrintSpace HPOS="0" VPOS="0" WIDTH="1095" HEIGHT="1742">
				<ComposedBlock ID="cblock_0" HPOS="333" VPOS="148" WIDTH="537" HEIGHT="29">
					<TextBlock ID="block_0" HPOS="333" VPOS="148" WIDTH="537" HEIGHT="29">
						<TextLine ID="line_0" HPOS="333" VPOS="148" WIDTH="537" HEIGHT="29">
							<String ID="string_0" HPOS="333" VPOS="149" WIDTH="28" HEIGHT="22" WC="0.92" CONTENT="U."/><SP WIDTH="17" VPOS="149" HPOS="361"/>
							<String ID="string_1" HPOS="378" VPOS="149" WIDTH="27" HEIGHT="22" WC="0.91" CONTENT="B."/><SP WIDTH="16" VPOS="149" HPOS="405"/>
							<String ID="string_2" HPOS="421" VPOS="162" WIDTH="27" HEIGHT="2" WC="0.91" CONTENT="—"/><SP WIDTH="18" VPOS="162" HPOS="448"/>
							<String ID="string_3" HPOS="466" VPOS="149" WIDTH="74" HEIGHT="28" WC="0.96" CONTENT="Prop."/><SP WIDTH="16" VPOS="149" HPOS="540"/>
							<String ID="string_4" HPOS="556" VPOS="149" WIDTH="41" HEIGHT="22" WC="0.96" CONTENT="N:o"/><SP WIDTH="16" VPOS="149" HPOS="597"/>
							<String ID="string_5" HPOS="613" VPOS="149" WIDTH="21" HEIGHT="21" WC="0.96" CONTENT="5."/><SP WIDTH="208" VPOS="149" HPOS="634"/>
							<String ID="string_6" HPOS="842" VPOS="148" WIDTH="28" HEIGHT="21" WC="0.96" CONTENT="99"/>
						</TextLine>
					</TextBlock>
				</ComposedBlock>
				<ComposedBlock ID="cblock_1" HPOS="115" VPOS="217" WIDTH="765" HEIGHT="1267">
					<TextBlock ID="block_1" HPOS="115" VPOS="217" WIDTH="757" HEIGHT="235">
						<TextLine ID="line_1" HPOS="115" VPOS="217" WIDTH="755" HEIGHT="28">
							<String ID="string_7" HPOS="115" VPOS="221" WIDTH="33" HEIGHT="19" WC="0.93" CONTENT="att"/><SP WIDTH="14" VPOS="221" HPOS="148"/>
							<String ID="string_8" HPOS="162" VPOS="218" WIDTH="84" HEIGHT="27" WC="0.91" CONTENT="deltaga"/><SP WIDTH="15" VPOS="218" HPOS="246"/>
							<String ID="string_9" HPOS="261" VPOS="218" WIDTH="7" HEIGHT="21" WC="0.93" CONTENT="i"/><SP WIDTH="15" VPOS="218" HPOS="268"/>
							<String ID="string_10" HPOS="283" VPOS="218" WIDTH="229" HEIGHT="27" WC="0.91" CONTENT="väghällningstungan"/><SP WIDTH="16" VPOS="218" HPOS="512"/>
							<String ID="string_11" HPOS="528" VPOS="218" WIDTH="89" HEIGHT="21" WC="0.92" CONTENT="emellan"/><SP WIDTH="16" VPOS="218" HPOS="617"/>
							<String ID="string_12" HPOS="633" VPOS="217" WIDTH="122" HEIGHT="28" WC="0.92" CONTENT="afkastning"/><SP WIDTH="10" VPOS="217" HPOS="755"/>
							<String ID="string_13" HPOS="765" VPOS="217" WIDTH="46" HEIGHT="22" WC="0.92" CONTENT="frän"/><SP WIDTH="8" VPOS="217" HPOS="811"/>
							<String ID="string_14" HPOS="819" VPOS="217" WIDTH="51" HEIGHT="27" WC="0.96" CONTENT="jord"/>
						</TextLine>
						<TextLine ID="line_2" HPOS="117" VPOS="251" WIDTH="754" HEIGHT="28">
							<String ID="string_15" HPOS="117" VPOS="252" WIDTH="39" HEIGHT="22" WC="0.95" CONTENT="och"/><SP WIDTH="25" VPOS="252" HPOS="156"/>
							<String ID="string_16" HPOS="181" VPOS="259" WIDTH="69" HEIGHT="15" WC="0.93" CONTENT="annan"/><SP WIDTH="22" VPOS="259" HPOS="250"/>
							<String ID="string_17" HPOS="272" VPOS="252" WIDTH="100" HEIGHT="27" WC="0.91" CONTENT="inkomst,"/><SP WIDTH="23" VPOS="252" HPOS="372"/>
							<String ID="string_18" HPOS="395" VPOS="252" WIDTH="92" HEIGHT="22" WC="0.92" CONTENT="hvarhos"/><SP WIDTH="23" VPOS="252" HPOS="487"/>
							<String ID="string_19" HPOS="510" VPOS="252" WIDTH="94" HEIGHT="22" WC="0.92" CONTENT="kronans"/><SP WIDTH="23" VPOS="252" HPOS="604"/>
							<String ID="string_20" HPOS="627" VPOS="252" WIDTH="120" HEIGHT="27" WC="0.96" CONTENT="skyldighet"/><SP WIDTH="19" VPOS="252" HPOS="747"/>
							<String ID="string_21" HPOS="766" VPOS="252" WIDTH="38" HEIGHT="21" WC="0.93" CONTENT="bör"/><SP WIDTH="20" VPOS="252" HPOS="804"/>
							<String ID="string_22" HPOS="824" VPOS="251" WIDTH="47" HEIGHT="21" WC="0.93" CONTENT="frän"/>
						</TextLine>
						<TextLine ID="line_3" HPOS="117" VPOS="286" WIDTH="755" HEIGHT="28">
							<String ID="string_23" HPOS="117" VPOS="287" WIDTH="82" HEIGHT="27" WC="0.89" CONTENT="andras:"/><SP WIDTH="16" VPOS="287" HPOS="199"/>
							<String ID="string_24" HPOS="215" VPOS="287" WIDTH="113" HEIGHT="27" WC="0.93" CONTENT="särskiljas."/><SP WIDTH="30" VPOS="287" HPOS="328"/>
							<String ID="string_25" HPOS="358" VPOS="287" WIDTH="83" HEIGHT="27" WC="0.89" CONTENT="Lägges"/><SP WIDTH="16" VPOS="287" HPOS="441"/>
							<String ID="string_26" HPOS="457" VPOS="287" WIDTH="69" HEIGHT="22" WC="0.96" CONTENT="härtill"/><SP WIDTH="16" VPOS="287" HPOS="526"/>
							<String ID="string_27" HPOS="542" VPOS="289" WIDTH="63" HEIGHT="24" WC="0.96" CONTENT="ännu,"/><SP WIDTH="15" VPOS="289" HPOS="605"/>
							<String ID="string_28" HPOS="620" VPOS="288" WIDTH="32" HEIGHT="20" WC="0.96" CONTENT="att"/><SP WIDTH="15" VPOS="288" HPOS="652"/>
							<String ID="string_29" HPOS="667" VPOS="287" WIDTH="41" HEIGHT="21" WC="0.96" CONTENT="den"/><SP WIDTH="17" VPOS="287" HPOS="708"/>
							<String ID="string_30" HPOS="725" VPOS="286" WIDTH="147" HEIGHT="26" WC="0.88" CONTENT="utsträckning"/>
						</TextLine>
						<TextLine ID="line_4" HPOS="117" VPOS="320" WIDTH="754" HEIGHT="28">
							<String ID="string_31" HPOS="117" VPOS="321" WIDTH="23" HEIGHT="22" WC="0.91" CONTENT="af"/><SP WIDTH="16" VPOS="321" HPOS="140"/>
							<String ID="string_32" HPOS="156" VPOS="321" WIDTH="160" HEIGHT="27" WC="0.91" CONTENT="ifrägavarande"/><SP WIDTH="17" VPOS="321" HPOS="316"/>
							<String ID="string_33" HPOS="333" VPOS="321" WIDTH="120" HEIGHT="27" WC="0.93" CONTENT="skyldighet"/><SP WIDTH="16" VPOS="321" HPOS="453"/>
							<String ID="string_34" HPOS="469" VPOS="321" WIDTH="121" HEIGHT="21" WC="0.93" CONTENT="Utskottets"/><SP WIDTH="16" VPOS="321" HPOS="590"/>
							<String ID="string_35" HPOS="606" VPOS="320" WIDTH="80" HEIGHT="28" WC="0.96" CONTENT="förslag"/><SP WIDTH="14" VPOS="320" HPOS="686"/>
							<String ID="string_36" HPOS="700" VPOS="321" WIDTH="95" HEIGHT="25" WC="0.93" CONTENT="innebär,"/><SP WIDTH="16" VPOS="321" HPOS="795"/>
							<String ID="string_37" HPOS="811" VPOS="321" WIDTH="60" HEIGHT="26" WC="0.91" CONTENT="synts"/>
						</TextLine>
						<TextLine ID="line_5" HPOS="117" VPOS="355" WIDTH="754" HEIGHT="28">
							<String ID="string_38" HPOS="117" VPOS="356" WIDTH="113" HEIGHT="22" WC="0.92" CONTENT="Utskottet"/><SP WIDTH="21" VPOS="356" HPOS="230"/>
							<String ID="string_39" HPOS="251" VPOS="355" WIDTH="115" HEIGHT="22" WC="0.92" CONTENT="framträda"/><SP WIDTH="20" VPOS="355" HPOS="366"/>
							<String ID="string_40" HPOS="386" VPOS="356" WIDTH="102" HEIGHT="27" WC="0.96" CONTENT="tydligare"/><SP WIDTH="16" VPOS="356" HPOS="488"/>
							<String ID="string_41" HPOS="504" VPOS="362" WIDTH="77" HEIGHT="20" WC="0.96" CONTENT="genom"/><SP WIDTH="16" VPOS="362" HPOS="581"/>
							<String ID="string_42" HPOS="597" VPOS="356" WIDTH="40" HEIGHT="21" WC="0.93" CONTENT="den"/><SP WIDTH="16" VPOS="356" HPOS="637"/>
							<String ID="string_43" HPOS="653" VPOS="355" WIDTH="112" HEIGHT="27" WC="0.92" CONTENT="affattning"/><SP WIDTH="14" VPOS="355" HPOS="765"/>
							<String ID="string_44" HPOS="779" VPOS="355" WIDTH="92" HEIGHT="27" WC="0.91" CONTENT="lagrum-"/>
						</TextLine>
						<TextLine ID="line_6" HPOS="118" VPOS="389" WIDTH="754" HEIGHT="27">
							<String ID="string_45" HPOS="118" VPOS="392" WIDTH="44" HEIGHT="19" WC="0.92" CONTENT="met"/><SP WIDTH="21" VPOS="392" HPOS="162"/>
							<String ID="string_46" HPOS="183" VPOS="390" WIDTH="87" HEIGHT="26" WC="0.91" CONTENT="erhällit,"/><SP WIDTH="24" VPOS="390" HPOS="270"/>
							<String ID="string_47" HPOS="294" VPOS="390" WIDTH="37" HEIGHT="21" WC="0.93" CONTENT="har"/><SP WIDTH="23" VPOS="390" HPOS="331"/>
							<String ID="string_48" HPOS="354" VPOS="390" WIDTH="112" HEIGHT="22" WC="0.92" CONTENT="Utskottet"/><SP WIDTH="16" VPOS="390" HPOS="466"/>
							<String ID="string_49" HPOS="482" VPOS="392" WIDTH="71" HEIGHT="19" WC="0.91" CONTENT="ansett"/><SP WIDTH="15" VPOS="392" HPOS="553"/>
							<String ID="string_50" HPOS="568" VPOS="390" WIDTH="34" HEIGHT="26" WC="0.93" CONTENT="sig"/><SP WIDTH="14" VPOS="390" HPOS="602"/>
							<String ID="string_51" HPOS="616" VPOS="389" WIDTH="62" HEIGHT="22" WC="0.92" CONTENT="hafva"/><SP WIDTH="15" VPOS="389" HPOS="678"/>
							<String ID="string_52" HPOS="693" VPOS="390" WIDTH="127" HEIGHT="20" WC="0.92" CONTENT="härutinnan"/><SP WIDTH="15" VPOS="390" HPOS="820"/>
							<String ID="string_53" HPOS="835" VPOS="395" WIDTH="37" HEIGHT="15" WC="0.92" CONTENT="an-"/>
						</TextLine>
						<TextLine ID="line_7" HPOS="118" VPOS="424" WIDTH="466" HEIGHT="28">
							<String ID="string_54" HPOS="118" VPOS="424" WIDTH="42" HEIGHT="22" WC="0.93" CONTENT="fört"/><SP WIDTH="16" VPOS="424" HPOS="160"/>
							<String ID="string_55" HPOS="176" VPOS="424" WIDTH="45" HEIGHT="22" WC="0.96" CONTENT="skäl"/><SP WIDTH="15" VPOS="424" HPOS="221"/>
							<String ID="string_56" HPOS="236" VPOS="424" WIDTH="32" HEIGHT="22" WC="0.93" CONTENT="för"/><SP WIDTH="16" VPOS="424" HPOS="268"/>
							<String ID="string_57" HPOS="284" VPOS="425" WIDTH="138" HEIGHT="27" WC="0.92" CONTENT="lagrummets"/><SP WIDTH="16" VPOS="425" HPOS="422"/>
							<String ID="string_58" HPOS="438" VPOS="424" WIDTH="146" HEIGHT="28" WC="0.92" CONTENT="formulering."/>
						</TextLine>
					</TextBlock>
					<TextBlock ID="block_2" HPOS="120" VPOS="458" WIDTH="752" HEIGHT="97">
						<TextLine ID="line_8" HPOS="188" VPOS="458" WIDTH="683" HEIGHT="28">
							<String ID="string_59" HPOS="188" VPOS="459" WIDTH="10" HEIGHT="21" WC="0.96" CONTENT="I"/><SP WIDTH="15" VPOS="459" HPOS="198"/>
							<String ID="string_60" HPOS="213" VPOS="458" WIDTH="92" HEIGHT="28" WC="0.93" CONTENT="följande"/><SP WIDTH="21" VPOS="458" HPOS="305"/>
							<String ID="string_61" HPOS="326" VPOS="458" WIDTH="101" HEIGHT="28" WC="0.93" CONTENT="paragraf"/><SP WIDTH="21" VPOS="458" HPOS="427"/>
							<String ID="string_62" HPOS="448" VPOS="459" WIDTH="19" HEIGHT="27" WC="0.63" CONTENT="(S"/><SP WIDTH="25" VPOS="459" HPOS="467"/>
							<String ID="string_63" HPOS="492" VPOS="459" WIDTH="34" HEIGHT="27" WC="0.93" CONTENT="17)"/><SP WIDTH="18" VPOS="459" HPOS="526"/>
							<String ID="string_64" HPOS="544" VPOS="458" WIDTH="144" HEIGHT="27" WC="0.92" CONTENT="föreskrifves,"/><SP WIDTH="15" VPOS="458" HPOS="688"/>
							<String ID="string_65" HPOS="703" VPOS="461" WIDTH="32" HEIGHT="19" WC="0.92" CONTENT="att"/><SP WIDTH="9" VPOS="461" HPOS="735"/>
							<String ID="string_66" HPOS="744" VPOS="460" WIDTH="127" HEIGHT="26" WC="0.89" CONTENT="-vägtungan"/>
						</TextLine>
						<TextLine ID="line_9" HPOS="120" VPOS="492" WIDTH="752" HEIGHT="28">
							<String ID="string_67" HPOS="120" VPOS="494" WIDTH="38" HEIGHT="21" WC="0.96" CONTENT="bör"/><SP WIDTH="16" VPOS="494" HPOS="158"/>
							<String ID="string_68" HPOS="174" VPOS="493" WIDTH="22" HEIGHT="21" WC="0.96" CONTENT="af"/><SP WIDTH="16" VPOS="493" HPOS="196"/>
							<String ID="string_69" HPOS="212" VPOS="494" WIDTH="41" HEIGHT="20" WC="0.93" CONTENT="alla"/><SP WIDTH="20" VPOS="494" HPOS="253"/>
							<String ID="string_70" HPOS="273" VPOS="495" WIDTH="87" HEIGHT="25" WC="0.93" CONTENT="utgöras"/><SP WIDTH="16" VPOS="495" HPOS="360"/>
							<String ID="string_71" HPOS="376" VPOS="494" WIDTH="6" HEIGHT="20" WC="0.93" CONTENT="i"/><SP WIDTH="16" VPOS="494" HPOS="382"/>
							<String ID="string_72" HPOS="398" VPOS="494" WIDTH="123" HEIGHT="26" WC="0.91" CONTENT="penningar."/><SP WIDTH="31" VPOS="494" HPOS="521"/>
							<String ID="string_73" HPOS="552" VPOS="492" WIDTH="137" HEIGHT="22" WC="0.88" CONTENT="Beträffande"/><SP WIDTH="22" VPOS="492" HPOS="689"/>
							<String ID="string_74" HPOS="711" VPOS="494" WIDTH="39" HEIGHT="20" WC="0.93" CONTENT="den"/><SP WIDTH="25" VPOS="494" HPOS="750"/>
							<String ID="string_75" HPOS="775" VPOS="495" WIDTH="97" HEIGHT="19" WC="0.91" CONTENT="närmare"/>
						</TextLine>
						<TextLine ID="line_10" HPOS="120" VPOS="528" WIDTH="665" HEIGHT="27">
							<String ID="string_76" HPOS="120" VPOS="528" WIDTH="155" HEIGHT="27" WC="0.96" CONTENT="motiveringen"/><SP WIDTH="16" VPOS="528" HPOS="275"/>
							<String ID="string_77" HPOS="291" VPOS="528" WIDTH="99" HEIGHT="21" WC="0.96" CONTENT="hänvisas"/><SP WIDTH="16" VPOS="528" HPOS="390"/>
							<String ID="string_78" HPOS="406" VPOS="528" WIDTH="31" HEIGHT="21" WC="0.93" CONTENT="till"/><SP WIDTH="16" VPOS="528" HPOS="437"/>
							<String ID="string_79" HPOS="453" VPOS="528" WIDTH="154" HEIGHT="21" WC="0.92" CONTENT="betänkandets"/><SP WIDTH="15" VPOS="528" HPOS="607"/>
							<String ID="string_80" HPOS="622" VPOS="528" WIDTH="107" HEIGHT="20" WC="0.96" CONTENT="allmänna"/><SP WIDTH="17" VPOS="528" HPOS="729"/>
							<String ID="string_81" HPOS="746" VPOS="528" WIDTH="39" HEIGHT="21" WC="0.96" CONTENT="del."/>
						</TextLine>
					</TextBlock>
					<TextBlock ID="block_3" HPOS="118" VPOS="559" WIDTH="757" HEIGHT="239">
						<TextLine ID="line_11" HPOS="188" VPOS="559" WIDTH="684" HEIGHT="31">
							<String ID="string_82" HPOS="188" VPOS="559" WIDTH="69" HEIGHT="25" WC="0.89" CONTENT="Äfven"/><SP WIDTH="17" VPOS="559" HPOS="257"/>
							<String ID="string_83" HPOS="274" VPOS="563" WIDTH="10" HEIGHT="27" WC="0.90" CONTENT="$"/><SP WIDTH="17" VPOS="563" HPOS="284"/>
							<String ID="string_84" HPOS="301" VPOS="562" WIDTH="25" HEIGHT="21" WC="0.96" CONTENT="18"/><SP WIDTH="16" VPOS="562" HPOS="326"/>
							<String ID="string_85" HPOS="342" VPOS="562" WIDTH="38" HEIGHT="21" WC="0.96" CONTENT="har"/><SP WIDTH="16" VPOS="562" HPOS="380"/>
							<String ID="string_86" HPOS="396" VPOS="562" WIDTH="31" HEIGHT="21" WC="0.93" CONTENT="till"/><SP WIDTH="16" VPOS="562" HPOS="427"/>
							<String ID="string_87" HPOS="443" VPOS="563" WIDTH="37" HEIGHT="21" WC="0.93" CONTENT="sitt"/><SP WIDTH="9" VPOS="563" HPOS="480"/>
							<String ID="string_88" HPOS="489" VPOS="562" WIDTH="165" HEIGHT="27" WC="0.93" CONTENT="hufvudsakliga"/><SP WIDTH="10" VPOS="562" HPOS="654"/>
							<String ID="string_89" HPOS="664" VPOS="562" WIDTH="92" HEIGHT="21" WC="0.91" CONTENT="innehäll"/><SP WIDTH="11" VPOS="562" HPOS="756"/>
							<String ID="string_90" HPOS="767" VPOS="562" WIDTH="105" HEIGHT="21" WC="0.93" CONTENT="allaredan"/>
						</TextLine>
						<TextLine ID="line_12" HPOS="120" VPOS="596" WIDTH="755" HEIGHT="22">
							<String ID="string_91" HPOS="120" VPOS="597" WIDTH="58" HEIGHT="21" WC="0.92" CONTENT="förut"/><SP WIDTH="21" VPOS="597" HPOS="178"/>
							<String ID="string_92" HPOS="199" VPOS="596" WIDTH="69" HEIGHT="22" WC="0.91" CONTENT="blifvit"/><SP WIDTH="22" VPOS="596" HPOS="268"/>
							<String ID="string_93" HPOS="290" VPOS="597" WIDTH="117" HEIGHT="21" WC="0.91" CONTENT="motiverad"/><SP WIDTH="23" VPOS="597" HPOS="407"/>
							<String ID="string_94" HPOS="430" VPOS="597" WIDTH="38" HEIGHT="21" WC="0.93" CONTENT="och"/><SP WIDTH="23" VPOS="597" HPOS="468"/>
							<String ID="string_95" HPOS="491" VPOS="596" WIDTH="113" HEIGHT="22" WC="0.91" CONTENT="förklarad."/><SP WIDTH="29" VPOS="596" HPOS="604"/>
							<String ID="string_96" HPOS="633" VPOS="596" WIDTH="61" HEIGHT="22" WC="0.96" CONTENT="Dock"/><SP WIDTH="15" VPOS="596" HPOS="694"/>
							<String ID="string_97" HPOS="709" VPOS="597" WIDTH="38" HEIGHT="21" WC="0.93" CONTENT="har"/><SP WIDTH="16" VPOS="597" HPOS="747"/>
							<String ID="string_98" HPOS="763" VPOS="596" WIDTH="112" HEIGHT="22" WC="0.92" CONTENT="Utskottet"/>
						</TextLine>
						<TextLine ID="line_13" HPOS="121" VPOS="630" WIDTH="752" HEIGHT="28">
							<String ID="string_99" HPOS="121" VPOS="633" WIDTH="70" HEIGHT="20" WC="0.90" CONTENT="ansett"/><SP WIDTH="23" VPOS="633" HPOS="191"/>
							<String ID="string_100" HPOS="214" VPOS="632" WIDTH="32" HEIGHT="26" WC="0.93" CONTENT="sig"/><SP WIDTH="20" VPOS="632" HPOS="246"/>
							<String ID="string_101" HPOS="266" VPOS="631" WIDTH="74" HEIGHT="21" WC="0.92" CONTENT="härvid"/><SP WIDTH="22" VPOS="631" HPOS="340"/>
							<String ID="string_102" HPOS="362" VPOS="631" WIDTH="52" HEIGHT="21" WC="0.92" CONTENT="böra"/><SP WIDTH="22" VPOS="631" HPOS="414"/>
							<String ID="string_103" HPOS="436" VPOS="632" WIDTH="122" HEIGHT="26" WC="0.93" CONTENT="ytterligare"/><SP WIDTH="22" VPOS="632" HPOS="558"/>
							<String ID="string_104" HPOS="580" VPOS="631" WIDTH="116" HEIGHT="25" WC="0.93" CONTENT="framhälla,"/><SP WIDTH="19" VPOS="631" HPOS="696"/>
							<String ID="string_105" HPOS="715" VPOS="633" WIDTH="31" HEIGHT="19" WC="0.93" CONTENT="att"/><SP WIDTH="16" VPOS="633" HPOS="746"/>
							<String ID="string_106" HPOS="762" VPOS="630" WIDTH="111" HEIGHT="22" WC="0.92" CONTENT="Utskottet"/>
						</TextLine>
						<TextLine ID="line_14" HPOS="121" VPOS="666" WIDTH="753" HEIGHT="27">
							<String ID="string_107" HPOS="121" VPOS="668" WIDTH="71" HEIGHT="20" WC="0.92" CONTENT="ansett"/><SP WIDTH="20" VPOS="668" HPOS="192"/>
							<String ID="string_108" HPOS="212" VPOS="666" WIDTH="36" HEIGHT="21" WC="0.93" CONTENT="det"/><SP WIDTH="21" VPOS="666" HPOS="248"/>
							<String ID="string_109" HPOS="269" VPOS="666" WIDTH="52" HEIGHT="20" WC="0.92" CONTENT="böra"/><SP WIDTH="14" VPOS="666" HPOS="321"/>
							<String ID="string_110" HPOS="335" VPOS="666" WIDTH="114" HEIGHT="21" WC="0.92" CONTENT="ankomma"/><SP WIDTH="14" VPOS="666" HPOS="449"/>
							<String ID="string_111" HPOS="463" VPOS="666" WIDTH="12" HEIGHT="21" WC="0.91" CONTENT="ä"/><SP WIDTH="16" VPOS="666" HPOS="475"/>
							<String ID="string_112" HPOS="491" VPOS="668" WIDTH="133" HEIGHT="25" WC="0.92" CONTENT="guvernören"/><SP WIDTH="16" VPOS="668" HPOS="624"/>
							<String ID="string_113" HPOS="640" VPOS="668" WIDTH="32" HEIGHT="19" WC="0.93" CONTENT="att"/><SP WIDTH="15" VPOS="668" HPOS="672"/>
							<String ID="string_114" HPOS="687" VPOS="666" WIDTH="117" HEIGHT="21" WC="0.90" CONTENT="bestämma"/><SP WIDTH="15" VPOS="666" HPOS="804"/>
							<String ID="string_115" HPOS="819" VPOS="667" WIDTH="55" HEIGHT="19" WC="0.91" CONTENT="stor-"/>
						</TextLine>
						<TextLine ID="line_15" HPOS="121" VPOS="700" WIDTH="752" HEIGHT="27">
							<String ID="string_116" HPOS="121" VPOS="700" WIDTH="61" HEIGHT="22" WC="0.95" CONTENT="leken"/><SP WIDTH="22" VPOS="700" HPOS="182"/>
							<String ID="string_117" HPOS="204" VPOS="700" WIDTH="23" HEIGHT="21" WC="0.93" CONTENT="af"/><SP WIDTH="21" VPOS="700" HPOS="227"/>
							<String ID="string_118" HPOS="248" VPOS="700" WIDTH="182" HEIGHT="27" WC="0.82" CONTENT="vägnämndernas"/><SP WIDTH="28" VPOS="700" HPOS="430"/>
							<String ID="string_119" HPOS="458" VPOS="700" WIDTH="240" HEIGHT="26" WC="0.88" CONTENT="verksamhetsomräde,"/><SP WIDTH="23" VPOS="700" HPOS="698"/>
							<String ID="string_120" HPOS="721" VPOS="702" WIDTH="51" HEIGHT="19" WC="0.96" CONTENT="enär"/><SP WIDTH="22" VPOS="702" HPOS="772"/>
							<String ID="string_121" HPOS="794" VPOS="700" WIDTH="79" HEIGHT="20" WC="0.96" CONTENT="honom"/>
						</TextLine>
						<TextLine ID="line_16" HPOS="118" VPOS="733" WIDTH="755" HEIGHT="29">
							<String ID="string_122" HPOS="118" VPOS="735" WIDTH="80" HEIGHT="27" WC="0.95" CONTENT="jämväl"/><SP WIDTH="15" VPOS="735" HPOS="198"/>
							<String ID="string_123" HPOS="213" VPOS="735" WIDTH="7" HEIGHT="21" WC="0.93" CONTENT="i"/><SP WIDTH="15" VPOS="735" HPOS="220"/>
							<String ID="string_124" HPOS="235" VPOS="734" WIDTH="64" HEIGHT="28" WC="0.93" CONTENT="öfrigt"/><SP WIDTH="22" VPOS="734" HPOS="299"/>
							<String ID="string_125" HPOS="321" VPOS="734" WIDTH="132" HEIGHT="22" WC="0.92" CONTENT="ombetrodts"/><SP WIDTH="23" VPOS="734" HPOS="453"/>
							<String ID="string_126" HPOS="476" VPOS="735" WIDTH="119" HEIGHT="27" WC="0.93" CONTENT="betydande"/><SP WIDTH="23" VPOS="735" HPOS="595"/>
							<String ID="string_127" HPOS="618" VPOS="734" WIDTH="121" HEIGHT="22" WC="0.96" CONTENT="funktioner"/><SP WIDTH="17" VPOS="734" HPOS="739"/>
							<String ID="string_128" HPOS="756" VPOS="734" WIDTH="47" HEIGHT="22" WC="0.93" CONTENT="med"/><SP WIDTH="15" VPOS="734" HPOS="803"/>
							<String ID="string_129" HPOS="818" VPOS="733" WIDTH="55" HEIGHT="22" WC="0.92" CONTENT="afse-"/>
						</TextLine>
						<TextLine ID="line_17" HPOS="121" VPOS="769" WIDTH="245" HEIGHT="29">
							<String ID="string_130" HPOS="121" VPOS="770" WIDTH="54" HEIGHT="28" WC="0.93" CONTENT="ende"/><SP WIDTH="15" VPOS="770" HPOS="175"/>
							<String ID="string_131" HPOS="190" VPOS="770" WIDTH="13" HEIGHT="20" WC="0.92" CONTENT="å"/><SP WIDTH="14" VPOS="770" HPOS="203"/>
							<String ID="string_132" HPOS="217" VPOS="769" WIDTH="149" HEIGHT="27" WC="0.90" CONTENT="vägväsendet."/>
						</TextLine>
					</TextBlock>
					<TextBlock ID="block_4" HPOS="122" VPOS="802" WIDTH="754" HEIGHT="305">
						<TextLine ID="line_18" HPOS="190" VPOS="802" WIDTH="685" HEIGHT="28">
							<String ID="string_133" HPOS="190" VPOS="804" WIDTH="65" HEIGHT="21" WC="0.96" CONTENT="Mom."/><SP WIDTH="15" VPOS="804" HPOS="255"/>
							<String ID="string_134" HPOS="270" VPOS="804" WIDTH="13" HEIGHT="20" WC="0.96" CONTENT="3"/><SP WIDTH="15" VPOS="804" HPOS="283"/>
							<String ID="string_135" HPOS="298" VPOS="804" WIDTH="7" HEIGHT="20" WC="0.96" CONTENT="i"/><SP WIDTH="15" VPOS="804" HPOS="305"/>
							<String ID="string_136" HPOS="320" VPOS="803" WIDTH="124" HEIGHT="27" WC="0.93" CONTENT="paragrafen"/><SP WIDTH="23" VPOS="803" HPOS="444"/>
							<String ID="string_137" HPOS="467" VPOS="803" WIDTH="56" HEIGHT="22" WC="0.92" CONTENT="afser"/><SP WIDTH="23" VPOS="803" HPOS="523"/>
							<String ID="string_138" HPOS="546" VPOS="806" WIDTH="31" HEIGHT="19" WC="0.96" CONTENT="att"/><SP WIDTH="19" VPOS="806" HPOS="577"/>
							<String ID="string_139" HPOS="596" VPOS="804" WIDTH="114" HEIGHT="26" WC="0.96" CONTENT="förebygga"/><SP WIDTH="21" VPOS="804" HPOS="710"/>
							<String ID="string_140" HPOS="731" VPOS="803" WIDTH="121" HEIGHT="27" WC="0.96" CONTENT="stagnation"/><SP WIDTH="15" VPOS="803" HPOS="852"/>
							<String ID="string_141" HPOS="867" VPOS="802" WIDTH="8" HEIGHT="21" WC="0.96" CONTENT="i"/>
						</TextLine>
						<TextLine ID="line_19" HPOS="122" VPOS="836" WIDTH="751" HEIGHT="29">
							<String ID="string_142" HPOS="122" VPOS="840" WIDTH="111" HEIGHT="25" WC="0.92" CONTENT="vägnätets"/><SP WIDTH="23" VPOS="840" HPOS="233"/>
							<String ID="string_143" HPOS="256" VPOS="838" WIDTH="121" HEIGHT="27" WC="0.96" CONTENT="utveckling"/><SP WIDTH="21" VPOS="838" HPOS="377"/>
							<String ID="string_144" HPOS="398" VPOS="838" WIDTH="67" HEIGHT="21" WC="0.96" CONTENT="under"/><SP WIDTH="16" VPOS="838" HPOS="465"/>
							<String ID="string_145" HPOS="481" VPOS="838" WIDTH="101" HEIGHT="21" WC="0.96" CONTENT="särskildt"/><SP WIDTH="16" VPOS="838" HPOS="582"/>
							<String ID="string_146" HPOS="598" VPOS="844" WIDTH="74" HEIGHT="16" WC="0.96" CONTENT="senare"/><SP WIDTH="16" VPOS="844" HPOS="672"/>
							<String ID="string_147" HPOS="688" VPOS="838" WIDTH="61" HEIGHT="21" WC="0.96" CONTENT="delen"/><SP WIDTH="15" VPOS="838" HPOS="749"/>
							<String ID="string_148" HPOS="764" VPOS="837" WIDTH="22" HEIGHT="22" WC="0.96" CONTENT="af"/><SP WIDTH="14" VPOS="837" HPOS="786"/>
							<String ID="string_149" HPOS="800" VPOS="836" WIDTH="73" HEIGHT="27" WC="0.96" CONTENT="hvarje"/>
						</TextLine>
						<TextLine ID="line_20" HPOS="122" VPOS="871" WIDTH="753" HEIGHT="29">
							<String ID="string_150" HPOS="122" VPOS="872" WIDTH="42" HEIGHT="22" WC="0.96" CONTENT="fem"/><SP WIDTH="23" VPOS="872" HPOS="164"/>
							<String ID="string_151" HPOS="187" VPOS="873" WIDTH="34" HEIGHT="21" WC="0.96" CONTENT="års"/><SP WIDTH="23" VPOS="873" HPOS="221"/>
							<String ID="string_152" HPOS="244" VPOS="872" WIDTH="73" HEIGHT="28" WC="0.96" CONTENT="period"/><SP WIDTH="22" VPOS="872" HPOS="317"/>
							<String ID="string_153" HPOS="339" VPOS="874" WIDTH="55" HEIGHT="20" WC="0.96" CONTENT="samt"/><SP WIDTH="15" VPOS="874" HPOS="394"/>
							<String ID="string_154" HPOS="409" VPOS="873" WIDTH="115" HEIGHT="21" WC="0.96" CONTENT="motiveras"/><SP WIDTH="16" VPOS="873" HPOS="524"/>
							<String ID="string_155" HPOS="540" VPOS="872" WIDTH="61" HEIGHT="22" WC="0.96" CONTENT="äfven"/><SP WIDTH="16" VPOS="872" HPOS="601"/>
							<String ID="string_156" HPOS="617" VPOS="872" WIDTH="64" HEIGHT="27" WC="0.96" CONTENT="däraf,"/><SP WIDTH="16" VPOS="872" HPOS="681"/>
							<String ID="string_157" HPOS="697" VPOS="874" WIDTH="31" HEIGHT="20" WC="0.95" CONTENT="att"/><SP WIDTH="15" VPOS="874" HPOS="728"/>
							<String ID="string_158" HPOS="743" VPOS="872" WIDTH="50" HEIGHT="21" WC="0.96" CONTENT="flere"/><SP WIDTH="15" VPOS="872" HPOS="793"/>
							<String ID="string_159" HPOS="808" VPOS="872" WIDTH="23" HEIGHT="21" WC="0.96" CONTENT="år"/><SP WIDTH="15" VPOS="872" HPOS="831"/>
							<String ID="string_160" HPOS="846" VPOS="871" WIDTH="29" HEIGHT="27" WC="0.96" CONTENT="på"/>
						</TextLine>
						<TextLine ID="line_21" HPOS="122" VPOS="905" WIDTH="754" HEIGHT="29">
							<String ID="string_161" HPOS="122" VPOS="907" WIDTH="90" HEIGHT="22" WC="0.96" CONTENT="förhand"/><SP WIDTH="22" VPOS="907" HPOS="212"/>
							<String ID="string_162" HPOS="234" VPOS="909" WIDTH="24" HEIGHT="19" WC="0.96" CONTENT="är"/><SP WIDTH="21" VPOS="909" HPOS="258"/>
							<String ID="string_163" HPOS="279" VPOS="907" WIDTH="85" HEIGHT="25" WC="0.95" CONTENT="svårt,"/><SP WIDTH="-7" VPOS="907" HPOS="364"/>
							<String ID="string_164" HPOS="357" VPOS="901" WIDTH="13" HEIGHT="38" WC="0.96" CONTENT="i"/><SP WIDTH="15" VPOS="901" HPOS="370"/>
							<String ID="string_165" HPOS="385" VPOS="907" WIDTH="57" HEIGHT="21" WC="0.96" CONTENT="vissa"/><SP WIDTH="20" VPOS="907" HPOS="442"/>
							<String ID="string_166" HPOS="462" VPOS="906" WIDTH="37" HEIGHT="22" WC="0.96" CONTENT="fall"/><SP WIDTH="23" VPOS="906" HPOS="499"/>
							<String ID="string_167" HPOS="522" VPOS="906" WIDTH="61" HEIGHT="22" WC="0.96" CONTENT="äfven"/><SP WIDTH="23" VPOS="906" HPOS="583"/>
							<String ID="string_168" HPOS="606" VPOS="907" WIDTH="102" HEIGHT="27" WC="0.96" CONTENT="omöjligt,"/><SP WIDTH="20" VPOS="907" HPOS="708"/>
							<String ID="string_169" HPOS="728" VPOS="907" WIDTH="81" HEIGHT="21" WC="0.95" CONTENT="förutse"/><SP WIDTH="26" VPOS="907" HPOS="809"/>
							<String ID="string_170" HPOS="835" VPOS="905" WIDTH="41" HEIGHT="22" WC="0.94" CONTENT="alla"/>
						</TextLine>
						<TextLine ID="line_22" HPOS="123" VPOS="941" WIDTH="750" HEIGHT="27">
							<String ID="string_171" HPOS="123" VPOS="941" WIDTH="67" HEIGHT="22" WC="0.96" CONTENT="under"/><SP WIDTH="30" VPOS="941" HPOS="190"/>
							<String ID="string_172" HPOS="220" VPOS="947" WIDTH="25" HEIGHT="15" WC="0.96" CONTENT="en"/><SP WIDTH="31" VPOS="947" HPOS="245"/>
							<String ID="string_173" HPOS="276" VPOS="941" WIDTH="73" HEIGHT="27" WC="0.95" CONTENT="period"/><SP WIDTH="30" VPOS="941" HPOS="349"/>
							<String ID="string_174" HPOS="379" VPOS="941" WIDTH="78" HEIGHT="26" WC="0.93" CONTENT="nödiga"/><SP WIDTH="29" VPOS="941" HPOS="457"/>
							<String ID="string_175" HPOS="486" VPOS="943" WIDTH="49" HEIGHT="25" WC="0.91" CONTENT="väg-"/><SP WIDTH="31" VPOS="943" HPOS="535"/>
							<String ID="string_176" HPOS="566" VPOS="941" WIDTH="39" HEIGHT="21" WC="0.91" CONTENT="och"/><SP WIDTH="29" VPOS="941" HPOS="605"/>
							<String ID="string_177" HPOS="634" VPOS="941" WIDTH="239" HEIGHT="27" WC="0.91" CONTENT="brobyggnadsföretag."/>
						</TextLine>
						<TextLine ID="line_23" HPOS="122" VPOS="975" WIDTH="751" HEIGHT="28">
							<String ID="string_178" HPOS="122" VPOS="976" WIDTH="112" HEIGHT="22" WC="0.96" CONTENT="Utskottet"/><SP WIDTH="15" VPOS="976" HPOS="234"/>
							<String ID="string_179" HPOS="249" VPOS="976" WIDTH="38" HEIGHT="21" WC="0.96" CONTENT="har"/><SP WIDTH="15" VPOS="976" HPOS="287"/>
							<String ID="string_180" HPOS="302" VPOS="975" WIDTH="117" HEIGHT="22" WC="0.96" CONTENT="emellertid"/><SP WIDTH="15" VPOS="975" HPOS="419"/>
							<String ID="string_181" HPOS="434" VPOS="975" WIDTH="56" HEIGHT="22" WC="0.96" CONTENT="velat"/><SP WIDTH="14" VPOS="975" HPOS="490"/>
							<String ID="string_182" HPOS="504" VPOS="976" WIDTH="48" HEIGHT="21" WC="0.96" CONTENT="med"/><SP WIDTH="17" VPOS="976" HPOS="552"/>
							<String ID="string_183" HPOS="569" VPOS="976" WIDTH="133" HEIGHT="21" WC="0.93" CONTENT="bestämdhet"/><SP WIDTH="15" VPOS="976" HPOS="702"/>
							<String ID="string_184" HPOS="717" VPOS="976" WIDTH="28" HEIGHT="27" WC="0.96" CONTENT="på"/><SP WIDTH="15" VPOS="976" HPOS="745"/>
							<String ID="string_185" HPOS="760" VPOS="975" WIDTH="50" HEIGHT="26" WC="0.96" CONTENT="skäl,"/><SP WIDTH="17" VPOS="975" HPOS="810"/>
							<String ID="string_186" HPOS="827" VPOS="981" WIDTH="46" HEIGHT="15" WC="0.96" CONTENT="som"/>
						</TextLine>
						<TextLine ID="line_24" HPOS="122" VPOS="1009" WIDTH="754" HEIGHT="29">
							<String ID="string_187" HPOS="122" VPOS="1011" WIDTH="90" HEIGHT="26" WC="0.96" CONTENT="tidigare"/><SP WIDTH="15" VPOS="1011" HPOS="212"/>
							<String ID="string_188" HPOS="227" VPOS="1010" WIDTH="87" HEIGHT="26" WC="0.96" CONTENT="anförts,"/><SP WIDTH="15" VPOS="1010" HPOS="314"/>
							<String ID="string_189" HPOS="329" VPOS="1011" WIDTH="83" HEIGHT="26" WC="0.96" CONTENT="betona,"/><SP WIDTH="17" VPOS="1011" HPOS="412"/>
							<String ID="string_190" HPOS="429" VPOS="1013" WIDTH="31" HEIGHT="19" WC="0.93" CONTENT="att"/><SP WIDTH="14" VPOS="1013" HPOS="460"/>
							<String ID="string_191" HPOS="474" VPOS="1011" WIDTH="173" HEIGHT="27" WC="0.91" CONTENT="vägnämnderna"/><SP WIDTH="15" VPOS="1011" HPOS="647"/>
							<String ID="string_192" HPOS="662" VPOS="1011" WIDTH="27" HEIGHT="26" WC="0.97" CONTENT="på"/><SP WIDTH="16" VPOS="1011" HPOS="689"/>
							<String ID="string_193" HPOS="705" VPOS="1011" WIDTH="69" HEIGHT="26" WC="0.96" CONTENT="grund"/><SP WIDTH="12" VPOS="1011" HPOS="774"/>
							<String ID="string_194" HPOS="786" VPOS="1009" WIDTH="22" HEIGHT="22" WC="0.96" CONTENT="af"/><SP WIDTH="9" VPOS="1009" HPOS="808"/>
							<String ID="string_195" HPOS="817" VPOS="1010" WIDTH="59" HEIGHT="21" WC="0.95" CONTENT="detta"/>
						</TextLine>
						<TextLine ID="line_25" HPOS="123" VPOS="1044" WIDTH="752" HEIGHT="28">
							<String ID="string_196" HPOS="123" VPOS="1045" WIDTH="117" HEIGHT="27" WC="0.95" CONTENT="stadgande"/><SP WIDTH="22" VPOS="1045" HPOS="240"/>
							<String ID="string_197" HPOS="262" VPOS="1045" WIDTH="45" HEIGHT="21" WC="0.96" CONTENT="icke"/><SP WIDTH="22" VPOS="1045" HPOS="307"/>
							<String ID="string_198" HPOS="329" VPOS="1045" WIDTH="35" HEIGHT="21" WC="0.96" CONTENT="må"/><SP WIDTH="21" VPOS="1045" HPOS="364"/>
							<String ID="string_199" HPOS="385" VPOS="1045" WIDTH="121" HEIGHT="22" WC="0.96" CONTENT="förvandlas"/><SP WIDTH="16" VPOS="1045" HPOS="506"/>
							<String ID="string_200" HPOS="522" VPOS="1045" WIDTH="31" HEIGHT="21" WC="0.96" CONTENT="till"/><SP WIDTH="16" VPOS="1045" HPOS="553"/>
							<String ID="string_201" HPOS="569" VPOS="1047" WIDTH="138" HEIGHT="25" WC="0.96" CONTENT="permanenta"/><SP WIDTH="14" VPOS="1047" HPOS="707"/>
							<String ID="string_202" HPOS="721" VPOS="1044" WIDTH="154" HEIGHT="28" WC="0.96" CONTENT="myndigheter,"/>
						</TextLine>
						<TextLine ID="line_26" HPOS="123" VPOS="1079" WIDTH="617" HEIGHT="28">
							<String ID="string_203" HPOS="123" VPOS="1082" WIDTH="51" HEIGHT="19" WC="0.96" CONTENT="utan"/><SP WIDTH="17" VPOS="1082" HPOS="174"/>
							<String ID="string_204" HPOS="191" VPOS="1079" WIDTH="115" HEIGHT="22" WC="0.95" CONTENT="bibehållas"/><SP WIDTH="15" VPOS="1079" HPOS="306"/>
							<String ID="string_205" HPOS="321" VPOS="1080" WIDTH="6" HEIGHT="21" WC="0.96" CONTENT="i"/><SP WIDTH="16" VPOS="1080" HPOS="327"/>
							<String ID="string_206" HPOS="343" VPOS="1080" WIDTH="31" HEIGHT="21" WC="0.93" CONTENT="sin"/><SP WIDTH="17" VPOS="1080" HPOS="374"/>
							<String ID="string_207" HPOS="391" VPOS="1079" WIDTH="93" HEIGHT="27" WC="0.91" CONTENT="afsedda,"/><SP WIDTH="16" VPOS="1079" HPOS="484"/>
							<String ID="string_208" HPOS="500" VPOS="1082" WIDTH="121" HEIGHT="25" WC="0.95" CONTENT="temporära"/><SP WIDTH="14" VPOS="1082" HPOS="621"/>
							<String ID="string_209" HPOS="635" VPOS="1079" WIDTH="105" HEIGHT="22" WC="0.96" CONTENT="karaktär."/>
						</TextLine>
					</TextBlock>
					<TextBlock ID="block_5" HPOS="124" VPOS="1113" WIDTH="756" HEIGHT="371">
						<TextLine ID="line_27" HPOS="192" VPOS="1113" WIDTH="684" HEIGHT="29">
							<String ID="string_210" HPOS="192" VPOS="1113" WIDTH="25" HEIGHT="29" WC="0.91" CONTENT="88"/><SP WIDTH="17" VPOS="1113" HPOS="217"/>
							<String ID="string_211" HPOS="234" VPOS="1115" WIDTH="32" HEIGHT="24" WC="0.95" CONTENT="19,"/><SP WIDTH="16" VPOS="1115" HPOS="266"/>
							<String ID="string_212" HPOS="282" VPOS="1115" WIDTH="27" HEIGHT="20" WC="0.95" CONTENT="20"/><SP WIDTH="15" VPOS="1115" HPOS="309"/>
							<String ID="string_213" HPOS="324" VPOS="1114" WIDTH="39" HEIGHT="21" WC="0.96" CONTENT="och"/><SP WIDTH="16" VPOS="1114" HPOS="363"/>
							<String ID="string_214" HPOS="379" VPOS="1115" WIDTH="25" HEIGHT="20" WC="0.97" CONTENT="21"/><SP WIDTH="17" VPOS="1115" HPOS="404"/>
							<String ID="string_215" HPOS="421" VPOS="1115" WIDTH="105" HEIGHT="21" WC="0.96" CONTENT="innehålla"/><SP WIDTH="22" VPOS="1115" HPOS="526"/>
							<String ID="string_216" HPOS="548" VPOS="1116" WIDTH="97" HEIGHT="19" WC="0.96" CONTENT="närmare"/><SP WIDTH="22" VPOS="1116" HPOS="645"/>
							<String ID="string_217" HPOS="667" VPOS="1114" WIDTH="158" HEIGHT="27" WC="0.93" CONTENT="bestämningar"/><SP WIDTH="15" VPOS="1114" HPOS="825"/>
							<String ID="string_218" HPOS="840" VPOS="1113" WIDTH="36" HEIGHT="21" WC="0.90" CONTENT="be-"/>
						</TextLine>
						<TextLine ID="line_28" HPOS="124" VPOS="1148" WIDTH="753" HEIGHT="27">
							<String ID="string_219" HPOS="124" VPOS="1148" WIDTH="103" HEIGHT="22" WC="0.93" CONTENT="träffande"/><SP WIDTH="22" VPOS="1148" HPOS="227"/>
							<String ID="string_220" HPOS="249" VPOS="1149" WIDTH="184" HEIGHT="26" WC="0.90" CONTENT="vägnämndernas"/><SP WIDTH="23" VPOS="1149" HPOS="433"/>
							<String ID="string_221" HPOS="456" VPOS="1149" WIDTH="197" HEIGHT="26" WC="0.92" CONTENT="sammansättning."/><SP WIDTH="31" VPOS="1149" HPOS="653"/>
							<String ID="string_222" HPOS="684" VPOS="1149" WIDTH="129" HEIGHT="26" WC="0.91" CONTENT="Förstsagda"/><SP WIDTH="19" VPOS="1149" HPOS="813"/>
							<String ID="string_223" HPOS="832" VPOS="1148" WIDTH="45" HEIGHT="26" WC="0.92" CONTENT="lag-"/>
						</TextLine>
						<TextLine ID="line_29" HPOS="124" VPOS="1182" WIDTH="753" HEIGHT="27">
							<String ID="string_224" HPOS="124" VPOS="1189" WIDTH="48" HEIGHT="15" WC="0.93" CONTENT="rum"/><SP WIDTH="22" VPOS="1189" HPOS="172"/>
							<String ID="string_225" HPOS="194" VPOS="1182" WIDTH="141" HEIGHT="25" WC="0.92" CONTENT="föreskrifver,"/><SP WIDTH="23" VPOS="1182" HPOS="335"/>
							<String ID="string_226" HPOS="358" VPOS="1183" WIDTH="55" HEIGHT="21" WC="0.93" CONTENT="huru"/><SP WIDTH="15" VPOS="1183" HPOS="413"/>
							<String ID="string_227" HPOS="428" VPOS="1183" WIDTH="145" HEIGHT="21" WC="0.92" CONTENT="ledamöterne"/><SP WIDTH="16" VPOS="1183" HPOS="573"/>
							<String ID="string_228" HPOS="589" VPOS="1183" WIDTH="59" HEIGHT="21" WC="0.96" CONTENT="skola"/><SP WIDTH="16" VPOS="1183" HPOS="648"/>
							<String ID="string_229" HPOS="664" VPOS="1185" WIDTH="66" HEIGHT="19" WC="0.94" CONTENT="utses."/><SP WIDTH="30" VPOS="1185" HPOS="730"/>
							<String ID="string_230" HPOS="760" VPOS="1183" WIDTH="41" HEIGHT="21" WC="0.93" CONTENT="Vid"/><SP WIDTH="15" VPOS="1183" HPOS="801"/>
							<String ID="string_231" HPOS="816" VPOS="1188" WIDTH="61" HEIGHT="21" WC="0.92" CONTENT="para-"/>
						</TextLine>
						<TextLine ID="line_30" HPOS="125" VPOS="1216" WIDTH="752" HEIGHT="28">
							<String ID="string_232" HPOS="125" VPOS="1217" WIDTH="84" HEIGHT="27" WC="0.93" CONTENT="grafens"/><SP WIDTH="16" VPOS="1217" HPOS="209"/>
							<String ID="string_233" HPOS="225" VPOS="1217" WIDTH="110" HEIGHT="27" WC="0.90" CONTENT="affattning"/><SP WIDTH="15" VPOS="1217" HPOS="335"/>
							<String ID="string_234" HPOS="350" VPOS="1217" WIDTH="62" HEIGHT="21" WC="0.92" CONTENT="hafva"/><SP WIDTH="15" VPOS="1217" HPOS="412"/>
							<String ID="string_235" HPOS="427" VPOS="1217" WIDTH="6" HEIGHT="21" WC="0.93" CONTENT="i"/><SP WIDTH="16" VPOS="1217" HPOS="433"/>
							<String ID="string_236" HPOS="449" VPOS="1217" WIDTH="154" HEIGHT="22" WC="0.91" CONTENT="betänkandets"/><SP WIDTH="16" VPOS="1217" HPOS="603"/>
							<String ID="string_237" HPOS="619" VPOS="1217" WIDTH="105" HEIGHT="22" WC="0.96" CONTENT="allmänna"/><SP WIDTH="15" VPOS="1217" HPOS="724"/>
							<String ID="string_238" HPOS="739" VPOS="1217" WIDTH="33" HEIGHT="21" WC="0.93" CONTENT="del"/><SP WIDTH="11" VPOS="1217" HPOS="772"/>
							<String ID="string_239" HPOS="783" VPOS="1216" WIDTH="94" HEIGHT="22" WC="0.92" CONTENT="härutin-"/>
						</TextLine>
						<TextLine ID="line_31" HPOS="125" VPOS="1251" WIDTH="753" HEIGHT="28">
							<String ID="string_240" HPOS="125" VPOS="1258" WIDTH="41" HEIGHT="14" WC="0.93" CONTENT="nan"/><SP WIDTH="16" VPOS="1258" HPOS="166"/>
							<String ID="string_241" HPOS="182" VPOS="1251" WIDTH="125" HEIGHT="22" WC="0.92" CONTENT="framhällna"/><SP WIDTH="15" VPOS="1251" HPOS="307"/>
							<String ID="string_242" HPOS="322" VPOS="1252" WIDTH="131" HEIGHT="27" WC="0.93" CONTENT="synpunkter"/><SP WIDTH="15" VPOS="1252" HPOS="453"/>
							<String ID="string_243" HPOS="468" VPOS="1251" WIDTH="127" HEIGHT="22" WC="0.91" CONTENT="framförallt"/><SP WIDTH="10" VPOS="1251" HPOS="595"/>
							<String ID="string_244" HPOS="605" VPOS="1251" WIDTH="68" HEIGHT="22" WC="0.92" CONTENT="blifvit"/><SP WIDTH="11" VPOS="1251" HPOS="673"/>
							<String ID="string_245" HPOS="684" VPOS="1251" WIDTH="108" HEIGHT="22" WC="0.92" CONTENT="beaktade."/><SP WIDTH="23" VPOS="1251" HPOS="792"/>
							<String ID="string_246" HPOS="815" VPOS="1251" WIDTH="63" HEIGHT="21" WC="0.92" CONTENT="Olika"/>
						</TextLine>
						<TextLine ID="line_32" HPOS="125" VPOS="1284" WIDTH="752" HEIGHT="28">
							<String ID="string_247" HPOS="125" VPOS="1285" WIDTH="79" HEIGHT="22" WC="0.92" CONTENT="äsikter"/><SP WIDTH="20" VPOS="1285" HPOS="204"/>
							<String ID="string_248" HPOS="224" VPOS="1285" WIDTH="62" HEIGHT="22" WC="0.92" CONTENT="hafva"/><SP WIDTH="17" VPOS="1285" HPOS="286"/>
							<String ID="string_249" HPOS="303" VPOS="1286" WIDTH="57" HEIGHT="21" WC="0.93" CONTENT="inom"/><SP WIDTH="16" VPOS="1286" HPOS="360"/>
							<String ID="string_250" HPOS="376" VPOS="1286" WIDTH="111" HEIGHT="21" WC="0.92" CONTENT="Utskottet"/><SP WIDTH="16" VPOS="1286" HPOS="487"/>
							<String ID="string_251" HPOS="503" VPOS="1286" WIDTH="87" HEIGHT="21" WC="0.92" CONTENT="uttalats"/><SP WIDTH="16" VPOS="1286" HPOS="590"/>
							<String ID="string_252" HPOS="606" VPOS="1286" WIDTH="79" HEIGHT="26" WC="0.92" CONTENT="därom,"/><SP WIDTH="16" VPOS="1286" HPOS="685"/>
							<String ID="string_253" HPOS="701" VPOS="1286" WIDTH="105" HEIGHT="21" WC="0.93" CONTENT="huruvida"/><SP WIDTH="14" VPOS="1286" HPOS="806"/>
							<String ID="string_254" HPOS="820" VPOS="1284" WIDTH="57" HEIGHT="21" WC="0.92" CONTENT="fack-"/>
						</TextLine>
						<TextLine ID="line_33" HPOS="125" VPOS="1318" WIDTH="754" HEIGHT="29">
							<String ID="string_255" HPOS="125" VPOS="1320" WIDTH="192" HEIGHT="21" WC="0.92" CONTENT="mannaelementet"/><SP WIDTH="19" VPOS="1320" HPOS="317"/>
							<String ID="string_256" HPOS="336" VPOS="1321" WIDTH="57" HEIGHT="20" WC="0.93" CONTENT="inom"/><SP WIDTH="21" VPOS="1321" HPOS="393"/>
							<String ID="string_257" HPOS="414" VPOS="1321" WIDTH="172" HEIGHT="26" WC="0.92" CONTENT="vägnämnderna"/><SP WIDTH="16" VPOS="1321" HPOS="586"/>
							<String ID="string_258" HPOS="602" VPOS="1320" WIDTH="65" HEIGHT="22" WC="0.93" CONTENT="borde"/><SP WIDTH="15" VPOS="1320" HPOS="667"/>
							<String ID="string_259" HPOS="682" VPOS="1322" WIDTH="159" HEIGHT="25" WC="0.92" CONTENT="representeras"/><SP WIDTH="15" VPOS="1322" HPOS="841"/>
							<String ID="string_260" HPOS="856" VPOS="1318" WIDTH="23" HEIGHT="22" WC="0.96" CONTENT="af"/>
						</TextLine>
						<TextLine ID="line_34" HPOS="126" VPOS="1354" WIDTH="751" HEIGHT="27">
							<String ID="string_261" HPOS="126" VPOS="1354" WIDTH="134" HEIGHT="27" WC="0.91" CONTENT="tjänstemän,"/><SP WIDTH="15" VPOS="1354" HPOS="260"/>
							<String ID="string_262" HPOS="275" VPOS="1354" WIDTH="90" HEIGHT="27" WC="0.92" CONTENT="lydande"/><SP WIDTH="15" VPOS="1354" HPOS="365"/>
							<String ID="string_263" HPOS="380" VPOS="1355" WIDTH="69" HEIGHT="20" WC="0.93" CONTENT="under"/><SP WIDTH="15" VPOS="1355" HPOS="449"/>
							<String ID="string_264" HPOS="464" VPOS="1354" WIDTH="164" HEIGHT="27" WC="0.92" CONTENT="öfverstyrelsen"/><SP WIDTH="13" VPOS="1354" HPOS="628"/>
							<String ID="string_265" HPOS="641" VPOS="1354" WIDTH="33" HEIGHT="21" WC="0.93" CONTENT="för"/><SP WIDTH="11" VPOS="1354" HPOS="674"/>
							<String ID="string_266" HPOS="685" VPOS="1356" WIDTH="49" HEIGHT="25" WC="0.92" CONTENT="väg-"/><SP WIDTH="11" VPOS="1356" HPOS="734"/>
							<String ID="string_267" HPOS="745" VPOS="1354" WIDTH="39" HEIGHT="21" WC="0.93" CONTENT="och"/><SP WIDTH="11" VPOS="1354" HPOS="784"/>
							<String ID="string_268" HPOS="795" VPOS="1355" WIDTH="82" HEIGHT="20" WC="0.92" CONTENT="vatten-"/>
						</TextLine>
						<TextLine ID="line_35" HPOS="126" VPOS="1388" WIDTH="751" HEIGHT="27">
							<String ID="string_269" HPOS="126" VPOS="1389" WIDTH="151" HEIGHT="26" WC="0.94" CONTENT="byggnaderna"/><SP WIDTH="22" VPOS="1389" HPOS="277"/>
							<String ID="string_270" HPOS="299" VPOS="1389" WIDTH="50" HEIGHT="21" WC="0.93" CONTENT="eller"/><SP WIDTH="15" VPOS="1389" HPOS="349"/>
							<String ID="string_271" HPOS="364" VPOS="1389" WIDTH="127" HEIGHT="21" WC="0.93" CONTENT="tillhörande"/><SP WIDTH="15" VPOS="1389" HPOS="491"/>
							<String ID="string_272" HPOS="506" VPOS="1389" WIDTH="211" HEIGHT="21" WC="0.92" CONTENT="landtmäteristaten."/><SP WIDTH="30" VPOS="1389" HPOS="717"/>
							<String ID="string_273" HPOS="747" VPOS="1389" WIDTH="73" HEIGHT="26" WC="0.96" CONTENT="Enligt"/><SP WIDTH="15" VPOS="1389" HPOS="820"/>
							<String ID="string_274" HPOS="835" VPOS="1388" WIDTH="42" HEIGHT="21" WC="0.96" CONTENT="den"/>
						</TextLine>
						<TextLine ID="line_36" HPOS="125" VPOS="1422" WIDTH="752" HEIGHT="28">
							<String ID="string_275" HPOS="125" VPOS="1428" WIDTH="41" HEIGHT="21" WC="0.91" CONTENT="nya"/><SP WIDTH="14" VPOS="1428" HPOS="166"/>
							<String ID="string_276" HPOS="180" VPOS="1422" WIDTH="63" HEIGHT="27" WC="0.93" CONTENT="lagen"/><SP WIDTH="15" VPOS="1422" HPOS="243"/>
							<String ID="string_277" HPOS="258" VPOS="1423" WIDTH="84" HEIGHT="21" WC="0.92" CONTENT="komme"/><SP WIDTH="15" VPOS="1423" HPOS="342"/>
							<String ID="string_278" HPOS="357" VPOS="1423" WIDTH="146" HEIGHT="27" WC="0.92" CONTENT="vägväsendet"/><SP WIDTH="15" VPOS="1423" HPOS="503"/>
							<String ID="string_279" HPOS="518" VPOS="1425" WIDTH="32" HEIGHT="19" WC="0.92" CONTENT="att"/><SP WIDTH="17" VPOS="1425" HPOS="550"/>
							<String ID="string_280" HPOS="567" VPOS="1423" WIDTH="148" HEIGHT="21" WC="0.92" CONTENT="underordnas"/><SP WIDTH="15" VPOS="1423" HPOS="715"/>
							<String ID="string_281" HPOS="730" VPOS="1422" WIDTH="147" HEIGHT="22" WC="0.92" CONTENT="förstnämnda"/>
						</TextLine>
						<TextLine ID="line_37" HPOS="125" VPOS="1456" WIDTH="755" HEIGHT="28">
							<String ID="string_282" HPOS="125" VPOS="1456" WIDTH="155" HEIGHT="27" WC="0.88" CONTENT="öfverstyrelse."/><SP WIDTH="30" VPOS="1456" HPOS="280"/>
							<String ID="string_283" HPOS="310" VPOS="1457" WIDTH="150" HEIGHT="27" WC="0.91" CONTENT="Ihägkommas"/><SP WIDTH="20" VPOS="1457" HPOS="460"/>
							<String ID="string_284" HPOS="480" VPOS="1457" WIDTH="39" HEIGHT="22" WC="0.93" CONTENT="bör"/><SP WIDTH="19" VPOS="1457" HPOS="519"/>
							<String ID="string_285" HPOS="538" VPOS="1457" WIDTH="44" HEIGHT="26" WC="0.95" CONTENT="ock,"/><SP WIDTH="16" VPOS="1457" HPOS="582"/>
							<String ID="string_286" HPOS="598" VPOS="1459" WIDTH="31" HEIGHT="20" WC="0.96" CONTENT="att"/><SP WIDTH="14" VPOS="1459" HPOS="629"/>
							<String ID="string_287" HPOS="643" VPOS="1457" WIDTH="66" HEIGHT="27" WC="0.93" CONTENT="enligt"/><SP WIDTH="16" VPOS="1457" HPOS="709"/>
							<String ID="string_288" HPOS="725" VPOS="1457" WIDTH="131" HEIGHT="27" WC="0.95" CONTENT="stadganden"/><SP WIDTH="17" VPOS="1457" HPOS="856"/>
							<String ID="string_289" HPOS="873" VPOS="1457" WIDTH="7" HEIGHT="20" WC="0.96" CONTENT="i"/>
						</TextLine>
					</TextBlock>
				</ComposedBlock>
				<ComposedBlock ID="cblock_2" HPOS="194" VPOS="1502" WIDTH="492" HEIGHT="23">
					<TextBlock ID="block_6" HPOS="194" VPOS="1502" WIDTH="492" HEIGHT="23">
						<TextLine ID="line_38" HPOS="194" VPOS="1502" WIDTH="492" HEIGHT="23">
							<String ID="string_290" HPOS="194" VPOS="1503" WIDTH="48" HEIGHT="22" WC="0.92" CONTENT="Lag-"/><SP WIDTH="13" VPOS="1503" HPOS="242"/>
							<String ID="string_291" HPOS="255" VPOS="1503" WIDTH="33" HEIGHT="17" WC="0.93" CONTENT="och"/><SP WIDTH="11" VPOS="1503" HPOS="288"/>
							<String ID="string_292" HPOS="299" VPOS="1502" WIDTH="185" HEIGHT="19" WC="0.91" CONTENT="Ekonomiutskottets"/><SP WIDTH="12" VPOS="1502" HPOS="484"/>
							<String ID="string_293" HPOS="496" VPOS="1504" WIDTH="112" HEIGHT="17" WC="0.96" CONTENT="betänkande"/><SP WIDTH="12" VPOS="1504" HPOS="608"/>
							<String ID="string_294" HPOS="620" VPOS="1503" WIDTH="37" HEIGHT="19" WC="0.96" CONTENT="N:o"/><SP WIDTH="12" VPOS="1503" HPOS="657"/>
							<String ID="string_295" HPOS="669" VPOS="1504" WIDTH="17" HEIGHT="17" WC="0.96" CONTENT="4."/>
						</TextLine>
					</TextBlock>
				</ComposedBlock>
				<ComposedBlock ID="cblock_3" HPOS="881" VPOS="410" WIDTH="137" HEIGHT="281">
					<TextBlock ID="block_7" HPOS="881" VPOS="410" WIDTH="137" HEIGHT="281">
						<TextLine ID="line_39" HPOS="887" VPOS="410" WIDTH="85" HEIGHT="48">
							<String ID="string_296" HPOS="887" VPOS="410" WIDTH="85" HEIGHT="48" WC="0.13" CONTENT="sin."/>
						</TextLine>
						<TextLine ID="line_40" HPOS="881" VPOS="424" WIDTH="137" HEIGHT="73">
							<String ID="string_297" HPOS="881" VPOS="434" WIDTH="23" HEIGHT="46" WC="0.25" CONTENT="(ja"/><SP WIDTH="15" VPOS="434" HPOS="904"/>
							<String ID="string_298" HPOS="919" VPOS="424" WIDTH="99" HEIGHT="73" WC="0.1" CONTENT="via"/>
						</TextLine>
						<TextLine ID="line_41" HPOS="884" VPOS="479" WIDTH="130" HEIGHT="64">
							<String ID="string_299" HPOS="884" VPOS="480" WIDTH="54" HEIGHT="63" WC="0.73" CONTENT="sö"/><SP WIDTH="-1" VPOS="480" HPOS="938"/>
							<String ID="string_300" HPOS="937" VPOS="479" WIDTH="38" HEIGHT="64" WC="0.54" CONTENT="p"/><SP WIDTH="15" VPOS="479" HPOS="975"/>
							<String ID="string_301" HPOS="990" VPOS="503" WIDTH="24" HEIGHT="17" WC="0.95" CONTENT="25"/>
						</TextLine>
						<TextLine ID="line_42" HPOS="949" VPOS="525" WIDTH="34" HEIGHT="23">
							<String ID="string_302" HPOS="949" VPOS="525" WIDTH="34" HEIGHT="23" WC="0.87" CONTENT="BJ"/>
						</TextLine>
						<TextLine ID="line_43" HPOS="915" VPOS="526" WIDTH="61" HEIGHT="50">
							<String ID="string_303" HPOS="915" VPOS="526" WIDTH="61" HEIGHT="50" WC="0.46" CONTENT="sig"/>
						</TextLine>
						<TextLine ID="line_44" HPOS="901" VPOS="577" WIDTH="116" HEIGHT="23">
							<String ID="string_304" HPOS="901" VPOS="577" WIDTH="14" HEIGHT="23" WC="0.57" CONTENT="S"/><SP WIDTH="12" VPOS="577" HPOS="915"/>
							<String ID="string_305" HPOS="927" VPOS="577" WIDTH="31" HEIGHT="21" WC="0.95" CONTENT="48,"/><SP WIDTH="11" VPOS="577" HPOS="958"/>
							<String ID="string_306" HPOS="969" VPOS="577" WIDTH="48" HEIGHT="17" WC="0.88" CONTENT="540."/>
						</TextLine>
						<TextLine ID="line_45" HPOS="889" VPOS="585" WIDTH="123" HEIGHT="37">
							<String ID="string_307" HPOS="889" VPOS="585" WIDTH="19" HEIGHT="33" WC="0.43" CONTENT="5"/><SP WIDTH="16" VPOS="585" HPOS="908"/>
							<String ID="string_308" HPOS="924" VPOS="600" WIDTH="38" HEIGHT="17" WC="0.75" CONTENT="in"/><SP WIDTH="10" VPOS="600" HPOS="962"/>
							<String ID="string_309" HPOS="972" VPOS="600" WIDTH="40" HEIGHT="22" WC="0.79" CONTENT="Pr)"/>
						</TextLine>
						<TextLine ID="line_46" HPOS="887" VPOS="618" WIDTH="126" HEIGHT="49">
							<String ID="string_310" HPOS="887" VPOS="623" WIDTH="37" HEIGHT="23" WC="0.74" CONTENT="[88"/><SP WIDTH="12" VPOS="623" HPOS="924"/>
							<String ID="string_311" HPOS="936" VPOS="618" WIDTH="40" HEIGHT="49" WC="0.75" CONTENT="4.0."/><SP WIDTH="13" VPOS="618" HPOS="976"/>
							<String ID="string_312" HPOS="989" VPOS="623" WIDTH="24" HEIGHT="17" WC="0.93" CONTENT="13"/>
						</TextLine>
						<TextLine ID="line_47" HPOS="913" VPOS="646" WIDTH="73" HEIGHT="17">
							<String ID="string_313" HPOS="913" VPOS="652" WIDTH="8" HEIGHT="11" WC="0.95" CONTENT="2"/><SP WIDTH="14" VPOS="652" HPOS="921"/>
							<String ID="string_314" HPOS="935" VPOS="646" WIDTH="51" HEIGHT="17" WC="0.95" CONTENT="1883"/>
						</TextLine>
						<TextLine ID="line_48" HPOS="916" VPOS="668" WIDTH="67" HEIGHT="23">
							<String ID="string_315" HPOS="916" VPOS="664" WIDTH="26" HEIGHT="32" WC="0.84" CONTENT="K."/><SP WIDTH="10" VPOS="664" HPOS="942"/>
							<String ID="string_316" HPOS="952" VPOS="664" WIDTH="31" HEIGHT="32" WC="0.48" CONTENT="FJ]"/>
						</TextLine>
					</TextBlock>
				</ComposedBlock>
				<ComposedBlock ID="cblock_4" HPOS="885" VPOS="1111" WIDTH="138" HEIGHT="92">
					<TextBlock ID="block_8" HPOS="885" VPOS="1111" WIDTH="138" HEIGHT="92">
						<TextLine ID="line_49" HPOS="899" VPOS="1111" WIDTH="109" HEIGHT="24">
							<String ID="string_317" HPOS="899" VPOS="1111" WIDTH="29" HEIGHT="24" WC="0.84" CONTENT="SS"/><SP WIDTH="11" VPOS="1111" HPOS="928"/>
							<String ID="string_318" HPOS="939" VPOS="1112" WIDTH="28" HEIGHT="21" WC="0.95" CONTENT="19,"/><SP WIDTH="15" VPOS="1112" HPOS="967"/>
							<String ID="string_319" HPOS="982" VPOS="1111" WIDTH="26" HEIGHT="17" WC="0.95" CONTENT="20"/>
						</TextLine>
						<TextLine ID="line_50" HPOS="923" VPOS="1135" WIDTH="57" HEIGHT="17">
							<String ID="string_320" HPOS="923" VPOS="1141" WIDTH="15" HEIGHT="11" WC="0.82" CONTENT="o."/><SP WIDTH="13" VPOS="1141" HPOS="938"/>
							<String ID="string_321" HPOS="951" VPOS="1135" WIDTH="29" HEIGHT="17" WC="0.96" CONTENT="21."/>
						</TextLine>
						<TextLine ID="line_51" HPOS="885" VPOS="1157" WIDTH="138" HEIGHT="24">
							<String ID="string_322" HPOS="885" VPOS="1157" WIDTH="34" HEIGHT="24" WC="0.89" CONTENT="($$"/><SP WIDTH="12" VPOS="1157" HPOS="919"/>
							<String ID="string_323" HPOS="931" VPOS="1158" WIDTH="25" HEIGHT="17" WC="0.96" CONTENT="46"/><SP WIDTH="12" VPOS="1158" HPOS="956"/>
							<String ID="string_324" HPOS="968" VPOS="1163" WIDTH="16" HEIGHT="12" WC="0.85" CONTENT="0."/><SP WIDTH="12" VPOS="1163" HPOS="984"/>
							<String ID="string_325" HPOS="996" VPOS="1157" WIDTH="27" HEIGHT="17" WC="0.96" CONTENT="47"/>
						</TextLine>
						<TextLine ID="line_52" HPOS="911" VPOS="1180" WIDTH="87" HEIGHT="23">
							<String ID="string_326" HPOS="911" VPOS="1181" WIDTH="38" HEIGHT="17" WC="0.89" CONTENT="in."/><SP WIDTH="11" VPOS="1181" HPOS="949"/>
							<String ID="string_327" HPOS="960" VPOS="1180" WIDTH="38" HEIGHT="23" WC="0.93" CONTENT="pr)"/>
						</TextLine>
					</TextBlock>
				</ComposedBlock>
			</PrintSpace>
		</Page>
	</Layout>
</alto>
