1092 1698
207 132 26 19 10
452 132 22 22 U.
491 132 22 22 B.
530 145 26 3 —
573 132 61 28 Prop.
650 132 35 23 N:o
701 133 21 21 6.

559 196 49 29 88.

62 245 32 17 140
104 244 15 18 &
130 246 30 16 141
168 245 29 22 88.
274 239 49 22 Hör
337 240 36 21 till
383 240 114 29 lägenhet,
509 248 49 14 som
568 241 99 29 styckas,
679 242 63 28 skog,
752 241 121 26 stenbrott,
882 244 80 19 ström-

204 273 41 21 fall
269 274 54 21 eller
345 278 70 18 annat
437 276 173 21 vattenområde
634 276 54 21 eller
707 276 55 28 eljes
782 277 76 27 någon
873 276 89 22 förmån

204 315 55 14 vare
274 308 35 29 sig
324 312 142 25 gemensamt
483 310 52 21 med
551 310 71 22 andra
636 310 134 29 lägenheter
786 310 54 22 eller
855 310 106 26 enskildt,

205 343 29 21 då
254 343 68 21 hafve
346 344 44 21 den
412 344 97 22 afskilda
531 344 139 29 lägenheten
691 344 161 22 motsvarande
872 344 89 22 andel
948 339 17 39 i

203 378 73 21 sådan
297 378 94 26 förmån,
411 381 57 19 utan
486 381 25 19 så
529 382 25 18 är
569 381 34 19 att
618 379 40 21 vid
673 379 154 29 styckningen
841 381 29 26 på
885 379 76 28 grund

203 412 23 21 af
241 412 112 22 förbehåll
368 413 142 21 annorlunda
525 414 143 22 bestämmes.

558 500 48 29 98.

73 549 19 17 11
106 548 11 22 8
130 550 21 16 95
164 550 19 16 F.
271 544 63 22 Utan
357 545 70 21 skildt
449 546 113 21 förbehåll
582 546 138 21 tillkommer
734 545 51 21 icke
800 544 85 29 parcell
900 544 37 22 del
952 544 7 22 i

102 577 55 23 1428
179 573 14 39 —
202 578 35 28 sjö
254 578 54 22 eller
323 580 145 28 vattendrag,
484 580 89 21 ändock
589 580 45 21 den
650 580 76 21 dertill
740 582 100 25 gränsar.

550 667 27 20 10
592 666 21 29 8.

71 721 20 16 14
104 719 11 23 8
127 721 21 16 95
161 721 19 18 F,
272 711 56 21 Rätt
348 713 34 19 att
397 711 46 22 låta
459 712 80 28 stycka
554 711 108 29 lägenhet
678 711 43 22 och
736 711 100 21 derifrån
852 710 106 21 afsöndra

200 745 87 28 parcell
301 745 138 22 tillkommer
454 746 149 28 lägenhetens
619 753 73 21 egare.

271 779 48 22 Har
337 781 77 27 någon
433 780 35 21 till
483 788 75 13 annan
574 780 116 21 öfverlåtit
705 780 58 21 visst
778 779 92 22 område
886 779 22 21 af
923 779 35 21 sin

68 824 22 16 40
102 823 12 22 &
126 824 22 17 95
160 824 20 18 F,
202 814 109 28 lägenhet
334 817 35 19 att
391 815 35 21 till
445 815 96 21 särskild
557 815 110 28 fastighet
682 814 108 28 afskiljas,
806 821 54 14 vare
874 813 85 28 jemväl

201 848 46 22 den
263 856 84 19 senare,
365 851 24 19 så
403 849 68 29 länge
489 849 139 29 lägenheten
642 849 78 21 tillhör
736 848 152 22 öfverlåtaren
904 848 53 21 eller

198 884 85 27 någon,
305 890 48 14 som
376 884 161 21 öfverlåtelsen
567 884 109 28 godkänt,
699 884 55 20 eller
783 883 71 21 sådan
878 890 79 20 egares

199 917 111 29 arfvinge,
331 920 24 19 så
379 918 42 21 ock
445 926 36 13 om
504 918 160 22 öfverlåtelsen
683 920 24 19 är
722 917 124 21 intecknad
862 918 95 20 såsom
941 913 20 37 i

199 953 12 19 6
229 952 52 28 kap.
301 954 26 19 12
346 952 14 29 &
379 956 73 25 säges,
472 952 96 28 behörig
590 955 35 19 att
646 952 46 22 låta
712 952 40 21 det
768 952 92 21 område
875 959 82 21 genom

199 986 126 28 styckning
341 987 55 21 eller
411 987 133 28 afsöndring
559 987 125 28 frånskilja.

270 1020 68 22 Hvad
353 1020 8 22 i
377 1021 70 21 andra
463 1028 66 14 mom.
546 1021 92 28 stadgas
654 1028 54 22 eger
722 1021 52 21 icke
789 1020 145 29 tillämpning
945 1023 12 19 å

198 1054 153 26 öfverlåtelse,
368 1062 49 14 som
439 1055 51 21 från
512 1056 178 21 kronohemman
710 1056 22 21 af
748 1055 42 22 åbo
806 1055 80 28 gjorts,
901 1057 56 19 utan

197 1090 26 20 så
243 1092 24 18 är
286 1092 34 18 att
339 1089 162 22 öfverlåtelsen
521 1090 59 21 afser
596 1090 67 21 andel
678 1090 7 21 i
701 1092 141 26 gemensamt
866 1090 91 21 område

197 1130 50 14 som
262 1124 8 20 i
285 1126 12 18 2
313 1124 14 28 8
342 1126 97 20 nämnts.

547 1207 25 18 11
588 1205 20 28 8.

63 1259 10 16 3
86 1258 11 22 8
110 1259 21 17 95
144 1259 38 22 F.5)
267 1249 117 28 Afgälden
406 1250 51 21 från
479 1250 84 28 parcell
583 1250 41 21 bör
643 1252 116 20 motsvara
773 1250 62 21 hvad
851 1250 22 21 af
888 1252 67 19 stom-

93 1288 33 16 149
138 1287 16 23 $£.
197 1290 66 14 mens
286 1283 113 22 allmänna
421 1284 120 28 utskylder
564 1285 43 21 och
630 1284 80 22 besvär
732 1286 30 26 pä
784 1284 114 28 parcellen
921 1284 35 28 sig

197 1317 95 28 belöper
308 1317 59 22 efter
382 1318 123 22 hvarderas
520 1318 40 21 vid
576 1319 123 28 delningen
713 1318 122 21 faststälda
848 1319 108 21 storhets-

197 1353 60 20 mått
271 1351 8 21 i
294 1351 141 22 förhållande
451 1353 35 21 till
499 1353 262 28 jordebokshemmanet.

267 1437 17 22 +)
296 1438 65 22 Enligt
375 1439 43 17 1902
431 1439 32 17 års
474 1439 20 17 F.

267 1471 46 23 Lag-
326 1472 31 17 och
369 1472 175 19 ekonomiutskottets
556 1473 110 18 betänkande
678 1473 36 18 N:o
726 1474 16 17 5.
