1092 1698
73 696 21 16 32
106 694 12 22 8
130 695 22 17 95
164 695 19 17 F.

74 1068 21 16 15
108 1067 11 22 8
131 1068 21 16 95
165 1068 20 16 F.

103 1314 52 22 Nytt.

201 145 27 19 20
443 143 22 22 U.
481 143 22 22 B.
521 155 26 3 —
564 142 60 28 Prop.
641 142 35 23 N:o
692 143 21 22 6.

270 206 140 28 Ofverstiger
426 206 107 28 afgälden
544 208 123 20 stommens
678 206 197 29 kronoutskylder,
886 206 70 22 varde

202 241 151 22 öfverskottet
367 240 225 22 stominnehafvaren
607 240 187 21 tillhandahållet.

270 275 74 28 Egare
367 275 26 21 af
413 274 174 29 stomlägenhet,
606 274 52 21 från
673 274 94 22 hvilken
782 275 84 28 parcell
881 275 76 22 blifvit

202 309 122 22 afsöndrad
347 309 71 28 enligt
441 309 27 22 de
490 309 49 22 före
563 309 44 21 den
634 311 6 18 1
662 309 90 28 januari
777 311 54 20 1896
852 309 104 28 gällande

201 344 148 25 föreskrifter,
370 351 41 21 ege
434 343 55 29 sjelf
508 343 103 29 uppbära
634 343 44 22 den
696 343 72 28 årliga
783 343 107 28 afgälden
904 344 51 21 från

201 379 114 28 parcellen
337 379 54 21 eller
413 379 46 20 låta
477 378 135 25 densamma,
631 377 39 22 der
686 377 44 22 den
745 380 25 19 är
786 377 79 22 endast
880 378 8 21 i
902 386 53 21 pen-

201 413 82 28 ningar
298 413 77 26 utfäst,
391 413 26 21 af
430 412 159 29 kronofogden
601 412 123 29 uppbäras;
734 419 52 14 men
798 412 80 22 brister
888 415 67 20 stom-

201 447 148 28 lägenhetens
373 455 66 20 egare
457 447 8 21 i
483 447 126 28 utgörande
632 447 26 21 af
675 447 49 21 sina
742 447 96 28 utlagor,
854 449 37 20 må
906 448 50 21 obe-

201 482 62 22 talad
279 482 76 28 afgäld
373 482 52 22 från
443 482 114 29 parcellen
572 482 7 21 i
594 481 79 29 hvarje
688 481 108 23 händelse
811 482 34 22 till
860 482 96 22 bristens

202 516 103 29 fyllande
323 517 7 21 i
347 517 52 28 laga
422 517 97 28 ordning
542 518 90 26 uttagas
656 516 54 22 eller
729 516 52 22 med
799 517 105 28 qvarstad
921 517 36 22 be-

201 551 87 28 läggas.

557 640 13 18 9
586 637 20 29 8.

264 689 48 21 Har
329 689 84 28 lagfart
433 688 125 22 meddelats
574 690 12 20 å
602 689 45 21 viss
663 689 66 21 andel
744 688 24 22 af
782 688 107 29 lägenhet
904 689 54 22 eller

203 724 133 28 inteckning
351 724 7 20 i
374 723 70 21 sådan
467 723 36 21 del
525 723 118 26 faststälts,
664 723 42 22 och
725 723 82 22 varder
822 723 136 28 lägenheten

204 758 70 22 sedan
289 758 102 25 klufven,
408 758 59 28 gälle
483 758 43 21 den
544 758 85 28 lagfart
644 758 53 21 eller
712 758 133 28 inteckning
860 758 98 22 derefter

204 792 45 22 den
265 792 25 22 af
303 792 27 22 de
350 792 124 28 nybildade
496 792 169 28 lägenheterna,
688 792 95 22 hvilken
799 793 22 20 åt
836 799 84 21 egaren
935 792 26 22 af

203 834 86 14 samma
311 826 66 21 andel
400 826 95 26 utbröts,
519 826 59 26 eller,
602 826 40 21 der
656 826 56 22 hans
728 826 68 22 andel
810 826 66 29 ingår
888 826 71 29 jemte

204 861 82 22 andras
309 861 7 20 i
336 862 77 27 någon
435 866 23 16 at
481 861 28 22 de
531 861 123 28 nybildade
674 861 168 28 lägenheterna,
862 861 43 22 den
921 869 37 14 an-

204 895 37 22 del
260 895 7 21 i
287 895 138 22 sistnämnda
447 895 113 29 lägenhet,
584 902 48 15 som
655 895 90 22 dåmera
768 895 92 28 belöper
878 895 35 28 sig
929 897 30 28 på

203 930 90 22 honom.

553 1018 26 18 10
594 1016 21 28 8.

273 1066 96 29 Lagfart
385 1068 12 20 å
412 1067 85 29 parcell
507 1067 134 22 verkställes
652 1075 83 21 genom
746 1070 33 19 ett
789 1067 59 22 enda
858 1067 101 29 uppbud,

203 1104 57 18 utan
275 1103 34 19 att
323 1101 112 22 fastebref
448 1102 80 28 gifves.

273 1136 88 21 Parcell
377 1138 24 19 är
416 1136 50 22 icke
481 1136 56 22 börd
553 1116 153 54 underkastad
722 1136 43 22 och
780 1135 35 21 får
830 1136 49 21 icke
890 1136 69 21 heller

203 1170 118 22 intecknas
337 1170 36 22 för
388 1171 100 28 sytning.

554 1258 22 19 11
594 1256 20 28 8.

273 1306 27 28 Ej
324 1308 36 20 mä
383 1307 85 28 lagfart
491 1307 26 21 af
527 1307 52 28 jord
596 1308 12 20 ä
624 1307 76 21 landet
715 1306 135 22 annorledes
866 1306 94 28 beviljas

203 1344 29 18 än
248 1342 13 20 &
276 1341 45 22 viss
337 1341 108 28 lägenhet
461 1342 54 21 eller
530 1342 46 21 viss
592 1341 93 22 bråkdel
700 1341 7 21 i
722 1341 71 22 sådan
809 1340 112 29 lägenhet.

272 1376 47 21 Der
341 1376 111 21 särskilda
475 1376 50 21 skäl
549 1379 45 23 äro,
617 1383 53 14 vare
693 1375 71 22 likväl
779 1375 82 21 tillätet
877 1377 32 19 att
924 1375 37 22 be-

203 1409 56 29 vilja
275 1410 70 21 första
369 1410 127 29 uppbudet,
517 1411 58 21 ändä
590 1412 33 19 att
638 1410 149 28 lägenhetens
803 1409 157 28 registernum-

203 1451 50 14 mer
267 1444 50 21 icke
333 1447 24 18 är
372 1445 88 20 utredd.

273 1483 50 23 Lag-
336 1483 33 18 och
383 1484 183 18 ekonomiutskottets
579 1484 115 17 betänkande
707 1483 37 19 N:o
759 1491 11 10 5
