1092 1698
363 136 21 23 U.
400 136 23 23 B.
439 150 28 3 —
483 136 61 28 Prop.
561 136 35 23 N:o
612 136 21 22 6.
852 137 25 20 57

475 200 14 21 4
503 201 20 26 8.

191 239 42 22 Uti
247 242 158 26 guvernörens
419 240 79 29 utslag
513 240 38 22 mä
562 240 100 29 ändring
672 239 69 22 sökas
749 239 8 22 i
766 239 113 22 Senatens
898 235 14 39 =
926 246 32 17 155
970 245 17 22 5.

121 273 292 29 Ekonomiedepartement
435 274 87 22 medels
545 274 121 29 skriftliga
688 274 90 27 besvär,
798 273 81 22 hvilka

122 311 79 18 senast
222 307 51 22 före
295 307 100 23 klockan
417 308 48 21 tolf
485 309 14 21 å
521 309 45 21 den
586 308 126 22 trettionde
729 308 75 29 dagen
820 307 59 22 efter

122 342 137 22 delfåendet
273 342 66 22 skola
353 342 37 21 till
404 346 148 25 guvernören
566 343 110 28 ingifvas.

191 377 124 28 Undergår
333 380 158 25 guvernörens
506 377 79 29 utslag
600 377 106 29 ändring,
722 377 70 21 varde
808 376 70 23 Sena-

123 413 52 20 tens
191 411 77 29 utslag
283 411 8 22 i
306 411 71 22 saken
392 411 133 22 meddeladt
540 412 234 21 länelandtmätaren.

477 475 13 22 5
505 476 20 26 8.

193 514 46 22 För
255 515 76 21 beslut
350 515 56 21 eller
420 515 84 29 utslag,
521 522 49 15 som
585 515 9 22 i
609 515 85 22 ärende
710 515 120 28 angående
846 514 33 22 af-156
927 520 13 18 &
947 519 74 23 169"
999 510 26 38 5.

124 549 113 28 söndring
252 549 43 22 och
310 549 111 29 frivilligt
435 550 100 28 egobyte
552 550 26 21 af
586 552 148 26 guvernören
745 549 56 22 eller
809 549 71 22 Sena-

123 585 41 20 ten
179 583 123 28 meddelas,
319 583 105 29 erlägges
439 583 52 22 icke
505 584 73 21 lösen.

447 681 28 22 14
488 681 73 22 KAP.

307 744 36 23 Om
356 744 183 29 jordlägenheters
556 744 144 28 registrering.

479 808 48 27 18.

194 848 12 22 I
225 847 80 29 hvarje
326 848 40 22 län
389 848 62 22 föres
466 848 13 21 &
495 847 261 23 landtmäterikontoret
771 849 34 20 ett
817 847 63 29 jord-
898 854 22 16 30
933 852 10 24 $
956 854 21 16 95
990 852 20 18 F.

124 883 106 28 register,
245 882 97 28 hvilket,
361 882 151 29 upptagande
529 883 121 21 kommun-
666 882 42 22 och
724 882 82 29 byavis
822 883 60 20 samt

125 917 62 21 efter
202 917 233 29 jordeboksnummer
453 917 111 29 samtliga
582 916 190 30 jordlägenheter
787 916 8 22 i
810 916 70 28 länet,

125 951 62 22 skall
193 951 120 22 innehålla
320 952 95 28 uppgift
423 958 37 15 om
468 951 81 29 hvarje
557 951 123 29 lägenhets
688 958 76 21 namn,
774 951 106 28 register-

125 992 113 21 nummer,
251 986 122 28 jordnatur
389 986 42 22 och
447 986 108 28 egovidd,
572 986 52 21 dess
639 986 160 21 storhetsmått
813 985 9 21 i
835 985 46 21 för-

126 1020 110 21 hållande
259 1020 36 22 till
317 1020 54 22 hela
393 1020 133 22 hemmanet
547 1020 43 22 och
606 1020 39 22 det
661 1020 93 28 mantal,
770 1027 49 14 som
834 1019 47 22 kan

126 1054 75 22 finnas
223 1054 140 29 lägenheten
385 1055 68 27 åsatt,
469 1055 72 27 tiden,
558 1055 30 21 då
610 1055 52 21 dess
684 1058 96 25 gränser
802 1053 80 23 blifvit

126 1096 85 21 genom
232 1089 121 22 storskifte
376 1089 55 21 eller
454 1096 79 15 annan
556 1089 97 29 delning
675 1089 125 28 bestämda,
824 1089 58 20 samt

126 1123 261 29 servitutsrättigheter-
402 1124 44 21 och
461 1123 168 29 skyldigheter,
646 1124 25 21 så
686 1123 44 22 ock
741 1122 142 28 hänvisning

126 1158 38 21 till
179 1158 150 22 kartaverket
340 1158 44 22 och
394 1158 290 29 delningshandlingarna;
696 1158 43 21 och
749 1158 134 21 ankommer

126 1192 37 22 för
186 1193 73 29 öfrigt
281 1193 30 28 på
327 1192 101 23 Senaten
443 1195 36 19 att
494 1193 106 22 meddela
615 1197 106 18 närmare
736 1191 147 23 föreskrifter

127 1227 121 29 angående
261 1227 172 29 jordregistrets
449 1227 105 22 förande.

196 1261 69 22 Hvad
281 1269 36 14 om
332 1261 111 29 lägenhet
457 1261 8 22 i
481 1261 65 22 detta
561 1261 90 29 kapitel
665 1265 53 24 sägs
729 1261 73 28 gäller
812 1260 72 21 äfven

126 1296 95 29 parcell.

482 1331 14 20 2
511 1331 20 26 8.

197 1371 88 28 Hvarje
304 1370 151 29 jorddelning
478 1370 60 21 skall
554 1370 8 21 i
575 1369 163 30 jordregistret
756 1370 25 21 så
795 1369 89 22 införas
931 1375 31 18 127
975 1374 17 23 8.

127 1411 49 16 som
192 1405 179 22 föreskrifterna
385 1404 9 21 i
410 1405 11 20 1
444 1405 7 26 $
466 1404 53 22 med
535 1404 92 29 hänsyn
644 1404 36 21 till
691 1404 145 22 densammas
846 1403 39 22 be-

127 1439 134 22 skaffenhet
274 1438 127 22 föranleda.

197 1479 47 23 Lag-
257 1479 31 18 och
299 1478 181 18 ekonomiutskottets
493 1478 111 18 betänkande
618 1478 36 18 N:o
666 1479 16 17 5.
