1092 1745
414 132 41 21 N:o
470 132 11 21 1
821 132 17 20 5

105 201 144 27 kommunen,
265 201 78 21 hvilka
359 201 73 28 enligt
442 200 192 29 nästföregående
644 201 148 21 kommunala
802 203 63 18 taxe-

106 235 52 28 ring
173 237 38 19 äro
227 235 105 28 skyldige
348 237 34 19 att
397 235 62 21 skatt
474 235 38 21 till
526 235 141 21 kommunen
678 237 83 25 utgöra
772 235 42 21 och
825 242 39 13 an-

106 269 81 28 tingen
208 269 78 21 blifvit
307 269 134 22 beskattade
461 269 36 22 för
517 277 28 14 en
564 269 102 22 inkomst
686 269 22 21 af
728 268 137 22 åttahundra

106 303 65 21 mark
189 304 54 21 eller
261 304 42 21 ock
323 311 42 21 ega
383 303 110 29 fastighet
511 304 9 21 i
539 304 86 21 staden.
655 304 90 21 Valrätt
764 303 101 21 tillkom-

106 345 47 14 mer
163 338 30 28 ej:

176 373 90 28 qvinna,
281 373 46 28 gift
341 374 56 21 eller
412 373 68 28 ogift;

176 407 50 28 den,
242 414 48 14 som
305 411 26 17 är
345 407 124 22 frälseman
484 409 56 20 eller
554 408 68 20 hörer
636 407 37 21 till
683 406 183 26 Presteståndet;

176 441 168 28 gemenskapen
359 442 40 21 vid
414 442 27 21 de
458 442 78 21 aktiva
550 443 132 26 trupperna;

176 475 100 28 lagstadt
290 475 148 30 tjenstehjon;

177 510 50 28 den,
249 517 49 14 som
321 511 75 21 häftar
418 511 36 21 för
473 511 53 21 flere
547 513 28 19 än
596 509 190 29 nästföregäende
806 510 60 20 årets

108 545 101 27 oguldna
223 545 81 21 krono-
320 545 55 22 eller
389 545 148 22 kommunala
552 545 124 28 utskylder.

176 579 47 22 Vid
240 580 37 21 val
297 579 22 22 af
333 579 148 29 fullmäktige
496 580 38 21 till
549 579 194 28 Borgareständet
759 585 53 22 eger
827 585 40 14 en-

107 613 57 22 hvar
178 614 168 29 valberättigad
361 622 28 13 en
404 617 53 18 röst.

177 649 62 28 Stad,
255 656 48 14 som
318 649 36 21 till
369 649 141 28 landtdagen
525 649 82 22 sänder
616 649 54 21 flere
681 651 30 18 än
721 655 29 14 en
759 647 108 22 fullmäk-

108 683 41 28 tig,
166 683 56 22 skall
239 683 36 22 för
289 683 77 30 hvarje
377 683 247 28 landtdagsmannaval
634 682 23 22 af
667 683 150 27 magistraten
828 681 38 22 de-

108 719 33 20 las
156 718 9 21 i
181 720 32 19 ett
229 718 157 21 motsvarande
402 718 63 21 antal
479 718 132 21 valdistrikt
626 717 53 21 med
689 717 75 21 sävidt
774 716 92 29 möjligt

108 753 47 20 lika
174 752 145 29 folkmängd;
338 753 43 21 och
401 760 54 21 eger
473 752 79 29 hvarje
569 752 81 21 sädant
664 751 93 22 distrikt
771 753 51 19 utse
838 758 28 13 en

109 787 180 28 landtdagsman.
319 787 167 22 Valdistrikten
506 787 74 21 bildas
600 787 9 20 i
628 786 44 21 den
691 785 97 28 ordning
803 793 64 14 man-

108 822 147 28 talslängden
273 822 87 21 utvisar
379 821 101 28 sälunda,
500 824 34 19 att
552 821 79 28 hvarje
649 820 92 21 distrikt
760 819 107 22 omfattar

108 857 61 20 vissa
184 857 52 20 hela
251 858 90 26 gvarter
356 857 55 20 eller
427 856 69 21 andra
512 856 85 20 sädana
612 855 62 21 delar
684 855 23 21 af
718 855 90 20 stadens
820 861 47 13 om-

108 890 59 22 räde.
197 891 108 21 Närmare
328 891 171 21 bestämmelser
518 890 96 21 rörande
633 888 171 22 valdistriktens
824 888 44 21 bil-

110 924 73 22 dande
198 925 114 21 meddelas
329 924 22 22 af
367 925 100 21 Senaten
481 924 59 22 efter
549 923 170 22 vederbörande
730 922 86 22 städers
827 922 41 21 hö-

108 959 75 22 rande.

178 994 68 21 Valet
260 994 107 22 förrättas
382 995 30 27 pä
425 994 76 28 utlyst
515 994 36 20 tid
564 993 62 21 inför
640 993 150 27 magistraten
806 992 62 27 eller,

109 1028 40 22 der
171 1028 162 22 valdistrikten
355 1031 38 19 äro
416 1028 60 28 flere,
497 1028 109 22 särskildt
625 1028 35 21 uti
677 1027 79 28 hvarje
774 1026 95 22 distrikt

108 1062 61 22 inför
185 1071 28 13 en
228 1063 23 21 af
265 1063 149 29 magistraten
429 1063 83 21 utsedd
526 1062 125 22 valnämnd
665 1062 73 28 enligt
748 1060 120 28 röstlängd

109 1097 53 21 med
181 1098 76 20 slutna
273 1098 73 21 sedlar
360 1099 30 27 pä
405 1100 46 19 sätt
467 1098 44 21 och
526 1098 8 20 i
550 1097 44 21 den
610 1097 104 27 ordning,
730 1096 95 21 hvarom
839 1095 29 21 de

109 1132 182 28 valberättigade
311 1132 52 22 med
381 1132 150 28 iakttagande
547 1131 23 22 af
584 1131 172 22 föreskrifterna
770 1130 9 21 i
794 1130 75 21 denna

109 1166 231 29 Landtdagsordning
363 1167 36 28 sig
421 1166 91 22 förenat
534 1167 56 20 eller
611 1165 121 22 framdeles
754 1165 117 21 öfverens-

109 1201 97 21 komma.
236 1201 93 21 Enhvar
347 1208 54 21 eger
420 1200 82 22 utöfva
521 1201 36 21 sin
575 1202 94 20 rösträtt
688 1200 35 22 uti
742 1200 38 21 det
795 1199 74 22 valdi-

110 1235 75 28 strikt,
205 1236 9 20 i
232 1236 67 21 hvars
318 1236 120 28 röstlängd
453 1236 46 20 han
515 1238 25 18 är
555 1237 123 26 upptagen.
708 1234 160 28 Röstlängden

109 1272 115 25 uppgöres
247 1270 23 21 af
289 1270 150 28 magistraten
459 1270 109 21 särskildt
589 1269 35 22 för
638 1269 78 29 hvarje
732 1268 136 22 valdistrikt.

109 1304 55 21 Deri
184 1306 113 26 upptages
317 1304 85 21 enhvar
421 1304 177 28 valberättigad.
631 1303 159 28 Röstlängden
810 1303 58 20 skall

110 1337 71 22 minst
201 1338 85 28 fjorton
306 1338 70 28 dagar
395 1338 48 21 före
462 1339 63 20 valet
545 1338 73 21 hållas
634 1339 13 20 ä
661 1337 125 29 kungjordt
802 1337 67 21 ställe

109 1367 106 39 framlagd
228 1367 146 39 jtill”allmän
389 1372 150 29 granskning.
574 1372 161 28 Anmärkning
750 1374 48 19 mot
814 1371 55 21 den-

110 1413 87 14 samma
214 1406 47 28 bör,
279 1407 36 21 för
331 1409 33 19 att
379 1407 35 21 till
432 1406 110 29 pröfning
557 1409 120 26 upptagas,
693 1407 41 20 hos
749 1406 121 28 magistra-

110 1442 39 19 ten
168 1440 138 22 framställas
322 1441 132 28 skriftligen
469 1441 57 21 eller
540 1441 130 28 muntligen
686 1443 75 19 senast
776 1441 40 20 tvä
831 1439 40 22 da-
