1092 1742
86 228 120 18 Vinterunder-

78 256 54 18 hållet
144 256 21 18 af
175 257 43 19 allm.

119 285 60 22 vägar.

79 313 43 17 Enl.
128 314 36 17 äld.
172 315 44 17 rätt.

222 162 12 19 6
450 163 27 21 U.
494 163 27 21 B.
538 176 26 2 —
581 163 73 28 Prop.
672 163 44 22 N:o
732 164 22 21 5.

295 224 126 22 Relaterade
445 226 157 27 bestämningar
624 226 82 27 reglera
726 226 56 21 dock
798 226 90 20 allenast
904 226 76 20 under-

225 258 67 21 hället
314 259 23 20 af
353 259 104 21 allmänna
473 262 71 26 vägar,
560 260 27 21 dä
602 260 59 21 mark
676 262 24 19 är
716 260 42 22 bar.
789 260 137 21 Beträffande
941 268 39 13 un-

226 292 104 22 derhället
353 294 40 21 och
416 295 149 21 utmärkandet
588 295 23 21 af
634 295 104 21 särskilda
756 295 136 27 vintervägar
914 295 65 21 hafva

224 327 67 21 redan
307 329 6 19 i
325 328 58 21 äldre
399 328 56 22 tider
469 329 131 21 förefunnits
616 329 41 21 och
673 329 114 21 förefinnas
799 329 133 21 fortfarande
943 336 37 14 an-

224 361 38 21 dra
278 362 139 22 föreskrifter.
446 364 11 20 I
475 364 11 27 &
503 364 12 20 6
531 364 47 28 kap.
594 365 27 20 25
637 363 24 22 B.
677 363 25 22 B.
720 364 55 21 1734
790 363 34 21 års
840 364 35 27 lag
890 364 41 21 och
943 364 12 27 $
967 365 11 19 7

224 398 6 19 i
246 396 80 28 Kongl,
342 397 199 28 Gästgifvareordn.
558 398 22 21 af
595 398 41 21 den
654 399 26 20 12
696 398 113 21 december
820 399 55 20 1734
884 398 95 28 pähjöds,

224 434 31 18 att
271 431 76 21 allmän
364 432 111 28 vinterväg
490 432 62 22 öfver
568 433 56 28 sjöar
646 433 40 21 och
703 440 81 14 mossar
799 432 54 21 skall
871 432 65 21 »hvar
952 433 26 27 by

224 465 34 21 för
281 467 46 20 sina
350 474 51 20 egor
423 467 97 21 utstaka»
538 471 54 17 samt
610 467 50 21 »där
680 470 56 18 stora
753 467 56 28 sjöar
825 468 35 20 äro
876 468 51 26 göre
943 467 36 21 det

223 500 119 22 socknarna
359 508 44 14 som
420 501 38 21 där
473 502 97 28 omkring
586 502 76 27 ligga».
692 502 43 20 För
750 501 37 21 det
802 500 38 22 fall
856 504 30 18 att
901 501 77 21 allmän

224 534 105 28 landsväg
343 543 77 20 genom
436 536 78 21 snöfall
530 536 51 21 eller
597 536 84 28 hopade
692 538 122 19 snömassor
825 535 152 28 ofarbargjorts

224 568 121 22 bestämdes
368 577 77 21 genom
469 570 121 28 åberopade
612 572 101 26 paragraf
732 572 6 19 i
754 570 68 28 sagda
837 570 141 28 gästgifvare-

223 603 98 29 ordning,
347 607 31 19 att
393 604 37 22 det
447 605 48 27 ålåg
512 606 118 20 »närmaste
654 605 102 27 allmoge»
783 604 89 21 försätta
888 606 67 26 vägen
971 605 6 19 i

223 637 67 22 skick.
321 638 65 22 Detta
410 639 45 21 blef
478 639 80 21 medels
574 639 79 28 Kongl.
677 639 72 21 Brefv.
770 639 32 20 till
818 638 84 22 Kamm.
918 638 59 26 Coll.,

222 671 73 22 aflätet
317 673 40 21 den
382 674 25 20 11
431 674 40 28 maj
496 674 60 26 1786,
580 673 40 21 och
643 673 85 21 Kamm.
750 673 53 21 Coll.
820 672 78 22 Circul.
913 672 22 21 af
950 673 27 21 29

224 707 5 19 i
246 714 79 14 samma
341 708 76 20 månad
433 708 40 21 och
489 708 23 21 är
527 708 24 21 sä
566 707 89 26 tolkadt,
667 711 31 17 att
712 708 80 21 enhvar
804 707 173 28 vägunderhälls-

223 740 86 29 skyldig
324 742 67 20 skulle
406 743 77 27 jämväl
499 742 101 22 vintertid
616 742 56 22 hälla
687 744 33 20 sin
736 742 82 28 väglott
833 742 77 20 farbar.
936 742 41 21 Ge-

77 778 87 18 1790ärs
177 782 95 14 K.F.nom
288 776 79 28 Kongl.
383 776 103 22 Förordn.
502 777 23 21 af
540 777 40 21 den
598 778 26 20 13
639 780 53 25 sept.
709 777 55 21 1790
780 776 118 21 föreskrefs
913 776 63 21 emel-

222 809 63 21 lertid
309 813 32 18 att
362 811 31 21 till
418 813 103 26 vägarnas
541 811 98 21 hällande
655 812 7 20 i
677 811 73 27 fargilt
766 810 63 21 ständ
846 810 34 21 vid
898 810 77 21 snöfall

223 843 66 22 borde
305 845 23 20 af
343 847 94 19 närmast
453 846 81 20 boende
550 846 172 27 hemmansegare
739 846 57 20 inom
812 844 72 28 hvarje
896 844 79 21 socken

222 878 52 21 eller
288 879 66 21 härad
370 881 89 20 inrättas
475 880 91 28 ploglag,
581 880 73 21 hvilka
676 881 6 20 i
698 880 77 21 sädant
791 879 101 21 afseende
908 879 67 20 skulle

221 912 111 23 tillskiftas
355 917 31 18 ett
404 915 73 28 stycke
498 915 23 20 af
535 915 32 20 till
585 915 111 20 underhåll
712 914 107 28 päbjuden
836 913 75 21 allmän
928 915 47 25 väg.

221 946 44 22 För
281 947 58 22 detta
356 949 76 20 besvär
447 949 100 21 tillborde
563 949 112 28 ploglagen
692 957 26 12 en
735 948 119 27 ersättning
870 949 5 19 i
887 949 88 26 pennin-

220 989 45 20 gar,
287 982 63 21 hvars
371 983 86 26 storlek,
472 983 71 22 därest
565 983 218 22 öfverenskommelse
804 982 36 21 vid
857 982 118 21 häradsrätt

221 1016 166 22 intressenterne
401 1018 88 21 emellan
501 1018 47 21 icke
560 1018 48 21 kom
619 1018 32 20 till
662 1017 69 25 stånd,
744 1016 120 22 bestämdes
873 1016 23 21 af
904 1015 72 22 lands-

220 1050 126 28 höfdingen,
362 1051 66 22 sedan
451 1052 41 21 han
512 1053 55 20 dock
583 1052 58 21 förut
657 1052 105 21 inhämtat
777 1050 198 21 underdomstolens

219 1085 106 26 yttrande.
355 1086 34 21 De
405 1086 90 21 sålunda
510 1086 120 21 fastställda
647 1086 111 28 beloppen,
775 1085 73 20 hvilka
862 1084 69 29 gällde
944 1084 32 21 för

220 1118 43 21 fem
279 1119 30 24 år,
325 1120 68 21 skulle
409 1121 34 20 för
458 1121 40 20 alla
514 1121 85 28 ploglag
614 1121 30 20 uti
661 1120 47 21 hela
719 1120 95 21 socknen
826 1119 52 21 eller
888 1118 87 21 häradet

219 1154 140 21 sammanslås
375 1155 40 21 och
431 1155 66 21 sedan
515 1155 93 21 fördelas
630 1155 28 28 på
673 1155 73 28 hvarje
762 1155 57 19 inom
836 1161 79 13 samma
931 1160 44 14 om-

219 1187 52 22 råde
295 1189 86 27 beläget
404 1190 6 20 i
434 1189 248 28 väghållningsbesväret
712 1188 128 27 deltagande
871 1187 103 26 hemman,

219 1222 110 21 hvarefter
352 1223 147 28 kronofogden
524 1223 37 21 vid
584 1223 26 21 de
634 1223 86 28 vanliga
735 1221 240 29 uppbördsstämmorna

219 1256 54 28 egde
296 1260 51 18 utan
370 1258 90 21 särskild
481 1257 161 28 vedergällning
658 1258 96 27 uppbära
769 1256 57 21 hvad
842 1255 89 22 sålunda
942 1260 32 17 ut-

217 1293 95 19 taxerats
328 1291 41 22 och
385 1292 118 21 sedermera
519 1292 31 21 till
567 1291 72 29 hvarje
657 1292 85 27 ploglag
758 1290 78 26 utdela,
857 1290 56 21 hvad
929 1290 46 21 det-

217 1332 81 15 samma
313 1325 90 22 tillkom.
433 1326 56 21 Från
512 1326 149 29 skyldigheten
676 1329 32 18 att
722 1327 78 20 inrätta
823 1325 86 27 ploglag
924 1331 50 14 voro

217 1359 67 21 likväl
308 1360 103 27 befriade,
435 1361 54 21 intill
511 1361 49 20 dess
584 1360 210 29 omständigheterna
810 1359 112 29 påkallade
938 1360 36 19 än-

217 1393 69 28 dring,
301 1394 27 21 de
345 1397 62 24 orter,
419 1395 38 20 där
473 1397 103 26 vägarnas
598 1394 182 21 vinterunderhåll
796 1394 91 27 tidigare
903 1393 71 21 blifvit

217 1428 134 21 annorlunda
375 1429 92 21 ordnadt
490 1429 40 21 och
546 1429 101 20 särskildt
662 1429 39 20 där
717 1428 37 21 vid
770 1428 59 21 förut
844 1427 64 22 skedt
923 1429 51 26 väg-

216 1461 68 22 skifte
299 1463 79 27 jämväl
394 1465 104 26 vägarnas
514 1463 182 21 vinterunderhåll
712 1462 108 22 beaktats.

287 1508 47 23 Lag-
347 1509 32 17 och
393 1509 183 17 Ekonomiutskottets
589 1509 111 17 betänkande
712 1508 38 17 N:o
763 1509 17 16 4.
