1092 1748
363 145 22 22 U.
402 145 22 22 B.
439 157 30 4 —
484 145 62 27 Prop.
562 144 36 23 N:o
614 144 22 22 6.
824 146 27 19 25

124 207 117 29 klyfning,
257 208 125 29 styckning
398 207 43 22 och
457 207 139 29 afsöndring
612 210 60 19 samt
688 207 26 22 af
728 207 69 21 hvem
808 207 72 21 sådan

124 242 97 28 delning
243 242 36 21 får
297 243 74 21 äskas.
403 243 81 21 Såsom
507 242 73 21 motiv
599 241 80 22 härtill
702 241 42 22 har
767 241 114 29 angifvits

124 276 115 29 farhågan
263 277 36 21 för
322 279 35 19 att
375 277 44 21 den
440 276 204 29 meningsolikhet,
666 283 48 14 som
735 275 146 22 beträffande

125 317 32 14 nu
173 311 84 21 nämda
272 311 145 28 stadganden
432 311 8 21 i
457 311 65 21 tiden
537 311 144 21 förefunnits
697 311 99 20 emellan
808 310 74 28 Rege-

125 344 84 29 ringen
232 345 42 21 och
296 345 138 27 Ständerna,
455 345 77 22 blefve
551 345 71 21 väckt
641 345 38 21 till
698 345 31 20 lif
745 352 83 21 genom
848 346 34 19 att

126 381 79 19 ämnet
221 379 59 28 ånyo
296 379 92 28 gjordes
405 379 36 21 till
457 379 98 22 föremål
566 379 38 22 för
614 379 152 28 lagstiftning
777 378 43 22 och
831 379 52 20 där-

126 413 93 28 igenom
235 413 110 29 möjligen
360 414 146 21 tillkomsten
522 413 26 22 af
558 421 28 14 en
597 421 33 21 ny
641 413 124 29 skifteslag
776 413 107 28 äfventy-

127 447 74 22 rades.
226 447 135 29 Anledning
373 448 37 21 till
421 448 176 21 utelemnandet
611 448 26 21 af
647 455 27 14 en
686 448 38 21 del
734 447 72 22 andra
817 454 67 21 para-

127 482 80 27 grafer
222 481 41 22 har
278 483 49 20 åter
342 483 67 26 varit,
426 484 35 20 att
477 482 117 21 desamma
610 485 89 18 ansetts
711 481 116 22 behandla
837 485 47 17 äm-

128 524 52 20 nen,
197 516 80 22 hvilka
291 517 52 21 icke
358 517 58 29 egde
431 517 169 28 sammanhang
616 517 51 21 med
681 516 203 22 skiftesväsendet.

197 551 122 21 Utskottet
344 552 42 21 har
408 551 75 22 likväl
505 552 51 21 icke
579 552 91 20 kunnat
692 551 85 21 beakta
798 551 28 21 de
847 550 37 22 be-

130 585 163 29 tänkligheter,
314 593 47 14 som
381 586 98 21 uttalats
499 586 53 21 med
570 586 110 21 afseende
696 586 13 21 å
725 585 161 29 stadgandena

130 620 120 28 angående
269 620 106 22 vilkoren
394 620 37 22 för
451 620 99 22 berörda
568 620 52 29 slag
638 620 26 22 af
675 620 152 28 jorddelning
842 619 44 21 och

130 654 28 21 af
170 654 69 21 hvem
255 654 70 22 sådan
341 654 96 29 delning
453 654 63 30 finge
529 655 75 27 äskas,
616 655 96 21 emedan
723 655 116 21 utskottet
849 654 38 21 för

130 688 37 21 sin
187 688 37 22 del
244 691 77 19 ansett
339 690 84 20 nämda
443 690 146 28 stadganden
608 690 51 20 icke
678 697 56 13 vara
752 690 7 20 i
776 688 72 22 behof
861 688 26 21 af

131 723 78 28 någon
227 723 100 29 ändring
347 724 42 21 och
409 724 129 28 anledning
552 724 52 21 icke
620 724 74 20 häller
709 723 127 22 förefinnas
851 724 36 19 att

132 757 131 22 Ständerna
281 758 8 21 i
305 758 75 21 denna
398 758 67 28 fråga
483 758 92 21 komme
594 760 36 19 att
648 758 84 28 frångå
748 758 38 21 det
803 757 82 27 beslut,

132 792 28 21 de
176 792 61 21 efter
252 792 24 21 så
291 793 84 28 många
391 793 128 28 omgångar
534 793 78 21 fattat.
644 792 48 22 Och
707 792 75 22 likaså
797 792 42 21 har
851 794 36 18 ut-

132 826 89 22 skottet
239 827 50 21 icke
309 827 90 21 kunnat
417 829 56 26 taga
491 827 116 29 tillbörlig
626 827 92 28 hänsyn
736 826 37 22 till
791 826 97 22 invänd-

132 862 89 27 ningen
239 863 35 20 att
292 861 76 29 öfriga
387 862 25 21 af
431 862 153 28 lagförslaget
604 862 51 21 icke
677 861 95 22 berörda
789 861 99 21 bestäm-

133 895 84 29 ningar
235 896 8 21 i
260 896 54 22 1895
333 897 36 20 års
388 896 139 29 förordning
542 904 56 13 vore
613 896 146 21 främmande
775 896 35 21 för
827 895 39 22 det
881 895 8 21 i

132 929 115 29 förslaget
258 930 143 22 behandlade
413 933 85 25 ämnet,
510 934 55 18 enär
576 930 74 29 enligt
658 931 126 21 utskottets
794 929 96 29 mening

134 964 28 21 de
179 964 68 22 flesta
265 966 26 20 af
307 966 86 20 nämda
415 966 182 28 bestämningar,
618 966 74 20 såsom
712 965 179 21 föreskrifterna

134 999 120 28 angående
270 1000 152 28 registrering
437 1000 26 21 af
474 1000 199 28 jordlägenheter,
689 1000 8 20 i
713 1000 85 28 själfva
808 998 83 22 verket

134 1033 73 22 hafva
225 1038 56 17 nära
297 1034 112 22 samband
424 1034 52 22 med
492 1034 198 22 skiftesväsendet
706 1034 43 21 och
764 1034 37 21 för
817 1033 74 28 öfrigt

135 1068 66 21 deras
219 1068 126 29 intagande
360 1069 8 21 i
384 1069 154 28 skifteslagen
556 1068 120 22 medförde
693 1068 89 22 mindre
798 1068 93 28 olägen-

135 1102 41 21 het
198 1106 30 18 än
251 1102 174 22 bibehällandet
444 1103 26 21 af
489 1111 29 13 en
536 1103 8 21 i
564 1103 51 21 sina
638 1102 166 29 väsentligaste
827 1102 65 21 delar

135 1137 109 28 stympad
269 1137 148 29 författning,
444 1137 70 22 hvars
540 1137 155 21 kvarstående
718 1136 174 22 bestämmelser

136 1171 44 21 den
196 1171 121 28 praktiska
330 1172 100 28 juristen
445 1172 46 21 lätt
506 1172 78 21 kunde
596 1172 94 21 förbise.
715 1171 11 21 I
737 1170 155 22 betraktande

136 1205 71 22 häraf
227 1206 43 21 och
289 1206 29 21 då
337 1206 39 21 det
393 1208 66 27 synts
482 1206 116 22 utskottet
621 1206 95 21 alldeles
739 1205 153 27 nödvändigt,

136 1242 35 18 att
189 1247 28 14 en
238 1240 44 28 lag,
302 1240 102 28 hvilken,
423 1240 85 22 liksom
526 1240 45 22 den
588 1240 134 28 föreslagna
737 1247 46 21 nya
799 1239 94 22 skiftes-

136 1274 76 28 lagen,
229 1278 25 17 är
269 1274 82 22 afsedd
367 1277 35 19 att
417 1276 84 27 utgöra
517 1282 28 14 en
560 1275 156 21 kodifikation
731 1274 27 21 af
771 1274 45 21 den
832 1274 13 20 å
859 1275 34 19 ett

136 1308 60 22 visst
214 1310 92 20 område
324 1309 108 29 gällande
451 1312 85 24 rätten,
557 1309 121 29 verkligen
697 1308 60 22 skall
774 1307 120 22 innehålla

137 1343 109 29 samtliga
264 1343 164 21 rättsområdet
447 1343 99 21 rörande
564 1344 176 27 bestämningar
756 1342 42 22 och
814 1344 35 20 att
865 1341 28 21 de

137 1376 64 23 olika
218 1378 185 21 rättsinstituten
420 1378 8 21 i
447 1378 135 21 densamma
601 1378 56 21 böra
676 1377 154 22 underkastas
849 1376 45 21 lik-

138 1412 86 28 formig
244 1412 149 29 behandling,
414 1412 25 21 så
459 1414 37 19 att
514 1412 52 21 icke
584 1412 41 22 vid
643 1411 81 29 lagens
744 1411 151 28 tillämpning

134 1446 90 28 jämväl
244 1446 174 29 bestämningar
433 1447 8 20 i
457 1453 29 14 en
506 1454 77 13 annan
601 1447 40 27 lag
660 1446 56 21 böra
736 1446 96 21 efterses
851 1445 44 22 och

207 1486 50 23 Lag-
271 1486 34 17 och
317 1486 185 18 ekonomiutskottets
514 1486 116 18 betänkande
642 1486 38 18 N:o
694 1487 16 16 5.
