1092 1750
253 120 28 20 52
567 120 41 22 N:o
620 120 14 22 6

223 190 53 27 rätt,
292 188 64 22 öfver
371 188 39 22 det
424 189 77 23 härför
515 190 112 28 upplåtna
642 190 98 28 område,
757 191 59 20 samt
832 191 34 19 att
880 188 35 22 för
930 196 50 21 par-

224 224 79 27 cellen,
319 224 8 20 i
343 224 76 21 stället
434 224 35 22 för
483 224 87 22 mantal
591 224 43 22 och
654 224 68 28 skatt,
740 224 109 22 uträknas
871 223 109 29 beloppet

224 257 26 22 af
263 258 43 21 den
322 258 72 28 årliga
410 258 113 28 afgälden.

335 293 81 21 kartan
435 294 54 21 böra
508 296 114 26 upptagas
637 294 85 21 sådana
737 293 59 22 fasta
811 292 168 29 bindepunkter

223 326 51 22 från
297 327 43 21 den
363 328 95 21 odelade
480 328 149 28 lägenhetens
649 328 71 27 karta,
737 330 34 19 att
790 328 125 28 parcellens
931 328 49 20 råer

223 361 78 22 kunna
323 362 52 21 med
397 362 96 29 ledning
515 362 26 22 af
560 362 51 22 dem
631 363 13 21 &
662 363 94 21 marken
771 362 128 28 igenfinnas
914 362 43 21 och
972 362 7 20 i

224 396 141 22 sistnämnda
381 396 65 22 karta
461 397 102 21 insättas.

562 460 41 22 149
618 462 19 26 &.

292 500 117 29 Afgälden
427 500 52 22 frän
497 501 84 29 parcell
599 501 42 22 bör
656 504 114 19 motsvara
785 500 61 22 hvad
866 500 25 22 af
911 503 68 19 stom-

223 542 64 14 mens
303 536 114 21 allmänna
432 536 120 28 utskylder
568 536 42 21 och
625 536 82 21 besvär
721 536 30 28 pä
766 536 114 28 parcellen
890 535 37 28 sig
941 535 38 21 be-

222 570 65 28 löper
309 569 58 22 efter
389 570 122 22 hvarderas
532 570 39 22 vid
592 570 124 29 delningen
735 570 121 22 faststälda
872 569 107 22 storhets-

222 605 58 20 mätt
295 605 8 20 i
319 604 142 22 förhällande
475 605 37 21 till
525 605 261 28 jordebokshemmanet.

563 686 41 21 150
620 687 18 26 8.

291 718 81 35 Årliga
388 725 119 29 afgäldens
522 726 84 28 belopp
622 726 123 21 fastställes
760 726 8 21 i
782 726 129 28 penningar
922 725 57 22 efter

222 759 39 22 det
279 760 74 29 årliga
371 761 154 21 medelvärdet
543 760 23 22 af
584 764 124 18 stommens
724 760 74 29 enligt
813 761 107 21 skattetal
936 760 42 21 och

221 793 160 23 hemmansrök
397 795 115 28 utgående
527 795 116 22 allmänna
657 795 120 28 utskylder
793 795 43 21 och
851 795 80 21 besvär
943 794 36 21 för

220 829 192 28 nästföregående
434 832 34 19 tre
491 830 30 27 år,
544 829 104 29 förhöjda
671 830 51 21 med
746 837 28 14 en
797 829 78 22 tionde
897 829 36 22 del
957 829 22 21 af

221 870 86 15 samma
326 863 74 22 värde.
431 864 66 22 Dock
515 863 35 22 får
569 864 107 28 afgälden
695 866 98 19 utsättas
810 864 80 21 endast
905 863 7 22 i
927 863 51 22 hela

220 897 73 28 mark;
316 897 75 29 gifver
413 898 155 29 uträkningen
590 899 32 20 tal
641 899 8 20 i
669 899 76 28 penni,
762 898 69 21 varde
847 898 38 21 det
904 899 74 20 såsom

220 931 38 22 hel
274 932 64 21 mark
352 932 133 22 beräknadt.

290 967 12 21 I
316 966 149 23 förenämnda
480 967 69 22 värde
564 967 136 22 inberäknas
716 968 51 21 icke
782 967 82 28 bidrag
875 967 36 21 till
922 975 56 20 upp-

219 1000 96 22 förande
330 1001 43 22 och
387 1001 140 29 förbättring
543 1001 25 22 af
580 1002 79 28 kyrka,
670 1001 128 29 prestgård,
807 1001 113 29 tingshus,
929 1001 49 22 fän-

219 1035 64 28 gelse
306 1036 55 21 eller
380 1036 41 21 bro
440 1037 55 20 eller
509 1037 36 20 till
561 1037 143 28 anläggning
720 1036 25 22 af
758 1039 46 25 väg
820 1037 54 20 eller
889 1035 89 29 begraf-

219 1069 141 29 ningsplats;
383 1073 56 19 utan
462 1071 58 21 skall
542 1071 126 28 parcellens
688 1071 67 21 andel
775 1071 7 20 i
801 1070 81 21 sådant
897 1070 80 28 bidrag

219 1103 37 22 till
273 1104 224 23 stominnehafvaren
513 1105 107 22 särskildt
635 1105 110 28 erläggas.

562 1186 40 21 151
618 1187 19 26 8.

288 1224 191 30 Afgäldsbelopp,
498 1233 48 14 som
561 1225 36 22 för
615 1226 84 28 parcell
714 1225 120 27 faststälts,
850 1225 73 28 gäller
937 1233 40 13 un-

219 1258 40 22 der
281 1259 32 21 tio
337 1260 30 24 år,
388 1260 25 21 så
429 1260 42 21 ock
487 1260 96 21 derefter
598 1260 61 21 intill
675 1260 50 21 dess
746 1260 40 21 det
808 1260 30 28 på
859 1260 118 28 sakegares

219 1294 100 21 ansökan
342 1294 82 21 varder
447 1295 59 28 ånyo
526 1294 118 22 bestämdt.
675 1294 77 22 Sådan
771 1294 102 22 ansökan
889 1294 40 21 bör
944 1294 34 21 in-

217 1327 77 28 gifvas
317 1328 36 21 till
375 1328 166 29 kronofogden,
561 1329 95 22 hvilken
671 1329 39 21 det
725 1329 91 28 åligger
832 1330 34 20 att
881 1328 96 22 uträkna

218 1361 201 29 afgäldsbeloppet
439 1363 73 28 enligt
527 1363 27 21 de
570 1364 7 20 i
594 1363 42 21 150
650 1365 13 25 &
678 1363 111 28 stadgade
805 1363 100 27 grunder
919 1365 58 19 samt

217 1396 8 20 i
241 1396 107 22 afseende
363 1398 14 20 &
391 1396 146 23 fastställelse
552 1398 96 21 insända
663 1398 154 27 uträkningen
833 1397 71 28 jemte
924 1398 50 20 sak-

218 1438 79 20 egares
313 1431 104 21 deremot
431 1432 82 28 gjorda
527 1432 142 28 påminnelse
683 1432 37 22 till
734 1434 145 26 guvernören
893 1432 7 20 i
912 1432 61 21 länet
