1092 1698
375 128 21 22 U.
414 128 22 22 B.
452 142 26 3 —
495 129 61 27 Prop.
573 128 35 23 N:o
624 129 21 22 6.
861 129 25 19 21

482 195 25 18 12
522 193 21 28 8.

202 237 48 21 Har
268 237 57 22 visst
345 238 91 21 område
452 238 26 21 af
490 238 107 29 lägenhet
613 238 34 21 till
662 239 77 27 någon
754 237 133 25 öfverlåtits,

134 278 53 14 vare
210 271 72 22 denne
304 271 129 30 berättigad
456 275 33 19 att
512 275 29 26 på
557 272 100 22 ansökan
673 272 24 21 få
712 271 176 22 öfverlåtelseaf-

134 305 139 28 handlingen
288 306 8 21 i
310 306 285 29 inteckningsprotokollet
610 307 133 25 inskrifven,
760 313 37 15 om
811 306 76 28 lägen-

134 339 74 26 heten,
232 340 28 22 då
282 341 158 28 ansökningen
464 344 71 25 göres,
559 344 61 19 ännu
640 341 76 21 tillhör
735 341 152 21 öfverlåtaren

135 374 54 22 eller
204 377 83 26 någon,
302 382 49 15 som
366 375 160 22 öfverlåtelsen
541 375 109 29 godkänt,
665 375 54 22 eller
729 375 70 22 sådan
810 381 78 22 egares

135 409 111 28 arfvinge.

203 443 87 22 Varder
312 444 70 21 sådan
404 444 108 26 ansökan,
535 444 63 29 förty
617 446 33 19 att
665 444 94 29 lagtima
773 444 51 28 ting
838 443 50 22 icke

134 480 78 27 pågår,
235 478 41 22 hos
299 479 107 21 domaren
421 479 110 26 företedd,
547 479 82 21 teckne
644 478 45 22 han
705 478 53 21 derå
773 478 63 22 bevis
852 485 36 14 om

136 514 80 28 dagen,
239 513 29 22 då
290 513 79 22 sådant
392 513 92 26 skedde,
500 513 43 22 och
558 516 55 25 göre
628 521 37 14 om
680 513 157 28 ansökningen
852 519 37 15 an-

134 548 110 28 teckning
265 548 7 20 i
294 547 100 28 längden
418 547 66 22 öfver
505 550 98 19 utmätta
626 547 139 28 fastigheter.
796 547 47 21 Har
864 548 24 19 så

136 582 66 26 skett,
222 582 43 22 och
286 581 110 30 fullföljes
419 582 158 28 ansökningen
596 581 69 22 sedan
681 583 12 20 å
709 581 180 22 förstinfallande

135 617 93 28 lagtima
244 617 184 28 rättegångsdag,
443 624 55 14 vare
513 617 39 21 det
567 618 24 20 så
607 616 79 22 ansedt
704 623 48 14 som
762 623 37 14 om
810 615 79 22 ansök-

136 651 85 28 ningen
236 651 72 28 gjorts
324 653 13 19 å
351 651 157 22 förstnämnde
523 651 51 28 dag.

486 733 25 19 13
527 731 20 28 8.

204 777 144 28 Inteckning,
372 784 48 15 som
437 777 7 21 i
464 779 26 19 12
509 777 14 29 &
542 779 97 23 nämnts,
663 777 71 28 gäller
753 777 36 22 för
803 777 47 22 fem
865 778 25 20 år

136 812 43 21 och
198 813 37 20 må
258 811 18 28 ej
301 811 101 29 förnyas,
424 811 53 22 med
496 811 87 22 mindre
599 811 120 29 delningen
736 814 55 19 utan
805 811 85 22 inteck-

136 846 190 29 ningshafvarens
342 846 66 22 skuld
423 846 51 22 icke
489 846 77 22 blifvit
581 846 103 22 slutförd.

204 880 88 23 Varder
315 881 38 21 det
372 880 128 23 öfverlåtna
515 881 102 21 området
631 888 83 21 genom
729 881 52 28 laga
795 880 94 28 delning

136 915 50 21 från
216 916 137 28 lägenheten
377 915 101 26 afskildt,
503 916 70 20 innan
598 915 162 29 inteckningen
784 915 106 29 upphört,

137 950 60 28 gälle
216 950 122 28 delningen
353 952 47 19 mot
415 950 93 28 enhvar,
524 957 48 14 som
590 949 59 22 efter
665 950 226 28 inteckningsansök-

136 984 86 29 ningen
241 984 118 22 åtkommit
376 984 138 28 lägenheten
532 984 55 21 eller
601 984 48 21 deri
663 984 83 21 vunnit
760 984 129 28 nyttjande-

136 1022 46 18 rätt
204 1019 54 21 eller
280 1019 139 28 inteckning,
442 1020 74 20 såsom
539 1026 37 14 om
599 1018 145 28 afskiljandet
766 1018 58 22 hade
847 1018 44 22 för-

137 1054 85 28 siggått
240 1054 29 20 då
288 1053 163 28 inteckningen
470 1053 83 21 söktes.
583 1052 54 22 Men
657 1052 19 29 ej
697 1055 36 19 må
751 1053 51 26 han,
821 1053 70 21 innan

137 1088 93 28 delning
252 1088 60 21 skett
334 1089 74 20 såsom
431 1094 68 21 egare
522 1087 35 21 till
579 1087 38 21 det
640 1087 125 22 öfverlåtna
789 1087 102 22 området

133 1119 75 37 anses.
425 1123 3 2 |

205 1471 51 24 Lag-
269 1471 34 18 och
316 1471 184 18 ekonomiutskottets
514 1471 115 18 betänkande
641 1470 37 19 N:o
692 1472 17 17 5.

906 243 21 16 40
939 241 12 23 8
963 243 22 16 95
998 242 19 17 F.

937 449 52 22 Nytt.

908 783 22 16 40
942 782 11 22 &
965 781 23 17 95
1001 781 19 17 F.

911 1092 20 16 14
943 1091 12 22 8
967 1092 22 16 95
1002 1090 20 18 F.
