1092 1739
351 153 28 22 U.
397 153 28 22 B.
441 165 28 4 —
484 153 74 28 Prop.
574 153 43 22 N:o
633 152 23 22 5.
864 151 27 21 27

132 222 167 27 genomförande
315 222 84 26 länsvis,
414 222 88 21 hvarvid
527 222 73 27 början
624 221 65 21 borde
705 223 61 26 göras
782 221 48 20 med
845 220 45 21 lan-

132 257 48 20 dets
195 257 68 20 äldsta
277 256 173 28 kulturbyggder.

203 291 74 21 Under
291 291 174 21 remissdebatten
480 291 103 21 invändes
598 293 44 18 mot
657 291 101 26 förslaget
772 291 80 25 främst,
860 291 31 20 att
898 292 65 18 Debatt
977 291 55 18 inom

133 325 129 21 detsammas
283 325 166 27 genomförande
465 325 47 22 med
529 325 134 21 sannolikhet
678 325 69 20 skulle
762 324 87 21 åsamka
865 324 26 21 de
924 320 56 18 Fidd.
993 326 16 11 o.

133 359 164 27 skattdragande
319 359 136 21 öfverhöfvan
475 362 56 19 stora
553 359 199 28 penningeutgifter.
783 359 108 27 Förslaget
930 345 65 45 Adels.

135 400 55 14 vann
207 394 46 21 icke
268 393 93 22 ståndets
376 394 115 21 understöd
507 395 39 20 och
562 393 135 26 förvägrades
713 394 79 21 remiss.

202 428 40 21 Till
267 430 91 19 närmast
380 428 120 28 påföljande
522 429 102 27 landtdag
643 428 55 21 hade
714 428 69 28 någon
799 428 93 28 proposi-
922 429 45 18 1897
980 428 33 19 års

134 464 45 20 tion
209 470 35 14 om
273 463 108 21 ordnande
413 463 21 21 af
459 463 245 28 väghällningsbesväret
735 463 21 21 af
785 463 105 28 styrelsen
926 458 89 23 lamdtdag.

134 497 48 21 icke
197 497 120 27 utarbetats,
333 498 18 27 ej
368 498 66 20 häller
449 498 54 21 hade
518 498 64 27 något
597 497 70 21 säkert
684 498 141 20 meddelande
847 497 45 21 nått

135 532 113 21 ständerna
264 532 77 26 därom,
353 532 70 20 hvilka
439 532 96 27 åtgärder
551 532 98 27 vidtagits
664 532 7 20 i
687 532 115 28 anledning
817 532 21 21 af
848 532 41 20 den

134 568 85 20 senaste
234 566 200 27 ständerpetitionen
450 567 6 19 i
472 568 76 19 ämnet,
575 566 65 21 Detta
662 566 136 22 förorsakade
812 566 78 28 jämväl
906 568 43 18 Mot.
962 567 63 23 föresl.

136 601 34 21 vid
187 601 54 21 1897
258 600 33 21 års
305 600 100 28 landtdag
420 601 103 21 särskilda
545 601 77 27 förslag
637 601 7 20 i
660 600 80 28 frågan,
760 591 128 42 framställda
898 591 51 42 inom
964 595 72 19 Bonde-

135 636 58 20 inom
209 635 164 21 Bondeständet.
405 635 10 21 I
437 637 31 19 ett
491 636 170 26 motionsförslag
684 636 21 20 af
727 636 33 26 sju
776 636 116 20 ledamöter
926 625 80 18 aitnaet

136 670 131 27 upprepades
282 669 35 21 det
332 669 117 28 flerfaidiga
472 670 80 27 gånger
574 670 56 21 förut
648 670 74 26 gjorda
737 670 105 26 yrkandet
857 676 34 14 om

136 704 92 21 kronans
249 704 114 27 åläggande
387 706 29 19 att
436 704 31 21 för
490 704 57 21 såväl
571 704 32 21 för
620 704 46 21 sina
689 704 141 28 skogsparker
844 710 46 14 som

134 738 49 21 sina
197 738 66 27 öfriga
278 738 147 28 skogsmarker
439 741 49 25 taga
499 738 34 21 del
546 739 5 20 i
564 738 248 28 väghållningsbesväret,
829 738 61 21 hvar-

138 773 34 20 vid
189 773 158 25 motionärerne,
362 773 47 20 med
429 773 84 27 hänsigt
528 773 31 21 till
575 773 55 21 hvad
646 773 5 20 i
668 773 87 21 ärendet
778 773 34 21 vid
836 772 56 21 1894

135 808 35 20 års
185 807 100 27 landtdag
299 807 105 27 förelupit,
418 808 67 20 tillika
502 808 129 25 hemställde,
647 810 30 19 att
692 808 71 25 saken,
779 814 46 14 som
840 812 49 16 vore

134 842 24 20 af
180 842 131 20 brådskande
334 844 67 25 natur,
426 842 138 27 provisoriskt
589 842 68 20 skulle
687 842 90 20 sålunda
806 842 84 26 ordnas,

134 878 33 19 att
189 876 81 21 kronan
293 876 114 21 tillsvidare
430 876 69 22 skulle
515 876 83 28 deltaga
623 876 53 21 efter
698 876 192 21 medelinkomsten

136 910 47 21 från
205 910 72 28 hvarje
297 911 147 27 skogsdistrikt
459 911 52 21 eller
525 911 66 27 enligt
613 910 97 28 egovidd,
734 910 104 21 beräknad
860 909 32 21 så-

136 944 67 22 lunda
225 946 30 19 att
279 945 83 27 vidpass
387 946 62 25 2,000
471 946 73 20 hektar
564 945 88 27 ansåges
678 947 104 19 motsvara
804 946 30 20 ett
850 944 43 21 helt

136 979 87 21 mantal.

206 1012 32 22 De
254 1013 79 27 ingifna
349 1014 215 27 petitionsförslagens
580 1014 57 20 antal
653 1020 50 14 voro
717 1014 63 20 äfven
792 1013 34 21 vid
837 1012 58 22 detta
915 1016 38 18 Pet.
965 1015 67 23 föresl.

137 1048 143 20 ständermöte
300 1048 46 20 icke
366 1048 54 20 färre
441 1050 22 19 är
478 1048 53 27 fyra.
546 1048 13 20 I
575 1048 35 21 det
625 1048 64 22 första
698 1048 80 26 yrkade
786 1048 47 26 fyra
843 1048 56 26 peti-
909 1039 48 40 inom
972 1043 75 18 Bonde-

137 1082 98 26 tionärer,
252 1082 66 21 under
334 1082 152 22 framhällande
502 1083 21 21 af
539 1083 40 21 den
592 1083 113 27 ojämnbet,
721 1089 45 14 som
786 1082 114 21 föranled-
937 1068 78 43 ståndet.

136 1117 40 21 des
191 1117 21 21 af
226 1117 187 27 mantalsgrunden
437 1118 38 20 och
496 1117 136 27 obilligheten
648 1118 21 20 af
684 1119 30 19 att
728 1116 167 28 jordegareklas-

137 1157 39 15 sen
191 1151 23 21 så
229 1152 50 26 godt
294 1158 44 14 som
355 1158 71 14 ensam
443 1152 47 27 ålåg
505 1154 30 19 ett
550 1158 60 21 onus,
625 1152 73 20 hvaraf
714 1152 54 20 dock
786 1151 41 21 alla
838 1157 56 14 sam-

136 1186 77 20 hällets
229 1186 136 21 medlemmar
381 1186 52 21 hade
450 1188 66 25 nytta,
532 1188 29 19 att
576 1187 80 20 enhvar
677 1185 217 22 kommunalbeskatt-

138 1220 52 26 ning
205 1220 140 21 underkastad
369 1226 74 21 person
467 1220 69 21 skulle
558 1220 84 28 åläggas
658 1221 6 19 i
680 1220 94 28 enlighet
790 1220 48 20 med
854 1226 37 14 an-

137 1254 52 20 talet
212 1254 76 21 honom
311 1254 86 28 påförda
419 1255 109 21 skattören
544 1257 47 25 taga
607 1256 30 19 uti
654 1255 96 21 besväret
765 1254 40 24 del,
820 1254 74 20 äfven-

137 1294 48 14 som
200 1290 30 19 att
244 1288 80 21 kronan
340 1289 6 20 i
363 1289 109 21 enahanda
489 1289 99 21 afseende
604 1290 38 20 och
658 1289 66 27 enligt
739 1295 81 15 samma
830 1294 66 21 grun-

137 1322 40 21 der
191 1328 45 15 som
252 1322 65 22 andra
332 1322 69 22 skulle
417 1323 77 21 äsättas
509 1323 113 21 skattören.
642 1323 42 21 Det
699 1323 66 21 andra
780 1323 21 21 af
816 1322 34 27 sju
866 1322 30 20 le-

137 1356 97 22 damöter
259 1357 20 20 af
304 1357 83 21 ständet
412 1357 148 21 underskrifna
586 1358 237 26 petitionsmemorialet,
848 1368 28 3 —
891 1356 7 20 i

139 1390 120 21 hufvudsak
281 1397 26 15 en
331 1392 132 26 upprepning
486 1392 21 20 af
529 1392 35 20 det
585 1392 66 26 tredje
675 1390 221 28 petitionsförslaget
885 1386 14 38 i

139 1424 158 22 Bondeständet
320 1426 34 20 vid
377 1426 54 20 1894
453 1425 34 21 års
506 1425 101 27 landtdag
630 1438 26 2 —
680 1425 103 21 betonade
799 1424 99 21 särskildt

138 1459 43 20 den
206 1465 25 15 ur
248 1460 97 26 gällande
367 1460 132 27 stadganden
515 1460 6 20 i
537 1460 58 27 fräga
618 1466 34 14 om
675 1459 223 28 väghällningsbesvä-

210 1504 47 23 Lag-
269 1505 32 17 och
314 1505 186 18 Ekonomiutskottets
513 1506 113 17 betänkande
640 1506 36 17 N:o
690 1506 17 17 4.
