1095 1748
366 152 22 23 U.
406 153 22 21 B.
446 165 24 4 —
487 153 60 27 Prop.
565 153 34 22 N:o
616 153 20 22 6.
824 154 25 19 61

126 216 39 21 vid
187 215 71 22 första
281 216 181 25 sammanträdet,
485 218 30 26 pä
539 218 44 19 sätt
605 218 26 19 21
652 216 13 28 &
685 216 7 21 i
711 215 169 29 propositionen

127 257 68 21 synes
213 249 126 26 förutsätta,
355 253 56 18 utan
426 250 38 21 vid
479 250 79 28 hvarje
574 251 183 24 sammankomst,
773 257 47 14 som
836 249 44 21 kan

128 284 114 21 betraktas
253 286 73 19 säsom
337 287 32 18 ett
381 284 106 21 särskildt
498 285 170 25 sammanträde,
681 285 42 20 och
733 284 77 21 härom
819 284 61 27 förty

128 319 81 27 intagit
228 318 116 22 föreskrift
364 319 3 20 i
390 321 4 18 1
411 326 65 14 mom.
496 321 26 19 14
540 319 20 29 8.
591 319 116 28 Därjämte
727 319 43 21 och
787 321 53 18 enär
858 321 23 18 at

129 353 49 21 vikt
194 353 79 21 endast
289 356 29 24 är,
334 355 33 19 att
383 353 38 21 vid
437 353 164 21 sammanträde
617 356 31 18 ett
664 353 83 28 färdigt
761 353 121 21 utskrifvet

128 387 114 29 protokoll
257 387 72 22 finnes
345 388 35 21 till
392 388 79 25 hands,
482 388 41 21 har
534 388 111 21 utskottet
656 387 77 28 utbytt
745 387 64 22 ordet
820 395 62 18 ,ren-

130 422 109 21 skrifvet*
263 425 46 19 mot
329 422 156 26 ,utskrifvet*,
508 423 99 20 hvarhos
629 422 70 21 orden
720 422 53 26 ,där
792 423 23 20 så
832 421 50 22 icke

129 459 56 19 utan
205 457 115 28 svärighet
340 457 39 21 ske
399 457 58 21 kan*
478 457 119 21 uteslutits.
629 457 48 21 Och
697 457 77 21 vidare
792 456 40 21 har
848 458 34 19 ut-

130 491 85 21 skottet
230 491 34 21 till
281 493 26 19 14
322 491 14 29 &
352 491 65 28 fogat
432 494 33 18 ett
480 491 131 29 stadgande,
627 491 72 28 enligt
713 491 87 21 hvilket
810 491 73 21 öfver-

130 526 164 21 enskommelse
312 526 82 21 mellan
413 526 138 28 sakegarene
567 526 41 21 och
624 526 259 28 förrättningsmännens

132 560 72 22 beslut
220 560 7 21 i
243 560 83 28 frägor,
343 568 48 13 som
407 560 78 21 kunna
500 561 71 21 blifva
586 560 95 22 föremäl
696 560 36 21 för
742 560 108 28 pröfning
860 559 26 21 af

132 594 192 28 egodelningsrätt
345 595 53 21 eller
420 596 58 26 angä
497 596 132 27 ersättning,
649 602 48 14 som
717 595 108 27 sakegare
843 594 41 20 har

131 631 33 19 att
180 629 33 20 till
232 636 74 14 annan
326 630 98 27 erlägga,
444 631 35 19 mä
496 629 89 21 affattas
601 631 13 19 &
629 629 95 21 särskild
741 629 79 27 bilaga,
837 635 48 14 som

132 662 66 28 fogas
213 662 34 21 till
262 662 143 28 protokollet.
436 663 35 20 Då
487 663 71 27 enligt
568 663 170 28 propositionen
749 662 135 28 sakegarens

133 696 240 22 öfverenskommelser
392 697 42 21 och
454 697 81 25 beslut,
554 704 48 14 som
621 697 113 21 meddelas
754 696 25 22 af
796 696 89 22 förrätt-

133 731 166 28 ningsmännen
314 731 55 21 böra
384 732 54 27 ingä
453 732 7 20 i
475 732 138 27 protokollet
627 732 43 20 och
683 731 26 21 af
717 730 169 22 vederbörande

134 766 175 25 underskrifves,
333 766 94 21 innebär
447 766 62 21 detta
528 766 125 28 stadgande
673 774 28 13 en
719 765 104 29 betydlig
842 764 44 22 för-

134 800 94 28 enkling
243 800 7 21 i
265 800 226 28 protokollföringen.

203 834 115 28 Sakegare
336 838 24 18 är
380 835 46 21 lika
445 835 50 21 litet
514 842 48 14 som
577 835 103 27 delegare
696 837 33 19 ett
744 834 92 28 uttryck
851 833 36 21 för

135 871 32 19 ett
186 869 113 22 bestämdt
317 869 107 28 begrepp.
455 870 39 21 Ett
513 872 101 19 närmare
633 869 138 28 angifvande
789 868 25 22 af
827 868 61 21 hvad

134 911 49 14 som
198 904 71 21 under
286 904 70 27 sagda
372 904 93 28 uttryck
480 904 82 21 förstäs
579 907 23 18 är
614 904 58 21 dock
683 903 141 28 nödvändigt
834 903 7 20 i
852 903 36 21 be-

135 938 120 21 traktande
277 938 26 21 af
319 938 44 21 den
386 938 83 28 mängd
493 938 49 22 ofta
561 939 123 21 olikartade
705 938 117 24 intressen,
841 944 48 14 som

136 972 124 22 företrädes
276 973 38 21 vid
330 980 28 14 en
374 972 227 29 skiftesförrättning.
626 973 118 21 Utskottet
760 972 39 21 har
813 971 77 22 därför

136 1007 7 21 i
160 1009 25 19 18
201 1007 14 28 S
231 1007 25 21 af
269 1007 149 21 förevarande
431 1008 85 28 kapitel
527 1008 81 28 intagit
619 1008 144 27 bestämning
773 1006 117 28 angäende

136 1042 28 20 de
182 1049 113 21 personer,
316 1042 79 21 hvilka
413 1042 38 21 vid
469 1042 147 28 jorddelning
634 1045 38 18 äro
693 1044 32 18 att
745 1049 53 14 anse
817 1042 74 20 säsom

136 1076 115 28 sakegare.
283 1076 47 21 Och
351 1076 29 21 dä
400 1076 6 21 i
423 1076 58 28 följd
500 1076 25 21 af
539 1076 70 28 sagda
625 1076 143 28 bestämning
788 1075 103 21 servitut-

137 1110 43 21 och
195 1110 229 28 nyttjorättshafvare
440 1111 49 20 icke
505 1114 38 18 äro
559 1111 114 27 sakegare,
689 1118 52 13 men
757 1110 26 21 de
799 1110 70 21 likväl
884 1110 8 20 i

139 1145 45 21 lika
203 1145 46 28 hög
272 1145 56 28 grad
349 1152 48 14 som
420 1145 109 28 sakegare
552 1146 76 20 kunna
652 1145 89 21 beröras
762 1145 24 21 af
804 1144 88 22 skiftes-

138 1180 145 27 förrättning,
307 1180 6 20 i
334 1182 26 26 ty
384 1182 32 18 att
438 1179 67 28 fräga
527 1180 45 20 kan
594 1180 82 20 väckas
697 1187 37 13 om
757 1180 135 20 servitutens

138 1214 112 28 aflösning
266 1214 54 21 eller
335 1214 154 28 omplacering
505 1214 25 21 af
538 1214 37 21 det
587 1214 96 25 omräde,
699 1221 48 14 som
758 1216 67 26 utgör
835 1213 58 21 före-

137 1248 46 21 mål
202 1248 35 21 för
257 1248 124 22 servituten
401 1248 54 21 eller
474 1248 51 22 med
546 1248 105 22 afseende
673 1250 12 19 &
703 1248 87 21 hvilket
808 1247 85 29 nyttjo-

139 1285 74 19 rätten
230 1282 98 26 utöfvas,
348 1283 42 21 har
409 1283 112 21 utskottet
540 1283 77 21 vidare
632 1283 7 20 i
655 1282 109 29 förslaget
779 1282 72 22 under
868 1284 25 18 19

139 1317 14 28 S
164 1317 69 21 infört
245 1319 33 19 ett
290 1317 132 28 stadgande,
434 1324 48 14 som
493 1317 36 21 för
539 1318 118 20 händelser
669 1318 25 20 af
702 1317 134 28 nyssnämdt
845 1316 49 27 slag

139 1352 109 20 likställer
264 1352 104 21 servitut-
384 1352 43 21 och
441 1352 228 28 nyttjorättshafvare
684 1352 51 20 med
751 1351 114 28 sakegare.

209 1388 26 19 20
254 1386 14 29 &
287 1386 125 21 innehäller
431 1386 170 29 bestämningar
620 1386 117 28 angäende
757 1386 138 28 representa-

140 1420 48 21 tion
206 1420 25 21 af
249 1420 115 28 fastighet,
386 1428 48 13 som
452 1428 54 20 eges
525 1421 25 20 af
566 1421 59 21 flere.
657 1420 44 21 Det
720 1423 24 18 är
762 1419 134 28 visserligen

140 1455 60 20 klart
219 1457 34 18 att
271 1455 69 21 sädan
359 1455 110 28 fastighet
489 1458 24 18 är
531 1455 39 21 vid
589 1455 67 21 skifte
674 1455 81 21 liksom
773 1455 38 21 vid
827 1455 69 20 annat

209 1495 50 22 Lag-
273 1495 34 18 och
320 1495 184 18 ekonomiutskottets
517 1495 114 18 betänkande
643 1495 38 18 N:o
695 1496 17 17 5.

937 840 19 18 18
968 839 18 23 8.

939 1081 20 17 19
971 1080 18 23 8.

942 1389 53 24 208.
