1098 1739
323 159 29 22 U.
369 158 26 22 B.
412 172 27 2 —
455 159 73 28 Prop.
544 158 42 23 N:o
602 158 20 22 1.

461 537 31 21 II.

165 612 52 22 Den
239 612 90 26 reform,
345 618 49 14 som
417 618 31 14 nu
472 612 47 20 står
542 611 7 21 i
574 610 73 29 fråga,
662 610 74 29 gäller
751 610 38 22 väl
804 610 52 22 icke

97 646 47 22 den
169 646 76 22 finska
267 645 263 29 folkrepresentationen
554 644 8 22 i
578 644 52 22 dess
646 644 79 22 helhet
740 652 52 14 men
808 648 25 18 är
848 644 8 22 i

98 681 46 21 alla
166 681 42 21 fall
230 681 26 21 af
276 681 44 21 den
343 680 120 28 betydelse
483 680 43 21 och
551 680 103 25 bärvidd,
670 682 35 19 att
724 679 133 22 densamma

98 715 51 22 icke
172 715 42 22 bör
234 715 117 28 företagas
373 717 57 19 utan
453 717 36 19 att
509 722 53 14 man
579 715 53 21 sökt
646 714 37 21 för
698 715 36 28 sig
748 715 108 28 klargöra

99 749 97 22 hvilken
211 749 44 22 den
273 749 94 29 uppgift
377 753 32 23 är,
420 749 69 22 hvars
501 749 191 28 förverkligande
702 749 46 22 alla
758 749 98 22 bestäm-

99 784 84 28 ningar
204 784 122 28 angäende
345 791 28 14 en
389 783 82 22 nutida
486 783 244 29 folkrepresentations
743 791 113 14 samman-

98 818 108 28 sättning
224 817 56 22 böra
296 817 154 22 eftersträfva.
482 818 90 21 Sådant
587 821 25 18 är
627 818 8 21 i
650 818 151 21 förevarande
816 817 42 22 fall

100 853 26 21 sä
152 852 98 29 mycket
274 852 162 29 angelägnare,
459 859 49 14 som
530 851 28 22 de
581 852 277 29 lagstiftningsätgärder,

100 887 81 21 hvilka
209 894 32 13 nu
266 886 113 29 vidtagas,
403 886 59 21 efter
485 887 30 21 all
539 886 149 22 sannolikhet
709 887 93 21 komma
825 889 34 19 att

101 921 72 22 varda
201 921 174 22 bestämmande
393 921 36 21 för
446 921 45 21 den
507 921 111 28 riktning,
635 921 8 21 i
659 921 94 22 hvilken
768 921 91 28 ytterli-

100 963 56 21 gare
184 955 166 28 förändringar
375 955 8 21 i
406 955 44 21 den
472 955 75 21 finska
570 955 154 29 landtdagens
746 963 114 14 samman-

101 990 107 29 sättning
238 990 92 21 komma
361 993 34 18 att
424 990 35 28 gå.
497 990 115 21 Särskildt
637 989 42 22 har
703 997 52 15 man
781 989 80 22 anled-

102 1025 58 28 ning
175 1027 35 19 att
226 1024 84 28 befara,
327 1027 34 18 att
377 1031 36 14 om
430 1025 97 28 misstag
543 1024 70 29 begäs
628 1025 40 21 vid
684 1024 40 22 det
738 1027 58 25 steg,
812 1031 49 15 som

102 1067 32 13 nu
156 1061 73 26 tages,
246 1059 39 21 det
307 1059 51 21 icke
381 1059 123 21 framdeles
527 1059 60 21 skall
609 1066 56 14 vara
690 1059 44 21 lätt
748 1059 115 28 godtgöra

103 1094 122 21 desamma.

173 1127 121 29 Naturligt
316 1131 25 18 är
365 1130 34 19 att
421 1127 153 29 meningarna
596 1128 8 21 i
626 1127 66 30 fräga
714 1135 36 14 om
766 1127 97 22 berörda

103 1162 95 29 uppgift
220 1162 37 21 för
276 1162 180 29 lagstiftningen
479 1162 120 29 angäende
622 1170 29 13 en
673 1162 191 29 folkrepresenta-

106 1197 63 21 tions
196 1197 209 28 sammansättning
428 1197 65 21 skola
511 1197 30 28 gå
558 1197 86 21 ätskils.
670 1197 54 21 Men
739 1197 8 21 i
762 1197 46 21 alla
823 1196 42 22 fall

105 1231 65 21 torde
194 1231 44 21 den
261 1233 78 19 satsen
358 1231 81 21 kunna
453 1231 74 22 räkna
542 1232 30 27 pä
588 1233 34 20 ett
637 1231 58 22 visst
710 1231 154 27 erkännande,

106 1268 35 18 att
157 1273 26 13 en
196 1265 234 29 folkrepresentation
443 1266 8 20 i
459 1266 56 21 vära
523 1266 72 28 dagar
603 1266 71 22 borde
682 1274 55 14 vara
744 1266 122 22 nationens

105 1302 63 18 stora
192 1299 199 29 rädsförsamling,
407 1300 41 21 der
469 1300 29 21 de
519 1301 63 21 inom
598 1301 111 21 nationen
725 1300 141 28 förefintliga

107 1334 63 21 olika
186 1334 245 29 samhällsgrupperna
447 1335 44 21 och
507 1335 225 21 samhällsbehofven
749 1338 39 18 äro
803 1334 6 22 i
819 1334 47 22 för-

107 1368 109 22 hällande
239 1369 36 21 till
298 1369 44 21 den
365 1369 120 28 betydelse
507 1370 29 21 de
556 1370 8 20 i
586 1370 124 21 samhället
724 1369 70 22 hafva
809 1368 59 22 före-

108 1403 83 21 trädda
216 1402 26 22 af
262 1410 116 22 personer,
394 1410 49 14 som
459 1407 40 18 äro
515 1404 8 21 i
527 1404 79 21 ständ
623 1406 34 19 att
672 1404 52 21 med
739 1402 130 23 hvarandra

108 1437 78 22 rädslä
203 1437 43 22 och
267 1438 58 21 efter
340 1438 111 28 pröfning
467 1438 26 21 af
502 1438 28 22 de
543 1438 127 22 olikartade
682 1437 188 23 samhällsbehof-

109 1478 45 15 ven
171 1471 91 22 besluta
276 1472 63 21 hvad
355 1472 134 21 samhällets
505 1472 120 29 uppgifter
640 1486 27 2 —
684 1473 20 21 d.
720 1480 20 14 v.
756 1480 17 14 s.
790 1472 28 22 de
833 1472 38 22 för

182 1518 197 22 Grundlagsutskotteis
392 1518 112 18 betänkande
517 1521 37 16 N:o
567 1520 15 17 1.
791 1519 11 18 6
