1095 1745
241 149 26 19 30
465 147 28 22 U.
509 147 28 22 B.
553 159 27 3 —
595 147 75 28 Prop.
686 147 42 22 N:o
745 146 19 22 1.

240 217 172 23 underkastade
436 218 230 29 legohjonsstadgan,
688 219 37 20 stä
743 218 36 21 till
798 217 142 29 husbonden,
953 217 43 22 har

241 251 44 22 den
309 252 87 29 nädiga
419 253 173 29 propositionen
611 253 51 21 frän
681 253 88 22 valrätt
786 252 142 29 undantagit
946 253 49 28 lag-

241 286 63 22 stadt
331 287 148 30 tjänstehjon.
516 287 83 29 Enligt
625 287 135 22 Utskottets
778 287 150 22 förmenande
946 287 49 22 tala

241 321 60 22 dock
324 321 52 22 icke
402 322 143 28 tillräckliga
570 322 50 21 skäl
645 322 34 21 för
704 329 28 14 en
751 321 71 22 sådan
841 322 153 28 uteslutning.

240 355 81 23 Redan
340 356 40 22 det
399 357 63 21 1885
483 357 36 21 ärs
540 355 114 30 landtdag
672 356 136 29 förelaggda
829 356 110 29 förslaget
957 356 37 21 till

240 390 124 22 valreform
382 391 99 28 medgaf,
500 392 74 21 säsom
597 391 62 22 förut
678 391 102 28 antydts,
799 391 88 22 valrätt
904 391 24 21 ät
946 391 48 28 lag-

240 425 63 22 stadt
330 425 149 30 tjänstehjon,
508 433 48 14 som
585 425 51 22 icke
664 433 54 14 vore
737 426 8 21 i
763 425 149 22 husbondens
934 425 59 22 kost.

240 459 82 22 Under
340 460 29 21 de
387 461 67 28 tjugu
473 461 31 27 är,
523 468 49 14 som
591 459 69 22 sedan
680 460 53 21 dess
752 460 105 27 förflutit,
870 459 42 22 har
925 460 67 21 äfven

241 494 27 21 de
296 494 104 23 enskilde
427 495 132 29 tjänarenes
587 495 86 21 sociala
700 494 113 29 ställning
831 495 8 21 i
857 495 85 28 mänga
961 495 32 21 af-

241 529 100 22 seenden
368 529 142 28 förbättrats,
537 529 95 22 hvarför
659 529 40 22 det
725 532 65 25 synts
817 529 122 22 Utskottet
958 531 35 20 att

240 563 122 29 grundade
388 563 187 30 betänkligheter
598 564 51 21 icke
671 563 72 22 borde
760 563 124 22 förefinnas
903 564 36 21 för
957 566 35 19 att

240 597 99 30 tillägga
364 599 85 28 jämväl
472 599 141 28 tjänstehjon
640 598 94 28 valrätt,
761 598 157 29 synnerligast
944 605 48 14 som

240 632 75 23 denna
339 633 89 22 förmän
448 634 7 21 i
474 633 45 22 alla
546 633 122 22 händelser
695 633 189 28 tillgodokomme
911 632 82 22 endast

241 667 27 22 de
287 668 150 29 tjänstehjon,
462 668 91 21 hvilkas
572 668 169 21 löneförmäner
759 668 77 28 uppgä
855 667 36 22 till
910 667 83 46 sådant

239 702 85 29 belopp
343 704 35 20 att
396 703 52 21 dem
466 703 87 28 påförts
572 702 134 22 kommunal
725 702 112 28 taxering.

309 737 46 21 Till
380 737 26 21 de
431 737 77 28 frågor
527 738 23 21 af
569 737 131 29 principiell
719 739 42 25 art,
779 744 47 14 som
845 737 81 21 beröra
944 736 47 22 val-

239 771 180 28 rättsreformen,
446 771 42 22 hör
514 772 43 21 ock
585 771 50 28 den,
657 771 116 22 huruvida
790 771 104 22 kvinnan
912 771 80 22 fortfa-

239 805 71 22 rande
334 807 75 20 såsom
433 805 117 23 härintills
569 806 60 21 skall
647 805 71 22 förbli
735 806 8 21 i
762 806 112 21 afsaknad
894 805 22 22 af
934 805 58 30 poli-

239 840 47 21 tisk
304 843 102 19 rösträtt.
437 841 50 21 Mot
505 841 117 21 kvinnans
640 841 104 21 sträfvan
763 840 57 21 efter
835 842 47 19 rätt
895 840 34 21 till
944 839 47 22 del-

239 874 101 28 tagande
360 874 7 22 i
386 874 38 22 det
442 874 111 29 politiska
575 875 68 21 lifvet
661 875 48 21 stär
728 874 41 22 allt
788 878 68 24 ännu,
875 874 52 22 med
945 874 45 21 den

239 908 64 22 makt
329 909 67 28 gifna
422 909 161 22 förhållanden
603 908 41 22 och
663 908 155 22 traditionellt
841 909 149 21 betraktelse-

239 945 48 20 sätt
310 943 73 22 förmä
402 944 79 29 skapa,
501 944 178 29 lagstiftningen
698 944 9 21 i
725 943 45 22 alla
788 943 136 30 europeiska
941 944 50 21 län-

239 977 46 22 der.
322 979 54 20 Men
395 979 7 20 i
421 978 153 22 betraktande
595 979 23 21 af
635 978 28 21 de
682 978 92 28 viktiga
792 978 112 21 intressen
924 978 66 22 kvin-

237 1019 75 15 norna
336 1013 73 21 säsom
431 1013 44 21 den
499 1021 44 13 ena
561 1013 89 21 hälften
669 1013 23 21 af
710 1012 186 29 mänskligheten
916 1019 74 22 repre-

238 1049 98 25 sentera,
346 1049 60 20 samt
418 1047 51 22 med
481 1047 91 28 hänsyn
585 1047 37 22 till
635 1047 27 21 de
672 1047 133 28 betydande
815 1047 81 28 inlägg
906 1048 84 27 mänga

238 1081 71 22 bland
328 1081 51 22 dem
398 1085 56 26 göra
472 1083 8 20 i
499 1082 170 21 kulturarbetet
687 1082 56 21 ökas
762 1081 60 22 dock
840 1081 45 28 dag
897 1081 35 22 för
944 1081 47 28 dag

237 1115 164 29 anhängarere
420 1116 23 22 af
461 1116 53 22 idön
534 1124 36 14 om
589 1117 116 21 kvinnans
726 1118 102 19 rösträtt.
863 1115 127 22 Yrkanden

237 1150 8 21 i
263 1150 66 22 detta
354 1151 60 28 syfte
438 1151 143 22 återkomma
602 1152 63 27 gång
683 1151 30 28 pä
731 1151 62 28 gång
811 1150 63 22 inom
892 1150 28 22 de
939 1157 52 22 par-

236 1185 167 22 lamentariska
422 1185 200 28 församlingarna,
641 1185 43 21 och
703 1185 104 28 ständigt
825 1185 105 22 växande
948 1185 42 21 mi-

236 1219 113 22 noriteter
367 1221 63 20 rösta
449 1220 34 22 för
501 1219 66 22 bifall
587 1220 36 21 till
641 1219 123 22 desamma.

305 1253 93 29 Frågan
426 1261 35 15 om
489 1254 72 22 sådan
580 1253 99 29 ändring
698 1254 23 21 af
743 1254 36 27 12,
800 1253 29 22 13
849 1253 42 22 och
912 1253 30 21 14
961 1253 29 26 88

235 1287 26 22 L.
281 1287 26 22 O.
326 1290 35 19 att
380 1289 24 21 ät
427 1289 106 27 kvinnor,
561 1288 80 22 hvilka
668 1288 107 28 uppfylla
802 1287 54 22 dei
874 1287 117 29 grundlag

235 1321 36 22 för
289 1322 88 22 valrätt
396 1322 111 29 stadgade
525 1322 84 28 vilkor,
627 1322 77 22 blefve
723 1322 133 29 medgifven
869 1321 122 22 enahanda

234 1358 104 26 rösträtt,
363 1364 47 14 som
429 1358 101 28 ätnjutes
550 1358 23 20 af
591 1361 108 23 männen,
718 1356 53 22 kom
789 1356 73 22 under
881 1355 109 22 Ständer-

235 1398 42 14 nas
295 1391 111 29 pröfning
430 1399 83 21 genom
532 1394 35 19 ett
584 1391 40 22 vid
645 1392 64 21 1897
729 1392 37 20 ärs
784 1390 114 29 landtdag
910 1390 80 22 härom

234 1425 9 21 i
261 1425 197 29 Borgareständet
475 1426 100 28 ingifvet
588 1425 236 29 petitionsmemorial.
851 1426 66 20 Inom
929 1424 61 29 Lag-

233 1459 117 22 utskottet
376 1460 104 29 yttrades
498 1461 8 21 i
524 1460 71 22 saken
623 1460 63 22 olika
713 1460 127 29 meningar,
867 1467 53 14 men
946 1458 43 22 Ut-

305 1504 218 23 Grundlagsutskottets
537 1504 119 19 betänkande
669 1505 39 17 N:o
720 1505 15 17 1.
