1098 1742
316 145 30 22 U.
362 146 27 21 B.
407 158 27 3 —
449 144 74 29 Prop.
540 145 41 22 N:o
597 144 21 22 1.

368 414 349 28 Grundlagsutskottets
747 414 101 22 betän-

300 448 99 22 kande
416 449 52 22 N:o
484 449 12 22 1
511 449 9 21 i
536 448 135 28 anledning
683 447 28 23 af
719 447 65 23 Hans
794 448 56 29 Kej-

299 482 99 30 serliga;
422 483 123 28 Majestäts
576 483 90 27 nådiga
694 483 155 28 proposition

300 517 125 28 angående
447 517 94 22 ändrad
561 517 95 28 lydelse
675 517 29 22 af
718 517 36 27 12,
770 517 36 27 13,
821 517 29 21 14

300 552 47 22 ech
368 552 27 22 15
419 551 32 29 $8
474 552 9 22 i
506 551 280 28 Landtdagsordningen
808 551 42 22 för

301 585 241 24 Storfurstendömet
558 586 114 22 Finland.

163 652 52 22 Den
233 652 87 29 nådiga
338 652 173 29 propositionen
529 652 43 22 har
590 652 24 22 af
632 652 108 29 samtliga
758 650 68 23 stånd
843 651 9 22 i

96 687 108 22 afseende
232 688 13 21 å
272 687 167 21 förberedande
466 687 145 28 behandling
632 686 164 23 öfverlämnats
814 685 38 22 till

97 721 259 29 Grundlagsutskottet.
386 721 34 22 På
437 721 81 22 därom
536 721 42 22 hos
598 721 161 22 Ordföranden
776 721 9 21 i
796 719 56 30 Kej-

96 755 86 29 serliga
210 756 102 21 Senaten
338 755 69 30 gjord
434 755 111 22 anhållan
573 756 43 21 har
636 755 124 22 Utskottet
777 754 75 23 seder-

96 797 63 15 mera
182 791 46 20 fått
251 792 118 27 emottaga
391 790 114 22 särskilda
523 790 41 21 vid
583 790 108 22 ärendets
709 789 145 29 behandling

96 825 10 21 i
132 824 102 22 Senaten
259 825 131 21 tillkomma
415 824 142 29 handlingar
580 825 44 21 och
642 824 124 22 däribland
784 824 70 21 äfven

96 859 143 29 protokollet
261 859 65 21 öfver
349 859 45 21 den
413 860 151 28 omröstning,
583 867 49 13 som
650 859 8 21 i
678 859 100 21 Senaten
796 858 58 22 före-

97 893 62 22 fallit
176 893 41 22 vid
234 893 163 29 uppgörandet
415 894 22 21 af
456 896 35 19 ett
508 893 102 29 tidigare
628 894 89 28 förslag
730 893 36 21 till
778 891 76 23 landt-

98 927 202 29 dagsproposition
319 928 8 21 i
346 930 83 19 ämnet.

252 988 125 28 Öfversikt
393 994 27 22 af
435 994 101 28 frågans
552 994 152 27 utveckling.

168 1042 90 22 Genom
282 1042 269 30 Landtdagsordningen
579 1043 22 21 af
628 1042 45 22 den
695 1043 29 21 15
743 1043 33 27 (3)
795 1042 60 29 april

102 1077 65 21 1869
195 1077 124 29 stadgades
347 1077 43 22 och
416 1078 152 21 utvecklades
592 1078 9 21 i
624 1078 86 28 många
731 1076 123 23 afseenden

100 1111 29 22 de
151 1112 92 27 former,
261 1112 8 21 i
292 1112 81 21 hvilka
394 1112 156 28 landtdagens
570 1112 78 22 arbete
668 1112 60 21 skall
746 1111 109 29 försiggå,

100 1145 121 23 hvaremot
248 1146 83 29 själfva
358 1146 107 29 grunden
493 1147 36 21 för
552 1146 189 30 organisationen
760 1146 23 22 af
801 1146 55 21 den-

101 1188 93 20 samma,
213 1180 51 22 dess
288 1180 133 30 fördelning
445 1182 8 20 i
479 1181 50 29 fyra
547 1181 79 22 slutna
644 1180 76 28 stånd,
738 1180 119 22 lämnades

102 1214 8 22 i
136 1214 133 23 hufvudsak
297 1215 103 22 oberörd.
442 1216 48 21 För
516 1215 174 29 Ridderskapet
713 1215 43 22 och
779 1214 79 22 Adeln

101 1249 84 22 förblef
204 1250 44 21 den
266 1250 30 28 på
314 1250 87 22 börden
420 1250 121 28 grundade
560 1249 229 30 själfskrifvenheten
802 1249 56 21 fort-

101 1283 96 22 farande
216 1284 180 28 bestämmande,
415 1284 35 22 för
468 1284 118 22 valrätten
604 1284 8 22 i
630 1284 176 22 Prästeståndet
823 1282 35 22 bi-

102 1317 90 23 behölls
220 1318 146 29 delaktighet
393 1319 8 21 i
428 1319 185 29 prästerskapets
631 1319 135 29 privilegier
784 1318 75 21 såsom

102 1352 152 29 oeftergifligt
272 1354 84 27 vilkor,
374 1354 88 21 valrätt
479 1354 8 21 i
505 1353 177 22 Bondeståndet
697 1352 74 22 skulle
783 1352 77 21 såsom

102 1386 64 22 förut
187 1387 82 22 endast
288 1388 99 28 ägande-
407 1387 56 22 eller
480 1388 192 28 besittningsrätt
690 1388 38 21 till
745 1387 8 21 i
770 1385 90 23 mantal

102 1424 48 19 satt
168 1422 51 28 jord
238 1422 109 22 medföra.
379 1422 67 22 Dock
463 1424 117 27 upptogos
598 1422 9 21 i
624 1422 30 21 de
674 1422 40 22 två
732 1419 128 24 sistnämda

102 1455 98 22 stånden
229 1457 63 21 vissa
318 1464 46 21 nya
391 1457 134 27 kategorier
545 1456 24 22 af
594 1455 185 29 valberättigade
797 1454 63 22 inom

174 1499 219 23 Grundlagsutskottets
406 1500 121 18 betänkande
539 1500 39 17 N:o
593 1500 12 17 1.

880 1046 105 18 Valrättens

864 1074 134 22 utsträckning.
