1092 1748
467 136 44 21 N:o
524 136 12 20 6
839 135 13 19 9

481 211 48 27 78

193 256 67 21 Hvad
281 263 36 14 om
337 256 119 21 valbarhet
475 256 37 21 till
530 256 236 21 häradsnämndeman
782 258 24 18 är
822 254 60 22 stad-

123 290 57 28 gadt
195 290 61 28 gälle
271 290 43 22 ock
330 290 8 21 i
353 290 66 28 fråga
434 298 37 14 om
487 290 47 28 god
548 298 58 14 man.

192 325 57 27 Den,
265 332 49 14 som
328 324 79 22 blifvit
422 326 36 21 till
473 325 47 29 god
535 333 52 13 man
602 324 88 28 utsedd,
707 325 37 21 må
760 324 18 28 ej
790 323 89 22 undan-

124 359 71 28 draga
211 359 36 28 sig
263 360 95 28 sysslan,
375 360 39 21 der
429 360 46 21 han
491 360 18 28 ej
527 360 69 21 redan
612 362 34 18 tre
661 360 24 20 år
696 358 106 22 innehaft
812 358 71 21 sådan

123 393 133 29 befattning
271 394 54 21 eller
340 395 99 27 uppnått
455 395 73 21 sextio
545 395 35 21 års
596 394 62 21 ålder
674 394 54 21 eller
739 393 45 21 kan
796 392 35 22 för
843 392 40 22 sitt

123 428 119 22 befriande
261 428 78 22 anföra
355 432 70 18 annat
439 430 89 28 vigtigt
543 430 55 27 skäl,
615 436 48 14 som
679 428 204 22 kommunalstäm-

124 470 53 14 man
193 463 54 21 eller
263 464 149 28 magistraten
427 464 140 28 godkänner.

483 539 47 27 88

193 584 52 21 God
268 592 51 13 man
340 584 89 28 aflägge
449 584 61 22 inför
528 584 99 22 domstol
646 584 28 21 ed
692 586 33 19 att
745 583 57 21 efter
817 582 66 22 bästa

124 617 103 22 förstånd
251 618 43 22 och
317 622 100 18 samvete
438 619 108 29 uppfylla
568 619 44 21 den
632 618 85 22 honom
740 618 74 21 såsom
837 616 46 29 god

124 660 52 14 man
199 653 136 28 uppdragna
357 653 132 29 befattning
512 654 42 21 och
577 653 74 28 aldrig
673 652 78 22 dervid
771 650 112 30 uppsåtli-

124 694 45 21 gen
189 690 56 25 göra
265 690 59 19 orätt
343 687 35 22 för
397 688 61 21 hvad
475 688 66 21 orsak
557 688 54 20 eller
624 687 73 21 under
707 686 60 22 hvad
778 686 56 22 sken
845 685 39 21 det

124 729 55 13 vara
194 722 42 21 må.

482 774 48 27 98.

194 818 51 22 God
261 826 53 14 man
329 819 88 28 ätnjute
432 820 37 21 för
485 819 87 22 biträde
588 819 40 22 vid
643 818 240 22 landtmäteriförrätt-

124 853 58 29 ning
197 854 128 28 ersättning
341 854 35 22 för
391 854 74 28 skjuts
477 854 42 22 och
530 854 198 29 dagtraktamente
739 853 73 28 enligt
823 851 61 22 hvad

124 888 78 21 derom
217 889 108 21 särskildt
340 889 99 28 stadgas.

476 965 27 22 10
518 967 18 25 8.

193 1011 12 20 I
224 1010 65 29 fråga
309 1018 37 14 om
364 1010 35 29 jäf
418 1014 62 19 emot
500 1011 105 28 ingeniör
624 1011 43 21 och
686 1010 46 29 god
751 1017 52 14 man
823 1009 61 28 gälle

123 1045 61 21 hvad
200 1045 85 22 allmän
301 1046 39 27 lag
355 1053 38 14 om
408 1045 129 29 domarejäf
550 1045 98 28 stadgar.

475 1116 27 21 11
519 1117 18 25 8.

192 1161 163 21 Förekommer
371 1161 37 28 jäf
421 1163 62 20 emot
498 1161 111 28 ingeniör,
626 1161 89 21 anmäle
730 1160 46 21 han
791 1159 39 21 det
845 1166 40 21 ge-

123 1198 52 18 nast
195 1195 42 22 hos
257 1195 191 28 länsingeniören,
465 1203 49 14 som
531 1196 88 27 åligger
635 1198 33 18 att
683 1195 41 21 hos
740 1196 144 27 guvernören

124 1230 97 21 utverka
236 1229 153 22 förordnande
404 1229 36 22 för
456 1237 76 14 annan
548 1230 110 28 ingeniör.

476 1299 27 21 12
519 1300 18 26 8.

193 1344 88 22 Stanna
300 1345 135 28 ingeniören
455 1345 45 21 och
515 1345 59 28 gode
589 1347 97 19 männen
703 1343 7 22 i
726 1343 97 29 stridiga
838 1349 46 14 me-

123 1379 83 28 ningar
222 1379 118 28 angående
353 1379 71 28 fråga,
435 1379 98 21 hvarom
544 1379 27 22 de
582 1387 42 20 ega
635 1381 141 26 gemensamt
786 1377 98 27 besluta,

124 1414 76 27 gånge
219 1413 58 22 efter
294 1413 61 22 hvad
371 1413 27 22 de
413 1413 66 22 fleste
496 1417 60 24 säga.
586 1413 47 22 Har
648 1413 56 22 hvar
720 1413 34 21 sin
770 1411 114 22 särskilda

123 1448 102 28 mening,
241 1448 61 27 gälle
317 1448 153 28 ingeniörens.
