1095 1748
345 221 11 20 I
373 220 30 22 S:t
418 221 88 21 Michels
525 221 35 21 län
591 237 4 4 .
625 237 4 4 .
661 237 3 4 .
696 237 4 4 .
731 237 4 4 .
765 219 60 26 1,202

346 272 11 9 »
373 255 86 28 Kuopio
538 272 197 9 mo.
765 254 61 25 1,634

346 307 9 8 »
372 290 56 21 Vasa
536 305 11 10 »
590 307 4 4 +
626 306 109 4 <.
764 289 63 25 2,640

346 341 11 8 »
374 324 120 27 Uleåborgs
536 341 10 8 »
590 341 4 3 =
625 341 4 4 .
661 341 3 4 .
695 341 4 4 .
730 341 4 3 .
764 323 62 26 2202

209 380 91 22 erhålles
316 387 77 21 genom
409 381 192 27 multiplikationen
617 381 22 21 af
653 381 63 21 dessa
726 380 121 22 mantalstal
858 380 39 21 och
907 385 58 21 resp.

210 415 174 27 genomsnittstal
407 415 92 28 följande
521 415 79 28 belopp
620 415 86 22 taxerad
721 415 94 21 inkomst
829 414 46 21 från
891 413 75 28 hvarje

208 449 23 22 af
244 449 142 22 ofvannämda
400 450 41 26 län,
456 450 116 27 nämligen:

530 507 30 13 För

502 524 68 14 inkomst
582 524 16 14 af
660 524 29 14 För
776 524 28 13 För
892 523 30 13 För

501 542 33 16 jerd
542 546 15 9 o.
567 542 23 13 fa-
626 541 67 14 inkomst
701 542 16 13 af
753 541 38 17 Ofrig
800 542 23 12 in-
859 544 37 11 s:ma
902 540 62 14 taxerad

518 555 57 25 stiehet
614 559 54 16 näring
675 563 14 9 o.
696 559 39 16 yrke
750 554 12 26 —
767 558 49 14 komst
882 558 65 20 inkomst

501 576 41 16 1,000
551 576 41 14 mark
628 576 40 18 1,000
677 578 42 12 mark
746 578 39 16 —1,0Uv
794 579 41 11 mark
870 576 39 16 1,000
918 575 42 13 mark

209 597 11 21 I
236 591 49 28 Åbo
301 604 18 16 o.
335 599 91 28 B:borgs
443 600 33 21 län
513 600 77 26 28,729
635 600 74 26 13,797
755 599 76 26 15472
874 598 76 26 57,998

210 648 11 10 »
236 632 134 23 Tavastehus
455 651 10 9 »
515 634 75 26 18413
649 634 61 26 9,581
757 634 74 26 11846
875 633 76 26 39,840

210 683 10 9 »
237 666 31 22 S:t
283 667 88 23 Michels
455 686 10 9 »
515 669 77 26 11359
649 669 62 26 4818
770 668 61 26 2,648
876 667 75 27 18,82

209 717 11 9 »
237 700 88 28 Kuopio
454 720 11 9 »
514 703 75 27 15387
648 704 61 25 4727
740 693 18 42 —
769 703 62 26 6,003
875 702 75 26 26067

210 752 11 9 »
236 736 58 21 Vasa
455 754 10 10 »
514 738 76 26 28567
649 738 62 26 9,380
770 737 61 26 8596
875 736 76 26 46543

210 786 12 10 »
238 770 122 28 Uleåborgs
455 788 11 10 »
515 772 76 26 18705
649 772 62 26 5,573
770 772 61 26 7,258
875 771 76 23 26,536

280 828 116 27 Tillämpas
417 830 201 26 genomsnittstalen
637 829 33 22 för
690 830 99 26 samtliga
804 835 35 15 sex
855 829 62 21 länen
933 828 32 21 för

212 860 59 22 såväl
287 862 96 27 Nylands
399 869 47 16 som
462 864 93 27 Viborgs
570 864 42 26 län,
626 863 33 22 för
674 864 71 21 hvilka
755 863 41 26 län,
808 863 70 22 såsom
889 864 76 24 nämts,

211 895 83 22 direkta
313 897 108 27 uppgifter
441 898 83 26 saknas,
543 898 90 21 erhälles
651 898 33 21 för
700 899 64 21 dessa
778 898 34 21 län
827 897 93 27 följande
935 897 31 20 in-

210 929 161 29 komstbelopp:

555 960 29 14 För

520 978 67 14 inkomst
596 978 16 14 af
671 978 30 14 För
788 978 29 14 För
894 978 30 13 För

397 994 38 14 Hela
440 994 72 14 mantals-
526 995 32 17 jord
568 999 14 10 o.
592 995 22 14 fa-
645 995 66 15 inkomst
721 996 15 14 af
753 986 11 32 =
772 995 38 17 öfrig
819 995 20 13 in-
864 999 37 9 s:ma
911 996 43 12 taxe-

424 1016 66 10 summan
541 1012 57 18 stighet
613 1008 12 27 —
632 1013 73 17 näringo.
711 1014 40 17 yrke
778 1013 50 13 komst
863 1012 98 14 radinkomst

435 1030 45 16 (1898)
495 1021 11 31 —
522 1030 40 16 1,000
574 1030 41 14 mark
642 1030 39 18 1,000
691 1031 41 13 mark
759 1030 40 17 1,000
808 1029 41 14 mark
868 1029 39 17 1,000
917 1029 40 13 mark

210 1050 12 21 I
237 1050 97 28 Nylands
349 1052 35 21 län
411 1040 12 44 =
428 1053 61 25 2297
539 1053 73 26 175561
661 1054 62 25 7256
771 1053 62 25 7,936
877 1052 76 25 32743

211 1101 10 9 »
237 1085 94 28 Viborgs
359 1102 10 10 ,
428 1088 62 25 2,072
538 1087 76 27 15832
661 1088 62 26 6545
772 1088 61 24 7,160
877 1086 75 24 29,537

280 1143 43 21 För
346 1144 94 28 Viborgs
462 1145 40 25 län,
524 1145 87 21 hvarest
630 1146 36 20 vid
681 1145 103 22 Vuoksen
801 1144 38 21 och
855 1144 58 21 invid
928 1144 38 20 La-

211 1176 57 27 doga
282 1176 52 22 flere
349 1178 23 21 af
385 1178 83 22 landets
484 1181 80 19 största
578 1180 133 20 industriella
726 1179 142 27 inrättningar
883 1180 38 19 äro
932 1178 34 21 be-

211 1210 69 28 lägna,
301 1213 37 19 äro
357 1212 117 22 emellertid
492 1213 26 21 de
534 1214 96 20 använda
646 1213 200 27 genomsnittstalen
862 1212 33 22 för
909 1212 58 22 kate-

211 1246 62 26 gorin
292 1246 95 22 inkomst
405 1246 23 22 af
441 1248 75 26 näring
531 1248 39 21 och
584 1248 51 26 yrke
651 1248 39 21 och
705 1248 23 21 af
741 1247 55 27 öfrig
810 1247 95 21 inkomst
921 1246 46 21 tvif-

210 1279 100 21 velsutan
326 1280 84 27 mycket
424 1281 33 21 för
472 1282 48 26 läga
534 1294 26 3 —
576 1282 105 22 mähända
696 1288 52 16 vore
763 1288 27 15 en
800 1280 138 28 fördubbling
948 1280 23 22 af

211 1314 198 26 genomsnittstalet
423 1315 34 21 för
472 1316 40 20 den
528 1315 123 23 förenämda
665 1316 114 27 kategorin
794 1315 39 22 och
849 1321 26 15 en
890 1314 79 28 förhöj-

210 1348 54 26 ning
284 1349 50 21 med
353 1349 63 28 50%/,
431 1350 23 21 af
467 1350 118 21 detsamma
600 1350 32 21 för
648 1351 41 21 den
705 1356 77 16 senare
796 1350 112 26 kategorin
923 1349 46 21 icke

209 1381 34 22 för
266 1382 49 28 hög.
344 1384 29 21 Vi
395 1386 77 25 antaga
493 1385 69 21 denna
580 1384 127 28 förhöjning.
728 1385 12 21 I
756 1384 77 22 sådant
847 1383 36 22 fall
899 1384 29 21 bli
943 1384 26 21 de

211 1418 102 21 taxerade
337 1418 147 22 inkomsterna
506 1419 46 21 frän
578 1420 92 26 Viborgs
695 1419 35 22 län
756 1425 56 21 resp.
839 1418 130 27 15,832,000,

211 1451 133 27 13,090,000,
361 1453 125 26 10,740,000
501 1453 39 22 och
556 1454 125 26 39,662,000
695 1453 67 22 mark.
