1098 1745
184 118 12 15 2
432 111 21 22 U.
470 111 21 22 B.
509 124 23 3 —
551 111 61 28 Prop.
629 111 36 23 N:o
681 112 21 22 3.

184 180 67 27 nödig
266 179 83 22 visshet
365 187 35 14 om
419 180 140 27 möjligheten
573 184 33 17 att
624 181 37 20 vid
679 181 69 20 förfall
762 180 54 28 göra
832 183 47 18 mot
894 181 50 20 dem

184 215 141 27 erforderliga
342 215 94 27 anspråk
450 215 101 27 gällande
566 215 48 21 icke
631 215 61 21 alltid
707 215 121 21 förefinnes.

252 249 53 21 Men
321 249 28 21 då
363 250 13 20 å
392 250 67 21 andra
474 249 62 21 sidan
551 251 55 19 intet
621 249 47 21 skäl
680 249 25 21 af
714 250 69 21 större
796 249 99 26 bärvidd,
906 256 38 14 en-

183 283 40 28 ligt
245 283 128 22 Utskottets
395 284 147 25 förmenande,
565 284 55 21 talar
638 288 60 17 emot
714 287 31 18 ett
760 284 78 21 sådant
853 284 91 21 utsträc-

183 318 72 21 kande
278 317 24 22 af
323 318 204 21 bankdirektionens
547 318 134 27 befogenhet
696 322 32 17 att
743 319 37 20 vid
795 318 103 27 erbjuden
913 319 31 20 di-

183 352 127 28 skontering
332 353 45 21 fritt
399 353 43 20 och
460 353 95 27 allsidigt
570 353 76 27 pröfva
662 353 141 20 säkerhetens
818 356 40 22 art,
874 359 48 14 som
937 354 6 19 i

184 387 42 20 den
241 387 79 27 nådiga
337 389 165 26 propositionen
518 387 96 25 föreslås,
629 387 39 21 har
683 387 116 22 Utskottet
814 387 33 21 för
862 388 33 20 sin
908 387 36 20 del

183 421 49 21 icke
253 421 59 21 velat
335 421 97 27 afstyrka
457 421 109 28 förslaget.
597 421 116 22 Utskottet
734 421 38 21 har
787 421 90 21 sålunda
892 421 52 21 äran

183 455 85 25 föreslå,

460 505 34 18 att
516 501 125 22 Ständerna
663 502 51 21 ville
731 505 83 24 antaga
831 501 36 22 det
881 501 9 21 i
903 501 40 21 den

391 537 83 26 nådiga
488 537 159 26 propositionen
669 536 105 27 ingående
782 537 114 26 förslaget
909 543 34 14 om

385 572 132 26 förändrad
535 571 78 26 lydeise
634 571 30 27 aj
674 577 14 14 2
702 572 19 25 5
736 571 9 20 i
758 571 135 27 regiemeniei
901 571 44 26 för

391 605 106 22 Finlands
511 605 71 21 Bank.

252 737 9 20 I
276 737 160 28 behandlingen
454 738 23 21 af
490 739 61 20 detta
567 739 80 20 ärende
663 738 65 21 hafva
744 737 92 27 deltagit
851 737 92 21 Utskot-

183 775 43 18 tets
242 772 131 21 ordförande
389 771 141 29 Charpentier
546 776 56 17 samt
618 773 148 20 ledamöterna
776 771 36 21 W.
823 771 119 26 Hackman,

183 806 122 25 Rosenlew,
322 807 113 26 Bergroth,
451 807 106 25 Auvinen,
573 807 26 20 E.
615 807 132 24 Dahlström,
763 813 21 14 v.
797 805 75 26 Pfaler,
886 806 57 21 Ren-

183 841 64 26 qvist,
263 841 138 27 Thuneberg,
418 841 94 21 Brander
528 841 42 21 och
585 841 104 21 Candelin
705 844 55 17 samt
774 840 170 27 suppleanterna

183 874 128 27 Furuhjelm,
328 874 118 28 Svanljung
461 876 42 20 och
518 875 140 21 Stockmann.

251 932 138 28 Helsingfors
404 933 42 21 den
464 938 24 22 13
504 933 55 27 april
576 938 60 21 1905.

339 1468 108 21 Helsingfors
462 1471 48 17 1905.
534 1468 106 21 Helsingfors
653 1466 145 21 Centraltryckeri.
