1095 1748
352 154 22 22 U.
391 154 22 22 B.
431 167 25 3 —
473 154 61 27 Prop.
551 154 34 22 N:o
602 154 20 22 6.
812 156 26 19 79

113 217 192 28 omformulering,
328 220 54 18 enär
404 217 150 22 redaktionen
577 217 26 21 af
621 219 40 19 159
676 217 14 28 8
706 219 65 26 synts
793 217 74 21 lemna

113 251 49 22 skäl
177 251 33 21 till
226 251 158 28 anmärkning,
400 251 50 22 icke
461 252 68 21 minst
541 251 137 21 därutinnan
689 253 32 19 att
732 251 71 28 enligt
814 251 52 21 den-

113 293 84 14 samma
219 285 250 28 förrättningsmännen
489 293 42 21 ega
546 285 104 22 meddela
665 285 117 22 utlåtande
797 286 69 21 innan

115 320 136 28 sakegarena
267 320 113 28 öfverlagt
395 320 7 21 i
418 320 87 28 frågan.

182 355 77 21 Under
275 356 13 19 4
303 354 14 29 8
332 355 42 20 har
392 355 111 20 utskottet
521 355 52 20 från
590 357 39 18 159
645 354 14 29 8
675 355 6 20 i
697 354 169 29 propositionen
887 350 16 37 —
922 360 39 21 48.

114 389 82 28 intagit
213 389 141 28 bestämning
370 396 35 14 om
420 388 259 29 förrättningsmännens
691 389 132 28 skyldighet
834 391 32 18 att
873 387 137 23 (1598
931 383 11 38 i
948 387 62 23 prop.)

114 423 8 21 i
137 423 39 21 fall
192 423 25 21 af
229 423 107 28 missnöje
351 423 51 21 med
418 423 260 28 förrättningsmännens
696 423 73 21 beslut
784 423 7 21 i
802 423 66 28 fråga

115 457 116 28 angående
249 459 52 19 råns
317 457 132 29 sträckning
465 457 139 22 öfverlemna
620 457 93 22 ärendet
729 458 33 20 till
779 457 88 28 egodel-

115 492 146 28 ningsrätten.
300 492 68 22 Detta
390 492 125 28 stadgande
539 492 133 22 förutsätter
695 495 32 18 att
750 492 43 22 den
817 492 51 22 med

115 527 97 21 beslutet
227 526 121 28 missnöjde
362 527 102 21 närvarit
478 527 38 21 vid
531 527 173 28 förrättningen.
731 527 53 21 Men
795 527 38 21 det
844 530 24 18 är

114 561 60 21 klart
196 563 33 19 att
244 561 85 28 jämväl
344 561 153 21 fränvarande
512 562 108 27 sakegare
636 563 71 19 mäste
723 561 68 22 hafva
806 561 62 21 talan

115 599 74 25 öppen
205 598 46 19 mot
267 596 73 20 beslut
354 596 7 20 i
373 596 171 28 rägängsfräga.
570 596 44 21 För
625 596 44 20 den
681 596 107 21 händelse
798 596 70 21 saken

115 630 100 21 kommer
231 630 48 21 före
294 630 39 21 vid
349 630 201 28 egodelningsrätt,
567 633 24 18 är
606 631 44 20 han
665 630 133 28 visserligen
798 626 12 36 i
826 630 42 21 till-
928 645 8 9 N

115 664 53 21 fälle
192 667 32 18 att
247 664 115 21 därstädes
385 664 125 22 framställa
533 665 49 21 sina
597 664 181 28 anmärkningar,
794 664 74 22 men
854 660 16 37 i

115 698 41 21 fall
179 699 26 21 de
221 699 38 21 vid
274 698 239 29 rägängsförrättning
528 699 141 21 närvarande
684 699 138 28 sakegarena
837 701 31 19 ät-

115 732 60 29 nöjts
198 733 50 21 med
273 733 95 21 beslutet
392 733 43 21 och
458 736 33 18 ett
509 733 184 22 underställande
709 734 95 20 sälunda
820 734 48 20 icke

116 767 99 22 kommer
231 768 6 20 i
253 768 71 27 fråga,
341 770 95 18 återstår
451 768 36 21 för
503 767 110 29 missnöjd
627 768 107 28 sakegare
746 768 78 21 endast
836 770 33 18 att

116 802 7 20 i
138 802 138 28 besvärsväg
291 802 55 21 söka
360 802 97 28 ändring
468 802 6 21 i
486 802 98 22 beslutet
595 802 116 28 angäende
722 804 52 20 räns
785 802 83 22 sträck-

116 836 61 28 ning.
207 837 70 20 Detta
295 836 40 21 har
353 844 31 13 nu
399 837 114 21 utskottet
528 837 92 21 beaktat
635 844 82 21 genom
733 836 135 28 stadgandet

116 871 7 21 i
138 873 13 19 2
166 879 65 13 mom.
241 867 12 36 4
276 872 20 27 &.

184 905 39 22 Uti
241 908 10 18 1
267 913 65 14 mom.
349 907 12 19 6
377 906 14 28 8
407 906 41 21 har
470 907 111 20 utskottet
603 908 70 26 något
692 906 132 28 utförligare
840 909 28 18 än
926 907 10 16 6
949 907 16 20 S.

116 939 58 22 hvad
190 939 65 22 fallet
270 943 23 18 är
309 940 6 21 i
333 942 39 19 160
388 941 14 28 &
417 940 25 21 af
451 941 168 27 propositionen
631 941 98 28 angifvit
739 934 274 35 grunderna
878 930 63 44 (160$i
951 930 63 44 rrop.)

115 974 37 22 för
173 974 159 28 fördelningen
354 974 26 22 af
400 975 153 21 kostnaderna
573 975 35 21 för
623 975 244 28 rägängsförrättning.

115 1009 53 21 Men
191 1016 46 14 som
261 1009 238 28 rägängsförrättning
519 1010 45 20 kan
579 1017 54 13 vara
648 1012 54 18 utan
718 1010 49 20 skäl
782 1009 86 28 begärd

116 1043 42 21 och
180 1043 152 21 kostnaderna
356 1044 36 20 för
415 1044 130 21 densamma
563 1044 61 27 förty
640 1044 49 21 icke
705 1044 69 21 borde
790 1044 78 28 gäldas

116 1078 57 20 efter
189 1078 68 21 ofvan
274 1078 92 28 angifna
382 1078 106 28 grunder,
505 1079 41 21 har
562 1079 116 25 utskottet,
694 1079 7 20 i
717 1078 89 28 analogi
817 1078 51 20 med

116 1112 136 28 stadgandet
267 1112 7 21 i
289 1114 27 19 26
332 1113 13 27 &
361 1114 13 19 8
389 1113 51 27 kap.
458 1113 7 20 i
480 1113 66 27 fräga
569 1120 36 14 om
624 1112 131 28 fördelning
769 1112 26 22 af
808 1112 60 21 kost-

115 1146 44 21 nad
176 1145 35 22 för
227 1146 82 21 instäld
324 1146 225 29 skiftesförrättning,
562 1149 72 19 säsom
645 1150 33 18 ett
689 1147 70 21 andra
769 1149 99 19 moment

116 1180 6 20 i
140 1182 11 19 6
168 1180 14 28 &
197 1180 70 22 infört
283 1183 32 19 ett
326 1181 133 27 stadgande,
471 1188 48 14 som
529 1182 8 20 i
548 1182 69 27 sagda
628 1182 105 20 afseende
743 1181 125 21 innehäller

117 1217 33 19 ett
165 1215 116 28 undantag
297 1215 51 21 frän
362 1215 72 21 första
450 1218 129 19 momentet.

432 1360 39 26 19
489 1361 72 31 kap.

184 1422 40 21 Uti
241 1425 9 18 1
268 1422 20 29 &,
305 1429 47 14 som
374 1425 24 18 är
422 1422 124 28 ordagrant
569 1423 125 21 afskrifven
709 1423 51 20 från
777 1424 39 19 193
832 1422 14 28 $
862 1422 7 20 i
927 1429 35 21 18.

116 1456 176 28 propositionen,
316 1456 146 21 föreskrifves
482 1459 33 19 att
530 1457 145 28 stridigheter
690 1457 42 21 och
748 1456 120 28 klagomål,
876 1457 57 22 (1938
953 1456 61 23 prop)

185 1495 50 24 Lag-
249 1496 33 17 och
295 1496 182 17 ekonomiutskottets
491 1497 116 17 betänkande
619 1497 38 18 N:o
671 1497 16 17 5.
