1092 1700
108 456 32 17 102
152 456 16 22 8.

72 647 16 18 4.
104 648 92 21 Egograde-

117 671 40 22 ring.

64 701 22 17 42
95 699 16 17 &
123 700 39 17 103!
174 700 29 23 88,

97 1185 39 17 103?
149 1184 16 22 8.

102 1379 32 17 104
146 1379 17 21 8.

209 135 28 19 40
453 134 22 22 U.
493 133 21 23 B.
531 146 27 4 —
574 133 62 28 Prop.
652 133 35 22 N:o
704 133 21 22 6.

209 196 157 28 skilnaderna,
387 197 132 28 ersättning
542 196 38 22 för
602 196 86 29 odling,
706 196 57 22 häfd
782 196 42 22 och
841 195 127 28 ständskog

210 233 60 19 samt
289 231 253 29 utflyttningskostnad
560 231 62 29 gälle
638 232 8 20 i
662 230 140 30 tillämpliga
818 230 64 22 delar
898 230 69 21 äfven

209 266 9 21 i
233 266 68 28 fräga
321 273 36 15 om
381 266 106 29 egobyte.
517 266 71 28 Egor,
612 273 48 14 som
676 266 7 21 i
700 266 55 28 byte
774 266 36 28 gä,
828 264 65 22 skola
908 264 60 22 dock

209 300 68 22 alltid
288 300 107 22 inbördes
406 300 112 22 särskildt
529 300 117 29 graderas,
658 300 61 22 ändå
728 302 35 20 att
771 299 125 29 gradering
904 299 63 21 förut

209 335 64 21 skett
283 334 56 22 eller
349 335 104 21 kommer
464 337 35 19 att
513 335 4 21 i
529 335 169 28 sammanhang
705 334 53 22 med
766 334 84 22 skiftet
858 340 43 22 ega
910 340 57 14 rum.

562 416 26 21 19
603 417 19 25 8.

279 455 108 29 Egobyte
402 463 67 14 anses
485 463 56 15 vara
557 455 120 28 afslutadt,
693 459 43 17 när
750 454 45 22 den
805 461 83 21 genom
901 454 66 28 bytet

209 489 141 29 uppkomna,
367 490 140 22 förändrade
522 491 43 21 rån
582 490 79 21 blifvit
676 489 93 29 rörlagd
786 488 56 22 eller
856 488 111 21 vederbö-

209 524 73 21 rande
300 524 103 23 anvisats
427 525 66 22 deras
509 525 120 29 -egolotter
648 527 59 19 samt
724 523 169 23 underrättelse
908 522 9 22 i
933 522 33 22 af-

210 558 84 22 seende
317 560 13 21 å
352 559 216 29 ändringssökande
596 559 134 28 meddelats,
754 558 30 29 på
809 560 47 19 sätt
874 557 8 22 i
904 557 28 22 56
954 558 13 26 S

209 593 100 29 stadgas.

560 652 28 21 20
604 653 19 26 8.

280 696 46 22 Till
347 697 118 22 vinnande
489 697 26 22 af
535 697 74 29 riktig
628 697 75 28 grund
722 697 36 21 för
774 696 151 29 jemförelsen
943 694 25 22 af

209 731 29 21 de
261 739 61 20 egor,
343 739 49 14 som
409 732 9 21 i
436 732 82 21 skiftet
538 732 61 28 ingå,
620 732 60 21 skall
699 731 148 28 skifteslaget
862 729 104 28 undergå

207 766 126 28 gradering
351 765 43 22 och
417 766 82 22 dervid
522 767 80 28 hvarje
626 765 210 30 egoskiljaktighet
859 764 52 22 med
932 764 33 21 af-

208 800 84 21 seende
308 801 13 20 å
336 800 52 22 dess
403 801 118 28 naturliga
536 801 163 22 beskaffenhet
711 801 43 21 och
765 800 59 28 läge,
836 799 45 22 den
892 801 73 19 större

209 834 56 21 eller
279 835 90 21 mindre
384 835 119 29 svårighet
519 835 43 22 och
578 835 106 28 kostnad,
700 842 48 14 som
766 838 26 17 är
806 833 97 22 förenad
914 833 52 22 med

208 869 53 21 dess
276 869 124 28 häfdande,
417 872 58 19 samt
491 870 45 21 den
552 869 180 29 stadigvarande
746 871 76 26 nytta,
839 875 48 14 som
899 868 67 21 deraf

208 903 75 22 under
301 903 96 29 vanliga
419 905 26 20 år
460 905 47 21 kan
522 905 123 28 påräknas,
661 904 60 21 efter
741 903 73 22 skedd
830 903 134 28 besigtning

208 938 88 21 åsättas
312 940 34 19 ett
360 939 59 21 visst
429 939 98 28 gradtal,
540 946 48 14 som
600 939 84 28 riktigt
695 938 109 29 angifver
815 944 87 15 samma
913 944 52 21 ego-

208 972 176 29 skiljaktighets
399 973 146 22 förhållande
563 973 36 21 till
615 973 76 21 bättre
706 972 44 22 och
765 972 37 21 till
818 975 73 18 sämre
905 971 59 28 jord.

207 1006 48 22 Vid
273 1007 72 21 sådan
363 1007 127 29 gradering
512 1007 126 22 betecknas
656 1007 160 28 skifteslagets
833 1006 66 21 bästa
912 1005 53 28 jord

207 1041 53 21 med
278 1041 58 21 talet
359 1041 28 22 10
409 1041 42 22 och
474 1042 44 21 den
539 1045 75 18 sämre
627 1042 83 28 jorden
726 1041 54 22 med
796 1043 34 18 ett
845 1040 96 27 mindre,
957 1040 8 20 i

207 1075 54 22 hela
279 1076 33 21 tal
335 1075 56 22 eller
410 1076 158 21 decimalbråk
583 1078 73 19 utsatt
671 1075 100 30 pradtal,
788 1082 49 14 som
854 1074 110 22 förhåller

207 1109 36 29 sig
259 1109 37 22 till
311 1110 59 21 talet
385 1111 28 21 10
427 1111 74 21 såsom
517 1111 46 21 den
578 1114 74 18 sämre
664 1110 83 29 jorden
758 1109 96 29 pröfvas
865 1108 100 22 förhålla

207 1144 36 29 sig
258 1144 38 22 till
311 1144 45 22 den
375 1144 74 22 bästa.

276 1179 46 21 Vid
333 1178 112 30 klyfning
455 1180 38 20 må
504 1180 64 27 dock,
581 1180 40 20 der
632 1179 258 28 förrättningsmännen
901 1178 63 21 finna

205 1221 34 20 ny
254 1213 126 29 gradering
395 1214 52 21 icke
464 1214 144 28 erforderlig,
625 1214 44 22 den
680 1216 80 19 senast
770 1212 134 22 verkstälda
915 1220 49 21 gra-

206 1248 113 28 deringen
337 1248 82 21 endast
433 1248 113 28 granskas
562 1248 43 22 och
621 1249 25 21 så
660 1248 52 22 vidt
727 1248 85 28 nödigt
827 1249 79 19 rättas.

556 1329 26 21 21
600 1330 18 26 8.

275 1368 76 21 Innan
367 1368 143 29 anteckning
525 1368 53 22 sker
593 1376 36 14 om
640 1368 117 29 gradtalet
769 1368 37 21 för
817 1375 28 13 en
856 1367 109 29 egoskilj-

205 1401 114 29 aktighet,
336 1402 136 22 underrätte
487 1403 172 21 landtmätaren
674 1403 30 28 på
719 1402 81 22 stället
814 1402 149 28 sakegarene,

205 1435 62 22 huru
281 1436 94 28 mycket
391 1437 26 21 af
431 1437 77 22 denna
523 1437 116 22 erfordras
653 1438 37 20 för
700 1439 35 19 att
747 1437 9 21 i
766 1436 72 22 värde
849 1439 115 19 motsvara

275 1476 47 23 Lag-
335 1476 30 18 och
377 1476 175 20 ekonomiutskottets
564 1477 110 18 betänkande
686 1477 35 18 N:o
733 1478 17 17 5.
