1092 1698
360 142 22 23 U.
399 142 21 22 B.
438 155 26 3 —
481 142 61 28 Prop.
559 142 34 22 N:o
609 142 22 22 6.
849 144 27 19 33

118 205 60 22 skall
193 205 288 29 förrättningskostnaden
496 205 81 29 gäldas
593 205 26 22 af
636 205 143 29 sakegarene
790 205 87 22 enhvar
894 201 13 37 —
925 211 52 22 Nytt.

118 240 60 21 efter
183 240 45 21 den
236 240 153 22 förvandlade
396 240 107 29 egovidd,
510 247 48 14 som
566 240 39 21 vid
610 240 177 28 förrättningen
793 240 84 21 honom

119 274 118 21 tilldelats.
254 275 46 21 Vid
309 275 143 28 tvängsbyte
463 274 26 21 af
499 281 55 22 egor
565 274 83 29 pröfve
657 274 220 29 förrättningsmän-

119 316 45 13 nen
180 309 45 21 den
240 311 75 26 nytta,
332 309 114 21 hvardera
462 309 128 28 sakegaren
601 316 84 21 genom
697 309 67 28 bytet
775 309 102 28 beredes,

120 343 43 21 och
171 343 70 22 varde
251 339 121 37 kostnaden
384 339 99 37 derefter
493 343 113 22 fördelad.
617 343 146 29 Afsöndring
769 343 108 22 bekostas

119 377 27 21 af
160 377 44 22 den
224 385 48 14 som
292 377 174 29 förrättningen
486 377 87 29 begärt,
591 377 40 22 der
647 378 20 29 ej
684 380 73 19 annat
773 378 103 21 aftalats.

186 411 50 22 Till
252 412 256 28 förrättningskostnad
525 412 110 22 hänföres
648 412 88 29 jemväl
747 412 129 22 kostnaden
885 418 27 17 13?
921 423 16 12 o.
946 419 32 16 132
991 417 28 23 $$.

121 446 36 21 för
172 446 144 22 utverkande
332 447 26 21 af
371 446 159 22 förordnande
546 447 37 21 för
598 447 173 22 landtmätaren
788 447 42 22 och
841 447 36 22 för

121 480 184 29 förrättningens
328 481 170 22 förberedande
522 481 60 22 efter
605 481 62 22 hvad
691 482 8 21 i
723 482 10 21 1
757 482 43 21 och
818 482 13 21 3
849 483 28 26 88

119 517 63 26 sagts
199 517 59 20 samt
273 516 160 28 ersättningen
448 516 25 21 ät
489 516 104 21 användt
608 516 119 29 manskap.

465 567 28 22 26
511 569 20 26 8.

188 607 46 21 Vid
260 607 152 29 förrättnings
438 607 143 22 inställande
606 607 83 29 pröfve
713 607 198 29 förrättnings-s6*
924 619 16 12 o.
953 614 21 16 91
992 612 27 23 88.

122 645 107 24 männen,
253 642 115 21 huruvida
388 642 72 21 sädan
476 642 264 29 förrättningskostnad,
756 649 48 15 som
820 642 56 29 eljes

122 676 70 22 borde
216 677 26 20 af
262 676 141 29 sakegarene
427 677 74 27 bäras,
526 684 54 14 vare
596 677 36 28 sig
647 677 38 21 till
700 677 52 21 hela
768 677 109 28 beloppet

121 711 57 21 eller
193 711 73 21 delvis
282 711 60 21 skall
357 711 81 28 gäldas
454 711 27 21 af
495 711 120 22 sökanden
631 711 85 26 allena;
735 711 42 22 och
793 711 61 22 skall
869 711 8 21 i

121 745 75 22 beslut
212 753 37 14 om
264 745 154 29 förrättnings
436 745 142 22 inställande
595 745 76 22 städse
683 745 159 28 föreskrifvas,
851 745 27 22 af

120 780 69 21 hvem
204 780 130 21 kostnaden
349 780 61 21 skall
424 780 64 28 utgä.

470 832 28 22 27
514 833 18 26 8.

188 872 154 28 Förrättning
358 872 37 21 mä
410 872 52 21 icke
473 875 57 19 utan
541 872 70 28 giltig
622 872 127 29 anledning
761 872 116 28 fördröjas
902 867 14 38 =
928 871 51 23 2$.

123 906 55 21 eller
198 906 143 29 uppskjutas.
373 906 59 22 Sker
451 907 144 27 annorledes,
613 914 42 20 ege
670 910 147 24 guvernören
832 913 46 14 me-

123 940 48 22 dels
194 942 48 20 vite
264 940 100 22 tillhälla
388 941 173 21 landtmätaren
585 943 34 19 att
640 941 43 21 den
700 941 107 28 företaga
823 940 56 22 eller

123 975 116 22 fortsätta.
262 976 71 22 Läter
348 976 48 21 han
411 976 36 28 sig
463 976 68 21 deraf
542 976 50 21 icke
603 977 68 26 rätta,
685 976 38 20 mä
733 978 145 26 guvernören

121 1009 85 22 honom
222 1010 53 22 frän
290 1010 134 28 befattning
440 1010 54 22 med
509 1010 173 28 förrättningen
698 1010 77 28 skilja.

449 1108 14 21 9
478 1108 71 21 KAP.

220 1153 35 22 Om
271 1158 63 23 egors
350 1153 97 28 mätning,
464 1154 111 27 affattning
592 1154 39 22 och
649 1152 134 28 beskrifning.

478 1201 47 26 18.

192 1239 46 22 Vid
252 1240 150 29 jorddelning
420 1240 61 22 skall
500 1243 121 26 upprättas
641 1241 73 27 karta,
729 1239 150 30 upptagande
896 1235 14 39 —
928 1245 52 22 Nytt.

123 1273 45 22 den
188 1273 55 22 eller
261 1274 28 21 de
304 1274 136 29 lägenheter
455 1275 58 21 eller
529 1275 64 21 delar
609 1275 26 21 af
649 1275 93 26 sädana,
759 1274 80 22 hvilka
855 1273 26 22 af

124 1308 173 29 förrättningen
313 1309 99 22 beröras.

192 1342 71 29 Ingår
278 1343 40 21 vid
334 1343 105 29 nyskifte
455 1345 30 27 pä
496 1346 47 19 sätt
553 1344 8 21 i
573 1345 14 20 5
597 1344 53 29 kap.
662 1344 26 20 11
700 1345 13 26 $
724 1345 63 27 sagts
799 1342 82 22 endast
903 1338 13 39 =
930 1349 21 16 84
964 1347 17 23 8.

123 1376 77 29 någon
216 1377 38 21 del
269 1377 26 22 af
308 1378 122 28 lägenhets
446 1385 56 21 egor
515 1379 8 20 i
534 1378 181 28 förrättningen,
726 1378 59 21 skall
794 1376 87 30 jemvä!

124 1410 44 21 den
185 1411 37 21 del
238 1412 27 20 af
278 1419 92 21 egorna,
386 1419 49 14 som
451 1413 55 21 frän
522 1413 83 21 skiftet
619 1413 135 27 utelemnas,
766 1414 115 26 upptagas

123 1445 9 20 i
147 1445 91 22 kartan.

194 1485 48 23 Lag-
254 1486 30 18 och
296 1486 176 19 ekonomiutskottets
484 1487 111 19 betänkande
607 1487 36 19 N:o
655 1488 16 17 5.
802 1488 9 15 3
