1098 1745
242 153 30 20 42
471 153 27 22 U.
515 153 27 21 B.
562 165 22 2 —
602 153 75 27 Prop.
694 153 41 21 N:o
751 152 20 21 1.

242 223 103 30 ordning
375 231 48 14 som
453 224 83 21 besvär
567 225 64 21 öfver
661 223 257 29 landtdagsmannaval.
955 223 46 22 För

243 257 134 23 ändamålet
400 258 42 23 har
468 258 39 21 det
534 259 45 21 ock
606 259 119 21 befunnits
751 257 85 30 nödigt
857 260 35 19 att
910 259 8 20 i
939 258 28 21 12
987 258 13 26 $

242 293 92 29 stadga,
352 293 41 21 det
422 293 165 29 magistratens
617 293 180 29 ifrågavarande
830 293 75 21 beslut
939 291 61 23 skall

241 327 140 28 offentligen
400 328 123 21 afkunnas.

312 361 12 22 I
348 361 40 22 det
410 362 102 29 följande
536 363 127 21 momentet
687 362 24 21 af
737 362 28 21 12
786 363 13 25 &
821 361 67 28 ingår
910 361 44 22 ock
971 368 29 14 en

242 396 102 29 ändring
363 397 23 20 af
404 397 76 28 saklig
498 396 127 29 betydelse.
661 397 47 21 För
725 395 147 23 närvarande
891 396 108 21 förrättas

243 430 121 22 städernas
391 431 250 28 landtdagsmannaval
669 431 68 21 alltid
755 430 63 22 inför
841 431 158 27 magistraten.

243 462 35 24 Är
296 464 80 22 staden
404 465 94 22 indelad
516 466 8 20 i
542 465 55 22 flere
621 465 136 27 valkretsar,
782 464 43 22 har
843 464 156 28 grundsatsen

243 502 36 19 att
297 500 151 28 magistraten
472 504 25 18 är
517 500 160 22 valförrättare
700 499 177 29 upprätthållits
895 498 104 27 sålunda,

244 536 36 19 att
298 534 140 22 åtminstone
456 535 74 21 såsom
549 534 138 22 ordförande
698 535 8 21 i
715 533 141 23 valnämden
869 534 35 21 för
919 533 80 28 hvarje

244 568 103 22 valkrets
374 569 114 28 tjänstgör
506 577 28 13 en
553 568 244 29 magistratsledamot.
834 568 165 28 Affattningen

244 603 24 21 af
286 602 44 22 den
354 603 86 29 nådiga
467 604 176 28 propositionen
666 604 76 28 gifver
768 602 41 22 vid
827 602 93 22 handen
939 605 35 19 att
992 602 7 20 i

244 638 84 29 städer,
356 638 42 21 där
424 638 53 22 flere
501 638 153 22 valnämnder
672 638 122 27 erfordras,
814 637 27 21 de
860 637 66 21 skola
943 644 56 14 vara

244 672 126 22 fristående
388 673 52 21 från
458 673 153 29 magistraten
629 673 8 21 i
656 672 77 29 öfrigt,
752 675 64 19 utom
836 674 35 19 att
880 672 119 28 magistra-

243 711 40 17 ten
310 706 76 22 skulle
403 710 51 18 utse
472 707 58 21 dem.
567 707 97 22 Antalet
691 706 136 23 valnämder
853 706 76 22 blefve
956 706 44 21 ock

243 741 112 21 särskildt
373 742 8 20 i
398 742 146 28 Helsingfors
573 742 24 21 så
625 745 60 18 stort
703 744 34 19 att
755 742 165 28 magistratens
938 740 62 22 leda-

244 778 74 19 möter
335 776 52 21 icke
406 776 74 22 skulle
498 776 71 22 räcka
587 776 37 22 till
643 776 35 22 för
687 776 52 22 dem
753 776 52 22 alla.
833 775 86 21 Vidare
931 776 68 20 fram-

243 810 43 28 går
305 810 23 21 af
345 810 183 29 propositionens
556 810 88 29 lydelse
673 813 35 19 att
734 809 167 23 valnämderna
929 809 70 22 borde

240 845 174 21 sammanträda
431 845 61 21 inom
512 845 28 21 de
558 845 77 21 skilda
653 844 173 23 valområdena.
852 845 45 21 För
907 844 28 22 de
951 844 48 21 val-

241 878 147 29 berättigade
407 879 7 21 i
432 879 77 22 städer
536 879 52 22 med
618 883 72 18 större
718 879 165 28 utsträckning
909 885 89 14 vunnes

241 913 136 28 härigenom
396 921 28 14 en
444 913 137 29 obestridlig
602 913 81 22 fördel.
720 914 87 21 Likväl
825 921 68 21 synes
911 913 88 28 svårig-

241 947 69 22 heten
340 950 34 19 att
399 949 64 21 inom
487 948 80 29 hvarje
591 948 133 22 valområde
748 948 65 22 finna
837 948 96 28 lämplig
952 947 47 22 val-

242 982 63 21 lokal
323 983 109 21 stundom
451 983 79 21 kunna
548 983 85 21 bereda
651 983 132 28 olägenhet.
819 983 32 21 Af
869 981 72 22 sådan
961 989 38 14 an-

241 1015 97 30 ledning
366 1017 42 22 har
435 1017 75 22 denna
537 1017 76 29 punkt
641 1017 166 29 omredigerats
835 1017 24 21 så
885 1019 34 19 att
937 1015 70 23 valet:

241 1051 52 21 icke
313 1051 163 28 ovillkorligen
496 1051 99 22 behöfde
614 1052 105 28 försiggå
736 1052 64 21 inom
819 1050 150 23 valområdet.

309 1186 85 28 Enligt
408 1186 267 29 Landtdagsordningen
691 1187 48 21 står
754 1187 40 21 det
806 1186 37 22 för
856 1185 144 22 närvarande

239 1220 122 21 städernas
383 1220 184 28 valberättigade
589 1221 110 21 invånare
720 1221 52 21 fritt
793 1224 35 18 att
844 1220 105 28 begagna
964 1220 37 28 sig

240 1253 27 21 af
282 1254 143 21 omedelbart
440 1255 86 21 valsätt
536 1255 56 21 eller
603 1255 37 21 val
653 1262 84 22 genom
749 1255 120 21 elektorer.
891 1254 54 21 Med
956 1254 44 21 den

240 1291 74 18 större
329 1288 111 29 politiska
457 1288 141 30 lifaktighet,
615 1296 48 15 som
679 1290 28 20 de
724 1297 63 14 mera
802 1289 138 21 utvecklade
956 1288 45 22 för-

240 1322 142 22 hållandena
403 1323 8 20 i
432 1323 108 21 städerna
561 1323 50 22 föra
630 1323 52 22 med
697 1324 42 28 sig,
755 1324 44 21 har
815 1323 40 22 det
870 1323 131 21 medelbara

240 1357 112 21 valsättet
374 1357 8 21 i
405 1357 51 22 dem
478 1358 141 28 längesedan
640 1358 101 29 upphört
763 1361 36 18 att
817 1365 42 21 ega
876 1357 124 28 betydelse.

241 1391 52 22 Den
313 1391 86 28 nådiga
420 1392 173 28 propositionen
616 1392 42 21 har
679 1392 69 22 äfven
770 1392 53 21 med
839 1391 50 22 skäl
905 1399 27 13 ur
949 1392 24 20 12
990 1392 11 27 $

242 1425 114 22 atlämnat
372 1425 44 22 den
431 1426 81 28 punkt,
528 1426 67 21 hvari
611 1426 58 21 talas
685 1434 36 13 om
735 1427 40 21 val
785 1433 85 22 genom
881 1425 120 27 elektorer,

241 1466 54 14 men
314 1463 56 18 enär
389 1459 176 30 bestämningen
582 1467 36 15 om
635 1463 34 18 att
684 1461 63 21 valet
762 1460 54 21 sker
829 1461 31 26 på
875 1461 44 20 sätt
935 1460 43 21 och
994 1460 8 20 i

312 1505 199 23 Grundlagsutskottets
524 1506 111 18 betänkande
648 1508 37 16 N:o
697 1508 15 16 1.
