1095 1750
248 148 27 19 24
460 148 21 22 U.
499 148 22 22 B.
540 161 23 3 —
581 148 60 28 Prop.
658 148 35 23 N:o
710 149 21 22 6.

219 209 104 28 uppskof
336 210 23 21 åt
374 210 156 29 stridigheter,
547 211 37 21 för
600 214 34 18 att
649 212 8 20 i
672 212 75 21 sinom
762 212 36 21 tid
809 214 98 19 ersättas
920 212 52 21 med

220 250 28 14 en
264 251 32 20 ny
311 243 95 30 delning
417 245 26 20 af
451 252 86 14 samma
549 248 42 19 art.
615 245 55 22 Men
680 246 78 28 någon
768 245 118 30 förnuftig
897 246 75 29 grund

219 279 35 19 att
276 277 119 29 medgifva
417 279 106 28 delegare
546 279 142 28 befogenhet
708 282 34 19 att
762 281 29 27 på
811 280 94 21 anfördt
926 282 47 20 sätt

219 311 75 22 rubba
309 319 28 14 en
354 312 124 29 behörigen
494 313 146 22 tillkommen
655 314 172 29 sämjodelning
837 315 74 20 finnes
921 315 51 21 icke

219 345 25 22 så
262 346 69 29 länge
349 347 39 21 det
407 348 49 21 står
473 347 108 29 delegare
600 351 70 26 öppet
688 351 35 19 att
738 349 86 28 begära
839 349 133 28 klyfnings-

219 379 71 22 skifte
305 381 42 21 och
360 381 97 22 sålunda
469 382 146 29 undanrödja
626 390 28 14 en
665 383 74 28 enligt
749 383 59 21 hans
819 383 153 22 förmenande

220 414 83 29 obillig
325 415 141 30 fördelning.
496 417 110 21 Däremot
627 417 61 21 talar
708 419 48 20 mot
776 425 28 14 en
823 418 66 28 dylik
908 418 66 21 befo-

220 449 87 28 genhet
325 450 67 21 faran
410 451 37 21 för
466 451 116 22 missbruk
601 451 26 22 af
644 452 139 28 densamma,
803 453 8 20 i
829 455 28 26 ty
875 455 34 18 att
926 452 47 21 del-

221 491 68 21 egare
309 484 77 22 kunde
406 486 73 21 rubba
499 486 145 28 sämjoskifte
660 487 81 21 endast
756 487 9 21 i
783 487 74 21 afsikt
875 489 34 19 att
927 487 45 21 till-

220 517 119 30 godogöra
357 519 36 29 sig
411 520 61 21 hvad
491 528 77 13 annan
588 521 106 28 delegare
710 521 14 21 å
739 521 41 22 det
797 521 85 22 honom
897 521 77 22 tillde-

220 552 53 21 lade
289 554 103 21 området
407 555 96 28 nedlagt
518 555 43 21 och
576 558 85 26 sparat.

290 589 35 21 En
344 589 59 28 följd
422 590 26 20 af
464 590 168 28 sämjoskiftets
650 592 70 20 natur
740 592 35 20 att
794 591 82 21 endast
895 590 80 22 kunna

221 622 83 22 häfvas
319 630 83 21 genom
418 624 195 28 klyfningsskifte
628 628 26 18 är
669 627 35 19 att
714 625 28 21 de
752 632 84 21 genom
848 625 128 21 detsamma

221 657 102 28 skapade
341 657 319 30 besittningsförhållandena
672 659 73 21 måste
756 659 97 21 beaktas
863 659 40 21 vid
913 659 62 28 klyf-

221 692 148 28 ningsskifte.
403 693 69 21 Detta
496 696 43 25 gör
564 693 129 22 emellertid
718 693 51 22 icke
792 693 182 28 propositionen,

222 726 69 21 hvars
306 726 128 29 lagförslag
448 727 8 21 i
471 727 68 28 fråga
554 735 37 13 om
606 727 111 30 klyfning
732 727 44 22 alls
789 728 52 21 icke
851 727 123 29 uppmärk-

221 768 100 14 sammar
337 761 39 21 det
391 761 152 28 förhållande,
561 764 35 19 att
610 762 116 28 lägenhet,
741 769 50 14 som
803 762 60 21 skall
873 762 100 28 klyfvas,

221 799 26 17 är
262 803 83 20 genom
361 796 144 28 sämjoskifte
521 796 68 21 delad
603 796 86 21 mellan
704 797 187 20 intressenterna.
919 796 53 21 Men

222 830 135 29 därigenom
379 830 102 21 kommer
501 830 112 29 förslaget
632 831 44 21 ock
695 833 35 19 att
749 830 120 22 innehålla
889 831 86 21 sådana

222 865 113 20 orättvisa
349 864 180 29 bestämningar,
549 872 48 14 som
613 865 50 27 den,
680 865 97 22 hvilken
792 865 103 21 indirekt
906 865 68 28 följer

222 899 26 20 af
266 899 28 21 72
309 901 18 25 8,
344 899 124 28 nämligen,
487 901 34 20 att
541 899 40 22 vid
596 899 111 29 klyfning
722 899 26 22 af
762 899 165 28 sämjoskiftad
943 899 33 21 lä-

221 933 87 28 genhet
332 933 108 28 delegare
462 934 49 21 icke
535 933 141 22 tillkommer
698 934 132 28 ersättning
853 934 41 27 för,
919 936 55 19 utan

221 968 74 21 måste
313 969 57 20 utan
389 968 110 28 vederlag
517 968 92 21 afträda
624 968 83 28 sparad
722 969 65 27 skog,
804 975 48 15 som
867 968 108 21 tillfaller

222 1002 74 21 andra
306 1002 113 29 delegare,
430 1003 83 20 medan
523 1003 47 20 han
581 1002 56 29 själf
644 1003 36 20 får
688 1003 136 28 kalhuggen
832 1002 143 29 skogsmark.

291 1037 53 21 Men
363 1044 36 14 om
415 1037 114 21 utskottet
544 1037 98 21 sålunda
656 1037 9 21 i
680 1037 128 21 allmänhet
825 1037 106 28 godkänt
946 1037 29 21 de

221 1071 8 20 i
249 1071 187 28 propositionens
454 1071 129 28 lagförslag
602 1071 115 28 ingående
734 1071 105 28 grunder
858 1071 43 21 och
921 1071 28 21 de
967 1071 9 20 i

222 1104 240 22 öfverensstämmelse
476 1105 96 21 härmed
586 1105 113 29 vidtagna
709 1105 128 28 ändringar
847 1105 9 21 i
865 1104 109 30 gällande

222 1139 145 28 stadganden
385 1139 120 29 angående
523 1139 77 27 skifte,
617 1140 41 21 har
672 1140 117 20 utskottet
804 1139 105 21 däremot
923 1140 51 20 icke

222 1173 90 22 kunnat
327 1173 57 29 gilla
398 1173 165 29 lagförslagets
579 1174 149 29 omfattning,
744 1174 53 21 dess
807 1174 168 28 uppställning,

222 1208 40 21 det
276 1211 53 25 sätt,
345 1208 89 29 hvarpå
450 1209 27 20 de
492 1208 106 22 enskilda
613 1209 168 28 paragraferna
791 1208 112 27 affattats,
915 1211 61 18 samt

221 1243 46 21 den
282 1243 154 28 terminologi,
454 1250 47 14 som
517 1243 8 20 i
538 1243 112 28 förslaget
660 1243 99 21 kommit
770 1243 37 20 till
817 1242 160 29 användning.

290 1277 33 21 På
345 1279 47 19 sätt
414 1277 103 28 framgår
539 1277 26 21 af
586 1277 152 28 lagförslaget
756 1277 43 21 har
817 1277 8 21 i
846 1277 127 21 detsamma

221 1312 55 21 från
291 1312 168 28 förordningen
473 1312 46 21 den
535 1312 26 21 12
573 1311 53 29 juni
642 1312 56 21 1895
712 1311 121 29 angående
844 1311 96 29 delning
950 1311 27 21 af

219 1346 191 29 jordlägenheter
429 1347 30 28 på
476 1346 80 21 landet
575 1346 98 28 intagits
692 1353 28 14 en
738 1345 39 22 del
793 1345 181 29 bestämningar,

221 1381 86 21 medan
321 1381 50 21 åter
387 1381 73 21 andra
474 1381 146 28 stadganden
635 1381 8 20 i
658 1388 88 23 samma
762 1380 143 28 författning
921 1381 55 20 lem-

221 1417 52 20 nats
292 1415 26 22 af
336 1415 114 29 förslaget
467 1415 117 22 oberörda.
615 1415 116 22 Särskildt
746 1415 73 21 hafva
835 1415 139 21 utelemnats

221 1449 160 29 stadgandena
406 1449 120 29 angående
551 1449 106 22 vilkoren
682 1450 38 21 för
744 1449 186 22 verkställandet
952 1449 27 22 af

290 1489 51 23 Lag-
354 1489 34 18 och
401 1489 182 18 ekonomiutskottets
596 1490 115 18 betänkande
723 1489 39 19 N:o
776 1490 17 17 5.
