1092 1698
114 215 22 16 40
148 213 16 23 8.

69 489 29 17 78!
110 489 16 17 &
139 489 29 17 79
176 489 28 23 85.

81 961 21 16 10
114 960 11 22 8
137 961 22 17 95
172 961 20 17 F.

77 990 21 16 68
107 988 16 18 &
132 990 33 16 144
173 988 29 23 88.

77 1246 21 17 80
107 1245 15 17 &
132 1247 32 16 144
172 1246 29 22 $$.

106 1417 52 22 Nytt.

215 147 24 19 18
455 145 22 23 U.
494 145 22 22 B.
531 159 29 2 —
575 145 61 28 Prop.
653 145 34 23 N:o
704 145 21 22 6.

283 208 148 22 Guvernören
446 209 7 21 i
468 209 62 21 länet
544 209 70 21 hafve
628 209 71 21 likväl
713 208 64 22 makt
787 210 39 24 att,
838 208 40 21 der
888 208 81 28 längre

212 242 33 21 tid
270 242 98 21 förutses
387 243 91 22 komma
502 245 33 19 att
560 245 54 26 ätgä
638 243 59 21 intill
719 243 50 21 dess
793 242 68 22 skifte
884 242 81 21 hinner

211 275 94 22 afslutas
324 277 54 20 eller
396 277 110 22 särskilda
521 277 193 28 omständigheter
729 277 54 28 eljes
799 277 76 21 dertill
890 276 76 22 föran-

211 310 57 26 leda,
288 313 29 26 pä
336 311 120 28 sakegares
474 311 106 22 anhällan
599 311 103 22 meddela
719 311 118 22 föreskrift
852 310 113 22 huruvida

212 345 44 22 och
270 345 72 22 under
357 345 77 22 hvilka
450 346 157 29 betryggande
617 346 74 22 vilkor
702 346 87 28 skogen
799 347 37 20 mä
846 345 35 21 till
891 345 74 21 afsalu

212 379 122 28 begagnas.

567 444 48 28 28.

281 483 44 21 Vid
341 483 113 29 äfventyr,
470 491 48 15 som
533 484 38 28 lag
587 484 91 28 stadgar
693 484 36 22 för
744 482 188 23 öfverskridande
943 481 28 22 af

211 520 45 19 rätt
271 518 8 21 i
294 518 96 22 samfäld
405 519 64 28 skog,
485 520 36 20 mä
535 518 39 22 vid
585 518 74 26 skifte,
675 519 3 21 i
689 518 45 22 den
744 520 53 19 män
808 517 159 29 uppskattnin-

211 559 45 21 gen
272 552 26 22 af
310 553 154 28 ständskogen
478 553 111 22 förklaras
603 553 104 25 afslutad,
719 553 87 27 skogen
817 554 13 19 ä
841 551 124 23 skifteslott

210 586 62 22 inom
295 586 38 22 det
355 588 152 28 uppskattade
530 587 101 22 omrädet
650 587 115 29 begagnas
781 586 80 22 endast
876 586 22 21 af
915 585 52 26 den,

210 620 95 22 hvilken
320 621 152 22 skifteslotten
487 622 100 21 tillfallit.

280 655 47 21 Har
349 655 52 22 hela
423 656 45 22 den
486 656 139 28 skogsmark,
645 663 48 15 som
711 655 108 29 lägenhet
833 654 132 25 tillskiftats,

210 689 123 29 undergätt
354 690 172 28 uppskattning,
549 692 37 20 mä
606 698 67 20 egare
693 690 38 22 vid
752 696 85 14 samma
858 688 109 28 äfventyr

210 723 51 21 icke
272 724 70 21 heller
351 726 54 26 taga
416 725 138 28 skogsalster
565 724 146 22 annorstädes
723 727 28 18 än
761 724 62 21 inom
834 723 35 21 sin
877 722 88 22 skiftes-

210 757 53 27 lott;
286 765 51 15 men
359 758 8 21 i
390 761 69 19 annat
484 759 41 21 fall
546 766 54 14 vare
623 759 43 21 den
688 761 51 23 rätt,
763 758 84 22 honom
870 758 97 28 tidigare

210 791 137 27 tillkommit,
370 793 84 21 honom
476 794 50 21 icke
552 793 104 28 betagen,
679 794 40 20 der
740 792 51 22 icke
813 792 40 22 vid
875 792 91 22 förrätt-

210 826 86 29 ningen
312 827 72 28 enligt
400 830 26 19 10
441 828 51 29 kap.
509 830 27 19 52
547 828 14 29 $
577 828 140 21 annorlunda
733 827 140 22 bestämmes.

565 913 49 29 38.

279 953 44 21 Vid
344 952 147 30 jorddelning
513 955 36 20 mä
567 953 20 29 ej
603 953 108 29 lägenhet
726 955 13 19 ä
754 960 75 14 annan
845 952 121 28 lägenhets

210 988 92 20 omräde
317 987 137 22 förbehällas
469 995 75 14 annan
559 990 44 19 rätt
619 990 28 19 än
662 988 35 21 till
711 990 52 25 väg,
779 987 87 25 fädrift,
877 989 89 19 vatten-

210 1021 72 26 ställe,
297 1024 91 19 vattens
404 1022 97 21 ledande
516 1022 54 21 eller
585 1022 189 28 uppdämmande,
791 1021 98 29 båtplats
905 1024 59 18 samt

209 1055 37 22 för
261 1056 57 21 fiske
332 1056 71 28 nödig
418 1056 70 21 mark.

279 1090 67 21 Hvad
369 1097 37 14 om
427 1090 108 28 lägenhet
557 1090 41 22 här
617 1090 70 22 ofvan
702 1092 58 20 samt
775 1090 8 20 i
797 1091 20 24 4,
835 1092 26 18 12
878 1089 43 22 och
938 1091 28 19 13

209 1124 29 28 88
255 1126 51 26 sägs
322 1124 72 28 gäller
409 1124 69 22 äfven
492 1124 92 28 parcell.

563 1200 14 19 4
593 1198 20 29 8.

278 1238 46 21 För
346 1238 132 28 ersättning,
501 1245 48 15 som
570 1238 39 21 vid
625 1238 68 21 skifte
709 1238 54 21 eller
778 1238 99 28 egobyte
893 1238 71 28 enligt

210 1274 26 18 10
260 1272 51 28 kap.
333 1272 109 28 lägenhet
462 1272 93 28 päförts,
578 1280 53 14 vare
654 1272 73 21 denna
751 1272 60 25 eller,
827 1279 37 14 om
880 1272 44 21 den
940 1275 27 18 är

208 1306 27 21 af
247 1306 147 26 krononatur,
410 1306 210 29 besittningsrätten
634 1306 35 22 till
683 1306 137 28 lägenheten
830 1306 138 28 underpant,.

208 1340 40 22 der
272 1340 155 29 ersättningen
450 1340 20 29 ej
493 1342 94 20 utestätt
605 1341 78 28 längre
699 1341 33 21 tid
749 1343 28 19 än
793 1341 7 21 i
813 1340 152 29 jordabalken

208 1382 38 14 om
261 1375 78 28 utlaga
354 1377 58 25 sägs.

277 1409 51 28 Lag
342 1415 86 14 samma
444 1416 51 14 vare
510 1416 37 14 om
561 1409 97 22 kostnad
673 1409 36 22 för
724 1409 243 22 landtmäteriförrätt-

207 1443 64 28 ning,
288 1450 47 14 som
352 1443 75 21 blifvit
442 1445 29 26 pä
486 1443 136 28 lägenheten
636 1443 110 21 fördelad.

277 1483 47 22 Lag-
336 1483 32 17 och
379 1483 174 18 ekonomiutskottets
565 1483 110 18 betänkande
687 1483 35 18 N:o
734 1484 17 17 5.
