1098 1742
313 167 30 22 U.
359 166 28 22 B.
404 179 27 3 —
447 166 72 29 Prop.
537 166 44 22 N:o
597 167 21 21 1.
826 166 27 22 35

97 238 86 21 ökades
210 238 44 22 och
281 240 35 20 att
343 246 29 14 en
397 238 56 22 eller
472 246 76 14 annan
567 246 76 21 grupp
662 238 23 22 af
704 238 149 28 medborgare

96 272 53 22 med
174 272 134 22 akademisk
335 272 107 29 bildning
466 273 91 28 intoges
580 273 8 21 i
607 272 99 22 ståndet.
742 272 12 22 I
772 272 40 22 det
830 272 23 22 af

98 306 102 22 Senaten
218 308 30 27 på
266 307 77 29 grund
363 306 23 22 af
405 306 142 22 Ständernas
566 307 100 29 petition
678 308 26 20 år
719 306 65 23 1900
796 314 58 22 upp-

97 340 85 30 gjorda
205 342 270 28 propositionsförslaget
492 341 119 22 uttalades
630 344 42 25 att,
690 345 56 18 enär
763 341 91 22 Bonde-

98 375 94 22 ståndet
218 376 8 21 i
253 376 51 21 dess
331 376 133 28 föreslagna
489 376 129 28 utvidgade
645 376 210 28 sammansättning

98 410 90 22 komme
212 412 35 20 att
271 410 74 22 blifva
362 418 29 14 en
409 410 183 29 representation
612 410 35 22 för
665 410 189 30 landsbyggdens

98 444 138 29 befolkning
260 444 163 28 öfverhufvud,
441 445 30 28 på
494 452 88 14 samma
606 447 47 19 sätt
676 452 48 14 som
742 445 113 29 Borgare-

99 478 93 22 ståndet
215 479 133 22 företrädde
373 479 240 29 stadsbefolkningen,
635 479 43 22 och
703 479 28 22 de
755 486 101 22 grupper

100 514 24 21 af
147 513 156 29 medborgare,
322 521 35 14 om
380 513 91 22 hvilkas
490 514 145 22 inordnande
654 514 7 22 i
679 514 177 22 Prästeståndet

98 548 68 29 fråga
190 548 42 22 hos
257 548 132 22 Ständerna
413 548 118 28 förevarit,
549 548 99 22 sålunda
667 548 74 22 skulle
761 548 94 22 beredas

100 583 245 29 representationsrätt
369 582 40 22 vid
428 582 150 29 landtdagen,
598 583 128 28 anledning
746 586 34 18 att
798 583 58 21 före-

100 617 34 21 slå
152 618 78 28 någon
248 617 143 29 utvidgning
409 617 24 21 af
444 617 188 22 Prästeståndets
646 617 210 27 sammansättning

100 652 21 28 ej
139 651 81 23 vidare
238 652 139 22 förefunnes.

168 686 165 29 Ifrågakomna
359 686 132 28 anordning
517 686 43 22 har
582 686 123 22 Utskottet
727 686 59 22 dock
804 686 52 21 icke

100 721 92 21 kunnat
211 721 108 21 betrakta
338 721 74 21 såsom
431 728 28 14 en
478 721 94 28 lösning
590 721 24 21 af
632 720 82 28 frågan
733 728 35 14 om
786 720 70 22 refor-

100 754 121 22 merandet
253 755 23 21 af
307 755 183 22 Prästeständet.
535 755 135 21 Bibehålles
697 754 65 23 detta
788 754 68 22 stånd

101 789 99 22 likasom
226 790 43 21 ock
296 789 172 29 Ridderskapet
492 789 43 22 och
553 789 77 22 Adeln
649 790 75 21 såsom
742 788 114 23 särskilda

102 824 65 21 delar
194 824 23 22 af
244 824 149 28 landtdagen,
413 824 115 22 erfordras
552 824 52 21 med
628 824 176 29 nödvändighet
828 831 29 13 en

102 858 83 21 reform
204 858 24 21 af
245 858 116 22 desamma
379 859 8 20 i
405 858 45 21 den
468 859 108 28 riktning
595 861 35 19 att
648 858 66 21 dessa
732 858 67 22 stånd
811 858 46 21 till-

103 895 176 26 sammantagna
303 893 78 21 kunde
409 895 86 26 antaga
521 893 141 21 karaktären
690 893 22 21 af
740 901 27 13 en
786 893 72 21 första

103 927 124 22 kammare.
263 927 11 21 I
300 927 83 22 sådant
407 927 60 29 syfte
489 927 42 22 har
549 928 62 21 inom
630 927 122 22 Utskottet
768 927 90 28 yrkats,

104 964 34 19 att
163 961 144 22 läroståndet
335 962 75 21 blefve
438 961 178 29 fullständigare
644 966 29 17 än
698 961 61 22 hvad
782 969 32 14 nu
833 965 26 17 är

104 996 67 21 fallet
188 996 186 28 representeradt
392 997 8 20 i
418 996 183 27 Prästeståndet,
614 1004 82 21 genom
716 999 34 18 att
767 995 93 22 univer-

104 1030 148 28 sitetslärare,
270 1031 81 21 hvilka
378 1032 75 20 såsom
478 1031 90 21 emeriti
596 1031 75 28 afgätt
698 1038 27 14 ur
749 1031 109 28 tjänsten,

104 1064 142 22 fortfarande
276 1065 75 22 skulle
381 1065 96 22 tillhöra
506 1065 174 22 universitetets
704 1065 154 26 valmanskär,

104 1102 60 19 samt
182 1101 35 19 att
235 1100 184 27 seminariernas,
437 1099 171 29 Polytekniska
626 1100 129 21 institutets
774 1099 43 22 och
830 1098 28 22 de

104 1133 70 29 högre
196 1133 176 23 fackskolornas
394 1135 75 20 lärare
494 1134 118 21 äfvensom
631 1134 175 29 inspektorerne
824 1133 36 22 för

104 1168 160 22 folkskolorna
282 1168 62 29 finge
362 1169 87 21 valrätt
461 1169 38 21 till
512 1169 99 21 ständet.
639 1169 86 21 Vidare
738 1169 41 21 har
791 1169 69 20 fram-

104 1202 86 28 hällits,
209 1205 35 19 att
268 1203 91 22 landets
383 1203 160 28 legitimerade
567 1203 80 22 läkare
671 1204 74 21 säsom
764 1203 96 21 företrä-

105 1237 75 21 dande
200 1237 44 21 den
263 1237 65 22 lärda
347 1237 138 28 bildningen
504 1237 138 29 lämpligare
654 1240 80 26 syntes
747 1238 55 21 böra
816 1240 44 25 äga

105 1272 244 28 representationsrätt
368 1273 7 20 i
395 1272 39 21 det
453 1271 73 22 andra
544 1272 94 21 ständet
657 1276 29 17 än
704 1272 8 21 i
731 1272 39 21 det
786 1271 74 28 tredje

106 1306 55 21 eller
186 1305 80 29 fjärde.
302 1307 55 21 Men
381 1306 66 22 säväl
467 1306 120 29 angäende
606 1306 254 28 ändamälsenligheten

105 1340 67 22 häraf
196 1347 48 14 som
263 1341 23 21 af
304 1343 35 19 ett
357 1341 112 21 likaledes
488 1341 134 21 framstäldt
639 1341 87 28 förslag
746 1344 34 18 att
798 1340 63 21 stän-

106 1375 38 21 det
172 1375 71 21 borde
272 1375 127 22 förstärkas
424 1375 87 29 jämväl
535 1375 52 22 med
612 1378 185 25 representanter
824 1373 37 22 för

104 1409 144 21 hofrätterne
272 1410 43 21 och
337 1409 185 22 underdomarne
541 1411 30 27 pä
589 1409 87 28 landet,
695 1410 61 21 hälst
774 1408 87 22 hofrät-

105 1446 65 19 terne
195 1443 67 22 äfven
290 1451 31 14 nu
349 1448 39 17 äro
410 1444 148 28 berättigade
576 1446 36 19 att
630 1443 72 22 sända
720 1443 85 22 ombud
823 1442 38 21 till

104 1477 176 28 kyrkomötena,
300 1478 71 22 hafva
395 1479 152 27 meningarna
570 1479 63 21 inom
656 1479 122 21 Utskottet
800 1477 62 22 varit

175 1520 218 23 Grundlagsutskottets
407 1521 121 18 betänkande
541 1522 40 17 N:o
594 1522 14 16 1.
