1092 1720
87 358 65 23 Enligt
163 359 52 18 1883

102 387 32 17 års
147 387 22 18 RE.
179 388 21 17 F.

83 563 41 19 Rätt
136 565 25 18 att
172 565 43 22 taga

90 593 121 23 väglagnings-

124 621 55 19 ämne.

82 649 42 18 Pnl.
132 651 36 18 äld.
175 653 44 16 rätt.

96 942 42 18 Enl.
151 943 52 17 1883

97 971 33 17 års
142 971 22 18 K.
178 972 21 17 F.

94 1285 43 17 Enl.
150 1286 53 17 1898

78 1313 33 17 års
125 1314 57 22 Expr.
193 1314 22 18 1.

228 155 13 20 8
459 156 29 22 U.
505 157 28 20 B.
549 168 28 3 —
592 157 75 27 Prop.
682 157 44 22 N:o
742 158 22 20 5.

228 222 13 28 $
258 223 23 20 1:
308 223 60 26 »den,
390 231 45 14 som
458 225 82 27 nödgas
562 225 57 21 afstä
634 226 61 27 hage,
711 226 60 28 skog,
786 226 52 20 eller
853 226 84 21 utmark
954 226 33 22 till

229 257 121 21 inrättande
373 258 23 21 af
410 258 76 22 allmän
503 259 111 27 landsväg,
638 260 38 21 bör
691 260 80 22 erhälla
787 260 118 28 ersättning
921 260 64 21 äfven

229 290 35 21 för
274 291 67 21 sädan
357 293 79 26 mark»,
452 301 48 13 men
516 294 48 21 icke
580 294 61 21 desto
653 294 81 22 mindre
752 294 99 29 uppstod,
861 294 66 21 sedan
943 294 44 21 för-

228 324 119 29 ordningen
364 331 113 22 emanerat,
492 328 80 21 tvekan
596 336 34 13 om
649 329 139 28 paragrafens
804 330 55 19 rätta
875 328 111 21 innebörd.

227 358 67 22 Mom.
310 361 13 20 2
339 360 22 22 af
377 361 10 27 $
403 363 11 19 7
431 362 30 20 uti
479 363 54 20 1883
550 363 33 20 ärs
599 362 128 28 förordning
737 362 118 22 innehäller
866 362 118 22 emellertid

227 394 130 28 uttryckliga
373 396 133 27 stadganden
528 396 128 22 därutinnan
672 397 23 21 af
710 397 93 21 innehåll
819 399 32 19 att
866 404 63 20 egare
945 397 40 21 och

227 428 178 28 innehafvare'af
419 430 46 28 jord
483 432 23 19 är
521 431 77 28 pliktig
613 431 89 28 upplåta
718 432 59 21 mark
793 431 32 21 till
845 431 76 20 allmän
937 432 48 26 väg,

227 469 48 14 men
292 464 71 27 njuter
378 466 118 27 ersättning
512 465 66 28 enligt
594 465 26 21 de
635 466 94 27 grunder
745 467 5 20 i
767 466 60 27 Kejs.
843 465 104 21 Förordn.
963 465 22 21 af

227 496 41 21 den
286 498 26 20 12
328 498 45 21 dec.
391 500 54 20 1864
462 499 104 28 stadgade
582 502 44 19 äro.
656 501 78 20 Denna
750 502 119 26 ersättning
884 500 38 21 bör
933 500 51 27 utgä

227 531 23 21 af
265 531 96 27 Kronan,
377 535 38 19 när
431 535 68 26 vägen
514 536 24 19 är
553 537 31 18 att
600 534 70 21 säsom
687 535 104 27 landsväg
806 541 69 14 anses.

296 566 171 23 Vidkommande
482 569 54 20 huru
552 570 152 27 väglagsämne
726 569 69 21 skuile
810 568 99 23 erhäiias,
925 569 59 21 stad-

227 600 55 27 gade
303 603 12 25 $
333 602 24 20 17
375 601 47 29 kap.
438 604 26 19 25
481 603 24 20 B.
521 603 25 21 B.
563 605 54 20 1734
636 603 34 21 års
686 604 44 27 lag:
756 603 54 21 »Till
828 603 104 27 landsväg
949 603 34 20 mä

227 634 53 21 sand
303 635 41 21 och
367 637 28 20 ris
418 640 65 25 tagas,
500 637 37 21 där
552 638 36 21 det
604 639 94 20 närmast
713 638 73 25 finnes,
801 637 41 22 och
858 637 23 21 af
896 637 87 21 allmän-

227 669 52 28 ning
295 670 60 21 virke
370 678 45 13 som
432 671 80 22 tarfvas
528 672 41 21 och
578 672 93 21 utmärkt
682 672 94 21 varder.»
795 672 9 21 I
814 672 81 27 Kongl.
906 671 73 22 Brefv.

226 703 23 20 af
265 703 40 22 den
323 705 26 20 25
366 713 47 14 nov.
431 707 52 20 1802
500 707 40 20 och
557 707 84 20 Kamm.
657 707 54 21 Coll.
728 707 78 21 Circul.
823 706 22 21 af
861 706 40 21 den
914 707 12 20 5
938 713 45 21 apr.

227 738 56 21 1803
305 738 132 23 förklarades
461 740 59 21 detta
542 741 97 26 sålunda,
655 744 31 18 att
701 741 218 28 vägbyggnadsämne
934 740 48 21 icke

226 775 51 18 utan
299 773 161 23 vederbörande
481 776 123 27 jordegares
624 777 110 27 samtycke
754 776 40 21 fick
810 779 61 23 tagas
887 774 46 21 från
950 775 31 20 in-

226 814 57 20 egor,
299 807 138 28 åkergärden,
453 811 65 26 ängar
534 810 50 21 eller
600 810 71 27 hagar,
687 810 111 21 hvaremot
813 809 48 21 från
877 809 54 28 skog
941 809 41 21 och

225 841 84 21 utmark
333 842 75 21 sådant
430 851 38 13 var
490 844 80 20 enhvar
586 845 136 27 vägbyggare
738 843 82 26 tillåtet,
836 843 41 21 och
893 851 89 19 uppma-

226 875 65 21 nades
307 876 7 20 i
330 877 151 28 sammanhang
496 878 86 21 därmed
594 878 204 28 landshöfdingarne
810 878 5 20 i
827 878 56 20 riket
893 877 88 28 vidtaga

225 909 75 28 åtgärd
324 918 34 13 om
381 912 139 21 utmärkande
545 912 23 21 af
591 913 85 28 platser,
699 913 39 21 där
752 912 89 28 tjänliga
857 914 76 18 ämnen
949 912 32 20 till

225 945 130 28 väglagning
378 946 71 21 kunde
471 946 111 22 afhämtas.
611 947 12 21 I
639 948 11 26 8
666 948 12 20 9
694 947 23 21 af
734 948 54 20 1883
806 946 34 21 års
857 946 124 27 förordning

225 978 121 28 medgifves
362 980 136 28 vägbyggare
514 983 42 19 rätt
570 984 31 18 att
618 985 49 17 utan
692 981 119 27 ersättning
827 984 50 24 taga
894 980 87 28 väglag-

225 1013 126 27 ningsämne
366 1014 45 21 från
427 1014 77 22 sådant
519 1016 61 20 ställe
597 1016 4 20 i
618 1016 54 27 skog
687 1015 41 21 och
745 1015 89 27 utmark,
850 1022 45 13 som
909 1014 71 20 blifvit

225 1047 94 21 utmärkt
342 1048 23 21 af
385 1048 151 29 kronobetjänt
550 1050 64 27 jämte
630 1050 37 20 två
682 1049 23 21 af
721 1048 214 28 vägbyggnadslaget
950 1049 31 20 in-

225 1081 34 21 för
273 1082 148 22 häradsrätten
442 1084 70 21 därtill
536 1084 102 21 utsedde'
650 1084 54 28 gode
724 1085 54 19 män.
808 1082 77 28 Yppas
903 1083 51 21 brist
969 1082 12 21 å

224 1117 91 21 anvisad
339 1118 54 27 plats
415 1118 40 21 och
471 1118 43 21 står
530 1126 68 13 annan
615 1118 87 28 lämplig
718 1118 67 21 sådan
802 1118 18 27 ej
837 1120 32 18 att
884 1117 68 21 finnas
969 1117 12 21 å

224 1150 55 28 skog
302 1152 52 20 eller
377 1152 88 26 utmark,
485 1152 36 21 bör
544 1153 83 27 tjänligt
648 1152 86 21 område
750 1152 12 20 å
778 1153 67 26 ängar
860 1151 52 21 eller
927 1151 54 27 hage

223 1184 36 21 för
273 1185 122 22 ändamålet
411 1193 76 20 genom
504 1186 218 21 öfverenskommelse
737 1185 49 22 med
801 1185 126 28 jordegaren
939 1185 42 21 för-

223 1219 96 26 värfvas,
340 1220 57 29 eljer,
417 1220 38 21 där
470 1221 66 21 sådan
553 1221 47 20 icke
624 1221 95 20 kommer
736 1220 33 21 till
784 1219 69 26 stånd,
869 1219 111 28 tvängsvis

223 1253 86 22 inlösas.

293 1287 84 22 Jämväl
394 1296 28 13 nu
437 1289 98 27 gällande
551 1290 35 26 lag
601 1296 34 14 om
652 1289 158 27 expropriation
827 1288 23 21 af
861 1288 44 21 fast
915 1296 65 20 egen-

223 1321 50 21 dom
290 1322 33 20 för
338 1322 87 21 allmänt
439 1319 76 29 behof,
522 1323 73 27 gifven
612 1322 41 22 den
671 1324 26 20 14
712 1323 38 27 juli
768 1324 61 24 1898,
844 1322 136 28 medgifver
971 1315 13 40 i

223 1355 12 28 $
251 1357 14 19 4
281 1358 43 18 rätt
338 1356 32 21 till
386 1358 157 27 expropriation
560 1357 22 21 af
598 1357 58 21 mark
672 1357 32 21 till
720 1357 132 27 anläggning
867 1356 23 21 af
905 1364 28 20 ny
941 1356 38 22 all-

223 1391 48 19 män
296 1391 41 27 väg
356 1394 55 18 samt
426 1391 33 21 för
475 1390 121 22 erhållande
622 1391 22 21 af
660 1392 210 28 väglagningsämne,
886 1390 71 22 såvidt
974 1392 5 19 i

222 1424 133 22 sistnämnde
377 1425 37 21 fall
442 1426 158 28 expropriation
623 1426 67 28 enligt
713 1426 55 21 1883
792 1426 35 20 års
851 1425 129 28 författning

223 1458 39 21 bör
277 1466 40 20 ega
332 1466 52 14 rum.

292 1504 48 23 Lag-
353 1505 32 18 och
398 1506 184 17 Ekonomiutskottets
595 1506 111 17 betänkande
718 1506 38 17 N:o
770 1506 16 16 4.
