1092 1695
365 127 21 23 U.
403 127 22 22 B.
441 140 28 3 —
485 127 60 28 Prop.
563 127 35 22 N:o
614 127 21 22 6.
852 125 28 20 25

473 191 27 22 10
515 192 20 25 8.

194 230 127 29 Angående
331 231 44 21 den
386 231 138 28 ersättning,
533 238 50 14 som
591 229 142 22 tillkommer
741 228 139 21 landtmäta-

123 272 41 14 ren
176 265 44 21 och
230 265 59 28 gode
300 269 99 18 männen
410 265 41 22 vid
462 263 328 28 landtmäteriförrättningar,
802 265 60 18 samt
872 263 8 20 i

124 299 63 21 hvad
202 299 53 21 män
271 299 42 22 och
328 299 61 22 efter
404 299 97 22 hvilken
516 299 77 29 grund
609 299 72 21 sädan
697 297 131 28 ersättning
843 296 37 21 mä

124 333 75 22 under
221 333 186 29 förrättningens
423 334 112 29 fortgäng
550 332 125 23 efterhand
690 332 123 28 uppbäras,
830 331 50 21 der-

125 374 37 15 om
178 368 93 28 stadgas
286 368 117 22 särskildt.

474 432 25 21 11
516 433 19 26 8.

193 471 12 21 I
221 471 66 28 fråga
303 478 35 15 om
352 471 39 29 jäf
404 473 62 20 emot
476 471 156 22 landtmätare
644 470 42 22 och
698 470 46 28 god
754 476 54 15 man
818 468 62 29 gälle

125 505 63 21 hvad
204 505 85 22 allmän
305 505 39 30 lag
359 513 37 14 om
412 505 131 30 domarejäf
558 505 101 29 stadgar.

473 569 26 21 12
515 571 20 25 8.

194 609 164 22 Förekommer
371 609 39 28 jäf
419 611 62 20 emot
490 609 179 27 landtmätaren,
682 608 90 21 anmäle
784 607 46 22 han
841 607 39 21 det

125 646 83 25 genast
223 643 42 22 hos
279 643 234 28 länelandtmätaren,
529 651 49 14 som
594 643 90 29 äligger
699 645 35 19 att
747 643 41 21 hos
798 649 82 22 guver-

125 681 73 18 nören
213 678 99 22 utverka
327 678 158 22 förordnande
499 678 38 21 för
552 685 78 14 annan
645 677 161 22 landtmätare.

194 713 67 21 Huru
284 713 105 28 förfares,
410 713 30 21 dä
455 713 46 28 god
517 720 54 14 man
586 715 26 18 är
625 712 83 28 jäfvig,
726 711 78 22 derom
820 711 61 22 stad-

125 754 41 21 gas
182 747 9 21 i
205 747 15 21 8
234 747 52 28 kap.
301 747 15 21 8
331 749 19 26 $.

473 810 27 21 13
515 810 21 29 8.

195 850 89 22 Stanna
306 850 172 21 landtmätaren
501 850 44 22 och
568 850 59 29 gode
643 854 100 17 männen
758 850 8 21 i
782 849 98 29 stridiga

125 885 122 28 meningar
269 884 119 29 angäende
411 885 75 28 fräga,
507 885 96 21 hvarom
626 885 28 21 de
676 892 43 21 ega
737 887 144 26 gemensamt

127 919 96 28 besluta,
239 919 75 28 gänge
333 919 60 21 efter
411 919 62 22 hvad
489 919 28 21 de
532 919 66 22 fleste
614 923 62 24 säga.
706 919 50 21 Har
771 919 58 21 hvar
844 919 36 21 sin

126 953 114 22 särskilda
254 953 101 29 mening,
371 953 62 29 gälle
448 954 192 21 landtmätarens.

453 1057 14 21 8
482 1057 72 22 KAP.

369 1102 110 23 Allmänna
493 1102 144 23 föreskrifter.

480 1149 48 26 18.

194 1187 34 23 Är
238 1189 155 21 landtmätare
405 1188 127 22 förordnad
543 1191 35 19 att
589 1188 127 22 verkställa
723 1188 157 29 jorddelning,

126 1223 42 21 och
192 1223 43 21 har
256 1223 20 28 ej
300 1223 40 21 vid
365 1223 163 28 ansökningen
552 1223 78 21 derom
654 1223 130 28 förebragts
804 1223 77 22 utred-

125 1257 58 28 ning
199 1265 36 13 om
251 1257 174 21 vederbörande
440 1257 148 28 lägenheters
604 1265 76 20 namn,
697 1265 110 20 nummer,
819 1258 63 28 jord-

125 1294 70 18 natur
218 1291 43 21 och
283 1291 112 21 skattetal
418 1293 61 19 samt
502 1292 120 28 angäende
646 1292 66 21 deras
735 1299 67 22 egare
826 1292 56 21 eller

125 1326 162 27 innehafvare;
304 1325 29 22 dä
349 1325 105 22 anskaffe
470 1325 173 22 landtmätaren
659 1327 8 20 i
678 1326 83 22 sädant
771 1326 109 22 afseende

125 1361 30 28 pä
180 1360 131 21 sökandens
337 1360 129 21 bekostnad
493 1361 65 21 bevis
582 1367 28 15 ur
632 1360 162 29 jordregistret
819 1361 62 27 eller,

126 1395 40 21 der
189 1395 121 21 storskifte
333 1394 20 29 ej
377 1394 68 28 skett,
469 1401 29 15 ur
517 1395 145 28 jordeboken
680 1397 60 19 samt
755 1395 85 29 utdrag
854 1402 28 15 ur

125 1431 90 19 senaste
231 1428 179 29 mantalslängd.

194 1469 47 23 Lag-
253 1469 31 18 och
295 1469 176 18 ekonomiutskottets
483 1469 113 18 betänkande
608 1469 35 18 N:o
657 1471 16 16 5.

895 227 10 16 9
918 225 15 18 &
947 227 32 16 133
993 225 28 23 85.

933 467 21 17 10
967 466 16 23 8.

933 605 20 16 11
966 604 17 22 8.

934 852 45 22 128

935 1199 20 16 13
967 1197 17 22 8.
