1092 1750
355 150 22 23 U.
393 150 22 22 B.
433 164 26 2 —
475 150 61 28 Prop.
552 150 36 22 N:o
604 150 21 22 6.
815 151 25 19 15

112 214 68 28 pitlet
209 214 112 22 meddelas
353 214 168 28 bestämningar
548 220 36 15 om
611 214 151 27 rättegången
786 212 8 21 i
816 212 53 21 skif-

114 248 86 21 tesmål.

184 282 66 22 Hvad
273 282 58 22 först
353 282 108 22 beträffar
483 282 180 21 skiftesmännen
687 281 42 21 och
748 281 63 21 deras
826 280 43 22 till-

116 316 103 22 sättande
238 318 24 20 så
278 317 39 21 har
333 317 44 21 den
392 316 132 22 nuvarande
540 316 185 28 lagstiftningens
741 315 127 28 grundsats,

117 353 33 19 att
165 351 93 28 delning
273 351 25 21 af
309 350 52 29 jord
377 351 43 21 och
435 358 75 14 annan
520 350 284 28 landtmäteriförrättning
814 350 57 21 skall

116 385 135 21 verkställas
271 385 25 21 af
313 385 76 21 därtill
409 385 134 28 kompetent
557 392 83 21 person
655 384 7 21 i
676 384 149 28 lagförslaget
840 384 30 21 bi-

116 420 112 21 behållits.
258 420 83 21 Likaså
356 420 104 21 kvarstår
477 419 172 28 bestämningen
664 421 34 19 att
712 418 158 29 förrättnings-

117 454 166 21 landtmätaren
306 454 53 21 eller
382 456 74 19 såsom
475 454 44 21 han
535 454 7 21 i
556 453 110 29 förslaget
680 453 122 22 benämnes
818 453 52 21 skif-

117 489 138 27 tesingeniör
275 489 64 25 skall,
358 491 62 19 utom
436 489 7 20 i
458 488 66 29 fråga
542 495 36 14 om
594 488 129 28 styckning,
740 488 132 27 afsöndring

118 523 42 21 och
184 523 104 28 frivilligt
310 523 105 28 egobyte,
431 522 120 22 förordnas
567 523 25 20 af
605 522 171 22 vederbörande
792 529 80 21 guver-

119 560 47 19 nör.
189 557 52 22 Men
255 557 174 22 vidkommande
443 557 28 21 de
483 557 58 28 gode
551 560 59 23 män,
621 557 78 21 hvilka
710 557 64 21 skola
785 557 87 21 biträda

118 592 39 21 vid
177 592 250 28 skiftesförrättningar,
447 592 62 21 inför
527 592 171 28 propositionen
721 592 44 20 den
785 591 87 29 ganska

120 626 129 28 betydande
269 626 132 28 förändring
423 628 34 19 att
473 626 64 22 dessa
554 633 108 21 personer
677 626 56 25 icke,
749 628 73 20 såsom
837 625 35 21 för

119 661 140 21 närvarande
283 664 23 18 är
328 660 71 26 fallet,
415 664 62 18 utses
500 660 25 22 af
546 660 138 28 sakegarene
703 663 55 19 utan
773 660 71 28 väljas
860 662 13 19 å

120 695 83 21 allmän
226 695 225 21 kommunalstämma
474 695 36 21 för
533 702 27 14 en
582 695 34 21 tid
636 695 25 21 af
675 697 33 19 tre
724 697 24 19 år
763 695 7 21 i
786 695 86 21 sender.

119 729 122 21 Dessutom
264 732 37 19 äro
325 730 158 28 godemännen
506 732 33 18 att
562 729 103 21 betrakta
683 731 73 19 såsom
770 729 104 28 verkliga

120 763 202 29 förrättningsmän
337 764 38 21 vid
391 764 65 20 sidan
473 764 25 20 af
511 764 133 28 ingeniören
658 764 42 21 och
709 763 70 29 jämte
790 764 84 21 honom

120 798 115 28 delaktige
250 798 7 21 i
272 798 118 28 frågornas
407 798 125 28 afgörande
547 798 51 21 med
613 800 99 19 rösträtt.

189 832 126 28 Angående
337 832 128 28 ordningen
488 832 39 22 vid
544 832 308 28 landtmäteriförrättningar
867 832 7 20 i

121 866 122 22 allmänhet
258 866 59 22 inför
332 866 150 28 lagförslaget
497 867 7 21 i
521 869 25 19 15
562 867 14 28 &
592 867 44 21 den
651 866 51 22 från
712 867 105 28 gällande
827 866 46 28 lag-

122 900 44 22 bud
182 901 122 21 afvikande
319 901 181 28 bestämningen,
517 903 32 19 att
564 902 112 27 delegare,
692 909 48 14 som
756 909 53 21 eger
820 901 54 21 eller

120 935 52 21 med
195 936 96 27 stadgad
311 935 89 22 åborätt
416 935 93 21 besitter
522 935 160 29 jordlägenhet
697 936 61 21 inom
773 938 32 19 ett
820 934 54 22 skif-

122 970 73 27 teslag
217 970 43 20 och
282 970 40 21 har
345 970 38 21 sitt
405 970 99 21 hemvist
527 972 12 19 å
559 977 81 18 annan,
656 970 7 21 i
678 970 196 28 mantalslängden

122 1004 110 28 angifven
247 1007 35 18 ort
297 1007 29 18 än
342 1004 43 21 den
401 1004 115 26 kommun,
533 1004 39 22 där
587 1004 136 28 lägenheten
738 1008 23 18 är
772 1004 102 28 belägen,

123 1038 40 22 bör
182 1038 26 21 af
225 1038 214 28 skiftesingeniören
454 1039 143 21 underrättas
612 1046 37 14 om
664 1038 210 22 skiftesförrättnin-

122 1080 45 20 gen
186 1080 82 20 genom
287 1072 106 22 särskildt
408 1073 151 21 kallelsebref.
590 1073 11 21 I
616 1080 84 14 samma
715 1074 107 20 kommun
838 1072 37 22 bo-

123 1109 59 19 satta
197 1107 267 28 lägenhetsinnehafvare
481 1108 64 20 skola
560 1108 102 20 däremot
676 1108 72 28 enligt
759 1106 116 29 lagförsla-

124 1143 44 26 get,
193 1143 74 19 såsom
288 1141 67 26 förut,
378 1141 24 21 få
421 1141 37 21 del
476 1141 26 21 af
517 1142 167 28 förrättningen
700 1142 79 21 endast
794 1148 82 22 genom

124 1175 136 28 kungörelse
275 1176 8 21 i
298 1176 175 28 församlingens
489 1176 79 29 kyrka.

192 1210 101 21 Emedan
316 1217 28 14 en
365 1210 38 28 lag
422 1211 119 27 angående
559 1211 190 21 skiftesväsendet
764 1210 112 28 sakenligt

124 1244 50 21 icke
198 1244 40 21 bör
261 1244 112 22 behandla
393 1245 71 20 andra
479 1245 307 28 landtmäteriförrättningar
801 1247 29 18 än
844 1246 33 19 så-

124 1279 64 25 dana,
211 1279 39 21 vid
272 1279 78 21 hvilka
371 1278 86 29 jämväl
480 1279 70 21 andra
569 1286 117 21 personers
702 1281 44 19 rätt
762 1282 28 18 än
806 1279 70 24 deras,

125 1320 47 14 som
195 1313 101 29 påkallat
311 1313 175 28 förrättningen,
503 1316 24 18 är
542 1314 7 20 i
564 1313 72 29 fråga,
652 1313 69 22 hafva
736 1313 42 22 ock
794 1313 84 21 sådana

124 1348 108 27 göromål,
249 1355 47 13 som
312 1347 144 21 omförmäles
472 1348 7 20 i
495 1348 70 21 andra
580 1348 51 28 kap.
648 1348 25 21 af
688 1350 53 19 1848
758 1350 34 19 års
808 1346 71 29 regle-

124 1384 76 18 mente
219 1382 54 20 eller
291 1382 151 28 geometriska
457 1382 130 28 mätningar
602 1382 42 21 och
660 1382 146 28 affattningar
821 1383 58 19 samt

125 1416 88 21 kartors
229 1416 138 21 författande
383 1416 43 21 och
442 1416 150 28 beskrifning,
608 1416 50 21 icke
674 1416 92 28 intagits
782 1416 7 20 i
800 1415 79 22 försla-

123 1452 47 26 get.
200 1450 67 21 Hvad
289 1450 34 21 uti
345 1449 72 28 tredje
439 1450 96 28 kapitlet
550 1450 26 22 af
588 1450 149 22 förevarande
752 1450 124 28 lagförslag

193 1489 52 23 Lag-
259 1489 33 18 och
305 1489 184 18 ekonomiutskottets
502 1490 116 18 betänkande
630 1490 38 18 N:o
681 1491 17 17 5.
