1092 1739
351 148 30 22 U.
397 148 27 22 B.
439 160 28 3 —
483 148 74 28 Prop.
574 148 42 23 N:o
632 148 23 22 5.
839 148 40 21 101

120 218 46 21 tiva
179 217 192 27 sammansättning
387 216 24 22 så
425 216 68 28 tidigt,
508 219 33 19 att
556 217 26 21 de
595 219 82 25 genast,
688 217 26 21 då
725 218 93 26 vägarna
828 216 54 22 efter

123 251 184 27 snösmältningen
322 250 87 22 återfått
425 251 32 21 sin
473 252 81 26 stadga,
570 252 61 20 skola
646 252 72 20 kunna
733 252 85 26 vidtaga
833 251 49 21 med

123 286 39 21 sitt
183 286 72 21 arbete
278 285 39 21 och
340 285 65 21 hinna
427 285 115 27 behörigen
564 286 91 21 slutföra
678 286 123 26 detsamma,
816 286 66 21 innan

123 320 224 22 naturförhållandena
362 320 28 26 på
404 320 77 21 hösten
496 320 98 22 försvåra
609 320 89 21 arbetet.

193 354 12 28 &
220 354 28 21 20
263 356 62 25 utgör
349 360 26 15 en
398 354 136 27 tillämpning
554 354 23 22 af
594 354 143 26 grundsatsen
753 356 31 20 att
799 354 24 22 så
838 354 45 22 vidt

124 388 85 28 möjligt
231 389 96 21 anordna
349 389 145 27 vägväsendet
516 389 92 21 rörande
631 388 74 28 frågor
725 388 66 28 enligt
805 388 77 28 princi-

124 430 67 20 perna
206 423 35 21 vid
257 423 288 27 kommunalförvaltningen.
576 423 54 21 Dei
645 422 125 28 paragrafen
786 423 97 28 åsyftade

125 458 148 26 stadgandena
295 457 115 22 återfinnas
426 458 6 20 i
448 458 26 26 $$
495 458 33 26 13,
548 458 32 26 14,
597 457 26 21 15
639 458 39 20 och
695 458 26 20 16
737 460 55 19 samt
806 458 27 27 8$
849 457 68 26 99,8$
929 457 72 17 13—16
1009 462 17 12 o.

126 492 48 24 100,
191 492 38 21 101
247 492 38 21 och
302 492 41 21 102
357 492 7 20 i
380 492 58 27 Kejs.
454 492 104 21 Förordn.
570 498 48 21 ang.
628 492 255 26 kommunalförvaltning
904 486 84 36 99—10?
1002 485 7 17 i

125 526 28 27 pä
168 526 76 26 landet,
265 526 70 27 gifven
351 526 40 22 den
409 526 26 22 15
448 526 48 28 juni
513 527 61 21 1898.
606 527 138 26 Lagrummet
759 526 55 22 afser
830 526 53 22 dock
897 516 116 46 htm

125 560 19 28 ej
161 563 32 19 att
207 560 107 28 upphäfva
329 561 52 21 eller
391 561 89 27 ändra
472 556 11 43 $
494 561 26 21 10
531 561 6 21 i
549 561 59 27 Kejs.
623 561 103 21 Förordn.
739 560 144 22 innefattande
901 572 118 23 3vattning

127 596 105 21 särskilda
246 596 159 26 bestämningar
420 596 92 21 rörande
528 596 162 27 prästerskapet
705 596 39 21 och
758 596 125 27 kyrkornai
903 601 27 23 pä
942 601 67 17 landet.

127 630 159 27 grekisk-ryska
308 630 177 27 församlingarna
500 630 6 21 i
522 630 91 22 Finland
628 630 22 21 af
664 629 40 23 den
720 630 14 22 5
749 637 56 15 mars
822 630 81 24 1883.8
915 630 24 18 10
951 630 9 17 i
971 629 23 18 K.
1005 628 22 18 F.

126 664 41 21 Till
192 664 123 28 tolkningen
337 664 22 21 af
380 664 139 23 förenämnda
542 665 12 27 $
581 665 41 21 100
648 665 38 21 har
710 665 112 22 Utskottet
846 671 36 15 an-
889 665 42 17 ng.
942 659 60 32 präst.
1011 664 16 12 o.

126 701 43 19 sett
192 699 33 27 sig
248 699 100 21 särskildt
370 699 52 21 böra
444 699 117 26 framhålla,
584 702 36 23 att,
637 700 37 21 där
697 699 87 22 anförda
807 699 77 22 besvär
897 687 130 52 YR

126 733 171 22 kommuniceras
321 734 154 25 vägnämnden,
499 734 109 21 desamma
631 734 59 21 skola
713 734 101 27 delgifvas
833 734 50 21 dess
916 723 26 40 i

127 767 134 27 ordförande,
285 775 46 14 som
347 768 77 27 drager
439 767 86 28 försorg
540 775 34 14 om
591 768 121 27 afgifvande
727 768 23 21 af
762 769 65 26 nödig
841 767 42 22 för-

126 802 90 27 klaring.

197 837 75 21 Såsom
288 837 89 26 tidigare
392 837 85 27 antydts
493 837 39 21 har
548 839 106 25 guvernör
670 836 171 22 öfverinseendet
853 836 32 21 öf-

127 877 38 15 ver
187 871 182 27 vägnämndernas
393 871 56 21 inom
470 871 58 21 länet
544 871 142 22 verksamhet.
716 871 64 22 Detta
794 871 38 21 har
848 871 37 21 be-

126 905 70 27 tingat
217 907 32 20 ett
266 906 116 26 stadgande
397 906 7 21 i
420 907 12 26 $
448 906 25 21 21
491 906 81 26 därom,
587 908 31 19 att
634 905 168 28 valprotokollen
824 905 61 21 öfver

127 939 130 22 verkställda
280 940 32 21 val
335 939 22 22 af
375 941 116 21 ledamöter
507 941 7 20 i
529 941 106 20 nämnden
661 941 59 20 skola
735 940 100 21 insändas
852 939 32 22 till

127 976 141 25 guvernören,
285 981 45 15 som
346 975 51 21 därå
412 975 132 21 omedelbart
560 981 49 20 eger
625 981 35 14 om
676 975 26 21 de
724 975 60 21 valde
806 974 77 21 under-

126 1010 57 20 rätta
205 1009 41 21 den
269 1009 115 22 utnämnde
405 1009 149 25 ordföranden,
570 1009 12 21 å
596 1009 85 21 hvilken
704 1009 121 21 sedermera
846 1015 39 14 an-

126 1043 97 21 kommer
239 1046 31 19 att
284 1044 7 21 i
307 1044 68 21 sinom
395 1044 31 21 tid
442 1043 72 22 skrida
529 1044 32 21 till
576 1043 105 27 åtgärder,
697 1043 138 26 erforderliga
849 1042 36 21 för

126 1077 95 22 arbetets
237 1077 100 28 behöriga
353 1078 134 27 vidtagande.

195 1112 32 21 På
243 1113 35 20 det
293 1112 117 22 emellertid
426 1113 25 21 de
467 1112 61 21 valde
544 1112 51 21 eller
610 1112 74 25 andra,
698 1112 82 21 hvilkas
791 1113 43 20 rätt
842 1111 41 21 till-

126 1145 109 28 äfventyrs
253 1147 41 20 kau
312 1146 23 21 af
350 1147 56 20 valet
423 1153 64 15 anses
505 1147 84 25 berörd,
608 1146 61 21 skola
680 1147 72 20 kunna
761 1145 123 27 öfverklaga

127 1181 124 26 detsamma,
267 1181 38 21 har
315 1181 6 20 i
333 1182 13 25 $
358 1181 26 20 21
396 1180 148 27 föreskrifvits,
560 1183 31 19 att
606 1181 164 26 valprotokollet
786 1180 38 21 bör
840 1179 43 22 del-

127 1214 68 27 gifvas
211 1215 17 27 ej
245 1215 83 22 mindre
343 1215 26 22 de
384 1215 61 21 valde
461 1217 26 19 än
499 1215 68 27 öfriga
577 1215 137 21 medlemmar
724 1215 7 20 i
742 1214 142 27 vägnämnds-

126 1249 120 22 distriktets
261 1249 133 22 kommuner.
424 1250 10 21 I
451 1250 76 21 sådant
542 1249 101 22 afseende
658 1249 38 22 och
707 1249 31 21 till
749 1248 136 22 undvikande

126 1284 23 21 af
162 1284 155 27 förvecklingar
333 1285 38 21 bör
387 1284 144 27 delgifvandet
547 1284 37 22 ske
595 1284 124 27 bevisligen,
731 1283 84 22 hvarför
826 1282 61 22 stad-

127 1321 54 24 gats,
203 1320 31 20 att
258 1319 168 27 stämningsman
450 1319 54 21 skall
524 1319 82 25 anlitas,
623 1318 27 22 då
665 1318 144 27 delgifningen
825 1317 61 21 med-

126 1352 59 22 delas
201 1353 26 21 de
243 1352 66 27 valde,
325 1355 55 19 samt
395 1353 166 27 valprotokollet
570 1352 124 27 föredragas
706 1352 33 22 vid
750 1351 134 22 kommunal-

126 1389 92 19 stämma
240 1387 41 21 alla
299 1388 66 21 andra
380 1388 31 20 till
426 1388 128 20 kännedom.
584 1387 34 21 Då
632 1386 119 22 emellertid
766 1387 117 26 vägnämn-

125 1421 55 21 dens
202 1422 137 21 medlemmar
353 1422 45 21 icke
415 1422 72 21 kunna
501 1428 64 15 anses
580 1423 150 25 representera
745 1421 70 27 någon
832 1420 52 21 eller

124 1455 69 27 några
215 1456 58 21 vissa
295 1456 126 21 kommuner
443 1456 40 21 och
504 1456 46 21 icke
565 1456 66 21 häller
646 1462 40 20 ega
700 1457 32 19 att
746 1454 86 26 bevaka,
848 1460 36 15 om

195 1500 49 24 Lag-
257 1502 32 17 och
301 1501 184 18 Ekonomiutskottets
498 1501 111 18 betänkande
623 1502 36 17 N:o
671 1502 17 17 4.
