1092 1750
243 149 26 19 12
457 148 21 22 U.
496 148 21 22 B.
535 162 24 2 —
577 149 61 28 Prop.
655 150 35 22 N:o
706 150 21 21 6.

214 210 77 21 kunde
308 210 90 22 förenas
416 211 138 28 utbrytande
570 212 26 21 af
608 215 58 18 tomt
680 212 38 21 vid
735 212 63 21 fallet
814 212 43 21 och
872 213 33 19 att
921 218 48 21 par-

215 244 108 29 cellering
339 245 25 21 af
377 245 94 21 skiftadt
486 245 136 22 fiskevatten
638 247 46 20 kan
700 254 42 21 ega
757 254 50 13 rum
823 246 79 21 endast
912 246 7 21 i
930 245 38 21 det

214 279 49 25 fall,
279 281 32 18 att
327 279 162 29 afsöndringen
503 281 107 20 omfattar
620 281 182 21 vattenomrädet
813 281 7 20 i
831 281 51 20 dess
893 280 76 21 helhet

215 313 55 21 eller
289 313 69 22 sädan
377 314 35 21 del
427 315 71 24 däraf,
515 322 47 14 som
577 318 68 25 utgör
661 315 69 22 skildt
746 315 75 22 skifte.
852 314 117 28 Därjämte

215 347 125 22 innehåller
361 351 53 18 1902
438 351 35 19 års
495 349 135 28 förordning
646 350 7 20 i
668 349 66 28 fråga
752 357 36 14 om
804 349 111 22 strömfall
930 349 39 20 två

214 381 89 28 viktiga
313 383 105 27 nyheter:
434 383 95 21 Enskild
540 383 108 28 lägenhet
659 384 111 27 tillhörigt
782 383 111 22 strömfall
898 383 71 28 jämte

215 415 36 22 för
271 419 57 18 tomt
349 417 80 28 nödigt
451 418 91 21 område
565 418 44 21 kan
630 425 82 21 genom
728 418 124 28 styckning
868 417 101 28 afskiljas

215 450 35 21 till
265 450 146 29 själfständig
426 452 108 27 lägenhet
550 453 50 20 med
617 455 52 25 eget
684 453 90 24 mantal,
789 452 42 21 och
842 452 71 21 likaså
923 451 45 21 kan

215 484 26 21 af
257 485 117 26 strömfall,
398 493 47 14 som
468 487 137 28 underlyder
627 489 39 19 två
689 487 54 21 eller
765 486 56 21 flera
838 486 131 28 lägenheter

215 522 147 25 gemensamt,
381 527 82 21 genom
479 521 123 28 styckning
619 521 70 21 bildas
705 529 28 13 en
748 529 32 20 ny
796 521 107 28 lägenhet
918 519 51 22 med

216 561 58 20 egen
288 553 225 28 jordeboksnummer
529 555 43 21 och
587 556 90 21 mantal,

285 589 51 21 Den
356 589 53 22 sista
432 590 113 21 reformen
563 592 29 26 på
612 590 202 22 skiftesväsendets
830 590 90 21 område
935 591 34 19 ut-

216 625 66 25 göres
305 623 25 21 af
351 624 66 28 lagen
439 632 36 13 om
498 624 114 21 råskilnad
628 625 6 20 i
650 627 77 19 vatten
750 624 43 22 och
812 632 35 14 om
864 624 67 21 skifte
946 623 25 21 af

215 658 172 21 vattenområde
402 658 25 21 af
441 659 42 20 den
499 661 28 18 23
540 658 42 28 juli
600 661 60 18 1902.
686 659 12 20 I
713 659 74 20 denna
802 659 44 27 lag,
862 665 47 14 som
925 657 44 22 för-

216 694 97 19 utsätter
329 694 34 19 att
378 692 68 21 skifte
463 693 25 21 af
501 693 170 21 vattenområde
687 695 67 26 utgör
770 700 28 14 en
814 693 96 20 särskild
925 692 44 21 för-

216 726 108 28 rättning,
344 727 103 27 angifves
471 727 103 21 vilkoren
597 727 35 22 för
652 727 178 21 verkställandet
846 727 25 21 af
883 729 86 19 vatten-

216 760 69 21 skifte
300 761 7 20 i
323 761 122 21 allmänhet
461 761 118 21 äfvensom
595 762 28 20 de
638 761 106 28 grunder,
760 761 72 28 enligt
847 761 78 21 hvilka
938 763 31 19 ett

216 795 82 20 sådant
313 795 69 21 skifte
397 796 58 21 skall
470 796 138 21 verkställas.
636 796 52 21 Den
703 796 69 21 redan
788 796 7 20 i
812 797 55 20 1734
883 797 34 19 års
932 795 38 28 lag

215 829 112 28 stadgade
345 829 137 28 befogenhet
501 830 36 21 för
557 830 127 21 häradsrätt
703 832 33 19 att
754 830 82 28 pröfva
858 829 111 22 huruvida

215 863 80 21 skiftet
314 864 75 21 kunde
413 865 39 20 ske
474 867 56 18 utan
552 866 87 26 någons
662 864 94 28 förfång
776 867 23 18 är
815 865 41 20 här
872 863 97 22 bibehål-

215 897 37 21 len
273 898 43 21 och
338 899 158 21 häradsrätten
519 901 69 26 utgör
611 899 68 21 också
697 899 75 22 forum
790 899 36 21 för
842 899 27 21 de
884 899 85 24 tvister,

215 931 93 22 hvartill
319 933 158 21 vattenskiftet
488 933 45 21 kan
544 933 64 28 gifva
616 933 129 28 anledning.
770 933 74 21 Skifte
853 933 25 20 af
884 935 86 19 vatten-

215 967 92 20 område
327 967 57 20 skall
407 967 87 22 utföras
518 967 25 22 af
563 967 148 22 landtmätare
732 968 72 27 enligt
818 967 153 22 förordnande

216 1003 59 18 samt
289 1001 93 28 vidtaga
400 1002 51 21 med
467 1001 245 29 rågångsförrättning,
727 1002 39 21 vid
783 1001 93 22 hvilken
891 1001 79 28 utbyte

216 1034 26 21 af
255 1035 112 22 utskiften
379 1036 42 21 och
432 1036 141 28 råreglering
584 1036 40 21 bör
635 1043 42 21 ega
687 1044 55 14 rum.
766 1036 104 21 Föremål
880 1035 35 22 för
927 1035 44 22 del-

215 1069 58 28 ning
288 1072 24 18 är
328 1070 49 21 icke
393 1070 80 22 endast
490 1073 87 18 vattnet
591 1070 42 21 och
645 1071 103 27 grunden
759 1073 56 18 utan
826 1070 68 21 också
904 1069 66 21 fisket

215 1102 44 22 och
270 1110 75 14 annan
355 1103 89 21 förmån
455 1106 57 18 samt
522 1104 7 20 i
540 1104 118 25 strömfall,
670 1112 36 13 om
717 1104 62 21 detta
790 1104 66 28 ingår
866 1104 7 20 i
884 1105 87 19 vatten-

215 1137 86 25 skiftet,
318 1137 68 21 äfven
403 1138 145 21 drifkraften.
575 1138 11 21 I
601 1138 57 28 följd
673 1138 68 21 häraf
755 1141 38 18 äro
810 1138 65 21 dessa
890 1137 80 21 förmå-

215 1179 42 13 ner
276 1172 167 21 underkastade
466 1173 94 20 särskild
583 1173 127 28 gradering.
742 1172 229 28 Skiftesläggningen

215 1205 59 21 skall
294 1208 25 19 så
341 1206 94 26 utföras,
459 1209 32 18 att
510 1207 79 27 hvarje
605 1207 104 28 delegare
724 1207 36 21 får
776 1207 34 21 sin
825 1207 43 20 lott
883 1208 25 19 så
922 1206 49 21 vidt

215 1239 91 29 möjligt
321 1241 7 20 i
344 1243 31 18 ett
387 1241 222 28 sammanhängande
620 1241 43 21 och
674 1241 71 21 under
756 1241 57 21 hans
824 1248 58 21 egen
893 1240 77 21 strand

215 1273 92 29 beläget
326 1275 75 21 skifte.
431 1275 155 22 Därförinnan
608 1275 58 21 skall
686 1275 58 22 dock
760 1274 211 28 fredningsområde

215 1308 114 28 utbrytas,
352 1309 126 28 hvarjämte
501 1309 57 22 visst
580 1311 96 26 notvarp
700 1309 54 21 eller
777 1316 75 14 annan
875 1308 95 21 särskild

215 1341 138 30 fångstplats
373 1343 46 22 kan
434 1343 108 22 förblifva
557 1343 101 21 samfäld.
689 1343 84 28 Någon
788 1343 145 21 fastställelse
948 1342 25 21 af

215 1376 81 21 skiftet
311 1377 51 21 från
377 1377 168 22 häradsrättens
561 1377 48 21 sida
625 1381 24 18 är
664 1377 50 22 icke
730 1377 112 28 påkallad.

285 1484 50 23 Lag-
349 1485 34 18 och
396 1485 182 19 ekonomiutskotlets
590 1486 116 18 betänkande
718 1485 38 18 N:o
770 1486 18 17 5.
