1095 1750
357 153 21 23 U.
396 153 21 21 B.
433 166 28 2 —
478 152 60 28 Prop.
555 152 35 23 N:o
606 153 21 21 6.
816 154 26 18 73

117 216 26 21 af
159 216 77 21 vidare
254 216 63 21 bevis
335 216 118 28 angäende
469 216 97 21 slutförd
581 216 145 28 förrättning,
742 215 41 21 har
798 217 72 19 säsom

117 252 14 19 4
146 258 66 14 mom.
230 250 34 21 till
283 252 27 19 56
328 250 14 29 &
360 250 87 28 tillagts
465 253 33 18 att
520 250 165 22 landtmätaren
708 250 163 27 ofördröjligen

118 284 57 22 skall
194 284 91 22 utfärda
305 285 79 21 sädant
403 284 64 22 bevis
487 286 23 20 ät
525 284 114 28 sakegare,
659 292 48 14 som
722 284 40 21 vill
778 284 93 21 besvära

118 319 35 28 sig
168 319 64 21 öfver
250 319 173 28 förrättningen.

186 354 61 20 Enär
263 354 38 20 det
316 356 63 26 synts
396 354 112 21 utskottet
523 354 114 27 sakenligt
652 356 33 18 att
695 353 176 21 landtmätarens
891 349 10 37 =
919 357 21 17 58
953 356 18 24 &.

119 388 129 28 befattning
258 388 51 21 med
320 388 220 28 skiftesförrättning
551 388 49 21 icke
610 388 90 28 upphör
708 388 77 20 förrän
794 387 78 21 skiftet

119 425 24 18 är
157 422 136 28 lagständet,
309 422 40 21 har
364 422 111 22 utskottet
490 423 7 21 i
513 422 236 22 öfverensstämmelse
764 422 51 21 med
829 422 41 21 den

118 457 165 21 landtmätaren
304 457 120 28 äliggande
440 457 132 28 skyldighet
588 459 32 19 att
636 459 55 26 göra
707 457 34 28 sig
756 457 116 20 underrät-

118 491 38 21 tad
173 499 36 14 om
223 493 116 26 utgängen
355 491 25 21 af
390 492 86 25 besvär,
488 499 48 14 som
546 491 72 22 under
628 491 179 28 förrättningens
818 490 54 21 fort-

119 527 62 26 gång
197 526 96 25 anföras,
308 526 7 21 i
332 528 9 19 1
358 533 67 14 mom.
442 528 27 19 58
485 527 13 28 S
514 527 106 28 upptagit
635 526 173 27 bestämningen
823 525 7 21 i
845 527 27 19 63

118 560 14 28 8
153 560 25 21 af
194 560 299 28 landtmäterireglementet,
512 560 94 21 hvilken
624 560 120 28 förpliktar
764 559 108 22 landtmä-

119 599 65 17 taren
199 598 32 18 att
247 595 40 21 hos
304 598 142 25 guvernören
463 595 113 21 efterhöra
591 595 113 21 huruvida
717 594 80 22 besvär
808 594 65 22 öfver

119 629 167 28 förrättningen
301 630 124 21 inkommit.

188 664 145 21 Beträffande
348 664 229 22 länelandtmätarens
589 664 132 29 skyldighet
731 666 33 19 att
775 664 98 28 granska
890 660 13 37 —
921 668 22 16 59
956 666 18 24 &.

120 698 259 28 skiftesförrättningens
394 698 134 28 behörighet
543 699 41 21 har
599 699 111 21 utskottet
726 698 76 22 funnit
814 696 105 26 stad-(126
927 702 17 11 o.
952 697 34 27 128
994 695 24 23 $$

120 733 85 27 gandet
222 733 77 21 härom
314 733 8 21 i
337 735 13 19 2
365 740 66 14 mom.
453 735 39 19 126
508 734 14 28 8
537 734 7 20 i
560 734 169 28 propositionen
747 740 53 14 vara
816 732 57 22 otill-
908 725 6 11 5
926 724 61 17 PISpI

120 767 173 21 fredsställande
315 767 137 22 därutinnan
474 770 33 19 att
530 768 117 21 föremälet
670 768 36 21 för
725 766 148 23 omförmälda

120 802 142 28 granskning
279 802 49 21 icke
343 805 103 19 närmare
462 802 115 28 angifvits.
608 802 118 22 Utskottet
741 802 40 21 har
797 801 76 21 därför

120 837 6 20 i
143 838 13 19 2
171 844 66 14 mom.
254 838 26 19 59
296 836 14 29 8
321 836 89 22 affattat
423 836 95 22 berörda
529 837 125 28 stadgande
665 836 95 22 sålunda
771 839 32 18 att
814 836 59 21 läne-

120 870 166 22 landtmätaren
303 871 71 28 älagts
390 871 128 21 undersöka
534 872 63 20 säväl
612 874 32 18 att
655 871 219 27 förutsättningarna

121 904 42 22 och
181 905 102 21 vilkoren
302 905 35 21 för
357 908 32 18 ett
408 906 83 28 lagligt
510 906 68 21 skifte
596 906 59 21 varit
670 905 36 21 för
721 905 89 21 handen
826 912 48 14 som

121 941 33 19 att
169 939 38 21 vid
223 940 89 21 skiftets
327 939 120 22 utförande
464 940 27 21 de
504 940 77 21 härför
592 940 64 28 gifna
666 940 103 21 absoluta
778 939 95 21 bestäm-

119 974 82 28 ningar
216 974 69 28 följts.

187 1008 91 22 Jämväl
298 1008 136 28 stadgandet
448 1009 8 21 i
471 1011 13 19 3
499 1016 66 14 mom.
584 1011 40 19 126
639 1009 14 28 &
669 1008 40 22 har
725 1008 26 22 af
763 1008 111 21 utskottet

119 1043 178 28 kompletterats,
312 1043 8 21 i
335 1043 39 21 det
389 1046 33 18 att
441 1044 3 20 i
461 1046 12 18 3
489 1051 66 14 mom.
573 1045 27 19 59
616 1044 13 28 &
645 1043 70 22 orden
731 1043 56 26 ,och
799 1042 74 28 dagen

119 1077 90 21 därför*
225 1077 97 21 tillsatts.

187 1112 41 21 Uti
243 1114 12 18 2
271 1119 65 14 mom.
352 1112 26 21 af
392 1114 40 19 126
449 1112 14 28 8
479 1112 7 21 i
501 1112 169 29 propositionen
687 1112 97 28 stadgas,
800 1112 73 20 isam-
895 1108 13 37 =
921 1114 56 24 60.

119 1146 114 29 manhang
253 1146 50 22 med
319 1146 146 22 föreskriften
482 1147 118 28 angäende
616 1146 257 28 skifteshandlingarnas

119 1181 139 21 insändande
274 1181 34 21 till
324 1181 178 28 öfverstyrelsen
518 1181 35 22 för
567 1181 172 27 landtmäteriet,
758 1183 32 19 att
801 1180 72 21 öfver-

119 1215 112 28 styrelsen
251 1223 53 20 eger
322 1215 82 29 pröfva
418 1216 75 21 felens
508 1216 157 21 beskaffenhet
681 1216 42 21 och
738 1215 136 22 föreskrifva

119 1252 68 19 sättet
202 1249 35 22 för
253 1250 64 21 deras
332 1250 110 21 rättande.
476 1250 54 21 Som
545 1250 124 21 emellertid
684 1249 148 22 omförmälda
843 1251 30 19 ät-

119 1285 56 27 gärd
196 1284 25 21 af
239 1284 176 28 öfverstyrelsen
438 1287 69 26 utgör
525 1293 28 13 en
572 1285 36 20 del
627 1285 25 20 af
670 1285 141 20 förfarandet
832 1283 42 22 och

119 1319 27 21 de
164 1318 148 26 föreskrifter,
332 1319 179 29 öfverstyrelsen
527 1320 51 20 med
593 1319 107 21 afseende
716 1319 54 21 härä
785 1319 41 21 har
841 1320 33 18 att

118 1353 62 28 följa,
199 1353 62 29 förty
281 1354 53 21 böra
354 1354 54 27 ingä
427 1354 7 20 i
453 1354 68 28 lagen
540 1354 116 28 angäende
677 1352 196 25 skiftesväsendet,

118 1388 41 20 har
181 1388 118 26 utskottet,
319 1387 71 28 jämte
413 1388 127 28 stadgande
562 1388 117 28 angående
697 1388 177 21 landtmätarens

118 1422 132 28 skyldighet
265 1424 33 19 att
313 1422 34 21 till
363 1422 179 28 öfverstyrelsen
552 1422 95 22 insända
659 1422 166 27 handlingarna
835 1420 39 22 hö-

117 1456 70 21 rande
205 1456 35 21 till
258 1456 146 28 förrättning,
424 1456 94 22 hvilken
537 1457 45 21 han
602 1456 76 22 funnit
698 1456 102 28 felaktig,
820 1455 7 21 i
847 1457 27 19 60

186 1496 51 23 Lag-
250 1496 33 18 och
296 1496 184 18 ekonomiutskottets
494 1496 115 18 betänkande
622 1496 37 18 N:o
673 1497 16 16 5.
