1098 1739
322 145 29 22 U.
368 145 27 22 B.
414 158 27 2 —
457 145 74 28 Prop.
549 145 41 22 N:o
607 145 21 22 1.
834 145 26 20 57

102 213 36 21 till
154 213 76 28 grund
246 214 34 21 för
297 214 159 29 beräkningen
472 214 26 21 af
511 213 165 22 besvärstiden.
707 214 11 21 I
736 214 65 21 dessa
814 214 46 21 frä-

103 255 42 20 gor
166 247 124 22 förefinnas
306 248 59 22 dock
381 248 133 29 prejudikat
529 248 51 21 frän
598 249 112 21 Senatens
726 248 135 22 Justitiede-

102 284 137 27 partement,
262 283 89 28 gäende
373 283 7 21 i
396 283 43 21 den
456 283 106 28 riktning
577 285 35 19 att
626 283 8 21 i
650 282 156 22 förstberörda
821 282 41 21 fall

103 316 74 29 dagen
201 317 36 21 för
259 317 63 22 valet
344 317 19 28 ej
380 317 37 21 mä
433 317 144 26 medräknas,
594 319 60 19 samt
670 319 35 19 att
720 317 8 21 i
744 317 66 28 fräga
825 323 36 14 om

103 351 186 29 valförrättning,
305 359 48 14 som
365 351 51 22 icke
432 351 107 21 afslutats
548 351 30 28 pä
585 351 44 21 den
639 351 78 21 därför
726 353 86 19 utsatta
824 351 38 21 da-

102 393 52 20 gen,
166 385 158 22 besvärstiden
334 386 73 21 likväl
423 386 41 21 bör
479 386 52 28 löpa
547 385 52 22 från
616 385 81 22 denna.
714 385 91 22 Tvifvel
825 393 36 14 om

103 420 137 28 tolkningen
256 420 25 21 af
297 421 24 21 16
337 421 11 27 8
364 420 8 21 i
387 420 104 28 antydda
511 420 63 21 delar
594 420 41 21 bör
656 421 68 20 alltså
745 421 19 27 ej
785 421 77 21 vidare

104 454 78 21 kunna
205 454 61 27 räda,
290 454 91 22 hvadan
404 454 99 28 ändring
526 454 26 22 af
564 454 139 29 paragrafen
721 454 140 22 härutinnan

104 488 50 21 icke
170 496 68 20 synes
254 488 116 29 päkallad.

173 524 64 21 Mera
260 523 75 28 grund
358 524 35 20 för
414 524 123 21 osäkerhet
553 523 76 29 gifver
645 524 103 20 däremot
764 524 98 21 bestäm-

105 558 86 28 ningen
214 560 34 19 att
279 557 62 21 tiden
371 558 35 20 för
433 558 82 21 besvär
538 558 66 21 öfver
629 561 126 25 guvernörs
786 558 76 29 utslag

104 592 98 22 rörande
224 592 249 28 landtdagsmannaval
496 592 66 22 skola
584 592 114 22 inlämnas
722 595 76 19 senast
814 593 48 21 åtta

105 626 71 30 dagar
200 627 58 21 efter
280 626 101 22 erhållen
404 626 37 22 del
457 627 23 21 af
495 627 108 28 utslaget.
636 627 128 28 Angående
780 626 82 29 delgif-

105 662 57 28 ning
178 662 7 20 i
202 661 126 22 allmänhet
343 661 35 21 uti
393 661 28 21 de
438 661 48 27 fall,
501 661 30 21 dä
541 669 29 14 en
581 661 56 21 eller
648 661 54 21 flere
713 661 149 21 medlemmar

106 695 25 21 af
151 703 29 14 en
204 695 117 29 menighet
344 696 7 20 i
375 696 76 21 denna
467 696 35 20 sin
519 696 117 28 egenskap
652 696 80 20 kunna
748 696 114 28 uppträda

105 730 74 21 säsom
196 730 122 28 klagande,
335 730 125 21 förefinnas
477 730 62 22 olika
557 730 178 27 bestämmelser,
752 738 47 14 som
818 730 44 28 gif-

105 765 34 20 vit
154 764 128 29 anledning
297 765 36 21 till
350 764 61 22 olika
426 764 133 22 förfarande
575 765 7 21 i
598 764 67 29 fräga
680 772 36 14 om
729 765 132 28 landtdags-

106 799 160 21 mannavalen.
296 799 56 21 Dels
375 799 41 21 har
439 799 81 21 härvid
544 799 64 29 följts
631 799 45 21 den
692 799 105 29 ordning,
813 806 49 14 som

105 833 74 28 gäller
201 834 36 20 för
260 834 81 21 besvär
356 834 65 22 öfver
437 838 127 24 guvernörs
580 834 77 28 utslag
672 834 8 21 i
697 834 127 28 anledning
839 834 25 21 af

106 868 162 28 öfverklagadt
291 868 317 27 kommunalstämmobeslut,
631 871 35 19 att
686 868 102 28 utslaget
802 868 60 21 skall

106 910 65 13 anses
188 902 120 29 delgifvet,
324 903 29 21 dä
369 903 39 21 det
423 903 139 29 föredragits
574 904 39 21 vid
624 903 239 25 kommunalstämma,

106 937 48 20 dels
171 937 41 21 har
228 937 127 28 tillämpats
371 938 39 21 det
425 938 7 20 i
444 938 77 27 kongl.
533 938 90 21 brefvet
632 938 44 21 den
687 940 11 19 5
706 937 91 29 januari
808 938 54 21 1808

106 971 118 28 päbjudna
243 974 47 19 sätt
304 971 37 22 för
356 972 151 28 kungörande
523 972 26 21 af
562 972 159 26 resolutioner,
738 979 48 14 som
802 972 61 28 angä

106 1005 35 21 hel
165 1006 119 28 menighet
307 1006 56 21 eller
386 1009 33 18 ett
441 1010 72 17 större
533 1007 64 21 antal
613 1013 115 22 personer,
745 1006 117 29 nämligen

106 1047 82 21 genom
213 1040 153 29 handlingens
390 1041 141 28 uppläsning
552 1041 52 21 frän
619 1041 160 28 predikstolen
794 1041 8 20 i
818 1041 42 21 för-

106 1075 141 28 samlingens
277 1075 80 28 kyrka.
389 1075 132 21 Sistnäinda
553 1075 138 26 förfarande,
721 1082 49 14 som
793 1075 69 21 äfven

107 1108 215 22 öfverensstämmer
345 1110 51 21 med
417 1109 62 22 hvad
503 1117 36 14 om
560 1109 132 29 delgifning
707 1109 26 22 af
745 1109 118 28 stämning

106 1137 73 21 finnes
204 1137 110 28 stadgadt
336 1138 7 21 i
367 1138 78 29 kongl.
468 1138 157 22 resolutionen
642 1138 44 21 den
702 1140 27 20 29
746 1138 43 29 maj
808 1139 54 20 1752

106 1171 43 22 och
165 1179 95 14 numera
275 1173 7 20 i
299 1174 11 19 7
327 1174 12 26 8
358 1175 22 19 11
399 1173 50 28 kap.
466 1173 240 28 Rättegängsbalken,
715 1173 74 21 såsom
799 1173 63 20 detta

107 1206 90 28 lagrum
213 1206 66 29 lyder
294 1207 8 21 i
318 1207 123 29 kejserliga
459 1207 169 29 förordningen
644 1207 44 21 den
704 1209 12 20 7
732 1207 130 28 september

109 1243 59 24 1901,
184 1245 26 17 är
226 1241 74 28 enligt
314 1242 133 21 Utskottets
464 1242 71 21 tanke
547 1242 40 21 det
598 1242 92 28 riktiga.
707 1241 89 22 Genom
806 1241 57 21 kun-

105 1275 114 28 görandet
242 1276 26 21 af
288 1280 157 24 guvernörens
468 1277 78 28 utslag
567 1277 7 20 i
590 1276 118 28 kyrkorna
723 1276 33 21 uti
773 1276 46 21 alla
834 1275 28 22 de

105 1309 170 29 församlingar,
299 1317 48 14 som
371 1311 56 21 höra
443 1310 36 22 till
496 1318 28 14 en
540 1311 117 28 domsaga,
673 1310 46 21 kan
736 1310 127 21 emellertid

105 1344 132 21 föranledas
254 1345 142 21 tidsutdräkt
412 1345 42 21 och
471 1345 94 21 därmed
581 1344 97 22 förenad
694 1344 122 21 osäkerhet
828 1347 36 18 rö-

105 1378 71 21 rande
200 1378 44 21 den
268 1379 96 28 slutliga
379 1379 140 29 giltigheten
537 1379 25 21 af
575 1379 287 28 landtdagsmannavalen.

104 1413 66 22 Inom
186 1414 122 21 Utskottet
323 1414 42 21 har
380 1414 146 28 framhållits,
540 1417 34 18 att
590 1414 64 21 detta
666 1413 77 22 kunde
751 1413 113 22 förekom-

104 1455 48 13 mas
174 1455 84 20 genom
278 1450 33 19 ett
326 1448 129 28 stadgande
471 1451 36 19 att
522 1451 158 25 guvernörens
696 1448 76 28 utslag
787 1447 77 22 skulle

179 1494 198 22 Grundlagsutskottets
391 1494 112 18 betänkande
515 1496 37 16 N:o
566 1495 14 17 1.
