1098 1745
224 152 29 21 54
455 153 26 22 U.
499 153 26 21 B.
541 165 26 2 —
584 153 72 27 Prop.
673 152 45 23 N:o
735 152 19 21 1.

225 220 64 21 trakt
316 221 26 21 af
365 221 123 28 domsagan
509 223 35 19 att
560 228 28 14 en
605 221 37 20 del
658 221 26 21 af
696 221 144 21 elektorerne
856 221 52 21 haft
924 228 60 21 myc-

224 255 41 21 ket
281 255 56 29 läng
352 259 45 25 väg
413 256 36 21 till
466 255 124 27 valstället,
602 255 41 22 har
658 256 8 21 i
682 255 72 29 sagda
768 258 104 19 moment
886 255 98 29 intagits

224 289 121 22 föreskrift
368 297 36 14 om
425 292 36 19 att
483 290 62 21 valet
564 290 60 21 skall
640 293 44 26 äga
699 297 49 14 rum
764 290 8 21 i
788 289 40 22 det
843 289 102 29 tingslag
961 289 25 22 af

224 323 135 30 domsagan,
377 332 48 14 som
442 325 36 21 för
494 325 27 21 de
537 324 109 29 väljande
662 325 101 21 befinnes
776 324 140 29 lämpligast.

294 359 62 21 Frän
381 359 71 22 andra
477 362 127 19 momentet
626 359 42 22 har
690 358 148 23 föreskriften
854 359 78 22 därom
950 361 34 19 att

224 393 36 21 till
277 393 114 22 elektorer
406 394 23 21 fä
443 396 63 19 utses
517 394 83 21 endast
610 394 62 21 inom
684 394 140 21 kommunen
835 393 91 22 bosatta
936 393 47 22 val-

224 427 147 29 berättigade
386 435 110 22 personer
510 428 126 27 uteslutits,
653 428 29 21 dä
698 430 33 19 ett
747 427 162 22 motsvarande
924 428 60 21 stad-

225 461 79 29 gande
319 462 65 27 ingår
400 463 8 20 i
425 464 26 20 14
466 463 17 27 &.
513 463 125 20 Dessutom
653 463 41 20 har
710 470 28 13 en
754 462 36 21 del
806 462 26 21 af
845 465 138 19 momentets

224 496 78 29 öfriga
317 497 104 21 innehåll
437 500 66 25 synts
518 497 137 28 lämpligare
671 497 71 21 hafva
763 497 35 20 sin
822 497 60 28 plats
898 497 7 21 i
926 504 57 14 sam-

225 531 119 28 manhang
360 532 51 21 med
431 532 206 28 bestämningarna
652 539 37 14 om
706 531 27 22 de
749 532 175 28 förrättningar,
944 531 38 21 vid

224 565 82 22 hvilka
331 566 142 21 elektorerne
504 566 41 21 och
577 566 178 29 suppleanterne
780 566 36 21 för
841 566 51 21 dem
918 566 65 21 skola

224 600 82 28 väljas.

294 635 12 20 I
321 635 67 28 fråga
404 642 36 14 om
457 635 217 28 mantalsskrifning
687 635 43 21 och
746 635 236 21 kommunalbeskatt-

224 669 58 28 ning
306 670 75 21 såsom
405 670 76 21 vilkor
505 669 35 22 för
562 669 128 22 utöfvande
714 669 26 22 af
753 671 47 19 rätt
815 672 35 18 att
866 669 116 28 deltaga
971 665 15 37 i

224 703 141 22 elektorsval
388 704 34 21 uti
447 704 46 21 viss
517 704 117 26 kommun,
657 704 118 21 äfvensom
800 703 119 29 angående
938 703 44 21 den

224 738 89 21 värkan
346 738 112 29 flyttning
485 739 51 21 från
571 746 28 13 en
630 741 36 19 ort
685 739 30 28 på
740 738 79 21 landet
844 738 36 21 till
906 745 76 14 annan

224 772 95 21 utöfvar
334 773 31 28 på
380 773 121 26 valrätten,
517 773 109 21 hänvisas
639 773 35 21 till
685 773 61 21 hvad
757 773 7 20 i
776 772 82 22 sådant
874 772 108 21 afseende

224 807 90 21 anförts
330 807 98 22 rörande
443 807 115 22 valrätten
575 807 35 22 till
627 807 201 29 Borgareståndet.

294 841 93 29 Frågan
404 849 36 14 om
456 842 85 21 valrätt
556 842 37 21 för
608 842 146 28 tjänstemän,
771 849 48 14 som
836 845 39 18 äro
892 841 91 22 bosatta

224 876 30 28 på
270 876 86 27 landet,
368 876 48 27 har,
427 877 74 21 såsom
516 876 100 29 tidigare
627 876 95 26 berörts,
737 877 4 20 i
752 876 174 28 propositionen
937 875 45 22 fått

224 910 45 21 den
285 910 100 28 lösning,
402 913 35 19 att
451 910 117 22 desamma
584 910 100 22 likstälts
705 910 52 22 med
778 910 75 28 öfriga
865 910 30 28 på
905 910 77 21 lands-

224 944 111 29 byggden
350 945 91 22 bosatta
452 952 113 22 personer.
588 945 35 22 Af
630 952 116 21 personer,
757 952 49 14 som
818 948 38 18 äro
868 944 114 22 anställda

224 979 6 20 i
246 979 92 22 landets
362 979 77 29 tjänst,
463 980 91 21 komme
579 980 59 21 dock
662 979 74 28 enligt
755 979 174 28 propositionen
946 979 35 21 till

223 1013 148 22 landsstaten
393 1014 102 21 hörande
519 1014 139 29 tjänstemän
680 1014 43 21 och
747 1013 102 29 betjänte
872 1016 34 19 att
926 1013 57 22 fort-

223 1047 97 22 farande
344 1048 69 21 förbli
429 1049 8 20 i
453 1049 112 21 afsaknad
588 1049 26 20 af
633 1049 91 20 valrätt.
754 1048 36 21 Då
804 1047 179 29 ifrågavarande

224 1081 140 29 tjänstemän
382 1083 42 21 och
441 1083 101 28 betjänte
558 1091 48 13 mer
622 1087 29 17 än
667 1083 72 21 andra
755 1083 35 20 stå
807 1083 7 20 i
830 1082 113 21 beroende
960 1082 26 21 af

224 1117 51 20 sina
290 1117 98 27 förmän,
404 1117 43 22 och
463 1117 29 22 då
507 1119 23 20 21
545 1118 8 27 $
567 1112 21 38 L.
604 1117 25 22 O.
641 1117 159 28 uttryckligen
811 1120 84 18 värnar
905 1116 78 22 landt-

224 1151 140 29 dagsvalens
387 1152 71 21 frihet
481 1152 50 21 frän
555 1152 32 21 all
602 1152 119 29 pävärkan
737 1159 83 21 genom
836 1151 146 28 tjänstemän,

223 1186 83 21 tvekar
321 1186 122 21 Utskottet
459 1186 19 28 ej
495 1189 34 18 att
540 1186 86 21 föreslä
642 1185 170 30 godkännande
837 1185 26 22 af
880 1186 103 28 proposi-

223 1220 81 21 tionen
320 1221 35 20 uti
365 1220 150 22 förevarande
527 1221 114 21 afseende.
658 1221 42 21 Att
708 1221 88 28 jämväl
807 1220 176 29 polisbetjänin-

222 1262 46 20 gen
280 1255 30 28 pä
320 1255 87 26 landet,
418 1263 47 14 som
477 1259 72 18 ersatt
560 1255 28 22 de
600 1255 98 29 tidigare
707 1255 103 28 betjänte
818 1255 40 21 vid
868 1254 115 22 landssta-

223 1291 47 25 ten,
287 1289 48 21 bro-
353 1289 43 21 och
412 1290 178 28 skallfogdarne,
607 1290 125 28 inrymmes
748 1289 73 21 under
842 1289 141 21 bestämnin-

222 1330 46 20 gen
284 1323 75 29 enligt
374 1323 45 21 den
435 1324 131 28 föreslagna
583 1324 161 28 affattningen,
760 1323 42 22 har
811 1323 121 22 Utskottet
943 1331 39 13 au-

222 1360 48 18 sett
285 1357 52 22 icke
352 1358 80 21 kunna
447 1360 72 20 sättas
534 1358 7 21 i
558 1358 72 28 fråga.

292 1392 151 22 Beträffande
459 1392 28 22 de
510 1392 151 30 stadganden,
683 1400 48 14 som
755 1393 61 27 angä
839 1392 145 28 granskning

222 1426 27 22 af
262 1427 179 28 röstlängderna
463 1427 42 21 och
529 1428 155 28 anmärkning
707 1430 48 18 mot
771 1427 123 27 desamma,
911 1426 71 22 hafva

295 1508 196 23 irundlagsutskottets
505 1509 110 17 betänkande
630 1511 35 15 N:o
677 1511 15 15 1.
