1098 1745
231 136 27 18 14
463 133 27 22 U.
507 134 27 21 B.
550 146 28 2 —
594 133 74 28 Prop.
686 133 40 23 N:o
743 133 19 22 1.

230 205 138 28 genomgått
386 205 45 22 fem
451 205 86 22 klasser
556 205 8 21 i
582 205 91 28 lyceum
688 205 57 22 eller
757 204 163 23 motsvarande
931 204 60 21 läro-

230 239 66 28 värk,
324 239 56 22 eller
407 240 43 21 ock
477 239 73 30 högre
568 239 116 22 folkskola
704 239 43 22 och
766 239 135 22 därutöfver
918 239 72 22 minst

231 277 88 18 tvänne
347 274 88 22 klasser
457 275 57 21 eller
533 274 93 29 tväärig
644 275 56 21 kurs
718 274 6 21 i
744 273 245 22 folkskolläraresemi-

231 309 99 27 narium,
349 309 164 28 navigations-,
533 308 110 22 industri-
656 309 57 21 eller
722 308 198 30 jordbruksskola,
931 308 60 21 lika-

231 343 64 22 ledes
322 351 27 14 en
375 343 152 30 tilläggsröst,
555 345 60 20 samt
636 343 112 29 slutligen
766 343 52 27 den,
838 350 49 14 som
905 342 86 22 vunnit

232 377 92 22 inträde
343 377 41 22 vid
402 378 91 21 landets
511 378 139 21 universitet
668 378 56 21 eller
752 377 97 22 afslutat
876 377 55 22 kurs
950 376 41 22 vid

232 412 77 22 finska
336 411 161 29 kadettkären,
524 413 166 28 polytekniska
720 412 128 27 institutet,
880 411 111 22 Mustiala

233 446 237 22 landtbruksinstitut
488 447 56 21 eller
562 446 183 30 forstinstitutet,
764 447 36 21 två
813 446 178 28 tilläggsröster.

304 480 129 29 Angående
452 482 80 21 skälen
551 481 37 21 till
607 483 35 20 att
659 480 145 23 förestående
817 480 175 28 bestämningar

235 515 53 21 icke
311 516 57 28 ingå
392 516 8 21 i
427 516 44 22 den
498 516 87 28 nådiga
611 516 151 28 proposition,
790 522 49 14 som
857 515 40 21 vid
916 514 75 22 denna

234 549 117 29 landtdag
369 550 165 22 öfverlämnats
553 550 37 22 till
610 550 142 22 Ständernas
771 549 139 29 antagande,
929 549 62 21 med-

235 584 53 22 dela
313 584 28 22 de
365 584 122 22 Utskottet
514 584 125 22 tillställda
665 584 173 29 handlingarna
864 584 51 22 icke
933 591 58 21 upp-

234 618 101 29 lysning.
372 619 35 21 På
433 627 28 14 en
489 620 22 21 af
534 619 124 22 Utskottet
675 620 42 21 hos
736 618 154 23 ordföranden
909 618 7 21 i
935 618 56 28 Kej-

233 653 87 29 serliga
340 653 101 23 Senaten
459 655 35 21 uti
512 654 122 22 skrifvelse
653 654 23 22 af
695 654 45 21 den
758 654 31 20 22
808 653 103 22 februari
926 652 64 22 1905

234 688 68 28 gjord
320 688 172 29 framställning
514 691 35 19 att
567 688 88 22 erhålla
673 688 38 22 del
730 688 23 22 af
770 688 87 28 jämväl
875 687 27 21 de
918 686 73 22 hand-

234 722 84 29 lingar,
337 730 49 14 som
405 724 58 20 efter
481 723 40 21 det
539 723 113 21 Senatens
670 722 162 29 underdåniga
852 722 139 22 hemställan

235 757 23 21 af
276 758 26 20 år
323 757 64 21 1902
407 758 52 21 med
477 757 87 29 förslag
583 758 37 21 till
639 757 71 29 nådig
729 757 146 29 proposition
897 756 94 28 aflåtits,

234 791 40 21 vid
296 791 108 23 ärendets
421 792 80 22 vidare
520 792 179 29 handläggning
717 791 142 28 tillkommit,
878 790 42 23 har
938 798 54 14 svar

234 829 64 18 ännu
316 826 21 29 ej
357 826 83 29 ingått.

372 933 147 27 Motivering
534 933 41 21 till
592 933 138 22 Utskottets
745 931 103 27 förslag.

304 998 36 21 En
359 998 117 29 väsentlig
503 998 170 28 förutsättning
692 998 34 21 för
744 1000 36 19 att
798 997 194 28 folkrepresenta-

232 1032 82 22 tionen
342 1033 38 20 må
407 1033 80 21 kunna
513 1032 59 29 fylla
600 1033 36 21 sin
662 1033 96 28 uppgift
785 1035 25 18 är
828 1033 36 20 att
882 1031 28 22 de
929 1031 64 22 olika

233 1074 104 21 grupper
356 1067 23 21 af
398 1067 158 28 medborgare,
575 1067 81 22 hvilka
674 1067 112 22 nationen
805 1066 116 27 omfattar,
940 1065 52 22 däri

233 1101 137 22 företrädas.
406 1102 91 22 Endast
523 1109 85 21 genom
635 1104 35 20 att
688 1101 28 22 de
735 1101 63 22 olika
816 1101 114 21 intressen
948 1100 44 22 och

234 1136 183 28 önskningsmål,
437 1144 48 14 som
503 1140 53 18 röra
574 1136 36 28 sig
628 1136 62 22 inom
710 1136 80 27 folket,
818 1135 143 29 återspeglas
984 1135 7 21 i

232 1170 224 29 representationen,
474 1171 47 21 kan
540 1170 134 22 densamma
692 1170 33 22 bli
744 1178 29 14 en
792 1177 59 15 sann
879 1170 49 21 tolk
956 1170 37 21 för

233 1204 132 29 folkviljan.
402 1204 46 22 Vid
467 1205 241 28 sammansättningen
736 1205 22 21 af
783 1204 29 22 de
836 1204 157 29 parlamenta-

233 1239 65 21 riska
316 1239 195 29 församlingarna
528 1239 68 29 följes
614 1240 110 27 vanligen
753 1239 44 21 ock
824 1246 95 14 numera
947 1238 46 22 den

231 1273 159 28 grundsatsen
418 1276 35 19 att
480 1274 66 22 deras
574 1274 150 22 medlemmar
747 1273 57 21 eller
828 1286 28 2 —
880 1272 42 22 där
946 1273 46 21 för-

232 1308 133 28 samlingen
384 1308 93 21 arbetar
495 1309 29 28 på
542 1310 88 20 tvänne
649 1308 147 28 afdelningar
814 1308 56 21 eller
898 1307 94 22 kamrar

233 1354 29 3 —
281 1342 142 22 åtminstone
441 1342 159 22 ledamöterna
618 1343 8 21 i
644 1342 45 22 den
708 1350 44 14 ena
771 1342 135 22 kammaren
930 1344 63 19 utses

233 1383 85 21 genom
342 1377 119 22 allmänna
485 1377 42 22 och
545 1377 9 21 i
573 1377 80 28 regeln
674 1376 148 23 omedelbara
840 1376 46 22 val.
921 1375 72 22 Detta

234 1410 100 23 innebär
361 1411 61 22 dock
449 1412 20 28 ej
499 1413 35 20 att
561 1411 46 22 alla
625 1411 151 29 medborgare
795 1413 58 20 utan
871 1410 122 28 undantag

232 1444 68 23 skola
319 1445 72 23 hafva
409 1448 48 19 rätt
475 1448 35 20 att
528 1446 95 29 deltaga
641 1446 8 21 i
672 1446 76 22 valen.
784 1445 127 22 Uteslutna
933 1444 60 22 däri-

305 1489 219 23 Grundlagsutskottets
537 1490 120 18 betänkande
670 1491 38 17 N:o
721 1492 15 16 1.
