1092 1698
354 140 23 22 U.
393 140 22 22 B.
432 154 26 3 —
475 140 60 28 Prop.
553 140 35 22 N:o
603 140 22 22 6.
842 141 27 19 58

182 243 90 22 Varder
294 244 71 22 skifte
388 243 100 22 ändradt
510 251 84 22 genom
617 244 60 28 dom,
696 251 49 14 som
760 243 43 23 har
817 243 54 29 laga
912 247 69 24 1258.

114 278 71 28 kraft,
196 277 61 22 skall
268 277 129 30 ändringen
408 277 169 30 ofördröjligen
587 278 98 22 utföras.
704 278 12 21 I
726 277 85 22 sädant
821 276 48 29 fall,

115 313 25 21 sä
162 312 44 22 ock
228 313 30 21 dä
279 312 147 22 förfarandet
444 312 75 29 enligt
534 313 29 21 60
577 312 14 29 &
607 312 60 22 skall
683 313 50 20 äter
747 316 123 25 upptagas,

114 347 70 21 lände
204 347 145 21 beträffande
364 347 135 21 utsättande
515 347 27 21 af
555 349 54 26 nytt
624 347 173 21 sammanträde
812 348 60 19 samt

115 381 185 28 förrättningens
315 381 112 29 fortgäng
442 381 44 22 och
504 381 134 22 afslutande
653 381 8 21 i
677 381 142 28 tillämpliga
833 380 39 22 de-

115 415 36 23 lar
172 415 38 22 till
232 415 163 28 efterrättelse,
412 415 61 22 hvad
496 417 9 20 i
528 415 77 23 denna
624 415 123 29 afdelning
762 415 27 22 af
803 414 69 29 lagen

116 445 101 38 stadgas.
442 457 3 3 i

185 485 50 21 Har
250 484 228 29 egodelningsrätten
493 485 41 21 vid
550 484 170 22 sammanträde
736 484 63 22 inom
815 483 57 22 skif-
914 488 39 17 125?
966 487 16 23 8.

117 519 99 28 teslaget
239 519 63 21 dömt
322 519 37 21 till
378 519 107 29 ändring,
502 519 44 22 och
561 519 104 22 förklara
680 519 37 29 sig
731 519 142 28 sakegarene

116 553 31 29 pä
162 553 78 22 stället
256 553 93 21 dermed
364 553 76 28 nöjde,
457 553 71 22 varde
544 553 129 29 ändringen
689 555 82 27 genast
785 552 87 28 utförd,

117 587 41 22 der
174 588 25 21 sä
214 587 127 29 lämpligen
356 587 41 22 ske
412 587 54 22 kan.

880 648 43 22 11:0)
931 647 87 19 Tillträdet

464 673 28 22 64
509 675 20 26 &.
887 672 18 17 af
916 671 89 18 skitteslot-

921 695 54 17 terna.

187 725 87 21 Finnes
296 725 14 21 å
332 724 137 29 skifteslott,
493 725 29 22 dä
545 725 111 28 sakegare
672 732 54 21 eger
741 724 134 22 densamma
890 720 8 38 =
920 729 31 17 129
964 727 17 24 8.

117 759 113 28 tillträda,
253 759 105 22 växande
380 759 79 29 gröda,
482 767 56 14 vare
559 760 108 21 markens
691 760 61 21 förre
767 758 107 23 innehaf-

118 801 55 14 vare
192 794 131 29 berättigad
347 796 34 19 att
404 794 44 21 den
467 795 104 28 afberga,
592 794 41 21 der
648 794 28 21 de
692 794 21 29 ej
729 793 146 22 annorlunda

119 828 105 29 åsämjas.

187 863 50 21 Har
252 863 110 29 sakegare
377 863 8 21 i
401 863 60 29 följd
477 864 71 21 häraf
561 863 51 22 icke
628 864 36 21 sin
679 863 130 29 tillbörliga
819 862 56 22 vidd

120 897 27 22 af
160 897 70 22 odlad
243 897 52 29 jord
310 897 38 22 till
362 898 88 24 utsäde,
466 898 72 21 varde
554 898 131 28 ersättning
701 897 78 22 derför
795 897 26 21 af
829 897 46 21 för-

119 932 219 28 rättningsmännen
360 932 112 22 särskildt
496 932 110 22 bestämd.
637 932 47 21 Till
699 931 176 27 sammanträde,

120 973 49 14 som
192 966 38 21 för
253 966 132 22 ändamålet
408 966 80 28 hålles,
504 966 57 22 böra
584 966 142 29 sakegarene
747 966 129 28 bevisligen

119 1000 83 28 kallas,
218 1000 44 22 och
277 1000 69 22 lände
357 1000 147 22 beträffande
514 1000 186 29 förrättningens
711 1000 111 29 fortgång
833 999 43 22 och

121 1034 132 22 afslutande
272 1036 60 20 samt
347 1034 217 29 ändringssökande
580 1035 49 21 deri
643 1035 9 21 i
666 1034 88 29 nödiga
765 1034 64 22 delar
839 1033 38 23 till

121 1068 165 28 efterrättelse,
309 1068 62 23 hvad
389 1069 8 21 i
418 1070 77 20 denna
514 1069 121 29 afdelning
651 1070 27 21 af
691 1069 69 29 lagen
775 1068 102 29 stadgas.

467 1138 28 22 65
512 1140 20 25 8.

190 1178 90 29 Vägras
296 1178 111 29 sakegare
422 1180 34 19 att
471 1178 106 22 tillträda
588 1178 129 22 skifteslott
727 1178 14 21 å
753 1178 74 21 utsatt
835 1176 42 27 tid,
923 1182 32 17 130
968 1180 16 24 8.

122 1219 42 22 ege
179 1212 42 22 hos
237 1213 201 28 utmätningsman
453 1213 87 28 begära
556 1213 72 28 nödig
643 1212 183 29 handräckning.

886 1263 44 22 12:0)
939 1261 84 22 Jemkning

899 1286 4 4 i
917 1285 93 18 lagståndet

468 1287 29 22 66
514 1289 20 26 &
899 1291 4 12 a
922 1289 81 36 ps

191 1338 79 21 Gitter
289 1338 111 29 sakegare
414 1339 52 20 visa
482 1340 35 19 att
531 1338 40 21 vid
587 1338 133 28 lagständet
735 1337 72 22 skifte
822 1337 33 22 fel
870 1337 9 21 i
924 1343 32 16 131
970 1341 16 22 8.

121 1372 160 29 uträkningen
304 1373 84 20 honom
411 1373 38 20 till
472 1373 73 21 skada
560 1373 119 28 förelupit,
696 1372 69 21 hafve
781 1374 48 19 rätt
844 1373 35 20 att

121 1405 64 22 inom
201 1406 47 22 fem
264 1407 26 21 år
304 1407 61 20 efter
380 1406 40 21 det
434 1407 86 21 skiftet
534 1406 81 22 blifvit
630 1406 134 29 lagständet
773 1406 42 22 hos
827 1412 52 23 ego-

122 1439 188 28 delningsrätten
325 1440 57 21 söka
394 1440 125 29 jemkning
534 1441 27 21 af
574 1441 37 21 sin
626 1441 51 22 lott.

192 1479 52 24 Lag-
257 1480 34 18 och
304 1480 183 18 ekonomiutskottets
501 1480 115 18 betänkande
628 1479 38 19 N:o
679 1481 18 17 5.
