<?xml version="1.0" encoding="UTF-8"?>
<alto xmlns="http://www.loc.gov/standards/alto/ns-v3#" xmlns:xlink="http://www.w3.org/1999/xlink" xmlns:xsi="http://www.w3.org/2001/XMLSchema-instance" xsi:schemaLocation="http://www.loc.gov/standards/alto/ns-v3# http://www.loc.gov/alto/v3/alto-3-0.xsd">
	<Description>
		<MeasurementUnit>pixel</MeasurementUnit>
		<sourceImageInformation>
			<fileName>/tmp/tess_te0mnlsv_input.PNG</fileName>
		</sourceImageInformation>
		<OCRProcessing ID="OCR_0">
			<ocrProcessingStep>
				<processingSoftware>
					<softwareName>tesseract 5.3.4</softwareName>
				</processingSoftware>
			</ocrProcessingStep>
		</OCRProcessing>
	</Description>
	<Layout>
		<Page WIDTH="1092" HEIGHT="1742" PHYSICAL_IMG_NR="0" ID="page_0">
			<PrintSpace HPOS="0" VPOS="0" WIDTH="1092" HEIGHT="1742">
				<ComposedBlock ID="cblock_0" HPOS="216" VPOS="143" WIDTH="544" HEIGHT="29">
					<TextBlock ID="block_0" HPOS="216" VPOS="143" WIDTH="544" HEIGHT="29">
						<TextLine ID="line_0" HPOS="216" VPOS="143" WIDTH="544" HEIGHT="29">
							<String ID="string_0" HPOS="216" VPOS="143" WIDTH="27" HEIGHT="21" WC="0.96" CONTENT="66"/><SP WIDTH="210" VPOS="143" HPOS="243"/>
							<String ID="string_1" HPOS="453" VPOS="144" WIDTH="29" HEIGHT="22" WC="0.93" CONTENT="U."/><SP WIDTH="16" VPOS="144" HPOS="482"/>
							<String ID="string_2" HPOS="498" VPOS="144" WIDTH="28" HEIGHT="22" WC="0.92" CONTENT="B."/><SP WIDTH="16" VPOS="144" HPOS="526"/>
							<String ID="string_3" HPOS="542" VPOS="157" WIDTH="28" HEIGHT="3" WC="0.92" CONTENT="—"/><SP WIDTH="16" VPOS="157" HPOS="570"/>
							<String ID="string_4" HPOS="586" VPOS="144" WIDTH="75" HEIGHT="28" WC="0.95" CONTENT="Prop."/><SP WIDTH="16" VPOS="144" HPOS="661"/>
							<String ID="string_5" HPOS="677" VPOS="144" WIDTH="46" HEIGHT="22" WC="0.95" CONTENT="N:o"/><SP WIDTH="16" VPOS="144" HPOS="723"/>
							<String ID="string_6" HPOS="739" VPOS="144" WIDTH="21" HEIGHT="22" WC="0.95" CONTENT="5."/>
						</TextLine>
					</TextBlock>
				</ComposedBlock>
				<ComposedBlock ID="cblock_1" HPOS="213" VPOS="212" WIDTH="761" HEIGHT="1264">
					<TextBlock ID="block_1" HPOS="213" VPOS="212" WIDTH="761" HEIGHT="1264">
						<TextLine ID="line_1" HPOS="216" VPOS="212" WIDTH="758" HEIGHT="28">
							<String ID="string_7" HPOS="216" VPOS="212" WIDTH="134" HEIGHT="27" WC="0.92" CONTENT="gemenligen"/><SP WIDTH="26" VPOS="212" HPOS="350"/>
							<String ID="string_8" HPOS="376" VPOS="212" WIDTH="133" HEIGHT="28" WC="0.96" CONTENT="understiger"/><SP WIDTH="24" VPOS="212" HPOS="509"/>
							<String ID="string_9" HPOS="533" VPOS="213" WIDTH="40" HEIGHT="21" WC="0.93" CONTENT="den"/><SP WIDTH="27" VPOS="213" HPOS="573"/>
							<String ID="string_10" HPOS="600" VPOS="213" WIDTH="91" HEIGHT="21" WC="0.95" CONTENT="därifrån"/><SP WIDTH="27" VPOS="213" HPOS="691"/>
							<String ID="string_11" HPOS="718" VPOS="212" WIDTH="103" HEIGHT="28" WC="0.93" CONTENT="utgående"/><SP WIDTH="24" VPOS="212" HPOS="821"/>
							<String ID="string_12" HPOS="845" VPOS="213" WIDTH="129" HEIGHT="27" WC="0.92" CONTENT="vägskatten,"/>
						</TextLine>
						<TextLine ID="line_2" HPOS="216" VPOS="246" WIDTH="758" HEIGHT="28">
							<String ID="string_13" HPOS="216" VPOS="246" WIDTH="84" HEIGHT="21" WC="0.92" CONTENT="komme"/><SP WIDTH="17" VPOS="246" HPOS="300"/>
							<String ID="string_14" HPOS="317" VPOS="248" WIDTH="29" HEIGHT="20" WC="0.93" CONTENT="att"/><SP WIDTH="16" VPOS="248" HPOS="346"/>
							<String ID="string_15" HPOS="362" VPOS="246" WIDTH="106" HEIGHT="22" WC="0.92" CONTENT="förorsaka"/><SP WIDTH="16" VPOS="246" HPOS="468"/>
							<String ID="string_16" HPOS="484" VPOS="247" WIDTH="139" HEIGHT="27" WC="0.92" CONTENT="uppkomsten"/><SP WIDTH="18" VPOS="247" HPOS="623"/>
							<String ID="string_17" HPOS="641" VPOS="247" WIDTH="107" HEIGHT="21" WC="0.92" CONTENT="därstädes"/><SP WIDTH="15" VPOS="247" HPOS="748"/>
							<String ID="string_18" HPOS="763" VPOS="248" WIDTH="21" HEIGHT="20" WC="0.96" CONTENT="af"/><SP WIDTH="17" VPOS="248" HPOS="784"/>
							<String ID="string_19" HPOS="801" VPOS="254" WIDTH="26" HEIGHT="14" WC="0.93" CONTENT="en"/><SP WIDTH="20" VPOS="254" HPOS="827"/>
							<String ID="string_20" HPOS="847" VPOS="247" WIDTH="127" HEIGHT="27" WC="0.90" CONTENT="myckenhet"/>
						</TextLine>
						<TextLine ID="line_3" HPOS="216" VPOS="280" WIDTH="757" HEIGHT="27">
							<String ID="string_21" HPOS="216" VPOS="280" WIDTH="132" HEIGHT="27" WC="0.92" CONTENT="landsvägar,"/><SP WIDTH="24" VPOS="280" HPOS="348"/>
							<String ID="string_22" HPOS="372" VPOS="281" WIDTH="80" HEIGHT="20" WC="0.92" CONTENT="hvilkas"/><SP WIDTH="22" VPOS="281" HPOS="452"/>
							<String ID="string_23" HPOS="474" VPOS="283" WIDTH="58" HEIGHT="24" WC="0.84" CONTENT="nyttä"/><SP WIDTH="22" VPOS="283" HPOS="532"/>
							<String ID="string_24" HPOS="554" VPOS="281" WIDTH="53" HEIGHT="20" WC="0.96" CONTENT="dock"/><SP WIDTH="23" VPOS="281" HPOS="607"/>
							<String ID="string_25" HPOS="630" VPOS="281" WIDTH="43" HEIGHT="20" WC="0.93" CONTENT="ofta"/><SP WIDTH="16" VPOS="281" HPOS="673"/>
							<String ID="string_26" HPOS="689" VPOS="288" WIDTH="50" HEIGHT="14" WC="0.92" CONTENT="vore"/><SP WIDTH="16" VPOS="288" HPOS="739"/>
							<String ID="string_27" HPOS="755" VPOS="281" WIDTH="132" HEIGHT="26" WC="0.91" CONTENT="tvifvelaktig"/><SP WIDTH="14" VPOS="281" HPOS="887"/>
							<String ID="string_28" HPOS="901" VPOS="281" WIDTH="72" HEIGHT="21" WC="0.88" CONTENT="äfven-"/>
						</TextLine>
						<TextLine ID="line_4" HPOS="216" VPOS="314" WIDTH="757" HEIGHT="28">
							<String ID="string_29" HPOS="216" VPOS="321" WIDTH="46" HEIGHT="14" WC="0.93" CONTENT="som"/><SP WIDTH="23" VPOS="321" HPOS="262"/>
							<String ID="string_30" HPOS="285" VPOS="314" WIDTH="57" HEIGHT="21" WC="0.90" CONTENT="äldre"/><SP WIDTH="24" VPOS="314" HPOS="342"/>
							<String ID="string_31" HPOS="366" VPOS="315" WIDTH="88" HEIGHT="21" WC="0.92" CONTENT="sädanas"/><SP WIDTH="23" VPOS="315" HPOS="454"/>
							<String ID="string_32" HPOS="477" VPOS="315" WIDTH="39" HEIGHT="21" WC="0.96" CONTENT="och"/><SP WIDTH="20" VPOS="315" HPOS="516"/>
							<String ID="string_33" HPOS="536" VPOS="315" WIDTH="31" HEIGHT="21" WC="0.96" CONTENT="till"/><SP WIDTH="16" VPOS="315" HPOS="567"/>
							<String ID="string_34" HPOS="583" VPOS="315" WIDTH="48" HEIGHT="21" WC="0.93" CONTENT="dem"/><SP WIDTH="16" VPOS="315" HPOS="631"/>
							<String ID="string_35" HPOS="647" VPOS="315" WIDTH="94" HEIGHT="21" WC="0.91" CONTENT="hörande"/><SP WIDTH="16" VPOS="315" HPOS="741"/>
							<String ID="string_36" HPOS="757" VPOS="315" WIDTH="72" HEIGHT="21" WC="0.92" CONTENT="broars"/><SP WIDTH="16" VPOS="315" HPOS="829"/>
							<String ID="string_37" HPOS="845" VPOS="315" WIDTH="38" HEIGHT="21" WC="0.93" CONTENT="och"/><SP WIDTH="16" VPOS="315" HPOS="883"/>
							<String ID="string_38" HPOS="899" VPOS="315" WIDTH="74" HEIGHT="27" WC="0.93" CONTENT="färjors"/>
						</TextLine>
						<TextLine ID="line_5" HPOS="216" VPOS="349" WIDTH="755" HEIGHT="28">
							<String ID="string_39" HPOS="216" VPOS="349" WIDTH="136" HEIGHT="28" WC="0.91" CONTENT="ombyggnad"/><SP WIDTH="23" VPOS="349" HPOS="352"/>
							<String ID="string_40" HPOS="375" VPOS="350" WIDTH="65" HEIGHT="27" WC="0.96" CONTENT="enligt"/><SP WIDTH="23" VPOS="350" HPOS="440"/>
							<String ID="string_41" HPOS="463" VPOS="356" WIDTH="26" HEIGHT="15" WC="0.93" CONTENT="en"/><SP WIDTH="23" VPOS="356" HPOS="489"/>
							<String ID="string_42" HPOS="512" VPOS="349" WIDTH="105" HEIGHT="22" WC="0.91" CONTENT="mähända"/><SP WIDTH="23" VPOS="349" HPOS="617"/>
							<String ID="string_43" HPOS="640" VPOS="350" WIDTH="123" HEIGHT="26" WC="0.91" CONTENT="hällbarare,"/><SP WIDTH="24" VPOS="350" HPOS="763"/>
							<String ID="string_44" HPOS="787" VPOS="356" WIDTH="48" HEIGHT="15" WC="0.93" CONTENT="men"/><SP WIDTH="16" VPOS="356" HPOS="835"/>
							<String ID="string_45" HPOS="851" VPOS="350" WIDTH="120" HEIGHT="27" WC="0.92" CONTENT="onödigtvis"/>
						</TextLine>
						<TextLine ID="line_6" HPOS="216" VPOS="384" WIDTH="756" HEIGHT="27">
							<String ID="string_46" HPOS="216" VPOS="384" WIDTH="93" HEIGHT="20" WC="0.92" CONTENT="kostsam"/><SP WIDTH="17" VPOS="384" HPOS="309"/>
							<String ID="string_47" HPOS="326" VPOS="384" WIDTH="187" HEIGHT="27" WC="0.92" CONTENT="byggnadsmetod."/><SP WIDTH="31" VPOS="384" HPOS="513"/>
							<String ID="string_48" HPOS="544" VPOS="384" WIDTH="85" HEIGHT="21" WC="0.91" CONTENT="Samma"/><SP WIDTH="17" VPOS="384" HPOS="629"/>
							<String ID="string_49" HPOS="646" VPOS="384" WIDTH="182" HEIGHT="21" WC="0.91" CONTENT="missförhällande"/><SP WIDTH="15" VPOS="384" HPOS="828"/>
							<String ID="string_50" HPOS="843" VPOS="385" WIDTH="38" HEIGHT="20" WC="0.93" CONTENT="har"/><SP WIDTH="14" VPOS="385" HPOS="881"/>
							<String ID="string_51" HPOS="895" VPOS="384" WIDTH="77" HEIGHT="27" WC="0.92" CONTENT="jämväl"/>
						</TextLine>
						<TextLine ID="line_7" HPOS="216" VPOS="415" WIDTH="758" HEIGHT="30">
							<String ID="string_52" HPOS="216" VPOS="417" WIDTH="88" HEIGHT="28" WC="0.96" CONTENT="påståtts"/><SP WIDTH="23" VPOS="417" HPOS="304"/>
							<String ID="string_53" HPOS="327" VPOS="419" WIDTH="84" HEIGHT="20" WC="0.82" CONTENT="komma"/><SP WIDTH="23" VPOS="419" HPOS="411"/>
							<String ID="string_54" HPOS="434" VPOS="421" WIDTH="29" HEIGHT="18" WC="0.82" CONTENT="att"/><SP WIDTH="21" VPOS="421" HPOS="463"/>
							<String ID="string_55" HPOS="484" VPOS="419" WIDTH="120" HEIGHT="21" WC="0.93" CONTENT="föranledas"/><SP WIDTH="23" VPOS="419" HPOS="604"/>
							<String ID="string_56" HPOS="627" VPOS="415" WIDTH="64" HEIGHT="30" WC="0.96" CONTENT="däraf,"/><SP WIDTH="17" VPOS="415" HPOS="691"/>
							<String ID="string_57" HPOS="708" VPOS="421" WIDTH="30" HEIGHT="18" WC="0.93" CONTENT="att"/><SP WIDTH="22" VPOS="421" HPOS="738"/>
							<String ID="string_58" HPOS="760" VPOS="419" WIDTH="115" HEIGHT="26" WC="0.96" CONTENT="utgifterna"/><SP WIDTH="15" VPOS="419" HPOS="875"/>
							<String ID="string_59" HPOS="890" VPOS="419" WIDTH="32" HEIGHT="20" WC="0.93" CONTENT="för"/><SP WIDTH="15" VPOS="419" HPOS="922"/>
							<String ID="string_60" HPOS="937" VPOS="425" WIDTH="37" HEIGHT="14" WC="0.92" CONTENT="an-"/>
						</TextLine>
						<TextLine ID="line_8" HPOS="216" VPOS="453" WIDTH="757" HEIGHT="27">
							<String ID="string_61" HPOS="216" VPOS="453" WIDTH="122" HEIGHT="26" WC="0.92" CONTENT="läggnings-"/><SP WIDTH="22" VPOS="453" HPOS="338"/>
							<String ID="string_62" HPOS="360" VPOS="453" WIDTH="38" HEIGHT="20" WC="0.92" CONTENT="och"/><SP WIDTH="23" VPOS="453" HPOS="398"/>
							<String ID="string_63" HPOS="421" VPOS="453" WIDTH="227" HEIGHT="27" WC="0.92" CONTENT="ombyggnadsföretag"/><SP WIDTH="23" VPOS="453" HPOS="648"/>
							<String ID="string_64" HPOS="671" VPOS="453" WIDTH="12" HEIGHT="20" WC="0.90" CONTENT="å"/><SP WIDTH="16" VPOS="453" HPOS="683"/>
							<String ID="string_65" HPOS="699" VPOS="459" WIDTH="26" HEIGHT="15" WC="0.92" CONTENT="en"/><SP WIDTH="23" VPOS="459" HPOS="725"/>
							<String ID="string_66" HPOS="748" VPOS="453" WIDTH="60" HEIGHT="25" WC="0.94" CONTENT="trakt,"/><SP WIDTH="22" VPOS="453" HPOS="808"/>
							<String ID="string_67" HPOS="830" VPOS="459" WIDTH="34" HEIGHT="14" WC="0.89" CONTENT="om"/><SP WIDTH="23" VPOS="459" HPOS="864"/>
							<String ID="string_68" HPOS="887" VPOS="453" WIDTH="39" HEIGHT="20" WC="0.96" CONTENT="ock"/><SP WIDTH="22" VPOS="453" HPOS="926"/>
							<String ID="string_69" HPOS="948" VPOS="453" WIDTH="25" HEIGHT="20" WC="0.96" CONTENT="de"/>
						</TextLine>
						<TextLine ID="line_9" HPOS="216" VPOS="487" WIDTH="758" HEIGHT="28">
							<String ID="string_70" HPOS="216" VPOS="487" WIDTH="244" HEIGHT="21" WC="0.91" CONTENT="därsammastädesifrän"/><SP WIDTH="26" VPOS="487" HPOS="460"/>
							<String ID="string_71" HPOS="486" VPOS="487" WIDTH="104" HEIGHT="28" WC="0.89" CONTENT="utgäende"/><SP WIDTH="23" VPOS="487" HPOS="590"/>
							<String ID="string_72" HPOS="613" VPOS="487" WIDTH="154" HEIGHT="21" WC="0.91" CONTENT="skattemedlen"/><SP WIDTH="17" VPOS="487" HPOS="767"/>
							<String ID="string_73" HPOS="784" VPOS="487" WIDTH="71" HEIGHT="21" WC="0.96" CONTENT="kunde"/><SP WIDTH="16" VPOS="487" HPOS="855"/>
							<String ID="string_74" HPOS="871" VPOS="487" WIDTH="103" HEIGHT="21" WC="0.96" CONTENT="beräknas"/>
						</TextLine>
						<TextLine ID="line_10" HPOS="216" VPOS="521" WIDTH="758" HEIGHT="28">
							<String ID="string_75" HPOS="216" VPOS="521" WIDTH="48" HEIGHT="21" WC="0.91" CONTENT="icke"/><SP WIDTH="24" VPOS="521" HPOS="264"/>
							<String ID="string_76" HPOS="288" VPOS="523" WIDTH="96" HEIGHT="26" WC="0.91" CONTENT="uppväga"/><SP WIDTH="22" VPOS="523" HPOS="384"/>
							<String ID="string_77" HPOS="406" VPOS="522" WIDTH="54" HEIGHT="27" WC="0.96" CONTENT="dem,"/><SP WIDTH="16" VPOS="522" HPOS="460"/>
							<String ID="string_78" HPOS="476" VPOS="522" WIDTH="53" HEIGHT="21" WC="0.92" CONTENT="dock"/><SP WIDTH="24" VPOS="522" HPOS="529"/>
							<String ID="string_79" HPOS="553" VPOS="522" WIDTH="84" HEIGHT="21" WC="0.92" CONTENT="komme"/><SP WIDTH="22" VPOS="522" HPOS="637"/>
							<String ID="string_80" HPOS="659" VPOS="524" WIDTH="30" HEIGHT="19" WC="0.93" CONTENT="att"/><SP WIDTH="15" VPOS="524" HPOS="689"/>
							<String ID="string_81" HPOS="704" VPOS="521" WIDTH="97" HEIGHT="22" WC="0.92" CONTENT="betäckas"/><SP WIDTH="16" VPOS="521" HPOS="801"/>
							<String ID="string_82" HPOS="817" VPOS="521" WIDTH="48" HEIGHT="21" WC="0.92" CONTENT="med"/><SP WIDTH="17" VPOS="521" HPOS="865"/>
							<String ID="string_83" HPOS="882" VPOS="521" WIDTH="11" HEIGHT="21" WC="0.91" CONTENT="ä"/><SP WIDTH="16" VPOS="521" HPOS="893"/>
							<String ID="string_84" HPOS="909" VPOS="521" WIDTH="65" HEIGHT="20" WC="0.96" CONTENT="andra"/>
						</TextLine>
						<TextLine ID="line_11" HPOS="216" VPOS="555" WIDTH="750" HEIGHT="29">
							<String ID="string_85" HPOS="216" VPOS="555" WIDTH="43" HEIGHT="22" WC="0.64" CONTENT="håll"/><SP WIDTH="16" VPOS="555" HPOS="259"/>
							<String ID="string_86" HPOS="275" VPOS="556" WIDTH="127" HEIGHT="28" WC="0.88" CONTENT="förofintliga"/><SP WIDTH="15" VPOS="556" HPOS="402"/>
							<String ID="string_87" HPOS="417" VPOS="557" WIDTH="115" HEIGHT="21" WC="0.69" CONTENT="öfvorskott"/><SP WIDTH="15" VPOS="557" HPOS="532"/>
							<String ID="string_88" HPOS="547" VPOS="556" WIDTH="51" HEIGHT="21" WC="0.89" CONTENT="ollor"/><SP WIDTH="15" VPOS="556" HPOS="598"/>
							<String ID="string_89" HPOS="613" VPOS="558" WIDTH="66" HEIGHT="19" WC="0.96" CONTENT="större"/><SP WIDTH="14" VPOS="558" HPOS="679"/>
							<String ID="string_90" HPOS="693" VPOS="556" WIDTH="62" HEIGHT="21" WC="0.96" CONTENT="andel"/><SP WIDTH="13" VPOS="556" HPOS="755"/>
							<String ID="string_91" HPOS="768" VPOS="563" WIDTH="25" HEIGHT="14" WC="0.90" CONTENT="ur"/><SP WIDTH="10" VPOS="563" HPOS="793"/>
							<String ID="string_92" HPOS="803" VPOS="555" WIDTH="163" HEIGHT="28" WC="0.77" CONTENT="kronohidragot"/>
						</TextLine>
						<TextLine ID="line_12" HPOS="216" VPOS="589" WIDTH="757" HEIGHT="29">
							<String ID="string_93" HPOS="216" VPOS="589" WIDTH="85" HEIGHT="22" WC="0.91" CONTENT="Därhän"/><SP WIDTH="24" VPOS="589" HPOS="301"/>
							<String ID="string_94" HPOS="325" VPOS="591" WIDTH="106" HEIGHT="21" WC="0.93" CONTENT="förmenas"/><SP WIDTH="23" VPOS="591" HPOS="431"/>
							<String ID="string_95" HPOS="454" VPOS="591" WIDTH="61" HEIGHT="21" WC="0.92" CONTENT="äfven"/><SP WIDTH="23" VPOS="591" HPOS="515"/>
							<String ID="string_96" HPOS="538" VPOS="591" WIDTH="41" HEIGHT="21" WC="0.93" CONTENT="den"/><SP WIDTH="24" VPOS="591" HPOS="579"/>
							<String ID="string_97" HPOS="603" VPOS="591" WIDTH="182" HEIGHT="27" WC="0.92" CONTENT="omständigheten"/><SP WIDTH="25" VPOS="591" HPOS="785"/>
							<String ID="string_98" HPOS="810" VPOS="590" WIDTH="69" HEIGHT="27" WC="0.95" CONTENT="verka,"/><SP WIDTH="16" VPOS="590" HPOS="879"/>
							<String ID="string_99" HPOS="895" VPOS="592" WIDTH="29" HEIGHT="19" WC="0.95" CONTENT="att"/><SP WIDTH="23" VPOS="592" HPOS="924"/>
							<String ID="string_100" HPOS="947" VPOS="590" WIDTH="26" HEIGHT="20" WC="0.96" CONTENT="de"/>
						</TextLine>
						<TextLine ID="line_13" HPOS="216" VPOS="625" WIDTH="757" HEIGHT="28">
							<String ID="string_101" HPOS="216" VPOS="625" WIDTH="185" HEIGHT="28" WC="0.92" CONTENT="vägskattpliktige"/><SP WIDTH="21" VPOS="625" HPOS="401"/>
							<String ID="string_102" HPOS="422" VPOS="625" WIDTH="46" HEIGHT="21" WC="0.92" CONTENT="icke"/><SP WIDTH="22" VPOS="625" HPOS="468"/>
							<String ID="string_103" HPOS="490" VPOS="625" WIDTH="67" HEIGHT="21" WC="0.93" CONTENT="direkt"/><SP WIDTH="16" VPOS="625" HPOS="557"/>
							<String ID="string_104" HPOS="573" VPOS="625" WIDTH="84" HEIGHT="21" WC="0.92" CONTENT="komme"/><SP WIDTH="17" VPOS="625" HPOS="657"/>
							<String ID="string_105" HPOS="674" VPOS="627" WIDTH="31" HEIGHT="19" WC="0.93" CONTENT="att"/><SP WIDTH="14" VPOS="627" HPOS="705"/>
							<String ID="string_106" HPOS="719" VPOS="625" WIDTH="69" HEIGHT="21" WC="0.90" CONTENT="känna"/><SP WIDTH="15" VPOS="625" HPOS="788"/>
							<String ID="string_107" HPOS="803" VPOS="625" WIDTH="32" HEIGHT="27" WC="0.93" CONTENT="sig"/><SP WIDTH="16" VPOS="625" HPOS="835"/>
							<String ID="string_108" HPOS="851" VPOS="625" WIDTH="85" HEIGHT="20" WC="0.92" CONTENT="träffade"/><SP WIDTH="17" VPOS="625" HPOS="936"/>
							<String ID="string_109" HPOS="953" VPOS="625" WIDTH="20" HEIGHT="20" WC="0.96" CONTENT="af"/>
						</TextLine>
						<TextLine ID="line_14" HPOS="216" VPOS="659" WIDTH="757" HEIGHT="28">
							<String ID="string_110" HPOS="216" VPOS="659" WIDTH="118" HEIGHT="21" WC="0.91" CONTENT="kostnaden"/><SP WIDTH="19" VPOS="659" HPOS="334"/>
							<String ID="string_111" HPOS="353" VPOS="659" WIDTH="32" HEIGHT="21" WC="0.93" CONTENT="för"/><SP WIDTH="15" VPOS="659" HPOS="385"/>
							<String ID="string_112" HPOS="400" VPOS="660" WIDTH="71" HEIGHT="27" WC="0.93" CONTENT="hvarje"/><SP WIDTH="43" VPOS="660" HPOS="471"/>
							<String ID="string_113" HPOS="514" VPOS="660" WIDTH="61" HEIGHT="21" WC="0.93" CONTENT="deras"/><SP WIDTH="15" VPOS="660" HPOS="575"/>
							<String ID="string_114" HPOS="590" VPOS="659" WIDTH="122" HEIGHT="28" WC="0.92" CONTENT="hembyggd"/><SP WIDTH="16" VPOS="659" HPOS="712"/>
							<String ID="string_115" HPOS="728" VPOS="660" WIDTH="107" HEIGHT="27" WC="0.93" CONTENT="företagen"/><SP WIDTH="16" VPOS="660" HPOS="835"/>
							<String ID="string_116" HPOS="851" VPOS="659" WIDTH="122" HEIGHT="27" WC="0.92" CONTENT="landsvägs-"/>
						</TextLine>
						<TextLine ID="line_15" HPOS="216" VPOS="693" WIDTH="756" HEIGHT="28">
							<String ID="string_117" HPOS="216" VPOS="693" WIDTH="130" HEIGHT="28" WC="0.91" CONTENT="anläggning"/><SP WIDTH="25" VPOS="693" HPOS="346"/>
							<String ID="string_118" HPOS="371" VPOS="694" WIDTH="51" HEIGHT="21" WC="0.87" CONTENT="eller"/><SP WIDTH="25" VPOS="694" HPOS="422"/>
							<String ID="string_119" HPOS="447" VPOS="694" WIDTH="134" HEIGHT="27" WC="0.87" CONTENT="ombyggnad"/><SP WIDTH="26" VPOS="694" HPOS="581"/>
							<String ID="string_120" HPOS="607" VPOS="695" WIDTH="21" HEIGHT="20" WC="0.93" CONTENT="af"/><SP WIDTH="23" VPOS="695" HPOS="628"/>
							<String ID="string_121" HPOS="651" VPOS="694" WIDTH="107" HEIGHT="27" WC="0.91" CONTENT="landsväg,"/><SP WIDTH="24" VPOS="694" HPOS="758"/>
							<String ID="string_122" HPOS="782" VPOS="694" WIDTH="37" HEIGHT="21" WC="0.96" CONTENT="bro"/><SP WIDTH="23" VPOS="694" HPOS="819"/>
							<String ID="string_123" HPOS="842" VPOS="693" WIDTH="51" HEIGHT="22" WC="0.92" CONTENT="eller"/><SP WIDTH="22" VPOS="693" HPOS="893"/>
							<String ID="string_124" HPOS="915" VPOS="694" WIDTH="57" HEIGHT="26" WC="0.92" CONTENT="färja."/>
						</TextLine>
						<TextLine ID="line_16" HPOS="216" VPOS="727" WIDTH="757" HEIGHT="26">
							<String ID="string_125" HPOS="216" VPOS="727" WIDTH="56" HEIGHT="22" WC="0.96" CONTENT="Gent"/><SP WIDTH="11" VPOS="727" HPOS="272"/>
							<String ID="string_126" HPOS="283" VPOS="731" WIDTH="57" HEIGHT="18" WC="0.95" CONTENT="emot"/><SP WIDTH="10" VPOS="731" HPOS="340"/>
							<String ID="string_127" HPOS="350" VPOS="728" WIDTH="37" HEIGHT="21" WC="0.95" CONTENT="allt"/><SP WIDTH="11" VPOS="728" HPOS="387"/>
							<String ID="string_128" HPOS="398" VPOS="729" WIDTH="56" HEIGHT="20" WC="0.96" CONTENT="detta"/><SP WIDTH="11" VPOS="729" HPOS="454"/>
							<String ID="string_129" HPOS="465" VPOS="729" WIDTH="37" HEIGHT="20" WC="0.93" CONTENT="har"/><SP WIDTH="10" VPOS="729" HPOS="502"/>
							<String ID="string_130" HPOS="512" VPOS="729" WIDTH="107" HEIGHT="20" WC="0.93" CONTENT="Utskottet"/><SP WIDTH="11" VPOS="729" HPOS="619"/>
							<String ID="string_131" HPOS="630" VPOS="729" WIDTH="31" HEIGHT="20" WC="0.96" CONTENT="till"/><SP WIDTH="12" VPOS="729" HPOS="661"/>
							<String ID="string_132" HPOS="673" VPOS="729" WIDTH="52" HEIGHT="20" WC="0.96" CONTENT="först"/><SP WIDTH="12" VPOS="729" HPOS="725"/>
							<String ID="string_133" HPOS="737" VPOS="728" WIDTH="55" HEIGHT="21" WC="0.92" CONTENT="velat"/><SP WIDTH="9" VPOS="728" HPOS="792"/>
							<String ID="string_134" HPOS="801" VPOS="728" WIDTH="62" HEIGHT="21" WC="0.92" CONTENT="hafva"/><SP WIDTH="8" VPOS="728" HPOS="863"/>
							<String ID="string_135" HPOS="871" VPOS="728" WIDTH="102" HEIGHT="25" WC="0.93" CONTENT="anmärkt,"/>
						</TextLine>
						<TextLine ID="line_17" HPOS="216" VPOS="762" WIDTH="758" HEIGHT="28">
							<String ID="string_136" HPOS="216" VPOS="764" WIDTH="30" HEIGHT="19" WC="0.95" CONTENT="att"/><SP WIDTH="15" VPOS="764" HPOS="246"/>
							<String ID="string_137" HPOS="261" VPOS="769" WIDTH="26" HEIGHT="14" WC="0.92" CONTENT="en"/><SP WIDTH="22" VPOS="769" HPOS="287"/>
							<String ID="string_138" HPOS="309" VPOS="763" WIDTH="79" HEIGHT="27" WC="0.91" CONTENT="ökning"/><SP WIDTH="19" VPOS="763" HPOS="388"/>
							<String ID="string_139" HPOS="407" VPOS="763" WIDTH="29" HEIGHT="20" WC="0.92" CONTENT="uti"/><SP WIDTH="18" VPOS="763" HPOS="436"/>
							<String ID="string_140" HPOS="454" VPOS="763" WIDTH="265" HEIGHT="27" WC="0.91" CONTENT="väghällningskostnaden"/><SP WIDTH="16" VPOS="763" HPOS="719"/>
							<String ID="string_141" HPOS="735" VPOS="763" WIDTH="7" HEIGHT="20" WC="0.93" CONTENT="i"/><SP WIDTH="15" VPOS="763" HPOS="742"/>
							<String ID="string_142" HPOS="757" VPOS="762" WIDTH="70" HEIGHT="27" WC="0.91" CONTENT="nägon"/><SP WIDTH="17" VPOS="762" HPOS="827"/>
							<String ID="string_143" HPOS="844" VPOS="762" WIDTH="33" HEIGHT="21" WC="0.96" CONTENT="del"/><SP WIDTH="16" VPOS="762" HPOS="877"/>
							<String ID="string_144" HPOS="893" VPOS="762" WIDTH="21" HEIGHT="21" WC="0.93" CONTENT="af"/><SP WIDTH="15" VPOS="762" HPOS="914"/>
							<String ID="string_145" HPOS="929" VPOS="763" WIDTH="45" HEIGHT="20" WC="0.90" CONTENT="fan-"/>
						</TextLine>
						<TextLine ID="line_18" HPOS="216" VPOS="796" WIDTH="758" HEIGHT="29">
							<String ID="string_146" HPOS="216" VPOS="796" WIDTH="35" HEIGHT="21" WC="0.92" CONTENT="det"/><SP WIDTH="23" VPOS="796" HPOS="251"/>
							<String ID="string_147" HPOS="274" VPOS="797" WIDTH="103" HEIGHT="27" WC="0.45" CONTENT="klarligen"/><SP WIDTH="24" VPOS="797" HPOS="377"/>
							<String ID="string_148" HPOS="401" VPOS="797" WIDTH="61" HEIGHT="21" WC="0.96" CONTENT="äfven"/><SP WIDTH="24" VPOS="797" HPOS="462"/>
							<String ID="string_149" HPOS="486" VPOS="797" WIDTH="81" HEIGHT="21" WC="0.96" CONTENT="medför"/><SP WIDTH="15" VPOS="797" HPOS="567"/>
							<String ID="string_150" HPOS="582" VPOS="804" WIDTH="25" HEIGHT="14" WC="0.93" CONTENT="en"/><SP WIDTH="18" VPOS="804" HPOS="607"/>
							<String ID="string_151" HPOS="625" VPOS="797" WIDTH="94" HEIGHT="28" WC="0.96" CONTENT="stegring"/><SP WIDTH="16" VPOS="797" HPOS="719"/>
							<String ID="string_152" HPOS="735" VPOS="797" WIDTH="20" HEIGHT="21" WC="0.93" CONTENT="af"/><SP WIDTH="15" VPOS="797" HPOS="755"/>
							<String ID="string_153" HPOS="770" VPOS="797" WIDTH="204" HEIGHT="26" WC="0.90" CONTENT="väghällningskost-"/>
						</TextLine>
						<TextLine ID="line_19" HPOS="216" VPOS="831" WIDTH="757" HEIGHT="28">
							<String ID="string_154" HPOS="216" VPOS="831" WIDTH="70" HEIGHT="21" WC="0.92" CONTENT="naden"/><SP WIDTH="23" VPOS="831" HPOS="286"/>
							<String ID="string_155" HPOS="309" VPOS="831" WIDTH="33" HEIGHT="21" WC="0.96" CONTENT="för"/><SP WIDTH="20" VPOS="831" HPOS="342"/>
							<String ID="string_156" HPOS="362" VPOS="831" WIDTH="48" HEIGHT="22" WC="0.95" CONTENT="hela"/><SP WIDTH="17" VPOS="831" HPOS="410"/>
							<String ID="string_157" HPOS="427" VPOS="831" WIDTH="76" HEIGHT="28" WC="0.93" CONTENT="landet,"/><SP WIDTH="16" VPOS="831" HPOS="503"/>
							<String ID="string_158" HPOS="519" VPOS="832" WIDTH="73" HEIGHT="21" WC="0.92" CONTENT="hvaraf"/><SP WIDTH="15" VPOS="832" HPOS="592"/>
							<String ID="string_159" HPOS="607" VPOS="832" WIDTH="50" HEIGHT="24" WC="0.93" CONTENT="äter,"/><SP WIDTH="16" VPOS="832" HPOS="657"/>
							<String ID="string_160" HPOS="673" VPOS="831" WIDTH="27" HEIGHT="22" WC="0.96" CONTENT="dä"/><SP WIDTH="15" VPOS="831" HPOS="700"/>
							<String ID="string_161" HPOS="715" VPOS="832" WIDTH="70" HEIGHT="21" WC="0.96" CONTENT="denna"/><SP WIDTH="16" VPOS="832" HPOS="785"/>
							<String ID="string_162" HPOS="801" VPOS="833" WIDTH="22" HEIGHT="19" WC="0.96" CONTENT="är"/><SP WIDTH="17" VPOS="833" HPOS="823"/>
							<String ID="string_163" HPOS="840" VPOS="831" WIDTH="41" HEIGHT="21" WC="0.96" CONTENT="den"/><SP WIDTH="16" VPOS="831" HPOS="881"/>
							<String ID="string_164" HPOS="897" VPOS="837" WIDTH="40" HEIGHT="14" WC="0.96" CONTENT="ena"/><SP WIDTH="15" VPOS="837" HPOS="937"/>
							<String ID="string_165" HPOS="952" VPOS="831" WIDTH="21" HEIGHT="20" WC="0.96" CONTENT="af"/>
						</TextLine>
						<TextLine ID="line_20" HPOS="216" VPOS="865" WIDTH="755" HEIGHT="28">
							<String ID="string_166" HPOS="216" VPOS="865" WIDTH="26" HEIGHT="21" WC="0.93" CONTENT="de"/><SP WIDTH="14" VPOS="865" HPOS="242"/>
							<String ID="string_167" HPOS="256" VPOS="865" WIDTH="98" HEIGHT="25" WC="0.92" CONTENT="faktorer,"/><SP WIDTH="12" VPOS="865" HPOS="354"/>
							<String ID="string_168" HPOS="366" VPOS="872" WIDTH="44" HEIGHT="14" WC="0.93" CONTENT="som"/><SP WIDTH="12" VPOS="872" HPOS="410"/>
							<String ID="string_169" HPOS="422" VPOS="866" WIDTH="126" HEIGHT="21" WC="0.92" CONTENT="bestämmer"/><SP WIDTH="12" VPOS="866" HPOS="548"/>
							<String ID="string_170" HPOS="560" VPOS="867" WIDTH="134" HEIGHT="26" WC="0.93" CONTENT="vägskattens"/><SP WIDTH="11" VPOS="867" HPOS="694"/>
							<String ID="string_171" HPOS="705" VPOS="866" WIDTH="84" HEIGHT="24" WC="0.93" CONTENT="storlek,"/><SP WIDTH="11" VPOS="866" HPOS="789"/>
							<String ID="string_172" HPOS="800" VPOS="865" WIDTH="101" HEIGHT="27" WC="0.93" CONTENT="härflyter"/><SP WIDTH="10" VPOS="865" HPOS="901"/>
							<String ID="string_173" HPOS="911" VPOS="865" WIDTH="60" HEIGHT="21" WC="0.93" CONTENT="äfven"/>
						</TextLine>
						<TextLine ID="line_21" HPOS="216" VPOS="900" WIDTH="757" HEIGHT="28">
							<String ID="string_174" HPOS="216" VPOS="906" WIDTH="26" HEIGHT="14" WC="0.95" CONTENT="en"/><SP WIDTH="24" VPOS="906" HPOS="242"/>
							<String ID="string_175" HPOS="266" VPOS="900" WIDTH="149" HEIGHT="21" WC="0.93" CONTENT="motsvarande"/><SP WIDTH="24" VPOS="900" HPOS="415"/>
							<String ID="string_176" HPOS="439" VPOS="900" WIDTH="78" HEIGHT="27" WC="0.91" CONTENT="ökning"/><SP WIDTH="23" VPOS="900" HPOS="517"/>
							<String ID="string_177" HPOS="540" VPOS="900" WIDTH="21" HEIGHT="21" WC="0.96" CONTENT="af"/><SP WIDTH="22" VPOS="900" HPOS="561"/>
							<String ID="string_178" HPOS="583" VPOS="900" WIDTH="76" HEIGHT="28" WC="0.93" CONTENT="denna,"/><SP WIDTH="19" VPOS="900" HPOS="659"/>
							<String ID="string_179" HPOS="678" VPOS="900" WIDTH="84" HEIGHT="21" WC="0.93" CONTENT="hvilken"/><SP WIDTH="18" VPOS="900" HPOS="762"/>
							<String ID="string_180" HPOS="780" VPOS="900" WIDTH="92" HEIGHT="26" WC="0.92" CONTENT="äterigen"/><SP WIDTH="17" VPOS="900" HPOS="872"/>
							<String ID="string_181" HPOS="889" VPOS="900" WIDTH="84" HEIGHT="20" WC="0.92" CONTENT="komme"/>
						</TextLine>
						<TextLine ID="line_22" HPOS="215" VPOS="934" WIDTH="758" HEIGHT="28">
							<String ID="string_182" HPOS="215" VPOS="935" WIDTH="30" HEIGHT="19" WC="0.92" CONTENT="att"/><SP WIDTH="21" VPOS="935" HPOS="245"/>
							<String ID="string_183" HPOS="266" VPOS="934" WIDTH="80" HEIGHT="20" WC="0.96" CONTENT="drabba"/><SP WIDTH="23" VPOS="934" HPOS="346"/>
							<String ID="string_184" HPOS="369" VPOS="934" WIDTH="26" HEIGHT="22" WC="0.93" CONTENT="de"/><SP WIDTH="27" VPOS="934" HPOS="395"/>
							<String ID="string_185" HPOS="422" VPOS="934" WIDTH="199" HEIGHT="28" WC="0.91" CONTENT="vägskattskyldige."/><SP WIDTH="37" VPOS="934" HPOS="621"/>
							<String ID="string_186" HPOS="658" VPOS="934" WIDTH="97" HEIGHT="22" WC="0.93" CONTENT="Insikten"/><SP WIDTH="28" VPOS="934" HPOS="755"/>
							<String ID="string_187" HPOS="783" VPOS="934" WIDTH="72" HEIGHT="20" WC="0.93" CONTENT="härom"/><SP WIDTH="29" VPOS="934" HPOS="855"/>
							<String ID="string_188" HPOS="884" VPOS="934" WIDTH="89" HEIGHT="20" WC="0.82" CONTENT="likasom"/>
						</TextLine>
						<TextLine ID="line_23" HPOS="215" VPOS="968" WIDTH="758" HEIGHT="22">
							<String ID="string_189" HPOS="215" VPOS="968" WIDTH="89" HEIGHT="20" WC="0.95" CONTENT="känslan"/><SP WIDTH="18" VPOS="968" HPOS="304"/>
							<String ID="string_190" HPOS="322" VPOS="968" WIDTH="20" HEIGHT="21" WC="0.96" CONTENT="af"/><SP WIDTH="16" VPOS="968" HPOS="342"/>
							<String ID="string_191" HPOS="358" VPOS="970" WIDTH="30" HEIGHT="20" WC="0.96" CONTENT="att"/><SP WIDTH="10" VPOS="970" HPOS="388"/>
							<String ID="string_192" HPOS="398" VPOS="976" WIDTH="49" HEIGHT="14" WC="0.96" CONTENT="man"/><SP WIDTH="17" VPOS="976" HPOS="447"/>
							<String ID="string_193" HPOS="464" VPOS="969" WIDTH="62" HEIGHT="21" WC="0.93" CONTENT="äfven"/><SP WIDTH="16" VPOS="969" HPOS="526"/>
							<String ID="string_194" HPOS="542" VPOS="969" WIDTH="11" HEIGHT="21" WC="0.91" CONTENT="å"/><SP WIDTH="16" VPOS="969" HPOS="553"/>
							<String ID="string_195" HPOS="569" VPOS="969" WIDTH="66" HEIGHT="21" WC="0.96" CONTENT="andra"/><SP WIDTH="15" VPOS="969" HPOS="635"/>
							<String ID="string_196" HPOS="650" VPOS="969" WIDTH="80" HEIGHT="21" WC="0.96" CONTENT="trakter"/><SP WIDTH="15" VPOS="969" HPOS="730"/>
							<String ID="string_197" HPOS="745" VPOS="968" WIDTH="72" HEIGHT="21" WC="0.93" CONTENT="kunde"/><SP WIDTH="11" VPOS="968" HPOS="817"/>
							<String ID="string_198" HPOS="828" VPOS="968" WIDTH="54" HEIGHT="20" WC="0.91" CONTENT="inslå"/><SP WIDTH="10" VPOS="968" HPOS="882"/>
							<String ID="string_199" HPOS="892" VPOS="974" WIDTH="81" HEIGHT="14" WC="0.96" CONTENT="samma"/>
						</TextLine>
						<TextLine ID="line_24" HPOS="214" VPOS="1002" WIDTH="758" HEIGHT="28">
							<String ID="string_200" HPOS="214" VPOS="1002" WIDTH="129" HEIGHT="28" WC="0.95" CONTENT="förfarande,"/><SP WIDTH="16" VPOS="1002" HPOS="343"/>
							<String ID="string_201" HPOS="359" VPOS="1003" WIDTH="137" HEIGHT="27" WC="0.95" CONTENT="hvarigenom"/><SP WIDTH="16" VPOS="1003" HPOS="496"/>
							<String ID="string_202" HPOS="512" VPOS="1004" WIDTH="40" HEIGHT="20" WC="0.96" CONTENT="den"/><SP WIDTH="23" VPOS="1004" HPOS="552"/>
							<String ID="string_203" HPOS="575" VPOS="1010" WIDTH="37" HEIGHT="20" WC="0.93" CONTENT="per"/><SP WIDTH="22" VPOS="1010" HPOS="612"/>
							<String ID="string_204" HPOS="634" VPOS="1005" WIDTH="76" HEIGHT="25" WC="0.91" CONTENT="vägöre"/><SP WIDTH="17" VPOS="1005" HPOS="710"/>
							<String ID="string_205" HPOS="727" VPOS="1003" WIDTH="104" HEIGHT="27" WC="0.96" CONTENT="utgående"/><SP WIDTH="16" VPOS="1003" HPOS="831"/>
							<String ID="string_206" HPOS="847" VPOS="1002" WIDTH="83" HEIGHT="21" WC="0.96" CONTENT="skatten"/><SP WIDTH="16" VPOS="1002" HPOS="930"/>
							<String ID="string_207" HPOS="946" VPOS="1004" WIDTH="26" HEIGHT="18" WC="0.96" CONTENT="än"/>
						</TextLine>
						<TextLine ID="line_25" HPOS="214" VPOS="1036" WIDTH="759" HEIGHT="28">
							<String ID="string_208" HPOS="214" VPOS="1036" WIDTH="124" HEIGHT="28" WC="0.93" CONTENT="ytterligare"/><SP WIDTH="16" VPOS="1036" HPOS="338"/>
							<String ID="string_209" HPOS="354" VPOS="1038" WIDTH="114" HEIGHT="26" WC="0.92" CONTENT="stegrades,"/><SP WIDTH="15" VPOS="1038" HPOS="468"/>
							<String ID="string_210" HPOS="483" VPOS="1038" WIDTH="63" HEIGHT="21" WC="0.96" CONTENT="hafva"/><SP WIDTH="15" VPOS="1038" HPOS="546"/>
							<String ID="string_211" HPOS="561" VPOS="1040" WIDTH="60" HEIGHT="24" WC="0.96" CONTENT="synts"/><SP WIDTH="16" VPOS="1040" HPOS="621"/>
							<String ID="string_212" HPOS="637" VPOS="1037" WIDTH="108" HEIGHT="22" WC="0.96" CONTENT="Utskottet"/><SP WIDTH="19" VPOS="1037" HPOS="745"/>
							<String ID="string_213" HPOS="764" VPOS="1037" WIDTH="81" HEIGHT="27" WC="0.95" CONTENT="egnade"/><SP WIDTH="22" VPOS="1037" HPOS="845"/>
							<String ID="string_214" HPOS="867" VPOS="1038" WIDTH="30" HEIGHT="19" WC="0.96" CONTENT="att"/><SP WIDTH="19" VPOS="1038" HPOS="897"/>
							<String ID="string_215" HPOS="916" VPOS="1037" WIDTH="57" HEIGHT="26" WC="0.96" CONTENT="tjäna"/>
						</TextLine>
						<TextLine ID="line_26" HPOS="215" VPOS="1070" WIDTH="759" HEIGHT="30">
							<String ID="string_216" HPOS="215" VPOS="1070" WIDTH="69" HEIGHT="22" WC="0.93" CONTENT="såsom"/><SP WIDTH="11" VPOS="1070" HPOS="284"/>
							<String ID="string_217" HPOS="295" VPOS="1072" WIDTH="87" HEIGHT="20" WC="0.92" CONTENT="hämsko"/><SP WIDTH="12" VPOS="1072" HPOS="382"/>
							<String ID="string_218" HPOS="394" VPOS="1072" WIDTH="6" HEIGHT="20" WC="0.96" CONTENT="i"/><SP WIDTH="13" VPOS="1072" HPOS="400"/>
							<String ID="string_219" HPOS="413" VPOS="1072" WIDTH="35" HEIGHT="21" WC="0.96" CONTENT="det"/><SP WIDTH="14" VPOS="1072" HPOS="448"/>
							<String ID="string_220" HPOS="462" VPOS="1072" WIDTH="105" HEIGHT="26" WC="0.93" CONTENT="afseende,"/><SP WIDTH="12" VPOS="1072" HPOS="567"/>
							<String ID="string_221" HPOS="579" VPOS="1072" WIDTH="86" HEIGHT="21" WC="0.92" CONTENT="hvarom"/><SP WIDTH="13" VPOS="1072" HPOS="665"/>
							<String ID="string_222" HPOS="678" VPOS="1072" WIDTH="58" HEIGHT="28" WC="0.96" CONTENT="fråga"/><SP WIDTH="11" VPOS="1072" HPOS="736"/>
							<String ID="string_223" HPOS="747" VPOS="1074" WIDTH="28" HEIGHT="18" WC="0.96" CONTENT="är."/><SP WIDTH="19" VPOS="1074" HPOS="775"/>
							<String ID="string_224" HPOS="794" VPOS="1072" WIDTH="105" HEIGHT="20" WC="0.96" CONTENT="Utskottet"/><SP WIDTH="13" VPOS="1072" HPOS="899"/>
							<String ID="string_225" HPOS="912" VPOS="1078" WIDTH="62" HEIGHT="14" WC="0.96" CONTENT="anser"/>
						</TextLine>
						<TextLine ID="line_27" HPOS="215" VPOS="1105" WIDTH="758" HEIGHT="27">
							<String ID="string_226" HPOS="215" VPOS="1105" WIDTH="126" HEIGHT="27" WC="0.96" CONTENT="emellertid,"/><SP WIDTH="15" VPOS="1105" HPOS="341"/>
							<String ID="string_227" HPOS="356" VPOS="1108" WIDTH="30" HEIGHT="18" WC="0.96" CONTENT="att"/><SP WIDTH="13" VPOS="1108" HPOS="386"/>
							<String ID="string_228" HPOS="399" VPOS="1106" WIDTH="119" HEIGHT="21" WC="0.96" CONTENT="oberoende"/><SP WIDTH="15" VPOS="1106" HPOS="518"/>
							<String ID="string_229" HPOS="533" VPOS="1106" WIDTH="59" HEIGHT="21" WC="0.96" CONTENT="häraf"/><SP WIDTH="15" VPOS="1106" HPOS="592"/>
							<String ID="string_230" HPOS="607" VPOS="1113" WIDTH="26" HEIGHT="14" WC="0.93" CONTENT="en"/><SP WIDTH="16" VPOS="1113" HPOS="633"/>
							<String ID="string_231" HPOS="649" VPOS="1106" WIDTH="142" HEIGHT="21" WC="0.91" CONTENT="öfverdrifven"/><SP WIDTH="17" VPOS="1106" HPOS="791"/>
							<String ID="string_232" HPOS="808" VPOS="1105" WIDTH="165" HEIGHT="27" WC="0.92" CONTENT="byggnadsifver"/>
						</TextLine>
						<TextLine ID="line_28" HPOS="214" VPOS="1139" WIDTH="760" HEIGHT="28">
							<String ID="string_233" HPOS="214" VPOS="1139" WIDTH="70" HEIGHT="21" WC="0.91" CONTENT="skulle"/><SP WIDTH="23" VPOS="1139" HPOS="284"/>
							<String ID="string_234" HPOS="307" VPOS="1140" WIDTH="129" HEIGHT="27" WC="0.91" CONTENT="tillbörligen"/><SP WIDTH="16" VPOS="1140" HPOS="436"/>
							<String ID="string_235" HPOS="452" VPOS="1140" WIDTH="112" HEIGHT="27" WC="0.96" CONTENT="begränsas"/><SP WIDTH="23" VPOS="1140" HPOS="564"/>
							<String ID="string_236" HPOS="587" VPOS="1147" WIDTH="77" HEIGHT="20" WC="0.96" CONTENT="genom"/><SP WIDTH="23" VPOS="1147" HPOS="664"/>
							<String ID="string_237" HPOS="687" VPOS="1142" WIDTH="30" HEIGHT="19" WC="0.93" CONTENT="att"/><SP WIDTH="23" VPOS="1142" HPOS="717"/>
							<String ID="string_238" HPOS="740" VPOS="1140" WIDTH="125" HEIGHT="27" WC="0.91" CONTENT="pröfningen"/><SP WIDTH="21" VPOS="1140" HPOS="865"/>
							<String ID="string_239" HPOS="886" VPOS="1140" WIDTH="39" HEIGHT="20" WC="0.91" CONTENT="och"/><SP WIDTH="18" VPOS="1140" HPOS="925"/>
							<String ID="string_240" HPOS="943" VPOS="1139" WIDTH="31" HEIGHT="21" WC="0.91" CONTENT="af-"/>
						</TextLine>
						<TextLine ID="line_29" HPOS="214" VPOS="1173" WIDTH="758" HEIGHT="29">
							<String ID="string_241" HPOS="214" VPOS="1174" WIDTH="105" HEIGHT="26" WC="0.91" CONTENT="görandet"/><SP WIDTH="15" VPOS="1174" HPOS="319"/>
							<String ID="string_242" HPOS="334" VPOS="1174" WIDTH="21" HEIGHT="20" WC="0.96" CONTENT="af"/><SP WIDTH="15" VPOS="1174" HPOS="355"/>
							<String ID="string_243" HPOS="370" VPOS="1174" WIDTH="71" HEIGHT="27" WC="0.95" CONTENT="frågor"/><SP WIDTH="15" VPOS="1174" HPOS="441"/>
							<String ID="string_244" HPOS="456" VPOS="1181" WIDTH="34" HEIGHT="14" WC="0.96" CONTENT="om"/><SP WIDTH="16" VPOS="1181" HPOS="490"/>
							<String ID="string_245" HPOS="506" VPOS="1175" WIDTH="128" HEIGHT="27" WC="0.96" CONTENT="anläggning"/><SP WIDTH="23" VPOS="1175" HPOS="634"/>
							<String ID="string_246" HPOS="657" VPOS="1175" WIDTH="38" HEIGHT="20" WC="0.96" CONTENT="och"/><SP WIDTH="19" VPOS="1175" HPOS="695"/>
							<String ID="string_247" HPOS="714" VPOS="1174" WIDTH="135" HEIGHT="27" WC="0.96" CONTENT="ombyggnad"/><SP WIDTH="16" VPOS="1174" HPOS="849"/>
							<String ID="string_248" HPOS="865" VPOS="1174" WIDTH="21" HEIGHT="20" WC="0.92" CONTENT="af"/><SP WIDTH="15" VPOS="1174" HPOS="886"/>
							<String ID="string_249" HPOS="901" VPOS="1173" WIDTH="71" HEIGHT="21" WC="0.89" CONTENT="lands-"/>
						</TextLine>
						<TextLine ID="line_30" HPOS="215" VPOS="1208" WIDTH="758" HEIGHT="28">
							<String ID="string_250" HPOS="215" VPOS="1209" WIDTH="70" HEIGHT="25" WC="0.96" CONTENT="vägar,"/><SP WIDTH="17" VPOS="1209" HPOS="285"/>
							<String ID="string_251" HPOS="302" VPOS="1208" WIDTH="61" HEIGHT="20" WC="0.96" CONTENT="broar"/><SP WIDTH="16" VPOS="1208" HPOS="363"/>
							<String ID="string_252" HPOS="379" VPOS="1208" WIDTH="39" HEIGHT="21" WC="0.96" CONTENT="och"/><SP WIDTH="16" VPOS="1208" HPOS="418"/>
							<String ID="string_253" HPOS="434" VPOS="1208" WIDTH="64" HEIGHT="28" WC="0.93" CONTENT="färjor"/><SP WIDTH="13" VPOS="1208" HPOS="498"/>
							<String ID="string_254" HPOS="511" VPOS="1208" WIDTH="169" HEIGHT="22" WC="0.91" CONTENT="öfverlämnades"/><SP WIDTH="11" VPOS="1208" HPOS="680"/>
							<String ID="string_255" HPOS="691" VPOS="1208" WIDTH="21" HEIGHT="21" WC="0.96" CONTENT="åt"/><SP WIDTH="10" VPOS="1208" HPOS="712"/>
							<String ID="string_256" HPOS="722" VPOS="1215" WIDTH="27" HEIGHT="14" WC="0.92" CONTENT="en"/><SP WIDTH="11" VPOS="1215" HPOS="749"/>
							<String ID="string_257" HPOS="760" VPOS="1208" WIDTH="140" HEIGHT="21" WC="0.91" CONTENT="öfverordnad"/><SP WIDTH="13" VPOS="1208" HPOS="900"/>
							<String ID="string_258" HPOS="913" VPOS="1214" WIDTH="60" HEIGHT="20" WC="0.92" CONTENT="myn-"/>
						</TextLine>
						<TextLine ID="line_31" HPOS="214" VPOS="1242" WIDTH="759" HEIGHT="28">
							<String ID="string_259" HPOS="214" VPOS="1242" WIDTH="80" HEIGHT="27" WC="0.96" CONTENT="dighet,"/><SP WIDTH="12" VPOS="1242" HPOS="294"/>
							<String ID="string_260" HPOS="306" VPOS="1242" WIDTH="66" HEIGHT="28" WC="0.96" CONTENT="enligt"/><SP WIDTH="11" VPOS="1242" HPOS="372"/>
							<String ID="string_261" HPOS="383" VPOS="1242" WIDTH="119" HEIGHT="22" WC="0.96" CONTENT="Utskottets"/><SP WIDTH="14" VPOS="1242" HPOS="502"/>
							<String ID="string_262" HPOS="516" VPOS="1243" WIDTH="79" HEIGHT="27" WC="0.96" CONTENT="förslag"/><SP WIDTH="15" VPOS="1243" HPOS="595"/>
							<String ID="string_263" HPOS="610" VPOS="1245" WIDTH="134" HEIGHT="25" WC="0.96" CONTENT="guvernören"/><SP WIDTH="15" VPOS="1245" HPOS="744"/>
							<String ID="string_264" HPOS="759" VPOS="1243" WIDTH="40" HEIGHT="20" WC="0.96" CONTENT="och"/><SP WIDTH="15" VPOS="1243" HPOS="799"/>
							<String ID="string_265" HPOS="814" VPOS="1242" WIDTH="7" HEIGHT="21" WC="0.96" CONTENT="i"/><SP WIDTH="11" VPOS="1242" HPOS="821"/>
							<String ID="string_266" HPOS="832" VPOS="1242" WIDTH="50" HEIGHT="20" WC="0.96" CONTENT="sista"/><SP WIDTH="11" VPOS="1242" HPOS="882"/>
							<String ID="string_267" HPOS="893" VPOS="1242" WIDTH="80" HEIGHT="21" WC="0.96" CONTENT="instans"/>
						</TextLine>
						<TextLine ID="line_32" HPOS="213" VPOS="1276" WIDTH="760" HEIGHT="28">
							<String ID="string_268" HPOS="213" VPOS="1276" WIDTH="21" HEIGHT="21" WC="0.96" CONTENT="åt"/><SP WIDTH="16" VPOS="1276" HPOS="234"/>
							<String ID="string_269" HPOS="250" VPOS="1276" WIDTH="84" HEIGHT="21" WC="0.96" CONTENT="landets"/><SP WIDTH="11" VPOS="1276" HPOS="334"/>
							<String ID="string_270" HPOS="345" VPOS="1276" WIDTH="74" HEIGHT="28" WC="0.93" CONTENT="högsta"/><SP WIDTH="16" VPOS="1276" HPOS="419"/>
							<String ID="string_271" HPOS="435" VPOS="1277" WIDTH="146" HEIGHT="27" WC="0.92" CONTENT="styrelseverk."/><SP WIDTH="30" VPOS="1277" HPOS="581"/>
							<String ID="string_272" HPOS="611" VPOS="1278" WIDTH="38" HEIGHT="20" WC="0.96" CONTENT="Att"/><SP WIDTH="15" VPOS="1278" HPOS="649"/>
							<String ID="string_273" HPOS="664" VPOS="1278" WIDTH="122" HEIGHT="26" WC="0.95" CONTENT="härigenom"/><SP WIDTH="17" VPOS="1278" HPOS="786"/>
							<String ID="string_274" HPOS="803" VPOS="1276" WIDTH="118" HEIGHT="28" WC="0.95" CONTENT="säkerligen"/><SP WIDTH="11" VPOS="1276" HPOS="921"/>
							<String ID="string_275" HPOS="932" VPOS="1276" WIDTH="41" HEIGHT="21" WC="0.96" CONTENT="alla"/>
						</TextLine>
						<TextLine ID="line_33" HPOS="214" VPOS="1310" WIDTH="760" HEIGHT="29">
							<String ID="string_276" HPOS="214" VPOS="1310" WIDTH="125" HEIGHT="28" WC="0.92" CONTENT="opåkallade"/><SP WIDTH="16" VPOS="1310" HPOS="339"/>
							<String ID="string_277" HPOS="355" VPOS="1311" WIDTH="140" HEIGHT="28" WC="0.90" CONTENT="anläggnings"/><SP WIDTH="11" VPOS="1311" HPOS="495"/>
							<String ID="string_278" HPOS="506" VPOS="1312" WIDTH="39" HEIGHT="20" WC="0.93" CONTENT="och"/><SP WIDTH="18" VPOS="1312" HPOS="545"/>
							<String ID="string_279" HPOS="563" VPOS="1312" WIDTH="192" HEIGHT="26" WC="0.91" CONTENT="byggnadsföretag"/><SP WIDTH="19" VPOS="1312" HPOS="755"/>
							<String ID="string_280" HPOS="774" VPOS="1311" WIDTH="147" HEIGHT="25" WC="0.91" CONTENT="förekommes,"/><SP WIDTH="15" VPOS="1311" HPOS="921"/>
							<String ID="string_281" HPOS="936" VPOS="1311" WIDTH="38" HEIGHT="20" WC="0.96" CONTENT="har"/>
						</TextLine>
						<TextLine ID="line_34" HPOS="213" VPOS="1344" WIDTH="761" HEIGHT="29">
							<String ID="string_282" HPOS="213" VPOS="1348" WIDTH="61" HEIGHT="23" WC="0.96" CONTENT="synts"/><SP WIDTH="12" VPOS="1348" HPOS="274"/>
							<String ID="string_283" HPOS="286" VPOS="1345" WIDTH="108" HEIGHT="21" WC="0.91" CONTENT="Utskottet"/><SP WIDTH="16" VPOS="1345" HPOS="394"/>
							<String ID="string_284" HPOS="410" VPOS="1346" WIDTH="158" HEIGHT="27" WC="0.91" CONTENT="otvifvelaktigt,"/><SP WIDTH="15" VPOS="1346" HPOS="568"/>
							<String ID="string_285" HPOS="583" VPOS="1346" WIDTH="100" HEIGHT="20" WC="0.96" CONTENT="särskildt"/><SP WIDTH="16" VPOS="1346" HPOS="683"/>
							<String ID="string_286" HPOS="699" VPOS="1346" WIDTH="26" HEIGHT="20" WC="0.96" CONTENT="då"/><SP WIDTH="16" VPOS="1346" HPOS="725"/>
							<String ID="string_287" HPOS="741" VPOS="1346" WIDTH="34" HEIGHT="20" WC="0.96" CONTENT="det"/><SP WIDTH="16" VPOS="1346" HPOS="775"/>
							<String ID="string_288" HPOS="791" VPOS="1344" WIDTH="130" HEIGHT="22" WC="0.89" CONTENT="förhållande"/><SP WIDTH="17" VPOS="1344" HPOS="921"/>
							<String ID="string_289" HPOS="938" VPOS="1344" WIDTH="36" HEIGHT="21" WC="0.89" CONTENT="be-"/>
						</TextLine>
						<TextLine ID="line_35" HPOS="214" VPOS="1379" WIDTH="759" HEIGHT="29">
							<String ID="string_290" HPOS="214" VPOS="1379" WIDTH="66" HEIGHT="25" WC="0.91" CONTENT="aktas,"/><SP WIDTH="16" VPOS="1379" HPOS="280"/>
							<String ID="string_291" HPOS="296" VPOS="1382" WIDTH="29" HEIGHT="18" WC="0.96" CONTENT="att"/><SP WIDTH="15" VPOS="1382" HPOS="325"/>
							<String ID="string_292" HPOS="340" VPOS="1380" WIDTH="73" HEIGHT="27" WC="0.96" CONTENT="hvarje"/><SP WIDTH="17" VPOS="1380" HPOS="413"/>
							<String ID="string_293" HPOS="430" VPOS="1380" WIDTH="78" HEIGHT="28" WC="0.95" CONTENT="ökning"/><SP WIDTH="22" VPOS="1380" HPOS="508"/>
							<String ID="string_294" HPOS="530" VPOS="1380" WIDTH="21" HEIGHT="21" WC="0.92" CONTENT="af"/><SP WIDTH="20" VPOS="1380" HPOS="551"/>
							<String ID="string_295" HPOS="571" VPOS="1380" WIDTH="264" HEIGHT="28" WC="0.91" CONTENT="väghållningskostnaden"/><SP WIDTH="19" VPOS="1380" HPOS="835"/>
							<String ID="string_296" HPOS="854" VPOS="1380" WIDTH="33" HEIGHT="20" WC="0.96" CONTENT="för"/><SP WIDTH="14" VPOS="1380" HPOS="887"/>
							<String ID="string_297" HPOS="901" VPOS="1379" WIDTH="72" HEIGHT="21" WC="0.96" CONTENT="landet"/>
						</TextLine>
						<TextLine ID="line_36" HPOS="213" VPOS="1413" WIDTH="760" HEIGHT="29">
							<String ID="string_298" HPOS="213" VPOS="1413" WIDTH="83" HEIGHT="21" WC="0.96" CONTENT="medför"/><SP WIDTH="16" VPOS="1413" HPOS="296"/>
							<String ID="string_299" HPOS="312" VPOS="1420" WIDTH="27" HEIGHT="14" WC="0.96" CONTENT="en"/><SP WIDTH="17" VPOS="1420" HPOS="339"/>
							<String ID="string_300" HPOS="356" VPOS="1415" WIDTH="147" HEIGHT="20" WC="0.95" CONTENT="motsvarande"/><SP WIDTH="16" VPOS="1415" HPOS="503"/>
							<String ID="string_301" HPOS="519" VPOS="1415" WIDTH="93" HEIGHT="27" WC="0.96" CONTENT="stegring"/><SP WIDTH="11" VPOS="1415" HPOS="612"/>
							<String ID="string_302" HPOS="623" VPOS="1415" WIDTH="20" HEIGHT="20" WC="0.95" CONTENT="af"/><SP WIDTH="12" VPOS="1415" HPOS="643"/>
							<String ID="string_303" HPOS="655" VPOS="1415" WIDTH="92" HEIGHT="20" WC="0.95" CONTENT="kronans"/><SP WIDTH="12" VPOS="1415" HPOS="747"/>
							<String ID="string_304" HPOS="759" VPOS="1414" WIDTH="80" HEIGHT="27" WC="0.91" CONTENT="bidrag."/><SP WIDTH="22" VPOS="1414" HPOS="839"/>
							<String ID="string_305" HPOS="861" VPOS="1413" WIDTH="40" HEIGHT="21" WC="0.96" CONTENT="Om"/><SP WIDTH="12" VPOS="1413" HPOS="901"/>
							<String ID="string_306" HPOS="913" VPOS="1414" WIDTH="60" HEIGHT="25" WC="0.96" CONTENT="dock,"/>
						</TextLine>
						<TextLine ID="line_37" HPOS="213" VPOS="1447" WIDTH="761" HEIGHT="29">
							<String ID="string_307" HPOS="213" VPOS="1447" WIDTH="65" HEIGHT="21" WC="0.96" CONTENT="sedan"/><SP WIDTH="18" VPOS="1447" HPOS="278"/>
							<String ID="string_308" HPOS="296" VPOS="1448" WIDTH="40" HEIGHT="21" WC="0.96" CONTENT="den"/><SP WIDTH="17" VPOS="1448" HPOS="336"/>
							<String ID="string_309" HPOS="353" VPOS="1448" WIDTH="120" HEIGHT="28" WC="0.96" CONTENT="föreslagna"/><SP WIDTH="15" VPOS="1448" HPOS="473"/>
							<String ID="string_310" HPOS="488" VPOS="1449" WIDTH="61" HEIGHT="27" WC="0.93" CONTENT="lagen"/><SP WIDTH="16" VPOS="1449" HPOS="549"/>
							<String ID="string_311" HPOS="565" VPOS="1449" WIDTH="55" HEIGHT="20" WC="0.92" CONTENT="trädt"/><SP WIDTH="15" VPOS="1449" HPOS="620"/>
							<String ID="string_312" HPOS="635" VPOS="1449" WIDTH="6" HEIGHT="20" WC="0.97" CONTENT="i"/><SP WIDTH="16" VPOS="1449" HPOS="641"/>
							<String ID="string_313" HPOS="657" VPOS="1449" WIDTH="98" HEIGHT="26" WC="0.96" CONTENT="gällande"/><SP WIDTH="16" VPOS="1449" HPOS="755"/>
							<String ID="string_314" HPOS="771" VPOS="1448" WIDTH="60" HEIGHT="27" WC="0.96" CONTENT="kraft,"/><SP WIDTH="17" VPOS="1448" HPOS="831"/>
							<String ID="string_315" HPOS="848" VPOS="1448" WIDTH="126" HEIGHT="27" WC="0.96" CONTENT="landsvägar"/>
						</TextLine>
					</TextBlock>
				</ComposedBlock>
				<ComposedBlock ID="cblock_2" HPOS="284" VPOS="1493" WIDTH="495" HEIGHT="23">
					<TextBlock ID="block_2" HPOS="284" VPOS="1493" WIDTH="495" HEIGHT="23">
						<TextLine ID="line_38" HPOS="284" VPOS="1493" WIDTH="495" HEIGHT="23">
							<String ID="string_316" HPOS="284" VPOS="1493" WIDTH="49" HEIGHT="23" WC="0.90" CONTENT="Lag-"/><SP WIDTH="13" VPOS="1493" HPOS="333"/>
							<String ID="string_317" HPOS="346" VPOS="1494" WIDTH="32" HEIGHT="17" WC="0.93" CONTENT="och"/><SP WIDTH="13" VPOS="1494" HPOS="378"/>
							<String ID="string_318" HPOS="391" VPOS="1494" WIDTH="184" HEIGHT="18" WC="0.88" CONTENT="Ekonomiutskottets"/><SP WIDTH="13" VPOS="1494" HPOS="575"/>
							<String ID="string_319" HPOS="588" VPOS="1494" WIDTH="111" HEIGHT="18" WC="0.95" CONTENT="betänkande"/><SP WIDTH="12" VPOS="1494" HPOS="699"/>
							<String ID="string_320" HPOS="711" VPOS="1494" WIDTH="38" HEIGHT="17" WC="0.95" CONTENT="N:o"/><SP WIDTH="12" VPOS="1494" HPOS="749"/>
							<String ID="string_321" HPOS="761" VPOS="1495" WIDTH="18" HEIGHT="16" WC="0.95" CONTENT="4."/>
						</TextLine>
					</TextBlock>
				</ComposedBlock>
			</PrintSpace>
		</Page>
	</Layout>
</alto>
