1095 1742
254 112 14 19 4
570 110 44 22 N:o
626 111 12 21 5

227 178 134 29 kategorier
376 178 53 22 med
444 178 92 29 hänsyn
552 178 37 22 till
605 178 66 22 deras
687 180 74 20 större
777 178 56 22 eller
843 178 91 22 mindre
944 178 39 21 be-

228 212 92 28 tydelse
336 213 37 21 för
388 213 154 21 samfärdseln
558 213 42 22 har
616 216 66 26 synts
697 214 26 20 så
737 213 96 28 mycket
842 212 91 22 mindre
944 212 39 29 på-

225 247 88 29 kallad,
338 254 50 15 som
410 247 28 21 de
461 247 47 21 alla
530 247 131 29 underlyda
685 247 124 22 enahanda
833 246 150 29 lagstadgan-

227 281 46 21 den
295 284 60 19 samt
376 281 183 29 landsvägarnes
582 282 28 21 af
627 281 111 22 trafikens
761 281 88 21 storlek
867 281 116 21 beroende

226 316 75 21 bredd
323 316 45 21 och
389 316 172 28 byggnadssätt
583 316 8 21 i
611 316 74 28 öfrigt
703 320 39 17 äro
766 316 85 28 frågor,
875 322 49 15 som
946 316 38 20 för

225 350 83 28 hvarje
328 350 110 22 särskildt
458 350 43 22 fall
520 350 56 22 böra
597 351 102 28 pröfvas.
735 350 154 29 Spängvägar
909 350 74 21 slutli-

225 392 47 20 gen
292 388 39 18 äro
355 384 83 22 endast
460 385 38 21 för
512 385 140 29 fotgängare
667 384 44 22 och
726 386 89 26 ryttare
831 384 98 22 afsedda
944 387 39 18 vä-

225 426 49 20 gar,
289 418 81 22 hvilka
385 419 9 21 i
409 419 28 21 de
460 419 64 21 delar
546 419 27 21 af
593 419 87 28 landet,
703 419 42 21 där
762 418 110 29 farvägar
891 418 90 28 saknas,

226 452 116 22 förmedla
356 453 154 22 samfärdseln
522 453 100 21 socknar
635 453 56 21 eller
701 453 58 28 byar
770 452 107 22 emellan.

296 487 172 29 Skyldigheten
491 490 35 19 att
548 488 79 28 bygga
649 488 44 21 och
714 487 140 22 underhålla
868 487 115 28 landsväg

226 521 43 22 har
292 522 26 21 af
335 522 65 21 ålder
416 522 78 28 ålegat
509 522 45 22 den
569 522 9 21 i
593 521 89 22 mantal
697 524 62 20 satta
772 522 84 28 jorden
871 522 9 21 i
895 521 87 28 landet,

226 563 50 15 som
295 556 10 22 i
322 556 111 22 afsoondo
451 557 14 21 &
480 556 77 22 donna
579 556 148 29 skyldighets
750 556 149 28 fullgöranda
921 556 62 18 varit

225 590 97 22 indelad
344 590 8 21 i
374 590 221 30 vägbyggnadslag;
619 590 43 22 och
692 590 122 30 utgjordes
839 590 9 21 i
871 590 64 22 äldre
954 590 28 21 ti-

225 624 43 22 der
298 624 188 30 byggnadslaget
515 625 147 29 gemenligen
693 626 27 20 af
748 624 103 22 häradet.
893 624 89 22 Genom

228 660 55 20 1883
299 659 37 21 års
352 660 137 28 förordning
504 660 141 21 utsträcktes
661 660 102 21 nämnda
779 659 135 29 skyldighet
925 659 57 28 jem-

225 693 40 21 väl
281 693 37 21 till
333 694 135 28 skattlagda
483 697 51 25 torp
550 694 44 21 och
609 694 112 28 utjordar,
738 694 66 26 bruk,
820 694 112 27 fabriker,
948 694 34 20 sä-

225 734 50 21 gar,
292 735 106 21 gvarnar,
414 736 49 14 som
478 728 62 22 mala
554 730 50 20 mot
619 729 137 27 ersättning,
769 728 159 28 ölbryggerier
938 728 44 22 och

225 762 267 22 brännvinsbrännerier
516 764 60 20 samt
601 762 101 22 kronans
728 762 162 29 skogsparker,
915 762 67 22 hvar-

223 796 74 28 jemte
327 796 134 28 föreskrefs,
492 799 35 19 att
553 796 236 29 vägbyggnadslaget
815 796 76 22 skulle
916 798 66 26 utgö-

225 838 38 14 ras
281 830 26 22 af
320 830 137 29 tingslaget,
477 831 168 21 kommunerna
661 831 119 21 derstädes
796 831 61 21 dock
873 831 109 29 obetaget

225 866 37 20 att
277 864 65 22 bilda
358 865 209 29 vägbyggnadslag
583 866 27 21 af
623 867 73 20 större
712 866 58 21 eller
784 865 91 22 mindre
886 866 96 28 omfäng

225 902 32 18 än
267 899 134 28 tingslaget.
431 900 156 21 Fortfarande
598 903 68 26 utgör
677 901 59 21 dock
748 900 234 29 vägbyggnadsskyl-

224 933 114 28 digheten
354 934 37 21 för
406 934 59 27 dem,
481 941 49 15 som
540 941 32 14 nu
582 935 105 28 uppbära
697 935 140 27 densamma,
849 942 29 13 en
889 935 93 28 mycket

225 967 109 22 kännbar
356 970 78 27 tunga,
458 969 74 21 säsom
549 969 70 21 äfven
635 969 26 21 af
673 969 117 21 komitens
805 969 178 28 ofvanantydda

225 1001 159 30 beräkningar
399 1003 110 28 framgår.
526 1016 26 3 —
570 1003 37 21 Då
622 1003 171 28 landsvägarne
809 1007 40 17 äro
865 1003 117 28 behöfliga

224 1035 39 22 för
279 1036 46 21 alla
340 1036 92 22 landets
447 1036 147 29 innevänare,
611 1041 26 18 är
647 1037 40 22 det
698 1037 71 22 äfven
780 1037 79 28 billigt
870 1039 35 20 att
915 1037 67 22 dessa

224 1073 75 26 vägar
319 1071 90 28 byggas
430 1072 43 21 och
492 1071 151 22 urderhällas
659 1073 27 20 af
698 1072 47 21 alla
761 1072 221 21 samhällsmedlem-

224 1111 57 21 mar,
301 1105 81 21 hvilka
405 1113 43 21 ega
471 1106 71 21 sädan
562 1106 108 28 inkomst,
690 1109 35 18 att
743 1106 101 28 anspräk
862 1107 30 27 pä
910 1106 72 21 delta-

223 1139 79 28 gande
315 1139 9 21 i
337 1139 261 29 vägbyggnadstungan
621 1140 52 21 med
696 1136 52 26 skäl
768 1141 46 20 kan
830 1141 14 20 å
860 1140 52 21 dem
927 1141 55 21 stäl-

223 1172 47 29 las;
286 1173 44 22 och
346 1173 29 22 dä
391 1173 40 22 det
446 1175 71 21 äfven
533 1178 25 18 är
574 1175 55 21 fullt
652 1175 120 28 befogadt,
788 1176 35 19 att
839 1175 90 20 kronan
944 1175 37 21 för

223 1207 54 21 sina
300 1208 304 29 öfverloppsskogsmarker,
626 1209 88 21 likaväl
736 1216 50 14 som
804 1209 38 21 för
857 1209 125 28 kronopar-

224 1240 80 28 kerna,
316 1241 106 29 deltager
436 1243 8 21 i
460 1243 72 28 sagda
547 1245 80 26 tunga,
643 1243 42 21 har
696 1243 8 21 i
715 1243 106 28 enlighet
836 1243 96 22 härmed
946 1244 36 21 uti

223 1274 272 31 författningsförslaget
512 1277 165 28 skyldigheten
693 1279 35 19 att
743 1277 96 28 deltaga
854 1277 9 21 i
877 1277 105 29 byggan-

223 1309 41 21 det
287 1309 44 22 och
352 1310 148 22 underhållet
523 1311 26 21 af
569 1311 121 29 landsväg,
711 1311 41 21 bro
772 1311 43 21 och
830 1311 61 28 färja
907 1311 75 29 ålagts

223 1343 53 21 icke
292 1344 100 21 allenast
411 1345 46 21 den
471 1345 9 21 i
495 1345 88 21 mantal
598 1348 61 19 satta
672 1345 91 29 jorden,
779 1345 135 29 skattlagda
929 1348 52 26 torp

223 1377 46 22 och
283 1378 107 28 utjordar
405 1381 60 20 samt
480 1379 158 29 kronoparker
652 1382 58 19 utan
721 1380 71 21 äfven
803 1380 77 27 öfriga
892 1381 89 20 kronan

223 1411 122 30 tillhöriga
360 1413 98 29 marker,
474 1413 81 22 hvilka
570 1413 22 29 ej
608 1417 39 18 äro
663 1413 142 29 inbegripna
819 1413 36 22 uti
871 1413 111 22 särskildt
