<?xml version="1.0" encoding="UTF-8"?>
<alto xmlns="http://www.loc.gov/standards/alto/ns-v3#" xmlns:xlink="http://www.w3.org/1999/xlink" xmlns:xsi="http://www.w3.org/2001/XMLSchema-instance" xsi:schemaLocation="http://www.loc.gov/standards/alto/ns-v3# http://www.loc.gov/alto/v3/alto-3-0.xsd">
	<Description>
		<MeasurementUnit>pixel</MeasurementUnit>
		<sourceImageInformation>
			<fileName>/tmp/tess_qp1xvqp9_input.PNG</fileName>
		</sourceImageInformation>
		<OCRProcessing ID="OCR_0">
			<ocrProcessingStep>
				<processingSoftware>
					<softwareName>tesseract 5.3.4</softwareName>
				</processingSoftware>
			</ocrProcessingStep>
		</OCRProcessing>
	</Description>
	<Layout>
		<Page WIDTH="1092" HEIGHT="1736" PHYSICAL_IMG_NR="0" ID="page_0">
			<PrintSpace HPOS="0" VPOS="0" WIDTH="1092" HEIGHT="1736">
				<ComposedBlock ID="cblock_0" HPOS="336" VPOS="132" WIDTH="530" HEIGHT="30">
					<TextBlock ID="block_0" HPOS="336" VPOS="132" WIDTH="530" HEIGHT="30">
						<TextLine ID="line_0" HPOS="336" VPOS="132" WIDTH="530" HEIGHT="30">
							<String ID="string_0" HPOS="336" VPOS="134" WIDTH="29" HEIGHT="22" WC="0.88" CONTENT="U."/><SP WIDTH="19" VPOS="134" HPOS="365"/>
							<String ID="string_1" HPOS="384" VPOS="135" WIDTH="25" HEIGHT="21" WC="0.87" CONTENT="B."/><SP WIDTH="17" VPOS="135" HPOS="409"/>
							<String ID="string_2" HPOS="426" VPOS="146" WIDTH="26" HEIGHT="3" WC="0.91" CONTENT="—"/><SP WIDTH="16" VPOS="146" HPOS="452"/>
							<String ID="string_3" HPOS="468" VPOS="134" WIDTH="74" HEIGHT="28" WC="0.96" CONTENT="Prop."/><SP WIDTH="18" VPOS="134" HPOS="542"/>
							<String ID="string_4" HPOS="560" VPOS="134" WIDTH="41" HEIGHT="22" WC="0.94" CONTENT="N:o"/><SP WIDTH="16" VPOS="134" HPOS="601"/>
							<String ID="string_5" HPOS="617" VPOS="133" WIDTH="23" HEIGHT="22" WC="0.95" CONTENT="5."/><SP WIDTH="214" VPOS="133" HPOS="640"/>
							<String ID="string_6" HPOS="854" VPOS="132" WIDTH="12" HEIGHT="20" WC="0.96" CONTENT="3"/>
						</TextLine>
					</TextBlock>
				</ComposedBlock>
				<ComposedBlock ID="cblock_1" HPOS="110" VPOS="202" WIDTH="770" HEIGHT="1264">
					<TextBlock ID="block_1" HPOS="110" VPOS="202" WIDTH="761" HEIGHT="543">
						<TextLine ID="line_1" HPOS="110" VPOS="202" WIDTH="756" HEIGHT="28">
							<String ID="string_7" HPOS="110" VPOS="203" WIDTH="86" HEIGHT="21" WC="0.96" CONTENT="försedd"/><SP WIDTH="23" VPOS="203" HPOS="196"/>
							<String ID="string_8" HPOS="219" VPOS="203" WIDTH="76" HEIGHT="21" WC="0.96" CONTENT="allmän"/><SP WIDTH="24" VPOS="203" HPOS="295"/>
							<String ID="string_9" HPOS="319" VPOS="206" WIDTH="46" HEIGHT="24" WC="0.96" CONTENT="väg,"/><SP WIDTH="24" VPOS="206" HPOS="365"/>
							<String ID="string_10" HPOS="389" VPOS="203" WIDTH="68" HEIGHT="21" WC="0.96" CONTENT="skulle"/><SP WIDTH="21" VPOS="203" HPOS="457"/>
							<String ID="string_11" HPOS="478" VPOS="203" WIDTH="32" HEIGHT="21" WC="0.96" CONTENT="till"/><SP WIDTH="16" VPOS="203" HPOS="510"/>
							<String ID="string_12" HPOS="526" VPOS="203" WIDTH="40" HEIGHT="21" WC="0.96" CONTENT="den"/><SP WIDTH="16" VPOS="203" HPOS="566"/>
							<String ID="string_13" HPOS="582" VPOS="203" WIDTH="34" HEIGHT="21" WC="0.96" CONTENT="del"/><SP WIDTH="17" VPOS="203" HPOS="616"/>
							<String ID="string_14" HPOS="633" VPOS="204" WIDTH="66" HEIGHT="26" WC="0.96" CONTENT="vägen"/><SP WIDTH="17" VPOS="204" HPOS="699"/>
							<String ID="string_15" HPOS="716" VPOS="202" WIDTH="58" HEIGHT="27" WC="0.96" CONTENT="löpte"/><SP WIDTH="17" VPOS="202" HPOS="774"/>
							<String ID="string_16" HPOS="791" VPOS="208" WIDTH="75" HEIGHT="21" WC="0.95" CONTENT="genom"/>
						</TextLine>
						<TextLine ID="line_2" HPOS="111" VPOS="236" WIDTH="756" HEIGHT="28">
							<String ID="string_17" HPOS="111" VPOS="240" WIDTH="31" HEIGHT="18" WC="0.96" CONTENT="ett"/><SP WIDTH="15" VPOS="240" HPOS="142"/>
							<String ID="string_18" HPOS="157" VPOS="238" WIDTH="72" HEIGHT="24" WC="0.96" CONTENT="härad,"/><SP WIDTH="22" VPOS="238" HPOS="229"/>
							<String ID="string_19" HPOS="251" VPOS="238" WIDTH="80" HEIGHT="26" WC="0.96" CONTENT="byggas"/><SP WIDTH="24" VPOS="238" HPOS="331"/>
							<String ID="string_20" HPOS="355" VPOS="238" WIDTH="39" HEIGHT="21" WC="0.96" CONTENT="och"/><SP WIDTH="23" VPOS="238" HPOS="394"/>
							<String ID="string_21" HPOS="417" VPOS="237" WIDTH="136" HEIGHT="22" WC="0.96" CONTENT="underhållas"/><SP WIDTH="16" VPOS="237" HPOS="553"/>
							<String ID="string_22" HPOS="569" VPOS="237" WIDTH="22" HEIGHT="21" WC="0.96" CONTENT="af"/><SP WIDTH="14" VPOS="237" HPOS="591"/>
							<String ID="string_23" HPOS="605" VPOS="237" WIDTH="41" HEIGHT="21" WC="0.96" CONTENT="alla"/><SP WIDTH="15" VPOS="237" HPOS="646"/>
							<String ID="string_24" HPOS="661" VPOS="237" WIDTH="7" HEIGHT="21" WC="0.93" CONTENT="i"/><SP WIDTH="15" VPOS="237" HPOS="668"/>
							<String ID="string_25" HPOS="683" VPOS="236" WIDTH="184" HEIGHT="28" WC="0.91" CONTENT="väghållningsbe-"/>
						</TextLine>
						<TextLine ID="line_3" HPOS="112" VPOS="270" WIDTH="756" HEIGHT="29">
							<String ID="string_26" HPOS="112" VPOS="274" WIDTH="71" HEIGHT="19" WC="0.92" CONTENT="sväret"/><SP WIDTH="26" VPOS="274" HPOS="183"/>
							<String ID="string_27" HPOS="209" VPOS="272" WIDTH="125" HEIGHT="27" WC="0.93" CONTENT="deltagande"/><SP WIDTH="21" VPOS="272" HPOS="334"/>
							<String ID="string_28" HPOS="355" VPOS="272" WIDTH="175" HEIGHT="26" WC="0.91" CONTENT="jordlägenheter"/><SP WIDTH="24" VPOS="272" HPOS="530"/>
							<String ID="string_29" HPOS="554" VPOS="272" WIDTH="58" HEIGHT="21" WC="0.95" CONTENT="inom"/><SP WIDTH="27" VPOS="272" HPOS="612"/>
							<String ID="string_30" HPOS="639" VPOS="271" WIDTH="93" HEIGHT="26" WC="0.89" CONTENT="häradet,"/><SP WIDTH="16" VPOS="271" HPOS="732"/>
							<String ID="string_31" HPOS="748" VPOS="270" WIDTH="120" HEIGHT="22" WC="0.96" CONTENT="oberoende"/>
						</TextLine>
						<TextLine ID="line_4" HPOS="112" VPOS="305" WIDTH="756" HEIGHT="28">
							<String ID="string_32" HPOS="112" VPOS="305" WIDTH="61" HEIGHT="22" WC="0.96" CONTENT="däraf"/><SP WIDTH="14" VPOS="305" HPOS="173"/>
							<String ID="string_33" HPOS="187" VPOS="312" WIDTH="34" HEIGHT="15" WC="0.96" CONTENT="om"/><SP WIDTH="24" VPOS="312" HPOS="221"/>
							<String ID="string_34" HPOS="245" VPOS="307" WIDTH="67" HEIGHT="26" WC="0.96" CONTENT="vägen"/><SP WIDTH="17" VPOS="307" HPOS="312"/>
							<String ID="string_35" HPOS="329" VPOS="306" WIDTH="47" HEIGHT="27" WC="0.96" CONTENT="gick"/><SP WIDTH="16" VPOS="306" HPOS="376"/>
							<String ID="string_36" HPOS="392" VPOS="312" WIDTH="77" HEIGHT="21" WC="0.96" CONTENT="genom"/><SP WIDTH="16" VPOS="312" HPOS="469"/>
							<String ID="string_37" HPOS="485" VPOS="306" WIDTH="41" HEIGHT="21" WC="0.96" CONTENT="den"/><SP WIDTH="16" VPOS="306" HPOS="526"/>
							<String ID="string_38" HPOS="542" VPOS="305" WIDTH="85" HEIGHT="26" WC="0.93" CONTENT="socken,"/><SP WIDTH="15" VPOS="305" HPOS="627"/>
							<String ID="string_39" HPOS="642" VPOS="305" WIDTH="85" HEIGHT="22" WC="0.92" CONTENT="hvartill"/><SP WIDTH="15" VPOS="305" HPOS="727"/>
							<String ID="string_40" HPOS="742" VPOS="305" WIDTH="126" HEIGHT="27" WC="0.96" CONTENT="lägenheten"/>
						</TextLine>
						<TextLine ID="line_5" HPOS="112" VPOS="339" WIDTH="756" HEIGHT="28">
							<String ID="string_41" HPOS="112" VPOS="339" WIDTH="67" HEIGHT="28" WC="0.95" CONTENT="ifråga"/><SP WIDTH="22" VPOS="339" HPOS="179"/>
							<String ID="string_42" HPOS="201" VPOS="340" WIDTH="66" HEIGHT="21" WC="0.96" CONTENT="hörde"/><SP WIDTH="22" VPOS="340" HPOS="267"/>
							<String ID="string_43" HPOS="289" VPOS="341" WIDTH="50" HEIGHT="20" WC="0.95" CONTENT="eller"/><SP WIDTH="22" VPOS="341" HPOS="339"/>
							<String ID="string_44" HPOS="361" VPOS="340" WIDTH="26" HEIGHT="27" WC="0.93" CONTENT="ej."/><SP WIDTH="36" VPOS="340" HPOS="387"/>
							<String ID="string_45" HPOS="423" VPOS="341" WIDTH="133" HEIGHT="26" WC="0.90" CONTENT="Häradsväg,"/><SP WIDTH="22" VPOS="341" HPOS="556"/>
							<String ID="string_46" HPOS="578" VPOS="340" WIDTH="102" HEIGHT="21" WC="0.92" CONTENT="hvarmed"/><SP WIDTH="22" VPOS="340" HPOS="680"/>
							<String ID="string_47" HPOS="702" VPOS="339" WIDTH="166" HEIGHT="28" WC="0.96" CONTENT="ursprungligen"/>
						</TextLine>
						<TextLine ID="line_6" HPOS="112" VPOS="373" WIDTH="757" HEIGHT="28">
							<String ID="string_48" HPOS="112" VPOS="374" WIDTH="72" HEIGHT="27" WC="0.91" CONTENT="afsågs"/><SP WIDTH="21" VPOS="374" HPOS="184"/>
							<String ID="string_49" HPOS="205" VPOS="376" WIDTH="47" HEIGHT="25" WC="0.96" CONTENT="väg,"/><SP WIDTH="23" VPOS="376" HPOS="252"/>
							<String ID="string_50" HPOS="275" VPOS="381" WIDTH="45" HEIGHT="15" WC="0.96" CONTENT="som"/><SP WIDTH="26" VPOS="381" HPOS="320"/>
							<String ID="string_51" HPOS="346" VPOS="375" WIDTH="131" HEIGHT="21" WC="0.93" CONTENT="förmedlade"/><SP WIDTH="25" VPOS="375" HPOS="477"/>
							<String ID="string_52" HPOS="502" VPOS="374" WIDTH="141" HEIGHT="22" WC="0.91" CONTENT="samfärdseln"/><SP WIDTH="23" VPOS="374" HPOS="643"/>
							<String ID="string_53" HPOS="666" VPOS="374" WIDTH="92" HEIGHT="21" WC="0.96" CONTENT="häraden"/><SP WIDTH="16" VPOS="374" HPOS="758"/>
							<String ID="string_54" HPOS="774" VPOS="373" WIDTH="95" HEIGHT="25" WC="0.96" CONTENT="emellan,"/>
						</TextLine>
						<TextLine ID="line_7" HPOS="114" VPOS="408" WIDTH="755" HEIGHT="28">
							<String ID="string_55" HPOS="114" VPOS="415" WIDTH="36" HEIGHT="14" WC="0.95" CONTENT="var"/><SP WIDTH="17" VPOS="415" HPOS="150"/>
							<String ID="string_56" HPOS="167" VPOS="409" WIDTH="48" HEIGHT="21" WC="0.95" CONTENT="med"/><SP WIDTH="15" VPOS="409" HPOS="215"/>
							<String ID="string_57" HPOS="230" VPOS="409" WIDTH="99" HEIGHT="22" WC="0.93" CONTENT="afseende"/><SP WIDTH="16" VPOS="409" HPOS="329"/>
							<String ID="string_58" HPOS="345" VPOS="410" WIDTH="12" HEIGHT="20" WC="0.92" CONTENT="å"/><SP WIDTH="15" VPOS="410" HPOS="357"/>
							<String ID="string_59" HPOS="372" VPOS="409" WIDTH="122" HEIGHT="27" WC="0.96" CONTENT="byggandet"/><SP WIDTH="15" VPOS="409" HPOS="494"/>
							<String ID="string_60" HPOS="509" VPOS="409" WIDTH="39" HEIGHT="22" WC="0.96" CONTENT="och"/><SP WIDTH="16" VPOS="409" HPOS="548"/>
							<String ID="string_61" HPOS="564" VPOS="409" WIDTH="134" HEIGHT="21" WC="0.96" CONTENT="underhållet"/><SP WIDTH="20" VPOS="409" HPOS="698"/>
							<String ID="string_62" HPOS="718" VPOS="409" WIDTH="129" HEIGHT="21" WC="0.96" CONTENT="åtminstone"/><SP WIDTH="16" VPOS="409" HPOS="847"/>
							<String ID="string_63" HPOS="863" VPOS="408" WIDTH="6" HEIGHT="21" WC="0.96" CONTENT="i"/>
						</TextLine>
						<TextLine ID="line_8" HPOS="114" VPOS="443" WIDTH="755" HEIGHT="28">
							<String ID="string_64" HPOS="114" VPOS="449" WIDTH="26" HEIGHT="15" WC="0.96" CONTENT="en"/><SP WIDTH="23" VPOS="449" HPOS="140"/>
							<String ID="string_65" HPOS="163" VPOS="443" WIDTH="66" HEIGHT="27" WC="0.96" CONTENT="något"/><SP WIDTH="22" VPOS="443" HPOS="229"/>
							<String ID="string_66" HPOS="251" VPOS="450" WIDTH="75" HEIGHT="15" WC="0.96" CONTENT="senare"/><SP WIDTH="20" VPOS="450" HPOS="326"/>
							<String ID="string_67" HPOS="346" VPOS="444" WIDTH="30" HEIGHT="21" WC="0.96" CONTENT="tid"/><SP WIDTH="23" VPOS="444" HPOS="376"/>
							<String ID="string_68" HPOS="399" VPOS="443" WIDTH="130" HEIGHT="28" WC="0.96" CONTENT="fullkomligt"/><SP WIDTH="21" VPOS="443" HPOS="529"/>
							<String ID="string_69" HPOS="550" VPOS="443" WIDTH="94" HEIGHT="23" WC="0.96" CONTENT="likställd"/><SP WIDTH="21" VPOS="443" HPOS="644"/>
							<String ID="string_70" HPOS="665" VPOS="443" WIDTH="48" HEIGHT="21" WC="0.93" CONTENT="med"/><SP WIDTH="23" VPOS="443" HPOS="713"/>
							<String ID="string_71" HPOS="736" VPOS="443" WIDTH="78" HEIGHT="27" WC="0.91" CONTENT="kungs-"/><SP WIDTH="17" VPOS="443" HPOS="814"/>
							<String ID="string_72" HPOS="831" VPOS="443" WIDTH="38" HEIGHT="21" WC="0.96" CONTENT="och"/>
						</TextLine>
						<TextLine ID="line_9" HPOS="114" VPOS="477" WIDTH="756" HEIGHT="28">
							<String ID="string_73" HPOS="114" VPOS="478" WIDTH="110" HEIGHT="27" WC="0.71" CONTENT="landsväg."/><SP WIDTH="30" VPOS="478" HPOS="224"/>
							<String ID="string_74" HPOS="254" VPOS="479" WIDTH="129" HEIGHT="26" WC="0.89" CONTENT="Sockenväg,"/><SP WIDTH="23" VPOS="479" HPOS="383"/>
							<String ID="string_75" HPOS="406" VPOS="485" WIDTH="46" HEIGHT="15" WC="0.93" CONTENT="som"/><SP WIDTH="17" VPOS="485" HPOS="452"/>
							<String ID="string_76" HPOS="469" VPOS="479" WIDTH="154" HEIGHT="21" WC="0.91" CONTENT="sammanband"/><SP WIDTH="16" VPOS="479" HPOS="623"/>
							<String ID="string_77" HPOS="639" VPOS="478" WIDTH="91" HEIGHT="21" WC="0.96" CONTENT="socknar"/><SP WIDTH="14" VPOS="478" HPOS="730"/>
							<String ID="string_78" HPOS="744" VPOS="478" WIDTH="51" HEIGHT="21" WC="0.96" CONTENT="eller"/><SP WIDTH="15" VPOS="478" HPOS="795"/>
							<String ID="string_79" HPOS="810" VPOS="477" WIDTH="60" HEIGHT="22" WC="0.96" CONTENT="förde"/>
						</TextLine>
						<TextLine ID="line_10" HPOS="114" VPOS="512" WIDTH="756" HEIGHT="28">
							<String ID="string_80" HPOS="114" VPOS="513" WIDTH="31" HEIGHT="20" WC="0.96" CONTENT="till"/><SP WIDTH="15" VPOS="513" HPOS="145"/>
							<String ID="string_81" HPOS="160" VPOS="513" WIDTH="72" HEIGHT="27" WC="0.93" CONTENT="kyrka,"/><SP WIDTH="11" VPOS="513" HPOS="232"/>
							<String ID="string_82" HPOS="243" VPOS="513" WIDTH="105" HEIGHT="27" WC="0.92" CONTENT="tingsstad"/><SP WIDTH="17" VPOS="513" HPOS="348"/>
							<String ID="string_83" HPOS="365" VPOS="513" WIDTH="51" HEIGHT="21" WC="0.96" CONTENT="eller"/><SP WIDTH="16" VPOS="513" HPOS="416"/>
							<String ID="string_84" HPOS="432" VPOS="514" WIDTH="91" HEIGHT="26" WC="0.0" CONTENT="gammal"/><SP WIDTH="6" VPOS="514" HPOS="523"/>
							<String ID="string_85" HPOS="529" VPOS="513" WIDTH="131" HEIGHT="26" WC="0.0" CONTENT="/odalkvarn,"/><SP WIDTH="14" VPOS="513" HPOS="660"/>
							<String ID="string_86" HPOS="674" VPOS="513" WIDTH="95" HEIGHT="27" WC="0.96" CONTENT="byggdes"/><SP WIDTH="11" VPOS="513" HPOS="769"/>
							<String ID="string_87" HPOS="780" VPOS="512" WIDTH="39" HEIGHT="22" WC="0.93" CONTENT="och"/><SP WIDTH="13" VPOS="512" HPOS="819"/>
							<String ID="string_88" HPOS="832" VPOS="519" WIDTH="38" HEIGHT="14" WC="0.92" CONTENT="un-"/>
						</TextLine>
						<TextLine ID="line_11" HPOS="115" VPOS="546" WIDTH="756" HEIGHT="27">
							<String ID="string_89" HPOS="115" VPOS="547" WIDTH="94" HEIGHT="21" WC="0.91" CONTENT="derhölls"/><SP WIDTH="23" VPOS="547" HPOS="209"/>
							<String ID="string_90" HPOS="232" VPOS="547" WIDTH="22" HEIGHT="21" WC="0.93" CONTENT="af"/><SP WIDTH="19" VPOS="547" HPOS="254"/>
							<String ID="string_91" HPOS="273" VPOS="547" WIDTH="57" HEIGHT="21" WC="0.93" CONTENT="älder"/><SP WIDTH="23" VPOS="547" HPOS="330"/>
							<String ID="string_92" HPOS="353" VPOS="547" WIDTH="22" HEIGHT="21" WC="0.96" CONTENT="af"/><SP WIDTH="18" VPOS="547" HPOS="375"/>
							<String ID="string_93" HPOS="393" VPOS="548" WIDTH="40" HEIGHT="20" WC="0.96" CONTENT="alla"/><SP WIDTH="15" VPOS="548" HPOS="433"/>
							<String ID="string_94" HPOS="448" VPOS="548" WIDTH="31" HEIGHT="20" WC="0.93" CONTENT="till"/><SP WIDTH="17" VPOS="548" HPOS="479"/>
							<String ID="string_95" HPOS="496" VPOS="548" WIDTH="93" HEIGHT="21" WC="0.92" CONTENT="socknen"/><SP WIDTH="16" VPOS="548" HPOS="589"/>
							<String ID="string_96" HPOS="605" VPOS="548" WIDTH="51" HEIGHT="20" WC="0.93" CONTENT="eller"/><SP WIDTH="16" VPOS="548" HPOS="656"/>
							<String ID="string_97" HPOS="672" VPOS="547" WIDTH="118" HEIGHT="21" WC="0.91" CONTENT="socknarna"/><SP WIDTH="14" VPOS="547" HPOS="790"/>
							<String ID="string_98" HPOS="804" VPOS="546" WIDTH="67" HEIGHT="27" WC="0.92" CONTENT="ifräga"/>
						</TextLine>
						<TextLine ID="line_12" HPOS="115" VPOS="580" WIDTH="754" HEIGHT="29">
							<String ID="string_99" HPOS="115" VPOS="581" WIDTH="95" HEIGHT="22" WC="0.92" CONTENT="hörande"/><SP WIDTH="16" VPOS="581" HPOS="210"/>
							<String ID="string_100" HPOS="226" VPOS="581" WIDTH="249" HEIGHT="28" WC="0.91" CONTENT="väghällningsskyldige."/><SP WIDTH="31" VPOS="581" HPOS="475"/>
							<String ID="string_101" HPOS="506" VPOS="581" WIDTH="74" HEIGHT="28" WC="0.91" CONTENT="Byväg"/><SP WIDTH="15" VPOS="581" HPOS="580"/>
							<String ID="string_102" HPOS="595" VPOS="581" WIDTH="101" HEIGHT="27" WC="0.92" CONTENT="slutligen"/><SP WIDTH="16" VPOS="581" HPOS="696"/>
							<String ID="string_103" HPOS="712" VPOS="581" WIDTH="60" HEIGHT="22" WC="0.93" CONTENT="ledde"/><SP WIDTH="15" VPOS="581" HPOS="772"/>
							<String ID="string_104" HPOS="787" VPOS="580" WIDTH="46" HEIGHT="22" WC="0.93" CONTENT="frän"/><SP WIDTH="11" VPOS="580" HPOS="833"/>
							<String ID="string_105" HPOS="844" VPOS="587" WIDTH="25" HEIGHT="14" WC="0.97" CONTENT="en"/>
						</TextLine>
						<TextLine ID="line_13" HPOS="115" VPOS="615" WIDTH="756" HEIGHT="28">
							<String ID="string_106" HPOS="115" VPOS="615" WIDTH="52" HEIGHT="22" WC="0.92" CONTENT="eller"/><SP WIDTH="16" VPOS="615" HPOS="167"/>
							<String ID="string_107" HPOS="183" VPOS="615" WIDTH="51" HEIGHT="22" WC="0.92" CONTENT="flere"/><SP WIDTH="15" VPOS="615" HPOS="234"/>
							<String ID="string_108" HPOS="249" VPOS="616" WIDTH="52" HEIGHT="27" WC="0.92" CONTENT="byar"/><SP WIDTH="16" VPOS="616" HPOS="301"/>
							<String ID="string_109" HPOS="317" VPOS="616" WIDTH="30" HEIGHT="21" WC="0.96" CONTENT="till"/><SP WIDTH="16" VPOS="616" HPOS="347"/>
							<String ID="string_110" HPOS="363" VPOS="618" WIDTH="108" HEIGHT="19" WC="0.93" CONTENT="närmaste"/><SP WIDTH="15" VPOS="618" HPOS="471"/>
							<String ID="string_111" HPOS="486" VPOS="617" WIDTH="80" HEIGHT="26" WC="0.92" CONTENT="kungs-"/><SP WIDTH="16" VPOS="617" HPOS="566"/>
							<String ID="string_112" HPOS="582" VPOS="616" WIDTH="40" HEIGHT="21" WC="0.93" CONTENT="och"/><SP WIDTH="10" VPOS="616" HPOS="622"/>
							<String ID="string_113" HPOS="632" VPOS="616" WIDTH="110" HEIGHT="27" WC="0.92" CONTENT="landsväg,"/><SP WIDTH="10" VPOS="616" HPOS="742"/>
							<String ID="string_114" HPOS="752" VPOS="616" WIDTH="119" HEIGHT="25" WC="0.91" CONTENT="häradsväg"/>
						</TextLine>
						<TextLine ID="line_14" HPOS="115" VPOS="649" WIDTH="756" HEIGHT="28">
							<String ID="string_115" HPOS="115" VPOS="650" WIDTH="52" HEIGHT="21" WC="0.92" CONTENT="eller"/><SP WIDTH="16" VPOS="650" HPOS="167"/>
							<String ID="string_116" HPOS="183" VPOS="650" WIDTH="120" HEIGHT="27" WC="0.54" CONTENT="sockenväg"/><SP WIDTH="15" VPOS="650" HPOS="303"/>
							<String ID="string_117" HPOS="318" VPOS="653" WIDTH="54" HEIGHT="18" WC="0.93" CONTENT="samt"/><SP WIDTH="17" VPOS="653" HPOS="372"/>
							<String ID="string_118" HPOS="389" VPOS="650" WIDTH="86" HEIGHT="21" WC="0.96" CONTENT="anlades"/><SP WIDTH="16" VPOS="650" HPOS="475"/>
							<String ID="string_119" HPOS="491" VPOS="650" WIDTH="39" HEIGHT="21" WC="0.93" CONTENT="och"/><SP WIDTH="16" VPOS="650" HPOS="530"/>
							<String ID="string_120" HPOS="546" VPOS="650" WIDTH="150" HEIGHT="21" WC="0.92" CONTENT="vidmakthölls"/><SP WIDTH="10" VPOS="650" HPOS="696"/>
							<String ID="string_121" HPOS="706" VPOS="649" WIDTH="23" HEIGHT="22" WC="0.96" CONTENT="af"/><SP WIDTH="8" VPOS="649" HPOS="729"/>
							<String ID="string_122" HPOS="737" VPOS="650" WIDTH="41" HEIGHT="21" WC="0.96" CONTENT="alla"/><SP WIDTH="10" VPOS="650" HPOS="778"/>
							<String ID="string_123" HPOS="788" VPOS="650" WIDTH="26" HEIGHT="21" WC="0.93" CONTENT="de"/><SP WIDTH="8" VPOS="650" HPOS="814"/>
							<String ID="string_124" HPOS="822" VPOS="651" WIDTH="49" HEIGHT="25" WC="0.92" CONTENT="väg-"/>
						</TextLine>
						<TextLine ID="line_15" HPOS="116" VPOS="684" WIDTH="755" HEIGHT="28">
							<String ID="string_125" HPOS="116" VPOS="684" WIDTH="203" HEIGHT="27" WC="0.92" CONTENT="hällningsskyldige"/><SP WIDTH="22" VPOS="684" HPOS="319"/>
							<String ID="string_126" HPOS="341" VPOS="685" WIDTH="57" HEIGHT="20" WC="0.90" CONTENT="inom"/><SP WIDTH="21" VPOS="685" HPOS="398"/>
							<String ID="string_127" HPOS="419" VPOS="685" WIDTH="121" HEIGHT="26" WC="0.90" CONTENT="respektive"/><SP WIDTH="18" VPOS="685" HPOS="540"/>
							<String ID="string_128" HPOS="558" VPOS="685" WIDTH="27" HEIGHT="27" WC="0.96" CONTENT="by"/><SP WIDTH="15" VPOS="685" HPOS="585"/>
							<String ID="string_129" HPOS="600" VPOS="685" WIDTH="51" HEIGHT="20" WC="0.93" CONTENT="eller"/><SP WIDTH="15" VPOS="685" HPOS="651"/>
							<String ID="string_130" HPOS="666" VPOS="685" WIDTH="57" HEIGHT="26" WC="0.91" CONTENT="byar,"/><SP WIDTH="17" VPOS="685" HPOS="723"/>
							<String ID="string_131" HPOS="740" VPOS="691" WIDTH="44" HEIGHT="14" WC="0.96" CONTENT="som"/><SP WIDTH="17" VPOS="691" HPOS="784"/>
							<String ID="string_132" HPOS="801" VPOS="684" WIDTH="23" HEIGHT="21" WC="0.93" CONTENT="af"/><SP WIDTH="12" VPOS="684" HPOS="824"/>
							<String ID="string_133" HPOS="836" VPOS="685" WIDTH="35" HEIGHT="20" WC="0.93" CONTENT="vä-"/>
						</TextLine>
						<TextLine ID="line_16" HPOS="118" VPOS="718" WIDTH="634" HEIGHT="27">
							<String ID="string_134" HPOS="118" VPOS="725" WIDTH="40" HEIGHT="20" WC="0.93" CONTENT="gen"/><SP WIDTH="16" VPOS="725" HPOS="158"/>
							<String ID="string_135" HPOS="174" VPOS="719" WIDTH="111" HEIGHT="26" WC="0.90" CONTENT="betjänade"/><SP WIDTH="16" VPOS="719" HPOS="285"/>
							<String ID="string_136" HPOS="301" VPOS="719" WIDTH="33" HEIGHT="26" WC="0.96" CONTENT="sig"/><SP WIDTH="15" VPOS="719" HPOS="334"/>
							<String ID="string_137" HPOS="349" VPOS="722" WIDTH="56" HEIGHT="18" WC="0.96" CONTENT="samt"/><SP WIDTH="14" VPOS="722" HPOS="405"/>
							<String ID="string_138" HPOS="419" VPOS="719" WIDTH="6" HEIGHT="21" WC="0.96" CONTENT="i"/><SP WIDTH="17" VPOS="719" HPOS="425"/>
							<String ID="string_139" HPOS="442" VPOS="719" WIDTH="40" HEIGHT="21" WC="0.96" CONTENT="den"/><SP WIDTH="16" VPOS="719" HPOS="482"/>
							<String ID="string_140" HPOS="498" VPOS="719" WIDTH="49" HEIGHT="21" WC="0.96" CONTENT="män"/><SP WIDTH="16" VPOS="719" HPOS="547"/>
							<String ID="string_141" HPOS="563" VPOS="719" WIDTH="59" HEIGHT="21" WC="0.96" CONTENT="detta"/><SP WIDTH="14" VPOS="719" HPOS="622"/>
							<String ID="string_142" HPOS="636" VPOS="725" WIDTH="38" HEIGHT="15" WC="0.92" CONTENT="var"/><SP WIDTH="14" VPOS="725" HPOS="674"/>
							<String ID="string_143" HPOS="688" VPOS="718" WIDTH="64" HEIGHT="22" WC="0.92" CONTENT="fallet."/>
						</TextLine>
					</TextBlock>
					<TextBlock ID="block_2" HPOS="117" VPOS="753" WIDTH="760" HEIGHT="233">
						<TextLine ID="line_17" HPOS="187" VPOS="753" WIDTH="686" HEIGHT="27">
							<String ID="string_144" HPOS="187" VPOS="753" WIDTH="70" HEIGHT="21" WC="0.93" CONTENT="Dessa"/><SP WIDTH="15" VPOS="753" HPOS="257"/>
							<String ID="string_145" HPOS="272" VPOS="755" WIDTH="140" HEIGHT="19" WC="0.92" CONTENT="rättsnormer"/><SP WIDTH="16" VPOS="755" HPOS="412"/>
							<String ID="string_146" HPOS="428" VPOS="753" WIDTH="134" HEIGHT="27" WC="0.92" CONTENT="undergingo"/><SP WIDTH="19" VPOS="753" HPOS="562"/>
							<String ID="string_147" HPOS="581" VPOS="753" WIDTH="125" HEIGHT="27" WC="0.96" CONTENT="förändring"/><SP WIDTH="16" VPOS="753" HPOS="706"/>
							<String ID="string_148" HPOS="722" VPOS="759" WIDTH="76" HEIGHT="21" WC="0.93" CONTENT="genom"/><SP WIDTH="16" VPOS="759" HPOS="798"/>
							<String ID="string_149" HPOS="814" VPOS="753" WIDTH="59" HEIGHT="26" WC="0.87" CONTENT="Kejs."/>
						</TextLine>
						<TextLine ID="line_18" HPOS="117" VPOS="787" WIDTH="755" HEIGHT="28">
							<String ID="string_150" HPOS="117" VPOS="787" WIDTH="106" HEIGHT="21" WC="0.92" CONTENT="Förordn."/><SP WIDTH="21" VPOS="787" HPOS="223"/>
							<String ID="string_151" HPOS="244" VPOS="793" WIDTH="47" HEIGHT="21" WC="0.92" CONTENT="ang."/><SP WIDTH="23" VPOS="793" HPOS="291"/>
							<String ID="string_152" HPOS="314" VPOS="789" WIDTH="77" HEIGHT="25" WC="0.92" CONTENT="vägars"/><SP WIDTH="16" VPOS="789" HPOS="391"/>
							<String ID="string_153" HPOS="407" VPOS="787" WIDTH="39" HEIGHT="22" WC="0.93" CONTENT="och"/><SP WIDTH="15" VPOS="787" HPOS="446"/>
							<String ID="string_154" HPOS="461" VPOS="788" WIDTH="76" HEIGHT="21" WC="0.92" CONTENT="broars"/><SP WIDTH="16" VPOS="788" HPOS="537"/>
							<String ID="string_155" HPOS="553" VPOS="788" WIDTH="112" HEIGHT="27" WC="0.96" CONTENT="byggande"/><SP WIDTH="15" VPOS="788" HPOS="665"/>
							<String ID="string_156" HPOS="680" VPOS="787" WIDTH="40" HEIGHT="22" WC="0.93" CONTENT="och"/><SP WIDTH="15" VPOS="787" HPOS="720"/>
							<String ID="string_157" HPOS="735" VPOS="787" WIDTH="111" HEIGHT="22" WC="0.90" CONTENT="underhäll"/><SP WIDTH="15" VPOS="787" HPOS="846"/>
							<String ID="string_158" HPOS="861" VPOS="787" WIDTH="11" HEIGHT="20" WC="0.91" CONTENT="ä"/>
						</TextLine>
						<TextLine ID="line_19" HPOS="117" VPOS="821" WIDTH="755" HEIGHT="28">
							<String ID="string_159" HPOS="117" VPOS="821" WIDTH="78" HEIGHT="26" WC="0.93" CONTENT="landet,"/><SP WIDTH="24" VPOS="821" HPOS="195"/>
							<String ID="string_160" HPOS="219" VPOS="821" WIDTH="72" HEIGHT="27" WC="0.93" CONTENT="gifven"/><SP WIDTH="22" VPOS="821" HPOS="291"/>
							<String ID="string_161" HPOS="313" VPOS="822" WIDTH="39" HEIGHT="21" WC="0.96" CONTENT="den"/><SP WIDTH="26" VPOS="822" HPOS="352"/>
							<String ID="string_162" HPOS="378" VPOS="821" WIDTH="26" HEIGHT="22" WC="0.95" CONTENT="15"/><SP WIDTH="18" VPOS="821" HPOS="404"/>
							<String ID="string_163" HPOS="422" VPOS="822" WIDTH="43" HEIGHT="27" WC="0.95" CONTENT="jan."/><SP WIDTH="25" VPOS="822" HPOS="465"/>
							<String ID="string_164" HPOS="490" VPOS="822" WIDTH="60" HEIGHT="21" WC="0.93" CONTENT="1883."/><SP WIDTH="31" VPOS="822" HPOS="550"/>
							<String ID="string_165" HPOS="581" VPOS="822" WIDTH="162" HEIGHT="26" WC="0.96" CONTENT="Förordningen"/><SP WIDTH="16" VPOS="822" HPOS="743"/>
							<String ID="string_166" HPOS="759" VPOS="823" WIDTH="37" HEIGHT="26" WC="0.17" CONTENT="gör"/><SP WIDTH="16" VPOS="823" HPOS="796"/>
							<String ID="string_167" HPOS="812" VPOS="821" WIDTH="7" HEIGHT="21" WC="0.92" CONTENT="i"/><SP WIDTH="15" VPOS="821" HPOS="819"/>
							<String ID="string_168" HPOS="834" VPOS="821" WIDTH="11" HEIGHT="27" WC="0.87" CONTENT="&amp;"/><SP WIDTH="17" VPOS="821" HPOS="845"/>
							<String ID="string_169" HPOS="862" VPOS="821" WIDTH="10" HEIGHT="20" WC="0.96" CONTENT="1"/>
						</TextLine>
						<TextLine ID="line_20" HPOS="118" VPOS="855" WIDTH="759" HEIGHT="28">
							<String ID="string_170" HPOS="118" VPOS="855" WIDTH="90" HEIGHT="21" WC="0.90" CONTENT="skillnad"/><SP WIDTH="16" VPOS="855" HPOS="208"/>
							<String ID="string_171" HPOS="224" VPOS="856" WIDTH="88" HEIGHT="20" WC="0.91" CONTENT="emellan"/><SP WIDTH="24" VPOS="856" HPOS="312"/>
							<String ID="string_172" HPOS="336" VPOS="856" WIDTH="107" HEIGHT="20" WC="0.93" CONTENT="allmänna"/><SP WIDTH="15" VPOS="856" HPOS="443"/>
							<String ID="string_173" HPOS="458" VPOS="858" WIDTH="65" HEIGHT="25" WC="0.92" CONTENT="vägar"/><SP WIDTH="16" VPOS="858" HPOS="523"/>
							<String ID="string_174" HPOS="539" VPOS="856" WIDTH="39" HEIGHT="21" WC="0.96" CONTENT="och"/><SP WIDTH="16" VPOS="856" HPOS="578"/>
							<String ID="string_175" HPOS="594" VPOS="856" WIDTH="95" HEIGHT="21" WC="0.93" CONTENT="enskilda"/><SP WIDTH="15" VPOS="856" HPOS="689"/>
							<String ID="string_176" HPOS="704" VPOS="858" WIDTH="64" HEIGHT="24" WC="0.93" CONTENT="vägar"/><SP WIDTH="16" VPOS="858" HPOS="768"/>
							<String ID="string_177" HPOS="784" VPOS="857" WIDTH="55" HEIGHT="19" WC="0.96" CONTENT="samt"/><SP WIDTH="15" VPOS="857" HPOS="839"/>
							<String ID="string_178" HPOS="854" VPOS="855" WIDTH="23" HEIGHT="21" WC="0.96" CONTENT="af"/>
						</TextLine>
						<TextLine ID="line_21" HPOS="118" VPOS="889" WIDTH="755" HEIGHT="28">
							<String ID="string_179" HPOS="118" VPOS="889" WIDTH="57" HEIGHT="21" WC="0.90" CONTENT="förra"/><SP WIDTH="24" VPOS="889" HPOS="175"/>
							<String ID="string_180" HPOS="199" VPOS="890" WIDTH="68" HEIGHT="26" WC="0.92" CONTENT="slaget"/><SP WIDTH="18" VPOS="890" HPOS="267"/>
							<String ID="string_181" HPOS="285" VPOS="889" WIDTH="89" HEIGHT="22" WC="0.91" CONTENT="emellan"/><SP WIDTH="16" VPOS="889" HPOS="374"/>
							<String ID="string_182" HPOS="390" VPOS="890" WIDTH="129" HEIGHT="27" WC="0.92" CONTENT="landsvägar"/><SP WIDTH="15" VPOS="890" HPOS="519"/>
							<String ID="string_183" HPOS="534" VPOS="890" WIDTH="39" HEIGHT="21" WC="0.93" CONTENT="och"/><SP WIDTH="16" VPOS="890" HPOS="573"/>
							<String ID="string_184" HPOS="589" VPOS="890" WIDTH="99" HEIGHT="27" WC="0.92" CONTENT="byvägar,"/><SP WIDTH="16" VPOS="890" HPOS="688"/>
							<String ID="string_185" HPOS="704" VPOS="890" WIDTH="109" HEIGHT="21" WC="0.92" CONTENT="äfvensom"/><SP WIDTH="16" VPOS="890" HPOS="813"/>
							<String ID="string_186" HPOS="829" VPOS="895" WIDTH="44" HEIGHT="15" WC="0.93" CONTENT="om-"/>
						</TextLine>
						<TextLine ID="line_22" HPOS="118" VPOS="924" WIDTH="757" HEIGHT="27">
							<String ID="string_187" HPOS="118" VPOS="926" WIDTH="89" HEIGHT="18" WC="0.91" CONTENT="nämner"/><SP WIDTH="23" VPOS="926" HPOS="207"/>
							<String ID="string_188" HPOS="230" VPOS="924" WIDTH="104" HEIGHT="27" WC="0.92" CONTENT="ridvägar,"/><SP WIDTH="24" VPOS="924" HPOS="334"/>
							<String ID="string_189" HPOS="358" VPOS="927" WIDTH="51" HEIGHT="18" WC="0.96" CONTENT="utan"/><SP WIDTH="24" VPOS="927" HPOS="409"/>
							<String ID="string_190" HPOS="433" VPOS="926" WIDTH="31" HEIGHT="20" WC="0.95" CONTENT="att"/><SP WIDTH="23" VPOS="926" HPOS="464"/>
							<String ID="string_191" HPOS="487" VPOS="924" WIDTH="54" HEIGHT="22" WC="0.93" CONTENT="dock"/><SP WIDTH="24" VPOS="924" HPOS="541"/>
							<String ID="string_192" HPOS="565" VPOS="925" WIDTH="137" HEIGHT="21" WC="0.92" CONTENT="underordna"/><SP WIDTH="22" VPOS="925" HPOS="702"/>
							<String ID="string_193" HPOS="724" VPOS="925" WIDTH="64" HEIGHT="21" WC="0.93" CONTENT="dessa"/><SP WIDTH="21" VPOS="925" HPOS="788"/>
							<String ID="string_194" HPOS="809" VPOS="924" WIDTH="66" HEIGHT="26" WC="0.92" CONTENT="nägot"/>
						</TextLine>
						<TextLine ID="line_23" HPOS="118" VPOS="957" WIDTH="238" HEIGHT="29">
							<String ID="string_195" HPOS="118" VPOS="957" WIDTH="22" HEIGHT="22" WC="0.96" CONTENT="af"/><SP WIDTH="14" VPOS="957" HPOS="140"/>
							<String ID="string_196" HPOS="154" VPOS="958" WIDTH="27" HEIGHT="21" WC="0.96" CONTENT="de"/><SP WIDTH="15" VPOS="958" HPOS="181"/>
							<String ID="string_197" HPOS="196" VPOS="958" WIDTH="67" HEIGHT="22" WC="0.93" CONTENT="andra"/><SP WIDTH="15" VPOS="958" HPOS="263"/>
							<String ID="string_198" HPOS="278" VPOS="959" WIDTH="78" HEIGHT="27" WC="0.92" CONTENT="slagen."/>
						</TextLine>
					</TextBlock>
					<TextBlock ID="block_3" HPOS="119" VPOS="993" WIDTH="760" HEIGHT="301">
						<TextLine ID="line_24" HPOS="183" VPOS="993" WIDTH="692" HEIGHT="28">
							<String ID="string_199" HPOS="183" VPOS="993" WIDTH="170" HEIGHT="22" WC="0.91" CONTENT="Vidkommande"/><SP WIDTH="18" VPOS="993" HPOS="353"/>
							<String ID="string_200" HPOS="371" VPOS="994" WIDTH="121" HEIGHT="27" WC="0.96" CONTENT="byggandet"/><SP WIDTH="18" VPOS="994" HPOS="492"/>
							<String ID="string_201" HPOS="510" VPOS="994" WIDTH="39" HEIGHT="21" WC="0.93" CONTENT="och"/><SP WIDTH="15" VPOS="994" HPOS="549"/>
							<String ID="string_202" HPOS="564" VPOS="993" WIDTH="134" HEIGHT="22" WC="0.92" CONTENT="underhället"/><SP WIDTH="14" VPOS="993" HPOS="698"/>
							<String ID="string_203" HPOS="712" VPOS="993" WIDTH="22" HEIGHT="23" WC="0.93" CONTENT="af"/><SP WIDTH="15" VPOS="993" HPOS="734"/>
							<String ID="string_204" HPOS="749" VPOS="994" WIDTH="126" HEIGHT="26" WC="0.92" CONTENT="landsvägar"/>
						</TextLine>
						<TextLine ID="line_25" HPOS="119" VPOS="1027" WIDTH="756" HEIGHT="28">
							<String ID="string_205" HPOS="119" VPOS="1028" WIDTH="49" HEIGHT="21" WC="0.96" CONTENT="med"/><SP WIDTH="17" VPOS="1028" HPOS="168"/>
							<String ID="string_206" HPOS="185" VPOS="1027" WIDTH="31" HEIGHT="22" WC="0.96" CONTENT="till"/><SP WIDTH="11" VPOS="1027" HPOS="216"/>
							<String ID="string_207" HPOS="227" VPOS="1027" WIDTH="47" HEIGHT="21" WC="0.93" CONTENT="dem"/><SP WIDTH="11" VPOS="1027" HPOS="274"/>
							<String ID="string_208" HPOS="285" VPOS="1027" WIDTH="94" HEIGHT="22" WC="0.96" CONTENT="hörande"/><SP WIDTH="10" VPOS="1027" HPOS="379"/>
							<String ID="string_209" HPOS="389" VPOS="1028" WIDTH="63" HEIGHT="21" WC="0.96" CONTENT="broar"/><SP WIDTH="13" VPOS="1028" HPOS="452"/>
							<String ID="string_210" HPOS="465" VPOS="1029" WIDTH="88" HEIGHT="26" WC="0.83" CONTENT="stadgas"/><SP WIDTH="8" VPOS="1029" HPOS="553"/>
							<String ID="string_211" HPOS="561" VPOS="1028" WIDTH="7" HEIGHT="21" WC="0.83" CONTENT="i"/><SP WIDTH="9" VPOS="1028" HPOS="568"/>
							<String ID="string_212" HPOS="577" VPOS="1034" WIDTH="63" HEIGHT="15" WC="0.96" CONTENT="mom."/><SP WIDTH="10" VPOS="1034" HPOS="640"/>
							<String ID="string_213" HPOS="650" VPOS="1029" WIDTH="11" HEIGHT="20" WC="0.88" CONTENT="1"/><SP WIDTH="10" VPOS="1029" HPOS="661"/>
							<String ID="string_214" HPOS="671" VPOS="1027" WIDTH="8" HEIGHT="28" WC="0.70" CONTENT="8"/><SP WIDTH="9" VPOS="1027" HPOS="679"/>
							<String ID="string_215" HPOS="688" VPOS="1023" WIDTH="16" HEIGHT="36" WC="0.70" CONTENT="2,"/><SP WIDTH="14" VPOS="1023" HPOS="704"/>
							<String ID="string_216" HPOS="718" VPOS="1030" WIDTH="32" HEIGHT="19" WC="0.93" CONTENT="att"/><SP WIDTH="8" VPOS="1030" HPOS="750"/>
							<String ID="string_217" HPOS="758" VPOS="1028" WIDTH="44" HEIGHT="21" WC="0.93" CONTENT="däri"/><SP WIDTH="8" VPOS="1028" HPOS="802"/>
							<String ID="string_218" HPOS="810" VPOS="1027" WIDTH="65" HEIGHT="21" WC="0.93" CONTENT="delta-"/>
						</TextLine>
						<TextLine ID="line_26" HPOS="120" VPOS="1061" WIDTH="755" HEIGHT="28">
							<String ID="string_219" HPOS="120" VPOS="1069" WIDTH="36" HEIGHT="20" WC="0.93" CONTENT="ger"/><SP WIDTH="16" VPOS="1069" HPOS="156"/>
							<String ID="string_220" HPOS="172" VPOS="1062" WIDTH="53" HEIGHT="21" WC="0.96" CONTENT="hvar"/><SP WIDTH="17" VPOS="1062" HPOS="225"/>
							<String ID="string_221" HPOS="242" VPOS="1062" WIDTH="39" HEIGHT="21" WC="0.95" CONTENT="och"/><SP WIDTH="15" VPOS="1062" HPOS="281"/>
							<String ID="string_222" HPOS="296" VPOS="1068" WIDTH="31" HEIGHT="20" WC="0.96" CONTENT="en,"/><SP WIDTH="24" VPOS="1068" HPOS="327"/>
							<String ID="string_223" HPOS="351" VPOS="1069" WIDTH="46" HEIGHT="14" WC="0.93" CONTENT="som"/><SP WIDTH="16" VPOS="1069" HPOS="397"/>
							<String ID="string_224" HPOS="413" VPOS="1062" WIDTH="12" HEIGHT="21" WC="0.91" CONTENT="å"/><SP WIDTH="15" VPOS="1062" HPOS="425"/>
							<String ID="string_225" HPOS="440" VPOS="1062" WIDTH="72" HEIGHT="21" WC="0.91" CONTENT="landet"/><SP WIDTH="25" VPOS="1062" HPOS="512"/>
							<String ID="string_226" HPOS="537" VPOS="1068" WIDTH="51" HEIGHT="21" WC="0.95" CONTENT="eger"/><SP WIDTH="23" VPOS="1068" HPOS="588"/>
							<String ID="string_227" HPOS="611" VPOS="1062" WIDTH="51" HEIGHT="21" WC="0.93" CONTENT="eller"/><SP WIDTH="19" VPOS="1062" HPOS="662"/>
							<String ID="string_228" HPOS="681" VPOS="1062" WIDTH="79" HEIGHT="21" WC="0.97" CONTENT="brukar"/><SP WIDTH="15" VPOS="1062" HPOS="760"/>
							<String ID="string_229" HPOS="775" VPOS="1062" WIDTH="6" HEIGHT="21" WC="0.92" CONTENT="i"/><SP WIDTH="16" VPOS="1062" HPOS="781"/>
							<String ID="string_230" HPOS="797" VPOS="1061" WIDTH="78" HEIGHT="22" WC="0.96" CONTENT="mantal"/>
						</TextLine>
						<TextLine ID="line_27" HPOS="120" VPOS="1095" WIDTH="756" HEIGHT="28">
							<String ID="string_231" HPOS="120" VPOS="1099" WIDTH="42" HEIGHT="19" WC="0.92" CONTENT="satt"/><SP WIDTH="9" VPOS="1099" HPOS="162"/>
							<String ID="string_232" HPOS="171" VPOS="1096" WIDTH="56" HEIGHT="27" WC="0.93" CONTENT="jord,"/><SP WIDTH="17" VPOS="1096" HPOS="227"/>
							<String ID="string_233" HPOS="244" VPOS="1096" WIDTH="137" HEIGHT="21" WC="0.91" CONTENT="innehafvare"/><SP WIDTH="15" VPOS="1096" HPOS="381"/>
							<String ID="string_234" HPOS="396" VPOS="1096" WIDTH="22" HEIGHT="21" WC="0.93" CONTENT="af"/><SP WIDTH="21" VPOS="1096" HPOS="418"/>
							<String ID="string_235" HPOS="439" VPOS="1096" WIDTH="121" HEIGHT="27" WC="0.91" CONTENT="skattlagda"/><SP WIDTH="18" VPOS="1096" HPOS="560"/>
							<String ID="string_236" HPOS="578" VPOS="1099" WIDTH="49" HEIGHT="24" WC="0.92" CONTENT="torp"/><SP WIDTH="16" VPOS="1099" HPOS="627"/>
							<String ID="string_237" HPOS="643" VPOS="1097" WIDTH="39" HEIGHT="20" WC="0.91" CONTENT="och"/><SP WIDTH="16" VPOS="1097" HPOS="682"/>
							<String ID="string_238" HPOS="698" VPOS="1097" WIDTH="102" HEIGHT="26" WC="0.91" CONTENT="utjordar,"/><SP WIDTH="16" VPOS="1097" HPOS="800"/>
							<String ID="string_239" HPOS="816" VPOS="1095" WIDTH="60" HEIGHT="22" WC="0.96" CONTENT="bruk,"/>
						</TextLine>
						<TextLine ID="line_28" HPOS="119" VPOS="1130" WIDTH="758" HEIGHT="28">
							<String ID="string_240" HPOS="119" VPOS="1131" WIDTH="98" HEIGHT="26" WC="0.91" CONTENT="fabriker,"/><SP WIDTH="21" VPOS="1131" HPOS="217"/>
							<String ID="string_241" HPOS="238" VPOS="1131" WIDTH="67" HEIGHT="26" WC="0.92" CONTENT="sägar,"/><SP WIDTH="10" VPOS="1131" HPOS="305"/>
							<String ID="string_242" HPOS="315" VPOS="1130" WIDTH="97" HEIGHT="26" WC="0.92" CONTENT="kvarnar,"/><SP WIDTH="11" VPOS="1130" HPOS="412"/>
							<String ID="string_243" HPOS="423" VPOS="1131" WIDTH="12" HEIGHT="20" WC="0.92" CONTENT="ä"/><SP WIDTH="10" VPOS="1131" HPOS="435"/>
							<String ID="string_244" HPOS="445" VPOS="1130" WIDTH="72" HEIGHT="22" WC="0.92" CONTENT="hvilka"/><SP WIDTH="9" VPOS="1130" HPOS="517"/>
							<String ID="string_245" HPOS="526" VPOS="1131" WIDTH="66" HEIGHT="21" WC="0.92" CONTENT="malas"/><SP WIDTH="11" VPOS="1131" HPOS="592"/>
							<String ID="string_246" HPOS="603" VPOS="1133" WIDTH="46" HEIGHT="19" WC="0.96" CONTENT="mot"/><SP WIDTH="9" VPOS="1133" HPOS="649"/>
							<String ID="string_247" HPOS="658" VPOS="1132" WIDTH="124" HEIGHT="26" WC="0.93" CONTENT="ersättning,"/><SP WIDTH="11" VPOS="1132" HPOS="782"/>
							<String ID="string_248" HPOS="793" VPOS="1131" WIDTH="84" HEIGHT="26" WC="0.91" CONTENT="ölbryg-"/>
						</TextLine>
						<TextLine ID="line_29" HPOS="120" VPOS="1164" WIDTH="757" HEIGHT="27">
							<String ID="string_249" HPOS="120" VPOS="1165" WIDTH="75" HEIGHT="26" WC="0.89" CONTENT="gerier,"/><SP WIDTH="17" VPOS="1165" HPOS="195"/>
							<String ID="string_250" HPOS="212" VPOS="1164" WIDTH="241" HEIGHT="22" WC="0.91" CONTENT="brännvinsbrännerier"/><SP WIDTH="15" VPOS="1164" HPOS="453"/>
							<String ID="string_251" HPOS="468" VPOS="1164" WIDTH="111" HEIGHT="22" WC="0.93" CONTENT="äfvensom"/><SP WIDTH="16" VPOS="1164" HPOS="579"/>
							<String ID="string_252" HPOS="595" VPOS="1165" WIDTH="82" HEIGHT="21" WC="0.92" CONTENT="kronan"/><SP WIDTH="15" VPOS="1165" HPOS="677"/>
							<String ID="string_253" HPOS="692" VPOS="1164" WIDTH="33" HEIGHT="22" WC="0.96" CONTENT="för"/><SP WIDTH="15" VPOS="1164" HPOS="725"/>
							<String ID="string_254" HPOS="740" VPOS="1165" WIDTH="47" HEIGHT="21" WC="0.93" CONTENT="sina"/><SP WIDTH="15" VPOS="1165" HPOS="787"/>
							<String ID="string_255" HPOS="802" VPOS="1164" WIDTH="75" HEIGHT="27" WC="0.91" CONTENT="skogs-"/>
						</TextLine>
						<TextLine ID="line_30" HPOS="120" VPOS="1199" WIDTH="758" HEIGHT="27">
							<String ID="string_256" HPOS="120" VPOS="1199" WIDTH="83" HEIGHT="27" WC="0.89" CONTENT="parker."/><SP WIDTH="33" VPOS="1199" HPOS="203"/>
							<String ID="string_257" HPOS="236" VPOS="1199" WIDTH="54" HEIGHT="21" WC="0.91" CONTENT="Frän"/><SP WIDTH="16" VPOS="1199" HPOS="290"/>
							<String ID="string_258" HPOS="306" VPOS="1199" WIDTH="69" HEIGHT="21" WC="0.96" CONTENT="denna"/><SP WIDTH="16" VPOS="1199" HPOS="375"/>
							<String ID="string_259" HPOS="391" VPOS="1199" WIDTH="121" HEIGHT="27" WC="0.93" CONTENT="skyldighet"/><SP WIDTH="14" VPOS="1199" HPOS="512"/>
							<String ID="string_260" HPOS="526" VPOS="1199" WIDTH="88" HEIGHT="27" WC="0.93" CONTENT="fritagas"/><SP WIDTH="16" VPOS="1199" HPOS="614"/>
							<String ID="string_261" HPOS="630" VPOS="1200" WIDTH="54" HEIGHT="21" WC="0.96" CONTENT="dock"/><SP WIDTH="15" VPOS="1200" HPOS="684"/>
							<String ID="string_262" HPOS="699" VPOS="1206" WIDTH="76" HEIGHT="20" WC="0.96" CONTENT="genom"/><SP WIDTH="14" VPOS="1206" HPOS="775"/>
							<String ID="string_263" HPOS="789" VPOS="1205" WIDTH="64" HEIGHT="15" WC="0.96" CONTENT="mom."/><SP WIDTH="12" VPOS="1205" HPOS="853"/>
							<String ID="string_264" HPOS="865" VPOS="1199" WIDTH="13" HEIGHT="20" WC="0.96" CONTENT="2"/>
						</TextLine>
						<TextLine ID="line_31" HPOS="120" VPOS="1232" WIDTH="759" HEIGHT="28">
							<String ID="string_265" HPOS="120" VPOS="1240" WIDTH="82" HEIGHT="15" WC="0.90" CONTENT="samma"/><SP WIDTH="23" VPOS="1240" HPOS="202"/>
							<String ID="string_266" HPOS="225" VPOS="1232" WIDTH="100" HEIGHT="28" WC="0.93" CONTENT="paragraf"/><SP WIDTH="20" VPOS="1232" HPOS="325"/>
							<String ID="string_267" HPOS="345" VPOS="1233" WIDTH="142" HEIGHT="21" WC="0.91" CONTENT="lotshemman"/><SP WIDTH="22" VPOS="1233" HPOS="487"/>
							<String ID="string_268" HPOS="509" VPOS="1234" WIDTH="45" HEIGHT="25" WC="0.96" CONTENT="och,"/><SP WIDTH="22" VPOS="1234" HPOS="554"/>
							<String ID="string_269" HPOS="576" VPOS="1234" WIDTH="66" HEIGHT="26" WC="0.93" CONTENT="enligt"/><SP WIDTH="15" VPOS="1234" HPOS="642"/>
							<String ID="string_270" HPOS="657" VPOS="1234" WIDTH="56" HEIGHT="21" WC="0.96" CONTENT="hvad"/><SP WIDTH="18" VPOS="1234" HPOS="713"/>
							<String ID="string_271" HPOS="731" VPOS="1240" WIDTH="63" HEIGHT="15" WC="0.96" CONTENT="mom."/><SP WIDTH="15" VPOS="1240" HPOS="794"/>
							<String ID="string_272" HPOS="809" VPOS="1234" WIDTH="14" HEIGHT="20" WC="0.92" CONTENT="2"/><SP WIDTH="15" VPOS="1234" HPOS="823"/>
							<String ID="string_273" HPOS="838" VPOS="1233" WIDTH="11" HEIGHT="27" WC="0.76" CONTENT="&amp;"/><SP WIDTH="16" VPOS="1233" HPOS="849"/>
							<String ID="string_274" HPOS="865" VPOS="1233" WIDTH="14" HEIGHT="20" WC="0.96" CONTENT="4"/>
						</TextLine>
						<TextLine ID="line_32" HPOS="121" VPOS="1267" WIDTH="698" HEIGHT="27">
							<String ID="string_275" HPOS="121" VPOS="1267" WIDTH="67" HEIGHT="27" WC="0.92" CONTENT="gifver"/><SP WIDTH="15" VPOS="1267" HPOS="188"/>
							<String ID="string_276" HPOS="203" VPOS="1268" WIDTH="36" HEIGHT="21" WC="0.93" CONTENT="vid"/><SP WIDTH="15" VPOS="1268" HPOS="239"/>
							<String ID="string_277" HPOS="254" VPOS="1267" WIDTH="89" HEIGHT="27" WC="0.92" CONTENT="handen,"/><SP WIDTH="16" VPOS="1267" HPOS="343"/>
							<String ID="string_278" HPOS="359" VPOS="1268" WIDTH="112" HEIGHT="26" WC="0.91" CONTENT="nybyggen"/><SP WIDTH="16" VPOS="1268" HPOS="471"/>
							<String ID="string_279" HPOS="487" VPOS="1268" WIDTH="55" HEIGHT="21" WC="0.91" CONTENT="intill"/><SP WIDTH="15" VPOS="1268" HPOS="542"/>
							<String ID="string_280" HPOS="557" VPOS="1268" WIDTH="49" HEIGHT="21" WC="0.96" CONTENT="dess"/><SP WIDTH="16" VPOS="1268" HPOS="606"/>
							<String ID="string_281" HPOS="622" VPOS="1268" WIDTH="26" HEIGHT="21" WC="0.93" CONTENT="de"/><SP WIDTH="15" VPOS="1268" HPOS="648"/>
							<String ID="string_282" HPOS="663" VPOS="1268" WIDTH="57" HEIGHT="21" WC="0.93" CONTENT="trädt"/><SP WIDTH="14" VPOS="1268" HPOS="720"/>
							<String ID="string_283" HPOS="734" VPOS="1268" WIDTH="7" HEIGHT="21" WC="0.93" CONTENT="i"/><SP WIDTH="16" VPOS="1268" HPOS="741"/>
							<String ID="string_284" HPOS="757" VPOS="1268" WIDTH="62" HEIGHT="21" WC="0.93" CONTENT="skatt."/>
						</TextLine>
					</TextBlock>
					<TextBlock ID="block_4" HPOS="120" VPOS="1301" WIDTH="760" HEIGHT="165">
						<TextLine ID="line_33" HPOS="190" VPOS="1301" WIDTH="689" HEIGHT="28">
							<String ID="string_285" HPOS="190" VPOS="1302" WIDTH="11" HEIGHT="21" WC="0.96" CONTENT="I"/><SP WIDTH="16" VPOS="1302" HPOS="201"/>
							<String ID="string_286" HPOS="217" VPOS="1301" WIDTH="101" HEIGHT="22" WC="0.93" CONTENT="afseende"/><SP WIDTH="19" VPOS="1301" HPOS="318"/>
							<String ID="string_287" HPOS="337" VPOS="1302" WIDTH="13" HEIGHT="21" WC="0.92" CONTENT="ä"/><SP WIDTH="15" VPOS="1302" HPOS="350"/>
							<String ID="string_288" HPOS="365" VPOS="1302" WIDTH="261" HEIGHT="27" WC="0.92" CONTENT="väghällningsbesvärets"/><SP WIDTH="19" VPOS="1302" HPOS="626"/>
							<String ID="string_289" HPOS="645" VPOS="1302" WIDTH="119" HEIGHT="27" WC="0.96" CONTENT="utgörande"/><SP WIDTH="13" VPOS="1302" HPOS="764"/>
							<String ID="string_290" HPOS="777" VPOS="1302" WIDTH="39" HEIGHT="21" WC="0.93" CONTENT="bör"/><SP WIDTH="8" VPOS="1302" HPOS="816"/>
							<String ID="string_291" HPOS="824" VPOS="1302" WIDTH="55" HEIGHT="27" WC="0.89" CONTENT="jäm-"/>
						</TextLine>
						<TextLine ID="line_34" HPOS="120" VPOS="1336" WIDTH="759" HEIGHT="28">
							<String ID="string_292" HPOS="120" VPOS="1336" WIDTH="39" HEIGHT="21" WC="0.90" CONTENT="likt"/><SP WIDTH="16" VPOS="1336" HPOS="159"/>
							<String ID="string_293" HPOS="175" VPOS="1336" WIDTH="12" HEIGHT="26" WC="0.90" CONTENT="$"/><SP WIDTH="17" VPOS="1336" HPOS="187"/>
							<String ID="string_294" HPOS="204" VPOS="1336" WIDTH="13" HEIGHT="21" WC="0.94" CONTENT="3"/><SP WIDTH="21" VPOS="1336" HPOS="217"/>
							<String ID="string_295" HPOS="238" VPOS="1336" WIDTH="74" HEIGHT="21" WC="0.96" CONTENT="landet"/><SP WIDTH="23" VPOS="1336" HPOS="312"/>
							<String ID="string_296" HPOS="335" VPOS="1343" WIDTH="51" HEIGHT="15" WC="0.93" CONTENT="vara"/><SP WIDTH="22" VPOS="1343" HPOS="386"/>
							<String ID="string_297" HPOS="408" VPOS="1336" WIDTH="96" HEIGHT="22" WC="0.91" CONTENT="indeladt"/><SP WIDTH="14" VPOS="1336" HPOS="504"/>
							<String ID="string_298" HPOS="518" VPOS="1336" WIDTH="7" HEIGHT="21" WC="0.93" CONTENT="i"/><SP WIDTH="15" VPOS="1336" HPOS="525"/>
							<String ID="string_299" HPOS="540" VPOS="1336" WIDTH="188" HEIGHT="28" WC="0.92" CONTENT="vägbyggnadslag"/><SP WIDTH="21" VPOS="1336" HPOS="728"/>
							<String ID="string_300" HPOS="749" VPOS="1336" WIDTH="130" HEIGHT="22" WC="0.92" CONTENT="omfattande"/>
						</TextLine>
						<TextLine ID="line_35" HPOS="120" VPOS="1370" WIDTH="759" HEIGHT="28">
							<String ID="string_301" HPOS="120" VPOS="1370" WIDTH="63" HEIGHT="22" WC="0.91" CONTENT="hvart"/><SP WIDTH="16" VPOS="1370" HPOS="183"/>
							<String ID="string_302" HPOS="199" VPOS="1370" WIDTH="39" HEIGHT="22" WC="0.96" CONTENT="och"/><SP WIDTH="23" VPOS="1370" HPOS="238"/>
							<String ID="string_303" HPOS="261" VPOS="1372" WIDTH="31" HEIGHT="20" WC="0.95" CONTENT="ett"/><SP WIDTH="21" VPOS="1372" HPOS="292"/>
							<String ID="string_304" HPOS="313" VPOS="1370" WIDTH="22" HEIGHT="22" WC="0.95" CONTENT="af"/><SP WIDTH="18" VPOS="1370" HPOS="335"/>
							<String ID="string_305" HPOS="353" VPOS="1371" WIDTH="48" HEIGHT="21" WC="0.96" CONTENT="dem"/><SP WIDTH="16" VPOS="1371" HPOS="401"/>
							<String ID="string_306" HPOS="417" VPOS="1372" WIDTH="31" HEIGHT="20" WC="0.93" CONTENT="ett"/><SP WIDTH="16" VPOS="1372" HPOS="448"/>
							<String ID="string_307" HPOS="464" VPOS="1370" WIDTH="100" HEIGHT="28" WC="0.96" CONTENT="tingslag."/><SP WIDTH="30" VPOS="1370" HPOS="564"/>
							<String ID="string_308" HPOS="594" VPOS="1371" WIDTH="60" HEIGHT="21" WC="0.96" CONTENT="Dock"/><SP WIDTH="16" VPOS="1371" HPOS="654"/>
							<String ID="string_309" HPOS="670" VPOS="1372" WIDTH="23" HEIGHT="20" WC="0.96" CONTENT="är"/><SP WIDTH="15" VPOS="1372" HPOS="693"/>
							<String ID="string_310" HPOS="708" VPOS="1371" WIDTH="36" HEIGHT="21" WC="0.93" CONTENT="det"/><SP WIDTH="15" VPOS="1371" HPOS="744"/>
							<String ID="string_311" HPOS="759" VPOS="1370" WIDTH="120" HEIGHT="28" WC="0.58" CONTENT="medgifvet,"/>
						</TextLine>
						<TextLine ID="line_36" HPOS="121" VPOS="1404" WIDTH="758" HEIGHT="28">
							<String ID="string_312" HPOS="121" VPOS="1406" WIDTH="36" HEIGHT="24" WC="0.96" CONTENT="att,"/><SP WIDTH="16" VPOS="1406" HPOS="157"/>
							<String ID="string_313" HPOS="173" VPOS="1404" WIDTH="38" HEIGHT="22" WC="0.96" CONTENT="där"/><SP WIDTH="22" VPOS="1404" HPOS="211"/>
							<String ID="string_314" HPOS="233" VPOS="1404" WIDTH="41" HEIGHT="22" WC="0.96" CONTENT="alla"/><SP WIDTH="22" VPOS="1404" HPOS="274"/>
							<String ID="string_315" HPOS="296" VPOS="1405" WIDTH="31" HEIGHT="21" WC="0.93" CONTENT="till"/><SP WIDTH="21" VPOS="1405" HPOS="327"/>
							<String ID="string_316" HPOS="348" VPOS="1405" WIDTH="117" HEIGHT="27" WC="0.90" CONTENT="tingslaget"/><SP WIDTH="22" VPOS="1405" HPOS="465"/>
							<String ID="string_317" HPOS="487" VPOS="1405" WIDTH="95" HEIGHT="21" WC="0.92" CONTENT="hörande"/><SP WIDTH="23" VPOS="1405" HPOS="582"/>
							<String ID="string_318" HPOS="605" VPOS="1405" WIDTH="127" HEIGHT="21" WC="0.93" CONTENT="kommuner"/><SP WIDTH="21" VPOS="1405" HPOS="732"/>
							<String ID="string_319" HPOS="753" VPOS="1405" WIDTH="73" HEIGHT="21" WC="0.91" CONTENT="därom"/><SP WIDTH="16" VPOS="1405" HPOS="826"/>
							<String ID="string_320" HPOS="842" VPOS="1406" WIDTH="37" HEIGHT="20" WC="0.92" CONTENT="äro"/>
						</TextLine>
						<TextLine ID="line_37" HPOS="121" VPOS="1438" WIDTH="759" HEIGHT="28">
							<String ID="string_321" HPOS="121" VPOS="1444" WIDTH="58" HEIGHT="20" WC="0.90" CONTENT="ense,"/><SP WIDTH="16" VPOS="1444" HPOS="179"/>
							<String ID="string_322" HPOS="195" VPOS="1438" WIDTH="26" HEIGHT="21" WC="0.96" CONTENT="de"/><SP WIDTH="16" VPOS="1438" HPOS="221"/>
							<String ID="string_323" HPOS="237" VPOS="1439" WIDTH="34" HEIGHT="26" WC="0.93" CONTENT="sig"/><SP WIDTH="14" VPOS="1439" HPOS="271"/>
							<String ID="string_324" HPOS="285" VPOS="1439" WIDTH="90" HEIGHT="21" WC="0.92" CONTENT="emellan"/><SP WIDTH="16" VPOS="1439" HPOS="375"/>
							<String ID="string_325" HPOS="391" VPOS="1439" WIDTH="72" HEIGHT="21" WC="0.93" CONTENT="kunna"/><SP WIDTH="14" VPOS="1439" HPOS="463"/>
							<String ID="string_326" HPOS="477" VPOS="1438" WIDTH="83" HEIGHT="22" WC="0.93" CONTENT="fördela"/><SP WIDTH="15" VPOS="1438" HPOS="560"/>
							<String ID="string_327" HPOS="575" VPOS="1439" WIDTH="235" HEIGHT="27" WC="0.89" CONTENT="väghällningstungan."/><SP WIDTH="25" VPOS="1439" HPOS="810"/>
							<String ID="string_328" HPOS="835" VPOS="1439" WIDTH="45" HEIGHT="20" WC="0.93" CONTENT="Där"/>
						</TextLine>
					</TextBlock>
				</ComposedBlock>
				<ComposedBlock ID="cblock_2" HPOS="191" VPOS="1483" WIDTH="497" HEIGHT="23">
					<TextBlock ID="block_5" HPOS="191" VPOS="1483" WIDTH="497" HEIGHT="23">
						<TextLine ID="line_38" HPOS="191" VPOS="1483" WIDTH="497" HEIGHT="23">
							<String ID="string_329" HPOS="191" VPOS="1483" WIDTH="49" HEIGHT="23" WC="0.87" CONTENT="Lag-"/><SP WIDTH="15" VPOS="1483" HPOS="240"/>
							<String ID="string_330" HPOS="255" VPOS="1484" WIDTH="32" HEIGHT="17" WC="0.93" CONTENT="och"/><SP WIDTH="11" VPOS="1484" HPOS="287"/>
							<String ID="string_331" HPOS="298" VPOS="1484" WIDTH="186" HEIGHT="18" WC="0.92" CONTENT="Ekonomiutskottets"/><SP WIDTH="13" VPOS="1484" HPOS="484"/>
							<String ID="string_332" HPOS="497" VPOS="1485" WIDTH="111" HEIGHT="17" WC="0.96" CONTENT="betänkande"/><SP WIDTH="12" VPOS="1485" HPOS="608"/>
							<String ID="string_333" HPOS="620" VPOS="1484" WIDTH="38" HEIGHT="18" WC="0.95" CONTENT="N:o"/><SP WIDTH="12" VPOS="1484" HPOS="658"/>
							<String ID="string_334" HPOS="670" VPOS="1486" WIDTH="18" HEIGHT="16" WC="0.96" CONTENT="4."/>
						</TextLine>
					</TextBlock>
				</ComposedBlock>
				<ComposedBlock ID="cblock_3" HPOS="891" VPOS="749" WIDTH="114" HEIGHT="46">
					<TextBlock ID="block_6" HPOS="891" VPOS="749" WIDTH="114" HEIGHT="46">
						<TextLine ID="line_39" HPOS="891" VPOS="749" WIDTH="114" HEIGHT="18">
							<String ID="string_335" HPOS="891" VPOS="749" WIDTH="45" HEIGHT="18" WC="0.87" CONTENT="Enl."/><SP WIDTH="17" VPOS="749" HPOS="936"/>
							<String ID="string_336" HPOS="953" VPOS="749" WIDTH="52" HEIGHT="17" WC="0.96" CONTENT="1883"/>
						</TextLine>
						<TextLine ID="line_40" HPOS="897" VPOS="777" WIDTH="103" HEIGHT="18">
							<String ID="string_337" HPOS="897" VPOS="778" WIDTH="32" HEIGHT="17" WC="0.93" CONTENT="års"/><SP WIDTH="13" VPOS="778" HPOS="929"/>
							<String ID="string_338" HPOS="942" VPOS="777" WIDTH="23" HEIGHT="18" WC="0.92" CONTENT="K."/><SP WIDTH="14" VPOS="777" HPOS="965"/>
							<String ID="string_339" HPOS="979" VPOS="779" WIDTH="21" HEIGHT="15" WC="0.81" CONTENT="F."/>
						</TextLine>
					</TextBlock>
				</ComposedBlock>
			</PrintSpace>
		</Page>
	</Layout>
</alto>
