1092 1745
224 147 41 21 126
451 147 27 22 U.
497 147 27 22 B.
541 161 25 2 —
580 148 74 27 Prop.
671 147 43 22 N:o
730 147 22 22 5.

537 250 71 29 Kap.
631 250 37 21 II.

224 340 35 23 Om
276 341 119 28 skyldighet
410 342 32 22 att
457 342 85 27 deltaga
554 341 4 22 i
570 342 114 27 landsvägs
696 341 108 28 byggande
814 341 40 22 och
866 339 113 25 underhäll.

571 418 11 27 8
600 417 32 21 15.

292 467 11 21 I
327 467 110 30 byggande
459 469 39 21 och
521 468 109 22 underhäll
653 468 23 21 af
702 468 126 29 landsvägar
857 470 36 19 äro
915 471 65 19 samt-

222 501 44 28 liga
281 502 183 22 landskommuner
479 503 89 29 pliktige
584 506 32 19 att
630 505 131 26 gemensamt
777 502 85 29 deltaga
877 503 64 28 enligt
951 503 29 22 de

223 536 97 27 grunder,
335 544 45 14 som
395 537 7 21 i
417 537 68 22 denna
501 537 35 29 lag
551 537 91 28 stadgas.

571 625 10 24 s
600 624 31 20 16.

291 673 11 21 I
325 674 147 29 skyldigheten
491 678 32 18 att
538 675 69 28 bygga
622 675 40 21 och
678 675 122 21 underhålla
814 675 104 27 landsväg
933 675 45 20 del-

221 710 51 25 taga
287 708 55 21 efter
357 709 68 21 nedan
441 709 101 28 stadgade
557 709 101 28 grunder:

291 743 21 26 a)
329 750 61 21 egare
413 743 38 22 och
474 743 136 22 innehafvare
630 743 23 21 af
668 743 27 22 all
711 744 7 20 i
734 743 77 22 mantal
827 746 43 19 satt
883 743 46 28 jord
944 743 34 22 för

221 776 258 30 kommunalbeskattning
504 778 143 21 underkastad
669 778 95 21 afkomst
786 777 46 22 från
856 777 121 22 densamma

222 811 49 21 med
293 812 107 28 undantag
422 813 33 20 för
476 813 112 28 nybyggen
606 813 40 21 och
662 821 67 13 annan
745 813 71 26 sådan,
832 812 99 22 frihetsår
947 812 31 22 åt-

220 846 101 27 njutande
336 847 53 27 jord,
403 847 55 21 intill
473 847 48 21 dess
537 847 25 21 de
578 847 58 21 trädt
650 848 8 20 i
672 847 38 21 full
726 847 68 26 skatt;

290 880 23 27 b)
329 888 62 21 egare
411 881 40 22 och
471 881 136 22 innehafvare
622 881 23 22 af
660 881 121 28 skattlagda
796 884 48 25 torp
859 881 39 21 och
914 882 63 27 utjor-

220 914 39 21 dar
275 915 34 20 för
323 915 118 22 inkomsten
457 915 45 22 från
518 916 59 26 dem;

290 950 20 26 ec)
326 949 56 28 öfrig
397 949 119 22 kommunal
532 950 135 28 beskattning
681 949 143 22 underkastad
839 949 96 27 inkomst,
949 949 28 29 pä

220 985 43 20 sätt
277 984 8 20 i
301 984 12 27 $
329 985 27 20 30
372 986 53 26 sägs,
440 987 55 18 samt

290 1018 21 27 d)
328 1018 143 29 kronoparker
485 1019 40 21 och
541 1019 55 28 öfrig
611 1019 119 28 kronojord.

569 1107 11 26 S
598 1106 32 20 17.

291 1157 50 21 Alla
357 1157 6 21 i
380 1157 12 28 &
410 1158 25 21 16
451 1157 125 22 omnämnda
591 1156 234 29 beskattningsföremäl
839 1155 88 28 bidraga
944 1155 32 22 till

219 1192 132 27 vägtungans
369 1192 115 28 utgörande
503 1191 48 22 med
568 1192 120 28 penningar,
704 1191 72 22 hvilka
791 1190 49 28 ingä
854 1190 32 21 till
902 1197 25 14 en
943 1190 34 21 för

218 1225 73 21 landet
305 1233 122 20 gemensam
442 1226 107 29 vägkassa.

566 1301 12 26 $
596 1301 31 20 18.

276 1351 43 21 För
342 1351 115 22 utredande
479 1352 22 21 af
523 1351 27 22 de
564 1351 66 28 ärliga
646 1350 186 30 penningebidrag,
848 1358 44 13 som
910 1350 67 21 erfor-

217 1385 50 22 dras
282 1386 33 21 till
330 1385 132 22 underhållet
477 1386 23 21 af
513 1387 8 20 i
537 1387 11 26 $
566 1387 25 20 15
608 1385 92 22 nämnda
714 1387 66 26 vägar
790 1384 49 21 med
849 1384 128 21 föreskrifna

217 1420 86 28 stolpar,
318 1420 121 29 ledstänger
458 1420 51 21 eller
523 1420 65 21 andra
603 1422 51 20 värn
669 1420 59 21 invid
744 1419 115 26 desamma,
875 1419 100 28 uppskat-

215 1456 34 19 tas
271 1454 142 22 kostnaderna
435 1455 72 20 härför
529 1455 55 20 inom
602 1454 72 28 hvarje
693 1454 100 21 kommun
809 1452 111 27 särskildt;
935 1453 40 21 och

287 1500 48 23 Lag-
348 1501 33 17 och
394 1500 184 18 Ekonomiutskottets
590 1501 111 17 betänkande
713 1500 39 17 N:o
764 1500 18 17 4.
