1092 1748
457 125 42 21 N:o
511 125 14 21 6
812 124 27 21 27

460 194 28 21 68
503 195 18 25 8.

182 233 45 21 Vid
243 233 113 29 egoskifte
375 234 37 21 må
427 233 19 29 ej
464 242 27 13 en
507 234 108 28 lägenhet
630 234 13 20 å
659 240 75 14 annan
749 232 120 29 lägenhets

114 268 91 21 område
220 267 137 22 förbehållas
373 275 73 14 annan
464 270 45 19 rätt
525 270 27 18 än
569 268 36 20 till
620 270 52 26 väg,
683 266 86 28 fädrift,
781 269 88 19 vatten-

114 302 72 28 ställe,
202 304 90 19 vattens
307 302 96 21 ledande
419 302 55 22 eller
489 302 190 28 uppdämmande,
696 302 100 28 båtplats
812 303 58 19 samt

114 336 35 22 för
164 336 56 21 fiske
235 336 71 28 nödig
321 336 70 22 mark.

463 406 28 21 69
505 407 19 26 8.

183 440 33 26 Är
231 445 156 29 samfällighet
402 446 55 21 eller
472 446 89 22 enskild
576 445 109 28 lägenhet
696 445 130 28 berättigad
838 447 34 19 att

116 482 53 26 taga
188 482 56 25 sten,
267 488 61 20 grus,
350 480 39 28 ler,
412 480 49 22 torf
481 481 54 21 eller
558 483 69 18 annat
644 480 12 21 å
671 480 63 27 visst,
751 480 36 21 för
803 479 68 21 ända-

116 515 69 20 målet
200 514 117 22 utstakadt
333 515 66 21 ställe
414 515 63 21 inom
493 522 74 14 annan
579 514 162 28 samfällighet,
754 522 48 13 som
814 513 55 21 skall

115 549 103 28 undergå
233 549 122 28 egoskifte;
371 550 29 20 då
415 549 68 22 hafve
499 550 134 28 delegarene
644 549 8 21 i
663 548 141 22 sistnämnda
815 556 57 13 sam-

116 583 107 29 fällighet
245 584 64 21 makt
329 587 33 19 att
377 584 97 22 utskifta
490 584 38 22 det
543 584 66 22 ställe
625 586 47 19 mot
688 586 76 25 annat,
780 590 49 14 som
845 582 27 22 de

116 618 63 22 finna
201 618 35 22 för
255 619 36 28 sig
309 619 115 29 lägligast,
441 626 37 14 om
493 619 39 21 det
547 622 24 18 är
584 618 121 29 jemngodt
720 618 43 22 och
778 618 36 21 för
829 618 43 20 den

116 653 143 28 berättigade
283 653 184 29 samfälligheten
491 654 54 20 eller
566 653 138 28 lägenheten
724 652 18 28 ej
764 652 110 28 märkligt

118 688 89 20 svårare
230 690 34 18 att
285 688 112 28 begagna.
427 688 51 28 Lag
498 695 85 15 samma
598 696 53 13 vare
667 695 37 14 om
720 687 152 27 vattenställe,

117 722 133 28 blekeplats,
274 722 103 22 linsänke
393 722 43 22 och
451 730 76 14 annan
549 722 68 22 sådan
638 722 96 27 förmån,
751 730 49 13 som
816 728 58 14 sam-

117 756 107 28 fällighet
246 757 55 21 eller
323 757 90 21 enskild
434 757 110 29 lägenhet
562 764 53 20 eger
630 756 76 29 nyttja
720 756 63 22 inom
799 763 75 14 annan

118 790 167 29 samfällighets
300 792 55 20 råer.

465 855 29 22 70
509 856 18 26 8.

186 895 85 21 Finnes
293 895 62 21 inom
379 895 162 28 samfällighet,
557 902 48 14 som
624 895 58 21 skall
704 895 103 27 undergå
822 901 54 20 ego-

119 929 74 27 skifte,
217 937 74 13 annan
315 929 156 28 samfällighet
494 929 102 28 tillhörig
619 929 76 28 utjord
718 929 54 21 eller
791 927 84 29 urfjäll,

119 971 48 14 som
190 963 50 21 icke
262 963 45 22 kan
331 963 73 28 enligt
423 963 27 21 41
467 965 13 26 &
496 963 102 28 utbytas;
622 963 28 21 dä
668 963 58 21 skall
744 963 132 21 densamma

119 997 57 22 efter
195 997 122 28 gradering
337 998 42 21 och
395 997 182 29 delningsgrund
590 997 110 28 jemngod
716 997 105 28 utbrytas
838 997 39 21 der

120 1032 38 21 det
180 1032 36 21 till
239 1032 128 21 beredande
385 1032 25 21 af
427 1032 75 28 redigt
525 1031 69 22 skifte
616 1032 126 28 lämpligen
764 1032 46 21 kan
826 1031 50 26 ske;

120 1067 42 21 och
181 1067 76 28 gånge
276 1067 52 21 med
347 1067 160 28 utflyttnings-
523 1067 42 21 och
580 1066 247 28 odlingskostnaderna
843 1066 34 21 så-

120 1109 48 13 som
183 1101 75 22 nedan
273 1101 8 21 i
297 1101 28 22 76
341 1101 41 21 och
399 1102 27 21 77
442 1103 27 25 $$
485 1101 97 28 stadgas.

188 1135 68 22 Hvad
272 1143 30 13 nu
318 1138 62 26 sagts
391 1135 68 22 varde
473 1135 86 29 jemväl
570 1135 129 28 tillämpadt
710 1136 12 20 &
734 1135 69 22 sådan
815 1135 63 20 inom

120 1169 184 29 samfälligheten
325 1170 96 28 belägen
442 1170 147 28 tillandning,
606 1177 48 14 som
669 1177 84 21 genom
769 1169 109 22 särskildt

120 1204 69 21 skifte
204 1204 89 28 tillagts
308 1205 78 27 någon
401 1204 35 21 för
451 1204 52 21 dess
519 1211 81 21 person
616 1205 55 20 eller
686 1205 74 20 såsom
774 1203 104 22 innebaf-

120 1246 53 14 vare
188 1239 23 20 af
227 1239 46 20 viss
288 1239 114 28 lägenhet,
418 1239 95 21 hvilken
529 1239 49 20 icke
594 1241 39 26 egt
644 1239 66 20 andel
721 1239 8 20 i
740 1239 38 21 det
789 1240 89 20 vatten-

121 1273 61 28 drag,
198 1281 84 21 genom
297 1273 68 22 hvars
381 1273 116 28 sänkning
512 1273 168 28 tillandningen
696 1274 110 27 uppstått.

473 1361 28 21 71
517 1362 18 25 8.

190 1400 149 21 Tillkommer
361 1400 108 28 lägenhet
492 1401 62 21 inom
573 1401 155 28 samfällighet
748 1400 70 21 sädan
834 1402 47 19 sär-

122 1435 59 22 skild
197 1435 95 28 förmån,
309 1442 49 14 som
374 1435 8 21 i
396 1435 29 20 60
439 1435 13 27 &
467 1437 101 26 nämnes,
583 1436 38 20 mä
636 1435 49 28 den,
700 1435 37 20 till
752 1433 130 22 beredande
