1095 1742
254 122 27 21 36
567 122 43 22 N:o
622 124 12 20 5

229 196 89 16 samma
334 190 149 30 afhjelpande
498 191 87 30 nödiga
600 192 170 22 förberedande
781 192 115 28 åtgärder.
912 192 70 22 Kost-

227 224 78 22 naden
320 224 80 22 härför
420 226 71 28 utgår
512 232 29 15 ur
556 226 131 28 vägkassan
702 226 45 22 och
761 226 47 22 kan
824 226 26 22 af
864 226 119 22 allmänna

226 258 77 22 medel
317 258 50 22 helt
382 259 43 22 och
440 259 73 23 hållet
527 260 56 22 eller
599 260 36 22 till
650 261 80 28 någon
745 260 38 22 del
798 260 61 22 efter
868 261 114 29 pröfning

225 292 9 22 i
249 292 81 30 hvarje
346 293 110 23 särskildt
471 294 50 28 fall,
536 294 133 29 godtgöras.

294 328 140 29 Ansökning
456 336 37 14 om
515 329 8 21 i
547 332 10 19 1
581 337 68 14 mom.
666 329 141 22 omnämnda
823 329 83 29 anslag
920 329 61 22 skall

225 361 96 29 åtföljas
344 362 26 22 af
390 362 89 30 ritning
502 363 44 22 och
568 364 150 28 specificerad
737 363 245 29 kostnadsberäkning

225 398 62 19 samt
310 403 37 15 om
369 397 148 29 godtgörelse
531 398 38 22 för
584 398 73 22 sådan
672 398 108 28 kostnad,
796 405 49 15 som
860 398 9 21 i
884 400 12 20 3
912 405 67 15 mom.

225 430 70 28 afses,
318 431 55 22 utaf
386 432 149 28 specificerad
550 432 101 29 räkning
667 433 68 21 öfver
749 432 138 28 kostnaden,
903 432 78 28 styrkt

225 464 28 22 af
276 465 174 23 vederbörande
475 466 181 22 kronolänsman
679 466 58 22 eller
759 474 79 14 annan
860 466 121 29 trovärdig

225 501 44 20 och
284 499 64 22 känd
362 507 90 22 person,
468 501 43 22 och
523 501 9 21 i
539 501 126 22 hvartdera
679 501 70 22 fallet
759 501 115 22 inlemnas
884 501 38 21 till
933 501 47 22 Gu-

225 537 121 25 vernören,
368 542 50 14 som
439 535 111 22 insänder
571 535 174 29 handlingarna
765 535 73 29 jemte
853 537 54 27 eget
921 536 60 21 utlå-

225 567 72 23 tande
311 568 39 22 till
366 568 113 23 Senatens
493 570 298 28 Ekonomiedepartement.

573 635 26 20 68
615 634 19 26 8.

293 671 91 23 Brister
405 673 135 29 väghållare
562 674 57 21 eller
641 673 339 29 entreprenör
796 667 13 39 i
817 673 163 29 fullgörandet

225 705 27 22 af
257 705 87 24 honom
354 706 125 30 åliggande
489 707 135 30 plognings-
635 708 56 21 eller
701 707 279 29 skottningsskyldighet,

225 740 58 22 eller
298 741 83 21 varder
396 742 87 22 allmän
498 742 123 28 vinterväg
637 742 20 30 ej
674 743 30 28 på
719 742 153 22 föreskrifvet
888 744 47 20 sätt
944 744 35 19 ut-

224 774 91 29 stakad,
331 775 71 22 hafve
417 776 180 22 kronolänsman
612 777 65 21 makt
693 778 36 20 att
743 776 50 22 låta
808 776 92 22 arbetet
912 776 68 22 verk-

224 809 71 22 ställa
317 812 63 20 emot
393 810 55 30 lega
462 811 44 22 och
521 811 133 22 densamma
669 812 131 22 sedermera
815 811 43 22 hos
873 811 46 21 den
934 812 45 21 för-

224 844 100 29 sumlige
339 847 89 27 uttaga,
444 846 75 22 såsom
534 846 9 22 i
558 848 27 20 27
601 847 12 27 $
628 850 61 24 sägs.

548 996 34 21 VI
596 996 63 22 Kar.

256 1052 34 22 Om
306 1053 105 28 skyldighet
425 1053 30 22 att
469 1053 77 28 deltaga
561 1054 4 21 i
581 1054 99 28 byggande
695 1054 21 22 af
731 1053 59 29 byväg
806 1053 36 22 och
857 1053 100 28 spångväg

405 1088 53 22 samt
472 1093 31 17 om
518 1088 76 22 sådana
609 1089 70 26 vägars
694 1087 104 23 underhåll.

571 1157 26 20 69
614 1156 18 27 8.

291 1194 143 29 Byggandet
462 1195 44 22 och
535 1195 148 22 underhållet
711 1195 26 22 af
761 1195 80 28 byväg
864 1195 54 22 med
942 1195 40 22 för

223 1227 135 23 densamma
372 1229 152 29 erforderliga
537 1230 69 21 broar
620 1229 43 22 och
676 1230 75 28 färjor
765 1229 57 22 eller
832 1229 80 22 flottar
922 1229 57 28 ålig-

221 1269 43 21 ger
286 1262 54 22 dei
362 1265 25 20 14
402 1265 14 26 8
431 1271 68 14 mom.
515 1271 14 15 a
544 1264 44 22 och
603 1265 15 21 b
633 1264 142 22 omnämnda
788 1263 191 30 jordlägenheter

221 1299 62 19 samt
305 1297 164 30 kronoparker,
492 1305 50 15 som
561 1299 28 21 af
602 1295 75 32 vägen
692 1299 75 22 hafva
781 1298 74 22 behof
869 1298 56 21 eller
939 1301 40 18 vä-

222 1331 98 28 sentligt
335 1339 73 22 gagn;
432 1332 43 22 och
493 1332 61 22 skall
569 1333 178 28 delaktigheten
761 1333 9 21 i
785 1332 74 22 sådan
874 1331 105 30 väghåll-

221 1365 60 29 ning
303 1365 141 23 bestämmas
466 1367 60 22 efter
540 1367 120 26 mantalet,
677 1367 61 22 dock
754 1369 35 20 att
804 1366 127 29 tillbörligt
945 1367 34 21 af-

221 1399 86 22 seende
330 1400 73 22 fästes
423 1401 88 28 jemväl
533 1401 14 22 å
569 1401 45 22 den
633 1401 63 22 olika
711 1403 75 27 nytta,
803 1408 50 15 som
868 1400 111 22 vederbö-

221 1433 74 22 rande
317 1434 27 21 af
364 1438 77 26 vägen
464 1435 147 29 tillskyndas.
640 1435 47 23 Vid
710 1435 123 22 mätandet
856 1435 26 22 af
902 1435 80 22 denna
