1095 1739
454 110 43 21 N:o
509 111 12 21 5
811 111 25 20 13

109 177 75 22 bredd
206 178 54 21 från
278 180 63 26 yttre
361 177 154 22 dikeskanten
535 177 62 29 eller,
618 178 41 21 der
677 178 54 21 dike
749 178 20 28 ej
785 178 80 28 finnes,

110 212 39 21 till
164 219 29 14 en
208 212 73 21 bredd
297 213 26 20 af
337 214 12 20 3
365 214 73 19 meter
453 212 54 22 från
521 216 90 25 vägens
626 212 64 22 kant.

467 276 48 27 88.

180 315 139 29 Ersättning
344 315 37 21 för
405 315 49 21 fast
478 315 120 29 egendom,
621 322 49 15 som
696 315 170 29 exproprierats

111 350 38 21 för
165 349 145 30 anläggning
326 350 27 21 af
365 349 121 30 landsväg,
502 350 71 29 utgår
587 350 27 21 af
623 349 118 22 allmänna
756 349 81 22 medel.

180 384 51 28 Lag
251 391 87 14 samma
356 391 55 14 vare
426 384 148 21 beträffande
587 384 123 29 jordegare
726 384 140 22 tillbörande

111 419 133 27 ersättning
266 418 38 21 för
326 418 73 21 sådan
421 418 172 29 inskränkning
611 419 8 20 i
634 419 172 28 nyttjanderätt
828 418 38 22 till

111 453 67 21 mark
192 454 30 28 på
238 456 62 18 ömse
315 453 64 22 sidor
394 460 38 14 om
446 453 121 29 landsväg,
584 460 49 15 som
648 453 9 22 i
673 456 11 19 7
701 454 11 28 &
729 454 68 21 afses.

468 507 47 25 98.

180 545 30 29 Ej
228 546 38 20 mä
283 545 240 29 vägbyggnadsämne
540 547 67 27 tagas
625 546 54 20 frän
696 552 89 15 annans
801 545 65 21 mark

111 582 58 19 utan
188 580 149 28 jordegarens
354 580 113 21 tillständ.
497 580 46 21 Det
559 580 90 28 äligger
664 579 203 29 vägbyggnadsla-

111 616 47 26 get,
174 614 62 27 eller,
249 614 8 21 i
268 614 68 28 fräga
351 621 38 14 om
404 614 85 28 byväg,
506 614 138 28 delegarene
659 614 8 21 i
683 614 133 21 densamma
831 615 36 20 att

111 648 76 22 inlösa
202 648 85 28 nödigt
299 648 149 28 jordomräde
464 649 37 21 för
516 648 73 27 sand-,
606 656 70 20 grus-,
692 648 44 22 ler-
751 648 44 22 och
805 650 61 19 sten-

111 685 59 26 tägt,
181 682 9 22 i
200 682 90 22 hvilket
306 682 116 28 afseende,
439 682 40 22 der
495 682 234 22 öfverenskommelse
743 682 51 22 med
803 682 64 29 jord-

111 724 87 21 egaren
222 717 20 28 ej
264 717 46 21 kan
333 716 89 28 träffas,
446 717 69 28 lagen
535 724 37 14 om
591 717 173 28 expropriation
779 717 26 21 af
819 717 48 21 fast

111 752 116 28 egendom
243 752 37 20 för
295 751 98 21 allmänt
407 751 74 21 behof
494 751 61 21 skall
570 751 70 21 lända
656 751 36 21 till
703 751 162 22 efterrättelse.

180 786 119 21 Behöfver
321 786 150 28 vägbyggare
495 786 38 21 för
555 786 151 21 afhemtande
728 786 26 21 af
770 786 97 28 väglag-

112 820 155 28 ningsämnen
291 820 108 28 begagna
424 827 89 15 annans
538 820 106 21 enskilda
668 824 46 24 väg
740 820 55 21 eller
819 820 47 27 bro,

113 856 83 27 pröfve
211 854 170 28 häradsrätten,
393 854 77 22 derest
481 854 174 22 vederbörande
666 854 20 29 ej
698 854 79 22 kunna
787 854 79 22 derom

111 889 9 21 i
135 889 61 29 godo
212 889 208 27 öfverenskomma,
436 889 116 21 huruvida
567 889 84 21 sädant
666 889 84 21 honom
768 888 99 29 medgif-

112 931 41 13 vas
168 924 43 24 mä,
227 926 60 19 samt
303 924 127 21 bestämme
445 924 8 20 i
469 926 25 26 ty
510 924 43 20 fall
567 924 44 20 den
623 924 135 28 ersättning,
770 930 48 15 som
829 923 38 21 för

112 958 224 28 tillgodonjutandet
359 958 26 21 af
405 958 103 22 nämnda
529 958 115 28 rättighet
662 958 107 28 skäligen
783 958 44 21 bör
842 957 27 22 af

111 993 236 29 vägbyggnadslaget
363 993 113 28 erläggas.

462 1047 25 19 10
503 1046 19 26 8.

181 1086 48 21 Der
250 1089 47 25 väg
317 1086 44 28 gär
379 1085 81 21 utmed
479 1086 142 28 vattendrag
636 1086 56 21 eller
707 1086 158 28 fördjupning,

113 1127 48 14 som
185 1120 38 21 för
245 1120 144 28 vägfarande
413 1120 46 21 kan
484 1120 105 22 medföra
618 1120 67 28 väda,
710 1120 60 22 skall
794 1120 72 28 lämp-

112 1154 46 28 ligt
173 1154 147 29 skyddsvärn
335 1154 134 29 anbringas.

462 1220 24 19 11
505 1219 19 26 8.

181 1258 65 21 Utan
271 1258 106 21 tillstånd
403 1258 27 21 af
450 1258 146 28 kronofogde
620 1258 38 21 mä
682 1258 22 28 ej
729 1258 138 22 hädanefter

111 1292 81 21 utmed
208 1292 114 29 landsväg
337 1293 30 27 på
382 1292 91 22 mindre
489 1292 94 22 afstånd
599 1296 29 18 än
644 1294 12 20 5
672 1294 72 20 meter
759 1293 54 21 från
827 1296 40 18 vä-

111 1333 58 21 gens
184 1326 60 22 kant
259 1326 111 28 byggnad
384 1326 119 29 uppföras.

463 1380 24 19 12
505 1380 19 25 8.

180 1417 133 29 Landsväg,
331 1418 95 21 hvarest
444 1418 190 28 skjutsanstalter
653 1418 80 28 finnas,
752 1418 42 22 bör
809 1425 58 21 upp-

112 1453 75 20 mätas
202 1452 9 22 i
226 1452 121 22 kilometer
365 1454 61 20 samt
443 1452 82 29 hvarje
543 1452 122 22 kilometer
683 1452 118 22 utmärkas
814 1452 53 22 med
