1092 1748
257 133 28 20 28
572 133 42 21 N:o
626 133 13 21 6

228 201 26 21 af
274 201 102 29 redigare
396 201 74 28 skifte,
487 202 94 29 utbytas
597 204 62 19 emot
674 209 74 14 annan
771 201 109 29 jemngod
895 201 88 22 förmån

227 235 23 21 af
266 243 85 14 samma
367 236 49 28 slag
432 237 60 26 eller,
505 236 39 21 der
554 237 149 28 lägenhetens
714 235 149 22 innehafvare
874 235 39 22 det
923 235 60 21 med-

226 269 81 29 gifver,
324 271 134 22 annorledes
473 271 55 28 ingå
543 271 8 21 i
567 271 130 28 delningen.

578 334 27 22 72
621 335 18 26 8.

294 368 33 27 Är
348 374 58 21 visst
429 374 91 22 område
543 374 26 21 af
588 375 109 28 lägenhet
718 374 105 28 upplåtet
841 373 36 22 till
896 380 87 15 annans

224 407 122 30 nyttjande
362 409 43 21 och
422 409 46 21 kan
487 409 96 28 lämplig
599 409 173 28 egoanordning
787 408 50 21 icke
853 407 130 22 åstadkom-

224 450 56 20 mas,
296 443 52 21 med
370 443 88 22 mindre
482 443 101 22 området
607 444 54 21 eller
684 451 27 13 en
729 443 116 28 väsentlig
865 442 36 21 del
919 441 66 22 deraf

224 477 92 22 komme
338 479 34 20 att
394 477 81 29 frångå
498 478 122 27 brukaren;
645 478 28 21 då
693 478 46 27 bör,
755 477 40 21 der
818 477 38 21 det
878 477 52 21 med
950 476 32 21 af-

224 512 83 22 seende
322 514 14 20 å
350 513 140 21 kostnadens
506 514 91 27 storlek,
619 513 43 21 den
679 512 142 22 återstående
836 511 145 29 nyttjorätts-

224 546 76 22 tidens
322 547 78 28 längd,
420 547 118 22 förmånen
557 548 55 21 eller
628 547 151 29 olägenheten
795 546 24 22 af
836 546 45 22 slik
895 546 87 28 nyttjo-

223 584 47 18 rätt
291 581 40 22 vid
353 582 149 28 lägenhetens
524 590 47 21 nya
589 582 174 28 egoanordning
782 581 55 21 eller
852 580 70 22 andra
937 580 44 22 för-

223 616 123 21 hållanden
361 616 127 28 lämpligen
503 616 45 22 kan
563 616 46 28 ske,
625 617 24 21 åt
664 616 113 22 brukaren
787 616 106 28 utläggas
905 617 75 25 annat,

222 650 38 21 till
275 650 54 21 vidd
346 650 42 22 och
403 650 87 28 godhet
506 651 159 21 motsvarande
681 650 91 22 område
783 650 23 21 af
821 650 28 21 de
860 657 61 21 egor,
933 657 48 13 som

223 684 39 21 vid
278 684 81 22 skiftet
374 685 89 28 tillagts
479 692 86 14 samma
580 685 114 29 lägenhet.

292 719 42 21 Om
351 718 133 30 jordegares
503 720 42 21 och
560 720 108 21 brukares
683 722 46 19 rätt
745 721 34 19 att
794 718 8 22 i
818 718 125 28 anledning
958 718 25 21 af

223 753 128 22 verkstäldt
366 753 70 22 skifte
452 754 87 28 påyrka
549 754 133 28 förhöjning
693 754 55 21 eller
759 753 136 28 afkortning
906 754 13 20 å
929 753 52 27 lega

223 788 55 20 eller
301 787 115 22 häfvande
439 789 55 21 eller
516 788 147 28 uppsägning
686 788 25 22 af
730 787 111 29 legoaftal
864 790 59 18 samt
942 794 38 14 an-

222 822 90 28 gående
335 822 63 22 tiden
422 822 35 22 för
480 822 69 22 sådan
571 823 148 28 uppsägning
737 822 63 28 gälle
814 822 60 22 hvad
890 822 8 21 i
913 822 67 28 lagen

222 864 37 13 om
275 857 52 28 lega
343 856 25 22 af
378 856 53 29 jord
447 858 29 27 på
491 857 79 22 landet
585 857 72 22 finnes
673 856 116 29 stadgadt;
805 856 57 22 dock
877 856 41 22 bör
928 856 52 22 bru-

221 891 61 28 kare,
299 899 47 14 som
366 892 74 28 enligt
463 892 4 21 1
484 899 66 14 mom.
566 892 101 21 anvisats
687 895 70 18 annat
775 891 92 22 område
886 891 42 21 och
950 891 30 28 pä

221 925 76 28 grund
320 925 66 22 deraf
405 927 42 20 vill
469 929 104 26 uppsäga
593 926 85 28 aftalet,
694 927 63 21 inom
777 934 28 13 en
825 925 82 22 mänad
923 925 58 22 efter

224 960 39 21 det
288 960 162 22 skiftesräerna
472 961 77 22 blifvit
571 961 121 21 utstakade
714 961 107 28 begagna
843 960 36 28 sig
902 960 25 22 af
945 960 36 21 sin

220 995 214 28 uppsägningsrätt.

573 1053 27 21 73
616 1054 18 26 8.

288 1087 48 27 Äro
352 1093 8 21 i
376 1094 162 28 samfällighet,
554 1102 49 13 som
619 1094 58 21 skall
692 1094 104 28 undergä
811 1093 120 28 egoskifte,
947 1094 32 20 lä-

219 1127 111 27 genheter
348 1128 25 20 sä
393 1128 198 29 sammanbyggda
606 1129 55 21 eller
676 1136 85 20 egorna
777 1128 25 21 sä
817 1127 162 29 kringspridda

220 1161 55 21 eller
293 1161 103 29 aflägsna
415 1163 55 21 eller
486 1162 65 28 eljest
566 1163 25 21 sä
606 1162 103 28 belägna,
726 1165 35 19 att
777 1162 96 28 lämplig
889 1161 90 21 skiftes-

219 1195 113 29 läggning
348 1196 50 22 icke
414 1196 45 22 kan
475 1197 134 21 verkställas
625 1196 57 22 efter
696 1196 61 22 hvad
773 1196 8 21 i
796 1196 27 21 61
835 1209 6 2 -
853 1196 29 21 64
897 1196 43 21 och
951 1196 27 21 67

218 1231 27 25 88
261 1232 72 26 sagts;
350 1230 29 22 dä
395 1231 65 21 skola
475 1239 29 13 en
519 1232 54 20 eller
588 1231 53 21 flere
657 1231 112 28 delegare,
780 1230 35 22 för
826 1230 115 22 vinnande
956 1229 23 22 af

218 1264 70 21 sådan
305 1264 202 30 skiftesläggning,
523 1266 50 21 från
589 1266 35 21 sin
639 1266 61 22 förra
715 1265 92 22 bolstad
821 1265 99 30 utflytta.

572 1334 27 22 74
615 1336 18 26 8.

288 1372 63 22 Skall
366 1374 139 29 utflyttning
521 1374 45 28 ske,
579 1382 53 14 vare
643 1374 43 22 den
698 1374 112 29 delegare,
821 1381 84 22 genom
919 1374 58 21 hvil-

216 1407 58 21 kens
294 1407 138 30 utflyttning
453 1409 180 28 ändamälsenlig
649 1409 174 28 egoanordning
838 1409 51 21 bäst
904 1408 74 22 befor-

217 1441 58 28 dras,
298 1441 96 25 framför
416 1443 72 24 andra
510 1443 76 24 dertill
609 1443 98 32 skyldig.
738 1443 87 23 Vinnes
848 1443 129 24 ändamälet
