1092 1750
246 126 26 20 16
558 127 42 21 N:o
612 127 13 21 6

213 197 35 19 att
269 194 70 22 skada
359 196 14 20 å
391 195 104 22 växande
514 196 71 28 gröda
603 196 25 21 så
645 196 51 21 vidt
710 195 92 29 möjligt
818 198 24 19 är
857 195 112 22 undvikes

213 229 43 21 och
271 232 35 18 att
320 230 52 21 träd
387 230 19 28 ej
424 230 132 28 onödigtvis
570 230 141 29 nedhuggas.

561 294 28 22 30
604 296 18 26 8.

283 334 45 21 Till
342 334 81 22 kartan
439 335 59 21 skall
513 338 117 25 upprättas
647 334 195 29 egobeskrifning,
854 342 48 14 som
913 342 56 20 upp-

213 370 66 26 tager
301 369 107 28 samtliga
431 369 128 29 egofigurer
581 370 7 20 i
612 369 168 28 ordningsföljd
803 369 42 21 och
866 368 103 29 angifver

213 403 65 21 deras
293 411 76 21 namn,
385 404 116 28 naturliga
516 404 157 22 beskaffenhet
688 404 43 22 och
746 404 61 22 vidd.

561 468 26 21 31
604 469 18 26 8.

281 507 86 22 Finnes
390 507 64 22 karta
477 507 64 22 öfver
560 515 60 20 egor,
640 508 70 21 hvarå
730 507 69 22 skifte
819 508 55 21 eller
894 515 74 13 annan

212 541 287 30 landtmäteriförrättning
511 543 57 20 skall
578 543 141 27 verkställas,
729 543 28 20 då
765 542 42 21 bör
816 542 49 27 den,
875 541 94 22 såframt

213 575 19 29 ej
249 576 135 28 delegarene
400 577 113 28 enhälligt
528 584 53 14 anse
594 579 34 19 att
638 577 131 21 densamma
779 576 51 22 icke
841 577 37 21 må
888 576 80 28 läggas

212 611 36 21 till
264 611 75 28 grund
354 611 35 21 för
405 611 174 29 förrättningen,
593 611 109 29 jemföras
717 612 53 21 med
784 611 100 27 marken,
896 611 73 27 enligt

213 645 27 21 de
259 645 143 22 föreskrifter
421 646 175 29 öfverstyrelsen
616 646 36 22 för
669 646 171 22 landtmäteriet
860 653 53 21 eger
931 653 38 13 an-

212 680 89 28 gående
316 680 69 22 sådan
401 681 171 28 undersökning
588 681 95 21 utfärda.
709 676 32 27 Är
751 682 82 20 kartan
844 680 71 28 riktig
927 680 41 22 och

212 714 143 29 fullständig,
372 716 55 21 eller
443 719 38 18 äro
493 716 27 21 de
531 716 161 28 felaktigheter
703 716 42 21 och
756 716 88 27 brister,
856 722 49 14 som
916 715 53 21 derå

211 750 134 27 upptäckas,
362 750 51 21 icke
429 753 78 25 större,
524 754 27 18 än
568 753 34 19 att
616 751 79 21 kartan
712 758 84 20 genom
812 750 65 21 deras
890 749 79 29 afhjel-

211 782 75 30 pande
305 784 46 22 kan
372 785 86 21 erhålla
473 785 44 21 den
533 785 35 22 för
583 785 180 28 förrättningens
779 784 110 28 behöriga
904 784 65 21 verk-

212 818 113 22 ställande
340 819 85 28 nödiga
441 820 175 28 tillförlitlighet
630 820 41 21 och
682 819 176 27 fullständighet
869 818 51 21 med
930 818 39 22 be-

211 852 88 28 tydligt
315 853 88 22 mindre
418 854 105 27 kostnad,
540 857 27 18 än
583 862 48 13 som
642 854 37 21 till
689 862 32 20 ny
731 853 107 28 mätning
848 852 119 27 erfordras;

212 887 29 21 då
257 887 58 21 skall
331 895 86 14 samma
433 888 70 28 karta,
520 888 68 21 sedan
604 888 8 21 i
627 896 78 14 senare
720 888 66 21 fallet
796 887 86 28 nödiga
891 887 78 21 rättel-

212 929 35 13 ser
263 922 53 20 derä
332 922 78 22 blifvit
425 922 87 29 gjorda,
528 923 38 21 vid
582 922 168 29 förrättningen
762 922 121 21 användas.
909 921 60 21 Ian-

211 963 46 13 nan
277 956 115 28 händelse,
411 957 97 21 likasom
525 957 27 21 då
567 958 75 27 någon
658 957 66 21 karta
740 956 64 22 öfver
819 963 85 21 egorna
918 955 51 21 icke

211 989 80 29 finnes,
309 990 58 21 skall
382 998 32 21 ny
430 991 149 29 egomätning
595 991 41 22 och
653 991 124 28 affattning
792 990 140 22 verkställas.

560 1060 28 21 32
603 1062 19 26 8.

280 1100 139 28 Ingeniören
436 1108 53 21 eger
504 1103 34 19 att
553 1100 57 22 efter
626 1102 27 20 de
668 1101 8 21 i
692 1101 26 21 31
734 1102 13 25 $
758 1100 101 21 nämnda
869 1100 100 28 grunder

211 1134 132 28 bestämma,
360 1135 113 21 huruvida
488 1143 33 21 ny
536 1136 150 28 egomätning
701 1136 41 20 bör
752 1134 122 28 företagas.
896 1134 73 22 Anser

211 1169 46 21 han
273 1169 43 22 den
332 1170 79 28 nödig,
428 1170 111 29 uppgifve
554 1170 34 21 för
602 1170 58 29 gode
672 1173 98 18 männen
782 1169 42 22 och
835 1169 134 28 delegarene

211 1203 80 22 skälen
307 1203 76 22 dertill
400 1207 59 18 samt
473 1207 101 26 upptage
590 1205 51 21 dem
656 1205 8 20 i
680 1204 142 33 protokollet
828 1203 72 29 jemte
910 1203 59 28 gode

212 1241 110 18 männens
339 1238 42 21 och
397 1239 146 28 delegarenes
558 1239 106 28 yttrande
679 1239 9 21 i
703 1239 76 21 saken.
809 1237 95 29 Åtnöjes
919 1238 50 21 fler-

210 1273 57 20 talet
288 1272 26 21 af
332 1273 141 22 närvarande
495 1273 109 28 delegare,
626 1273 126 22 beräknadt
774 1273 58 21 efter
852 1272 64 21 deras
937 1273 32 20 lä-

210 1307 122 27 genheters
343 1307 109 22 skattetal
461 1308 60 27 eller,
530 1308 8 21 i
546 1308 85 22 saknad
640 1307 68 29 deraf,
718 1307 99 29 egovidd
826 1307 73 28 enligt
907 1314 62 21 gam-

209 1342 47 20 mal
275 1341 72 28 karta,
368 1342 53 21 med
440 1343 145 27 ingeniörens
604 1343 82 27 beslut,
706 1342 69 22 lände
796 1342 38 21 det
851 1342 37 20 till
904 1341 66 22 efter-

210 1376 99 21 rättelse.
332 1376 11 21 I
355 1379 70 18 annat
435 1376 42 22 fall
487 1377 58 21 skall
556 1377 133 28 ingeniören
700 1379 56 19 utan
768 1375 108 28 dröjsmål
886 1383 84 21 genom

210 1410 188 28 länsingeniören
419 1411 96 21 insända
535 1412 139 28 protokollet
690 1411 42 21 och
747 1411 82 21 kartan
845 1410 36 21 till
897 1410 74 22 öfver-

211 1444 113 28 styrelsen
345 1444 38 22 för
402 1446 174 28 landtmäteriet,
596 1453 49 14 som
661 1453 53 21 eger
728 1445 83 29 frågan
827 1444 84 29 afgöra;
927 1444 43 22 och

213 1478 42 22 bör
270 1479 39 22 vid
325 1479 51 21 dess
391 1480 108 29 yttrande
514 1480 8 22 i
537 1483 76 19 ämnet
627 1480 114 22 förblifva.
