1092 1750
245 122 32 36 50
564 126 41 22 N:o
618 126 13 22 6

564 195 42 21 140
620 196 19 26 8.

288 235 49 21 Hör
356 235 37 21 till
412 236 115 28 lägenhet,
547 243 49 14 som
612 236 98 28 styckas,
728 235 96 22 särskild
840 234 89 22 förmån
944 235 32 21 så-

221 276 47 14 som
292 270 119 27 stenbrott,
435 270 112 21 strömfall
568 270 54 21 eller
642 272 70 20 annat
731 270 178 27 vattenområde,
930 269 47 22 deri

221 304 69 21 andra
309 304 133 28 lägenheter
461 304 50 22 icke
531 312 41 20 ege
588 304 42 28 del,
647 304 67 22 hafve
730 304 29 22 då
775 304 43 21 den
834 304 97 21 afskilda
945 304 32 21 lä-

221 338 113 28 genheten
350 338 57 22 efter
426 339 41 21 sitt
482 339 91 28 byamål
590 339 66 21 andel
672 340 7 20 i
695 339 70 21 sådan
780 338 96 28 förmån,
887 341 55 19 utan
953 339 24 20 så

221 376 24 18 är
263 376 34 18 att
312 373 39 21 vid
367 374 153 28 styckningen
535 374 29 28 på
579 373 75 29 grund
670 373 26 22 af
708 373 112 22 förbehåll
835 373 142 21 annorlunda

221 407 142 22 bestämmes.

566 472 40 21 141
622 474 19 25 8.

291 506 33 27 Är
334 512 36 21 för
379 512 133 28 lägenheter
523 512 64 29 skog,
599 512 119 28 strömfall,
727 514 70 20 annat
807 510 171 24 vattenområde

222 546 55 22 eller
299 546 66 28 eljest
387 546 90 22 förmån
499 554 137 21 gemensam,
661 547 43 21 och
726 546 114 28 undergår
860 547 75 27 någon
955 545 25 22 af

221 581 163 28 lägenheterna
395 581 130 29 styckning,
536 589 53 14 vare
600 581 43 22 den
654 581 98 22 afskilda
760 581 137 28 lägenheten
905 580 73 22 berät-

222 615 65 28 tigad
306 615 37 21 till
362 616 160 21 motsvarande
541 616 66 21 andel
623 616 23 21 af
661 616 43 21 den
721 616 95 21 odelade
831 615 147 28 lägenhetens

222 653 46 18 rätt
283 649 8 22 i
307 650 64 28 dylik
387 657 132 21 gemensam
534 650 94 22 förmån.

565 726 41 21 142
621 727 18 26 8.

291 765 61 22 Utan
376 766 71 21 skildt
469 765 112 22 förbehåll
600 767 138 20 tillkommer
754 765 50 22 icke
819 766 85 28 parcell
919 765 37 22 del
971 765 7 21 i

223 798 34 29 sjö
273 799 54 21 eller
342 800 144 29 vattendrag,
503 800 89 22 ändock
607 801 43 21 den
666 801 76 21 dertill
758 803 100 26 gränsar.

564 875 41 22 143
620 877 19 26 8.

291 914 28 28 Ej
343 915 37 21 må
402 923 84 20 genom
509 915 124 29 styckning
651 916 157 28 uppkommen
825 923 33 21 ny
872 915 108 28 lägenhet

223 948 65 22 bestå
310 949 25 21 af
355 949 54 22 flere
431 953 28 18 än
479 953 34 18 tre
532 951 74 21 skilda
624 951 147 28 egostycken,
788 950 88 21 mindre
891 951 88 20 holmar

223 983 148 28 oberäknade,
389 985 55 20 eller
459 985 84 28 parcell
558 985 74 21 bildas
648 985 22 21 af
685 985 53 21 flere
755 987 29 18 än
800 987 34 19 ett
844 985 132 28 egostycke,

223 1017 53 21 med
291 1017 88 22 mindre
395 1019 132 28 synnerliga
543 1019 48 22 skäl
607 1019 76 22 dertill
698 1023 44 18 äro.

566 1088 42 21 144
623 1089 18 26 8.

294 1126 67 22 Hvad
380 1127 8 21 i
406 1127 106 22 afseende
531 1129 12 20 å
562 1127 113 29 egoskifte
690 1127 74 22 finnes
780 1127 107 29 stadgadt
902 1128 8 21 i
925 1127 28 22 68
967 1129 13 26 8

224 1167 37 14 om
277 1160 43 22 den
336 1164 47 18 rätt
398 1170 27 13 en
442 1162 107 28 lägenhet
564 1163 37 21 må
616 1162 138 22 förbehållas
774 1163 12 21 å
806 1170 75 14 annan
903 1163 77 27 lägen-

223 1194 52 22 hets
291 1196 91 21 område
398 1196 42 22 och
457 1197 6 20 i
478 1197 29 21 80
521 1198 13 26 &
550 1204 37 14 om
602 1197 120 28 betalning
737 1196 26 22 af
776 1197 43 21 och
830 1197 105 21 säkerhet
946 1196 35 22 för

224 1229 165 30 skiftesbidrag
404 1231 59 21 skall
478 1232 42 21 ock
535 1232 62 28 gälla
612 1232 142 21 beträffande
770 1232 27 21 de
810 1239 84 21 genom
906 1231 75 29 styck-

223 1264 58 28 ning
304 1265 55 21 eller
381 1265 134 29 afsöndring
534 1266 132 28 uppkomna
683 1266 167 28 fastigheterna
865 1266 115 26 inbördes;

224 1298 43 21 och
285 1298 58 22 skall
362 1300 39 20 vid
417 1300 125 28 styckning
556 1300 80 28 tillses,
652 1303 34 19 att
701 1300 79 28 hvarje
795 1300 109 28 lägenhet
918 1300 63 22 kom-

223 1340 49 14 mer
287 1335 34 19 att
336 1341 43 21 ega
394 1337 47 19 rätt
456 1335 36 21 till
507 1335 84 27 nödiga
606 1338 76 25 vägar.
712 1335 148 21 Beträffande
876 1335 43 27 del,
933 1342 47 14 som

223 1366 40 22 vid
279 1368 125 28 styckning
419 1369 55 21 eller
489 1368 133 30 afsöndring
638 1369 96 28 afskilts,
746 1370 44 27 må,
802 1377 37 14 om
851 1369 130 21 densamma

224 1404 25 18 är
267 1402 37 20 till
323 1402 236 30 jordbruksfastighet
578 1403 85 29 afsedd,
679 1404 117 28 tillämpas
812 1403 144 22 föreskriften
973 1404 7 20 i

223 1436 28 20 81
268 1437 13 26 8
297 1444 36 13 om
349 1436 113 23 frihetsår.
