1092 1698
354 136 22 23 U.
393 136 21 22 B.
431 150 26 3 —
474 136 62 28 Prop.
551 136 35 23 N:o
603 136 21 22 6.
845 136 26 20 55

113 199 86 22 härvid
222 199 77 22 tillika
321 199 74 22 tillses
416 201 36 20 att
467 199 65 22 såväl
546 199 201 29 stomlägenheten
762 205 49 15 som
827 198 45 21 den

113 233 117 22 utbrutna
244 234 68 21 delen
328 234 98 21 erhäller
442 236 48 19 rätt
505 233 37 22 till
556 234 87 28 nödiga
658 237 79 23 vägar.

183 268 47 22 Vid
254 268 185 22 bestämmandet
462 269 26 20 af
512 268 152 29 skiljeräerna
689 267 66 22 skola
779 265 236 24 förrätt-146'&148'5$.

113 303 173 28 ningsmännen
306 302 58 29 följa
379 303 153 28 sakegarenes
547 303 132 28 anvisning,
696 302 41 22 der
751 302 66 21 desse
832 305 40 18 äro

114 344 61 20 ense,
200 344 52 14 men
274 337 9 21 i
306 344 77 14 annan
408 337 110 22 händelse
541 337 92 21 besluta
654 337 53 21 med
729 337 96 28 ledning
848 335 26 22 af

118 371 80 22 kartor
214 371 43 22 och
267 371 141 28 handlingar
418 374 60 19 samt
489 379 77 14 annan
576 371 132 29 utredning,
720 378 48 15 som
779 371 94 21 företes.

186 403 34 24 Är
236 406 98 27 område,
350 413 48 14 som
414 405 60 22 skall
485 405 112 29 afskiljas,
609 406 76 21 holme
696 405 57 22 eller
762 405 111 22 särskildt
880 405 39 17 146*
932 404 51 17 &148'
991 399 24 39 $$.

117 439 104 29 rörlagdt
244 440 121 28 egoskifte,
381 447 54 14 vare
458 440 139 29 utstakning
619 441 42 20 och
683 440 154 29 rörläggning
853 439 20 28 ej

116 474 28 22 af
156 474 84 21 nöden.

469 550 14 21 3
498 549 20 29 8.

186 587 76 24 Äskas
278 597 32 20 ny
326 589 106 29 mätning
448 589 43 22 och
506 589 131 29 gradering,
653 589 60 21 skall
729 589 72 21 sådan
814 587 202 23 före-116'
935 583 8 40 &
952 587 64 22 14855.

117 625 75 27 tagas.
222 623 12 21 I
256 631 77 14 annan
356 623 111 22 händelse
492 624 40 21 bör
554 623 45 22 den
618 623 40 22 vid
673 626 92 19 senaste
781 623 93 22 skiftes-

120 657 144 29 förrättning
279 658 134 21 verkstälda
430 659 156 28 graderingen
602 658 55 21 eller
673 658 201 21 klassifikationen

118 692 115 29 granskas
256 692 41 21 och
320 693 25 20 sä
368 692 50 21 vidt
440 693 84 28 nödigt
546 697 25 17 är
593 695 79 19 rättas.
703 692 78 22 Sedan
795 692 79 21 utföre

119 727 257 28 förrättningsmännen
399 727 60 21 huru
482 729 47 20 stor
551 727 68 21 andel
642 727 26 21 af
685 727 189 28 jordebokshem-

118 763 80 19 manet
222 761 113 21 hvardera
358 761 106 22 området
478 765 69 24 utgör
562 761 44 22 och
620 761 106 28 uträkne,
741 761 41 22 vid
797 761 77 28 styck-

118 795 65 28 ning,
200 795 137 22 andelarnas
352 795 88 22 mantal
456 795 43 22 och
515 796 63 21 skatt
593 798 65 25 samt,
673 796 41 21 vid
730 795 144 28 afsöndring,
916 794 38 17 148
968 794 16 22 8.

120 829 110 29 beloppet
244 830 26 21 af
284 829 45 22 den
344 830 73 29 ärliga
433 830 119 28 afgälden.

190 864 65 22 Skall
281 864 115 22 strömfall
422 864 107 30 afskiljas
554 865 37 21 till
616 864 99 22 särskild
738 864 137 22 strömfalls-
922 863 61 22 1475.

119 898 112 29 lägenhet
253 899 29 28 pä
305 901 46 19 sätt
373 899 8 21 i
403 900 13 20 3
438 899 54 29 kap.
508 900 13 20 2
539 901 12 25 $
567 901 69 27 sagts,
653 906 54 15 vare
722 906 33 22 ny
769 899 107 28 mätning

119 933 45 21 och
184 933 125 29 gradering
326 933 51 21 icke
393 934 138 28 erforderlig
545 936 64 19 utom
625 934 62 22 hvad
702 934 112 21 beträffar
829 940 46 15 om-

119 967 67 21 rädet
202 967 38 21 för
255 967 44 21 den
314 975 47 21 nya
376 968 147 28 lägenheten.

474 1043 15 21 4
504 1044 19 26 8.

190 1082 69 22 Hvad
282 1082 8 22 i
313 1083 27 21 10
359 1082 53 29 kap.
430 1083 85 21 57—61
532 1083 41 21 och
589 1083 27 21 63
631 1084 28 26 $$
674 1085 63 27 sagts
753 1090 37 14 om
805 1082 71 22 afslu-
924 1081 61 22 1525.

119 1116 72 22 tande
215 1117 27 20 af
262 1116 71 22 skifte
356 1119 60 19 samt
436 1116 221 29 ändringssökande,
673 1117 145 29 granskning
833 1116 44 22 och

120 1150 173 28 godkännande
308 1150 62 29 gälle
386 1151 70 21 äfven
472 1151 127 29 styckning
609 1151 43 21 och
663 1151 142 29 afsöndring,
818 1151 59 21 dock

121 1186 35 20 att
180 1184 130 29 stridighet,
327 1192 49 15 som
390 1185 75 22 under
485 1186 66 29 dylik
565 1186 144 28 förrättning
723 1186 153 29 uppkommit,

124 1219 20 28 ej
161 1219 43 28 mä,
214 1221 64 20 utom
292 1220 9 21 i
316 1220 39 21 det
370 1220 35 21 uti
421 1220 11 21 1
450 1221 12 26 $
479 1220 153 21 omförmälda
643 1220 48 28 fall,
701 1221 136 21 annorledes
847 1224 30 17 än

121 1253 8 21 i
146 1253 168 29 sammanhang
336 1254 52 21 med
410 1254 164 22 hufvudsaken
598 1255 82 28 dragas
698 1255 73 21 under
787 1254 90 29 egodel-

121 1287 158 29 ningsrättens
294 1288 119 29 pröfning.

476 1363 50 26 58.

194 1401 76 22 Sedan
286 1401 127 28 styckning
426 1401 57 22 eller
494 1402 137 29 afsöndring
642 1402 80 22 blifvit
732 1402 145 29 lagständen,
898 1397 14 39 =
926 1403 31 16 153
970 1402 17 22 8.

122 1435 141 22 öfversände
278 1435 229 22 länelandtmätaren
520 1436 170 29 handlingarna
698 1437 71 28 jemte
780 1439 54 26 eget
843 1438 36 20 ut-

192 1475 47 22 Lag-
252 1475 31 18 och
294 1475 176 18 ekonomiutskottets
482 1475 111 19 betänkande
604 1476 36 19 N:o
652 1477 16 17 5.
