1092 1750
255 134 33 35 44
574 138 43 22 N:o
629 138 13 22 6

229 206 65 22 bevis
314 206 109 29 deröfver,
444 207 161 22 innehållande
624 206 100 22 nämnda
738 206 166 22 underrättelse
916 204 71 30 jemte

230 241 93 28 uppgift
343 242 13 20 å
375 241 28 21 de
423 242 90 28 ombud,
533 242 79 22 hvilka
632 240 68 23 hafva
716 243 34 19 att
764 240 40 22 vid
818 240 169 28 förrättningen

229 276 89 21 bevaka
337 276 39 22 det
396 277 127 21 allmännas
541 279 52 26 rätt,
614 279 81 26 genast
710 276 36 21 till
762 276 134 28 delegarene
911 274 76 22 aflem-

230 310 61 22 nadt.

572 375 41 21 122
628 376 19 26 8.

298 414 69 28 Nöjes
383 414 19 29 ej
419 414 105 29 delegare
540 414 51 22 med
606 414 126 22 verkstäldt
748 413 120 29 egoskifte,
885 413 42 21 och
939 412 48 29 gäl-

229 448 34 21 ler
281 448 118 29 missnöjet
413 448 72 29 fråga,
502 456 47 14 som
565 449 50 21 icke
630 448 42 22 bör
686 448 48 22 före
750 448 90 21 skiftets
856 447 130 22 fullbordan

229 490 56 14 vara
305 483 109 28 slutligen
435 483 97 28 afgjord,
553 490 41 22 ege
613 483 34 28 då,
663 483 39 21 vid
718 483 74 21 talans
806 482 89 28 förlust,
911 483 76 20 senast

229 516 48 22 före
297 517 98 22 klockan
410 518 46 21 tolf
469 518 12 21 å
497 518 44 21 den
555 517 123 22 trettionde
693 517 73 29 dagen
778 516 58 22 efter
846 516 39 22 det
894 516 92 22 förrätt-

229 551 86 29 ningen
331 551 121 23 förklarats
468 552 105 28 afslutad,
590 552 74 22 denna
680 552 44 28 dag
740 551 107 28 oräknad,
858 551 38 21 till
905 557 82 21 guver-

229 589 71 18 nören
322 587 8 21 i
352 587 63 22 länet
436 587 90 28 ingifva
548 587 34 22 sin
605 587 36 21 till
664 587 227 28 egodelningsrätten
913 584 74 23 stälda

229 621 228 28 missnöjesanmälan
472 621 35 22 för
522 624 34 19 att
570 622 37 21 till
622 624 85 19 rättens
723 621 135 22 ordförande
872 620 115 22 öfversän-

229 655 50 28 das;
299 656 42 21 och
361 656 59 22 skall
439 656 39 21 det
495 656 9 21 i
521 657 39 21 121
576 657 13 26 8
604 656 99 22 nämnda
718 656 64 21 bevis
798 655 44 22 den
857 654 129 29 missnöjes-

229 686 106 37 anmälan
350 686 111 47 biläggas.

297 724 49 21 Har
364 725 107 28 missnöje
491 727 49 20 mot
558 707 79 40 skiftet
655 725 4 4 i
652 733 9 13 i
676 733 28 13 en
720 725 55 21 eller
790 731 74 14 annan
881 723 36 22 del
933 723 53 22 full-

228 757 71 30 följts,
315 759 69 21 varde
399 759 75 22 tillika
489 759 26 22 af
527 762 73 19 rätten
616 759 107 28 pröfvadt
736 759 114 21 huruvida
861 758 125 21 detsamma

229 792 68 23 äfven
312 793 8 21 i
336 793 75 28 öfriga
425 794 63 21 delar
503 797 24 18 är
542 794 100 28 lagligen
659 793 133 22 beskaffadt.

573 891 41 21 123
630 893 18 25 8.

296 931 49 21 Har
360 931 105 28 delegare
479 931 51 22 icke
545 931 59 22 varit
619 931 113 22 tillstädes
747 931 30 21 då
792 930 106 29 förening
911 929 74 29 öfrige

228 965 105 28 delegare
353 966 98 21 emellan
466 966 86 28 ingåtts
568 966 8 21 i
591 966 71 29 fråga,
678 973 47 14 som
742 965 24 22 af
781 965 64 22 deras
861 965 124 28 afgörande

227 999 73 28 beror,
316 1000 55 21 eller
387 1000 28 21 då
427 1000 260 29 förrättningsmännens
697 999 119 22 utlåtande
827 1000 7 21 i
846 999 64 29 dylik
920 999 65 28 fråga

227 1033 24 21 af
266 1033 51 22 dem
333 1034 123 28 godkänts:
471 1035 64 28 nöjes
549 1035 45 21 han
610 1034 20 29 ej
647 1035 63 21 deråt
723 1034 43 22 och
776 1034 41 22 vill
828 1034 56 28 visa,
896 1036 35 19 att
939 1033 46 21 han

227 1067 30 21 då
276 1067 50 22 haft
345 1068 53 28 laga
417 1067 77 22 förfall
509 1069 42 20 och
567 1068 19 29 ej
603 1069 89 20 kunnat
708 1068 84 22 ombud
808 1067 34 22 för
858 1068 36 28 sig
909 1068 76 26 ställa;

227 1102 80 21 stånde
327 1103 84 21 honom
433 1103 56 28 fritt,
506 1103 39 22 der
560 1103 19 29 ej
596 1103 44 22 den
656 1103 34 22 tid
704 1103 36 22 för
754 1103 96 22 klander
867 1102 26 22 af
906 1102 79 22 skiftet

227 1139 25 18 är
270 1139 45 26 ute,
332 1145 49 13 som
396 1138 9 21 i
421 1138 42 21 100
478 1138 55 21 eller
548 1138 41 21 122
604 1139 13 26 8
633 1140 69 26 sagts,
718 1140 35 19 att
768 1140 77 19 senast
860 1137 48 22 före
923 1137 62 21 kloc-

226 1170 47 22 kan
291 1171 44 21 tolf
354 1172 13 21 å
387 1172 44 21 den
450 1172 123 22 trettionde
594 1172 73 28 dagen
686 1172 56 22 efter
758 1172 39 21 det
812 1172 101 21 förfallet
927 1179 58 21 upp-

226 1205 71 22 hörde
312 1206 37 21 till
364 1209 144 26 guvernören
523 1207 8 21 i
546 1207 62 21 länet
622 1206 89 29 ingifva
727 1207 35 21 sin
777 1206 37 22 till
824 1206 161 28 egodelnings-

225 1242 76 19 rätten
325 1241 74 21 stälda
418 1241 225 28 missnöjesanmälan
662 1241 35 22 för
716 1244 35 18 att
772 1241 36 21 till
828 1243 86 19 rättens
935 1240 50 22 ord-

225 1273 95 23 förande
342 1274 155 28 öfversändas;
520 1276 93 28 bilägge
636 1276 42 21 ock
701 1276 35 21 sin
756 1275 229 28 missnöjesanmälan

226 1308 103 30 skriftlig
349 1310 95 28 uppgift
459 1310 22 21 af
497 1310 213 28 skiftesingeniören
726 1311 13 20 å
755 1310 28 21 de
800 1309 90 28 ombud,
906 1309 79 21 hvilka

225 1342 70 22 hafva
311 1346 33 18 att
359 1344 40 21 vid
414 1344 167 28 förrättningen
596 1344 88 22 bevaka
700 1344 38 21 det
754 1344 126 21 allmännas
896 1346 51 18 rätt.

295 1378 77 22 Gitter
387 1378 44 22 den
447 1379 123 28 missnöjde
585 1379 19 28 ej
621 1378 99 29 fullgöra
736 1378 44 22 den
796 1378 128 28 bevisning,
936 1385 49 14 som

225 1411 70 22 ofvan
311 1415 24 18 är
350 1413 92 29 nämnd,
458 1414 37 20 må
510 1414 56 21 hans
581 1414 95 21 klander
690 1414 51 20 icke
756 1413 38 21 till
806 1412 110 28 pröfning
927 1419 58 21 upp-

224 1448 72 26 tagas.
