<?xml version="1.0" encoding="UTF-8"?>
<alto xmlns="http://www.loc.gov/standards/alto/ns-v3#" xmlns:xlink="http://www.w3.org/1999/xlink" xmlns:xsi="http://www.w3.org/2001/XMLSchema-instance" xsi:schemaLocation="http://www.loc.gov/standards/alto/ns-v3# http://www.loc.gov/alto/v3/alto-3-0.xsd">
	<Description>
		<MeasurementUnit>pixel</MeasurementUnit>
		<sourceImageInformation>
			<fileName>/tmp/tess_ok1k20df_input.PNG</fileName>
		</sourceImageInformation>
		<OCRProcessing ID="OCR_0">
			<ocrProcessingStep>
				<processingSoftware>
					<softwareName>tesseract 5.3.4</softwareName>
				</processingSoftware>
			</ocrProcessingStep>
		</OCRProcessing>
	</Description>
	<Layout>
		<Page WIDTH="1092" HEIGHT="1739" PHYSICAL_IMG_NR="0" ID="page_0">
			<PrintSpace HPOS="0" VPOS="0" WIDTH="1092" HEIGHT="1739">
				<ComposedBlock ID="cblock_0" HPOS="331" VPOS="136" WIDTH="531" HEIGHT="29">
					<TextBlock ID="block_0" HPOS="331" VPOS="136" WIDTH="531" HEIGHT="29">
						<TextLine ID="line_0" HPOS="331" VPOS="136" WIDTH="531" HEIGHT="29">
							<String ID="string_0" HPOS="331" VPOS="137" WIDTH="29" HEIGHT="22" WC="0.93" CONTENT="U."/><SP WIDTH="16" VPOS="137" HPOS="360"/>
							<String ID="string_1" HPOS="376" VPOS="137" WIDTH="28" HEIGHT="22" WC="0.91" CONTENT="B."/><SP WIDTH="15" VPOS="137" HPOS="404"/>
							<String ID="string_2" HPOS="419" VPOS="149" WIDTH="27" HEIGHT="4" WC="0.92" CONTENT="—"/><SP WIDTH="16" VPOS="149" HPOS="446"/>
							<String ID="string_3" HPOS="462" VPOS="137" WIDTH="75" HEIGHT="28" WC="0.96" CONTENT="Prop."/><SP WIDTH="17" VPOS="137" HPOS="537"/>
							<String ID="string_4" HPOS="554" VPOS="137" WIDTH="42" HEIGHT="22" WC="0.96" CONTENT="N:o"/><SP WIDTH="15" VPOS="137" HPOS="596"/>
							<String ID="string_5" HPOS="611" VPOS="136" WIDTH="23" HEIGHT="23" WC="0.96" CONTENT="5."/><SP WIDTH="202" VPOS="136" HPOS="634"/>
							<String ID="string_6" HPOS="836" VPOS="136" WIDTH="26" HEIGHT="21" WC="0.96" CONTENT="31"/>
						</TextLine>
					</TextBlock>
				</ComposedBlock>
				<ComposedBlock ID="cblock_1" HPOS="107" VPOS="205" WIDTH="762" HEIGHT="1232">
					<TextBlock ID="block_1" HPOS="107" VPOS="205" WIDTH="758" HEIGHT="304">
						<TextLine ID="line_1" HPOS="107" VPOS="205" WIDTH="757" HEIGHT="28">
							<String ID="string_7" HPOS="107" VPOS="205" WIDTH="70" HEIGHT="28" WC="0.95" CONTENT="värde,"/><SP WIDTH="16" VPOS="205" HPOS="177"/>
							<String ID="string_8" HPOS="193" VPOS="208" WIDTH="26" HEIGHT="19" WC="0.96" CONTENT="än"/><SP WIDTH="25" VPOS="208" HPOS="219"/>
							<String ID="string_9" HPOS="244" VPOS="212" WIDTH="45" HEIGHT="15" WC="0.92" CONTENT="som"/><SP WIDTH="21" VPOS="212" HPOS="289"/>
							<String ID="string_10" HPOS="310" VPOS="206" WIDTH="133" HEIGHT="21" WC="0.92" CONTENT="motsvarade"/><SP WIDTH="22" VPOS="206" HPOS="443"/>
							<String ID="string_11" HPOS="465" VPOS="207" WIDTH="61" HEIGHT="20" WC="0.96" CONTENT="deras"/><SP WIDTH="18" VPOS="207" HPOS="526"/>
							<String ID="string_12" HPOS="544" VPOS="205" WIDTH="63" HEIGHT="22" WC="0.95" CONTENT="andel"/><SP WIDTH="15" VPOS="205" HPOS="607"/>
							<String ID="string_13" HPOS="622" VPOS="206" WIDTH="6" HEIGHT="20" WC="0.95" CONTENT="i"/><SP WIDTH="16" VPOS="206" HPOS="628"/>
							<String ID="string_14" HPOS="644" VPOS="206" WIDTH="48" HEIGHT="21" WC="0.93" CONTENT="hela"/><SP WIDTH="16" VPOS="206" HPOS="692"/>
							<String ID="string_15" HPOS="708" VPOS="205" WIDTH="156" HEIGHT="28" WC="0.92" CONTENT="väghällnings-"/>
						</TextLine>
						<TextLine ID="line_2" HPOS="108" VPOS="239" WIDTH="755" HEIGHT="28">
							<String ID="string_16" HPOS="108" VPOS="240" WIDTH="123" HEIGHT="25" WC="0.89" CONTENT="kostnaden,"/><SP WIDTH="22" VPOS="240" HPOS="231"/>
							<String ID="string_17" HPOS="253" VPOS="242" WIDTH="54" HEIGHT="19" WC="0.92" CONTENT="samt"/><SP WIDTH="15" VPOS="242" HPOS="307"/>
							<String ID="string_18" HPOS="322" VPOS="240" WIDTH="12" HEIGHT="21" WC="0.90" CONTENT="&amp;"/><SP WIDTH="22" VPOS="240" HPOS="334"/>
							<String ID="string_19" HPOS="356" VPOS="240" WIDTH="66" HEIGHT="21" WC="0.96" CONTENT="andra"/><SP WIDTH="22" VPOS="240" HPOS="422"/>
							<String ID="string_20" HPOS="444" VPOS="240" WIDTH="67" HEIGHT="27" WC="0.96" CONTENT="sidan,"/><SP WIDTH="22" VPOS="240" HPOS="511"/>
							<String ID="string_21" HPOS="533" VPOS="242" WIDTH="31" HEIGHT="19" WC="0.93" CONTENT="att"/><SP WIDTH="22" VPOS="242" HPOS="564"/>
							<String ID="string_22" HPOS="586" VPOS="240" WIDTH="207" HEIGHT="27" WC="0.92" CONTENT="penningebidragen"/><SP WIDTH="23" VPOS="240" HPOS="793"/>
							<String ID="string_23" HPOS="816" VPOS="239" WIDTH="47" HEIGHT="21" WC="0.92" CONTENT="frän"/>
						</TextLine>
						<TextLine ID="line_3" HPOS="109" VPOS="274" WIDTH="754" HEIGHT="28">
							<String ID="string_24" HPOS="109" VPOS="275" WIDTH="26" HEIGHT="20" WC="0.89" CONTENT="de"/><SP WIDTH="23" VPOS="275" HPOS="135"/>
							<String ID="string_25" HPOS="158" VPOS="275" WIDTH="67" HEIGHT="26" WC="0.90" CONTENT="öfriga"/><SP WIDTH="23" VPOS="275" HPOS="225"/>
							<String ID="string_26" HPOS="248" VPOS="274" WIDTH="260" HEIGHT="27" WC="0.91" CONTENT="beskattningsföremälen"/><SP WIDTH="24" VPOS="274" HPOS="508"/>
							<String ID="string_27" HPOS="532" VPOS="275" WIDTH="106" HEIGHT="27" WC="0.91" CONTENT="uppginge"/><SP WIDTH="16" VPOS="275" HPOS="638"/>
							<String ID="string_28" HPOS="654" VPOS="274" WIDTH="30" HEIGHT="21" WC="0.96" CONTENT="till"/><SP WIDTH="17" VPOS="274" HPOS="684"/>
							<String ID="string_29" HPOS="701" VPOS="275" WIDTH="63" HEIGHT="26" WC="0.92" CONTENT="högre"/><SP WIDTH="17" VPOS="275" HPOS="764"/>
							<String ID="string_30" HPOS="781" VPOS="274" WIDTH="82" HEIGHT="27" WC="0.92" CONTENT="belopp,"/>
						</TextLine>
						<TextLine ID="line_4" HPOS="110" VPOS="309" WIDTH="754" HEIGHT="27">
							<String ID="string_31" HPOS="110" VPOS="311" WIDTH="26" HEIGHT="18" WC="0.95" CONTENT="än"/><SP WIDTH="23" VPOS="311" HPOS="136"/>
							<String ID="string_32" HPOS="159" VPOS="315" WIDTH="46" HEIGHT="14" WC="0.96" CONTENT="som"/><SP WIDTH="21" VPOS="315" HPOS="205"/>
							<String ID="string_33" HPOS="226" VPOS="309" WIDTH="33" HEIGHT="20" WC="0.93" CONTENT="för"/><SP WIDTH="22" VPOS="309" HPOS="259"/>
							<String ID="string_34" HPOS="281" VPOS="309" WIDTH="133" HEIGHT="20" WC="0.93" CONTENT="bestridande"/><SP WIDTH="23" VPOS="309" HPOS="414"/>
							<String ID="string_35" HPOS="437" VPOS="309" WIDTH="20" HEIGHT="20" WC="0.93" CONTENT="af"/><SP WIDTH="23" VPOS="309" HPOS="457"/>
							<String ID="string_36" HPOS="480" VPOS="309" WIDTH="128" HEIGHT="26" WC="0.92" CONTENT="vägkassans"/><SP WIDTH="16" VPOS="309" HPOS="608"/>
							<String ID="string_37" HPOS="624" VPOS="309" WIDTH="86" HEIGHT="27" WC="0.93" CONTENT="utgifter"/><SP WIDTH="16" VPOS="309" HPOS="710"/>
							<String ID="string_38" HPOS="726" VPOS="309" WIDTH="138" HEIGHT="26" WC="0.93" CONTENT="erfordrades,"/>
						</TextLine>
						<TextLine ID="line_5" HPOS="109" VPOS="343" WIDTH="756" HEIGHT="28">
							<String ID="string_39" HPOS="109" VPOS="345" WIDTH="30" HEIGHT="20" WC="0.87" CONTENT="ett"/><SP WIDTH="22" VPOS="345" HPOS="139"/>
							<String ID="string_40" HPOS="161" VPOS="343" WIDTH="75" HEIGHT="21" WC="0.92" CONTENT="sädant"/><SP WIDTH="22" VPOS="343" HPOS="236"/>
							<String ID="string_41" HPOS="258" VPOS="343" WIDTH="116" HEIGHT="21" WC="0.92" CONTENT="öfverskott"/><SP WIDTH="21" VPOS="343" HPOS="374"/>
							<String ID="string_42" HPOS="395" VPOS="343" WIDTH="46" HEIGHT="21" WC="0.90" CONTENT="icke"/><SP WIDTH="22" VPOS="343" HPOS="441"/>
							<String ID="string_43" HPOS="463" VPOS="343" WIDTH="57" HEIGHT="28" WC="0.92" CONTENT="finge"/><SP WIDTH="24" VPOS="343" HPOS="520"/>
							<String ID="string_44" HPOS="544" VPOS="343" WIDTH="82" HEIGHT="22" WC="0.92" CONTENT="utdelas"/><SP WIDTH="23" VPOS="343" HPOS="626"/>
							<String ID="string_45" HPOS="649" VPOS="343" WIDTH="31" HEIGHT="21" WC="0.96" CONTENT="till"/><SP WIDTH="25" VPOS="343" HPOS="680"/>
							<String ID="string_46" HPOS="705" VPOS="343" WIDTH="160" HEIGHT="21" WC="0.86" CONTENT="vederbörande."/>
						</TextLine>
						<TextLine ID="line_6" HPOS="110" VPOS="377" WIDTH="755" HEIGHT="28">
							<String ID="string_47" HPOS="110" VPOS="377" WIDTH="116" HEIGHT="28" WC="0.90" CONTENT="jordegare,"/><SP WIDTH="22" VPOS="377" HPOS="226"/>
							<String ID="string_48" HPOS="248" VPOS="380" WIDTH="51" HEIGHT="19" WC="0.96" CONTENT="utan"/><SP WIDTH="23" VPOS="380" HPOS="299"/>
							<String ID="string_49" HPOS="322" VPOS="377" WIDTH="65" HEIGHT="22" WC="0.96" CONTENT="borde"/><SP WIDTH="22" VPOS="377" HPOS="387"/>
							<String ID="string_50" HPOS="409" VPOS="378" WIDTH="109" HEIGHT="21" WC="0.96" CONTENT="användas"/><SP WIDTH="15" VPOS="378" HPOS="518"/>
							<String ID="string_51" HPOS="533" VPOS="378" WIDTH="32" HEIGHT="21" WC="0.93" CONTENT="till"/><SP WIDTH="15" VPOS="378" HPOS="565"/>
							<String ID="string_52" HPOS="580" VPOS="378" WIDTH="195" HEIGHT="27" WC="0.92" CONTENT="grundförbättring"/><SP WIDTH="15" VPOS="378" HPOS="775"/>
							<String ID="string_53" HPOS="790" VPOS="378" WIDTH="20" HEIGHT="21" WC="0.93" CONTENT="af"/><SP WIDTH="15" VPOS="378" HPOS="810"/>
							<String ID="string_54" HPOS="825" VPOS="377" WIDTH="40" HEIGHT="21" WC="0.92" CONTENT="all-"/>
						</TextLine>
						<TextLine ID="line_7" HPOS="111" VPOS="412" WIDTH="752" HEIGHT="28">
							<String ID="string_55" HPOS="111" VPOS="414" WIDTH="77" HEIGHT="19" WC="0.41" CONTENT="männä"/><SP WIDTH="23" VPOS="414" HPOS="188"/>
							<String ID="string_56" HPOS="211" VPOS="414" WIDTH="91" HEIGHT="25" WC="0.96" CONTENT="vägarna"/><SP WIDTH="22" VPOS="414" HPOS="302"/>
							<String ID="string_57" HPOS="324" VPOS="412" WIDTH="108" HEIGHT="21" WC="0.93" CONTENT="äfvensom"/><SP WIDTH="23" VPOS="412" HPOS="432"/>
							<String ID="string_58" HPOS="455" VPOS="413" WIDTH="31" HEIGHT="20" WC="0.96" CONTENT="till"/><SP WIDTH="26" VPOS="413" HPOS="486"/>
							<String ID="string_59" HPOS="512" VPOS="413" WIDTH="65" HEIGHT="20" WC="0.92" CONTENT="andra"/><SP WIDTH="25" VPOS="413" HPOS="577"/>
							<String ID="string_60" HPOS="602" VPOS="412" WIDTH="102" HEIGHT="27" WC="0.96" CONTENT="åtgärder,"/><SP WIDTH="23" VPOS="412" HPOS="704"/>
							<String ID="string_61" HPOS="727" VPOS="412" WIDTH="136" HEIGHT="28" WC="0.95" CONTENT="hvarigenom"/>
						</TextLine>
						<TextLine ID="line_8" HPOS="110" VPOS="446" WIDTH="754" HEIGHT="28">
							<String ID="string_62" HPOS="110" VPOS="447" WIDTH="80" HEIGHT="21" WC="0.96" CONTENT="lättnad"/><SP WIDTH="16" VPOS="447" HPOS="190"/>
							<String ID="string_63" HPOS="206" VPOS="447" WIDTH="7" HEIGHT="21" WC="0.93" CONTENT="i"/><SP WIDTH="16" VPOS="447" HPOS="213"/>
							<String ID="string_64" HPOS="229" VPOS="447" WIDTH="226" HEIGHT="27" WC="0.91" CONTENT="väghållningstungan"/><SP WIDTH="21" VPOS="447" HPOS="455"/>
							<String ID="string_65" HPOS="476" VPOS="447" WIDTH="41" HEIGHT="21" WC="0.92" CONTENT="kan"/><SP WIDTH="24" VPOS="447" HPOS="517"/>
							<String ID="string_66" HPOS="541" VPOS="447" WIDTH="95" HEIGHT="27" WC="0.91" CONTENT="samtlige"/><SP WIDTH="24" VPOS="447" HPOS="636"/>
							<String ID="string_67" HPOS="660" VPOS="446" WIDTH="204" HEIGHT="28" WC="0.91" CONTENT="väghållningsskyl-"/>
						</TextLine>
						<TextLine ID="line_9" HPOS="110" VPOS="481" WIDTH="161" HEIGHT="28">
							<String ID="string_68" HPOS="110" VPOS="482" WIDTH="48" HEIGHT="27" WC="0.92" CONTENT="dige"/><SP WIDTH="16" VPOS="482" HPOS="158"/>
							<String ID="string_69" HPOS="174" VPOS="481" WIDTH="97" HEIGHT="26" WC="0.96" CONTENT="beredas;"/>
						</TextLine>
					</TextBlock>
					<TextBlock ID="block_2" HPOS="111" VPOS="516" WIDTH="755" HEIGHT="96">
						<TextLine ID="line_10" HPOS="179" VPOS="516" WIDTH="687" HEIGHT="28">
							<String ID="string_70" HPOS="179" VPOS="516" WIDTH="154" HEIGHT="27" WC="0.96" CONTENT="förvaltningen"/><SP WIDTH="17" VPOS="516" HPOS="333"/>
							<String ID="string_71" HPOS="350" VPOS="516" WIDTH="21" HEIGHT="20" WC="0.93" CONTENT="af"/><SP WIDTH="15" VPOS="516" HPOS="371"/>
							<String ID="string_72" HPOS="386" VPOS="516" WIDTH="117" HEIGHT="28" WC="0.91" CONTENT="vägkassan"/><SP WIDTH="16" VPOS="516" HPOS="503"/>
							<String ID="string_73" HPOS="519" VPOS="516" WIDTH="132" HEIGHT="21" WC="0.92" CONTENT="handhafves"/><SP WIDTH="10" VPOS="516" HPOS="651"/>
							<String ID="string_74" HPOS="661" VPOS="516" WIDTH="21" HEIGHT="20" WC="0.96" CONTENT="af"/><SP WIDTH="10" VPOS="516" HPOS="682"/>
							<String ID="string_75" HPOS="692" VPOS="522" WIDTH="26" HEIGHT="14" WC="0.93" CONTENT="en"/><SP WIDTH="12" VPOS="522" HPOS="718"/>
							<String ID="string_76" HPOS="730" VPOS="516" WIDTH="136" HEIGHT="27" WC="0.92" CONTENT="vägstyrelse,"/>
						</TextLine>
						<TextLine ID="line_11" HPOS="111" VPOS="550" WIDTH="753" HEIGHT="28">
							<String ID="string_77" HPOS="111" VPOS="550" WIDTH="75" HEIGHT="22" WC="0.96" CONTENT="utsedd"/><SP WIDTH="24" VPOS="550" HPOS="186"/>
							<String ID="string_78" HPOS="210" VPOS="551" WIDTH="21" HEIGHT="20" WC="0.96" CONTENT="af"/><SP WIDTH="22" VPOS="551" HPOS="231"/>
							<String ID="string_79" HPOS="253" VPOS="551" WIDTH="26" HEIGHT="20" WC="0.93" CONTENT="de"/><SP WIDTH="24" VPOS="551" HPOS="279"/>
							<String ID="string_80" HPOS="303" VPOS="550" WIDTH="243" HEIGHT="28" WC="0.91" CONTENT="väghållningsskyldige"/><SP WIDTH="22" VPOS="550" HPOS="546"/>
							<String ID="string_81" HPOS="568" VPOS="550" WIDTH="80" HEIGHT="28" WC="0.91" CONTENT="själfve,"/><SP WIDTH="19" VPOS="550" HPOS="648"/>
							<String ID="string_82" HPOS="667" VPOS="550" WIDTH="12" HEIGHT="21" WC="0.91" CONTENT="å"/><SP WIDTH="15" VPOS="550" HPOS="679"/>
							<String ID="string_83" HPOS="694" VPOS="550" WIDTH="71" HEIGHT="21" WC="0.96" CONTENT="hvilka"/><SP WIDTH="21" VPOS="550" HPOS="765"/>
							<String ID="string_84" HPOS="786" VPOS="550" WIDTH="78" HEIGHT="28" WC="0.96" CONTENT="jämväl"/>
						</TextLine>
						<TextLine ID="line_12" HPOS="111" VPOS="584" WIDTH="570" HEIGHT="28">
							<String ID="string_85" HPOS="111" VPOS="584" WIDTH="119" HEIGHT="22" WC="0.95" CONTENT="kontrollen"/><SP WIDTH="16" VPOS="584" HPOS="230"/>
							<String ID="string_86" HPOS="246" VPOS="584" WIDTH="58" HEIGHT="22" WC="0.94" CONTENT="öfver"/><SP WIDTH="15" VPOS="584" HPOS="304"/>
							<String ID="string_87" HPOS="319" VPOS="584" WIDTH="70" HEIGHT="22" WC="0.95" CONTENT="denna"/><SP WIDTH="15" VPOS="584" HPOS="389"/>
							<String ID="string_88" HPOS="404" VPOS="584" WIDTH="129" HEIGHT="28" WC="0.95" CONTENT="förvaltning"/><SP WIDTH="15" VPOS="584" HPOS="533"/>
							<String ID="string_89" HPOS="548" VPOS="584" WIDTH="133" HEIGHT="27" WC="0.96" CONTENT="ankommer;"/>
						</TextLine>
					</TextBlock>
					<TextBlock ID="block_3" HPOS="112" VPOS="618" WIDTH="755" HEIGHT="131">
						<TextLine ID="line_13" HPOS="180" VPOS="618" WIDTH="686" HEIGHT="28">
							<String ID="string_90" HPOS="180" VPOS="620" WIDTH="32" HEIGHT="20" WC="0.96" CONTENT="för"/><SP WIDTH="25" VPOS="620" HPOS="212"/>
							<String ID="string_91" HPOS="237" VPOS="619" WIDTH="107" HEIGHT="21" WC="0.95" CONTENT="allmänna"/><SP WIDTH="25" VPOS="619" HPOS="344"/>
							<String ID="string_92" HPOS="369" VPOS="621" WIDTH="102" HEIGHT="25" WC="0.93" CONTENT="vägarnas"/><SP WIDTH="25" VPOS="621" HPOS="471"/>
							<String ID="string_93" HPOS="496" VPOS="619" WIDTH="167" HEIGHT="27" WC="0.91" CONTENT="öppenhällande"/><SP WIDTH="24" VPOS="619" HPOS="663"/>
							<String ID="string_94" HPOS="687" VPOS="619" WIDTH="99" HEIGHT="21" WC="0.92" CONTENT="vintertid"/><SP WIDTH="22" VPOS="619" HPOS="786"/>
							<String ID="string_95" HPOS="808" VPOS="618" WIDTH="58" HEIGHT="22" WC="0.92" CONTENT="bibe-"/>
						</TextLine>
						<TextLine ID="line_14" HPOS="113" VPOS="653" WIDTH="754" HEIGHT="28">
							<String ID="string_96" HPOS="113" VPOS="654" WIDTH="67" HEIGHT="20" WC="0.96" CONTENT="hålles"/><SP WIDTH="15" VPOS="654" HPOS="180"/>
							<String ID="string_97" HPOS="195" VPOS="653" WIDTH="176" HEIGHT="28" WC="0.96" CONTENT="hufvudsakligen"/><SP WIDTH="17" VPOS="653" HPOS="371"/>
							<String ID="string_98" HPOS="388" VPOS="660" WIDTH="80" HEIGHT="15" WC="0.96" CONTENT="samma"/><SP WIDTH="15" VPOS="660" HPOS="468"/>
							<String ID="string_99" HPOS="483" VPOS="654" WIDTH="119" HEIGHT="27" WC="0.96" CONTENT="anordning"/><SP WIDTH="16" VPOS="654" HPOS="602"/>
							<String ID="string_100" HPOS="618" VPOS="660" WIDTH="45" HEIGHT="14" WC="0.96" CONTENT="som"/><SP WIDTH="16" VPOS="660" HPOS="663"/>
							<String ID="string_101" HPOS="679" VPOS="653" WIDTH="79" HEIGHT="27" WC="0.66" CONTENT="hittills,"/><SP WIDTH="15" VPOS="653" HPOS="758"/>
							<String ID="string_102" HPOS="773" VPOS="653" WIDTH="53" HEIGHT="21" WC="0.97" CONTENT="dock"/><SP WIDTH="11" VPOS="653" HPOS="826"/>
							<String ID="string_103" HPOS="837" VPOS="655" WIDTH="30" HEIGHT="19" WC="0.96" CONTENT="att"/>
						</TextLine>
						<TextLine ID="line_15" HPOS="112" VPOS="688" WIDTH="755" HEIGHT="28">
							<String ID="string_104" HPOS="112" VPOS="688" WIDTH="117" HEIGHT="21" WC="0.96" CONTENT="kostnaden"/><SP WIDTH="24" VPOS="688" HPOS="229"/>
							<String ID="string_105" HPOS="253" VPOS="688" WIDTH="32" HEIGHT="20" WC="0.96" CONTENT="för"/><SP WIDTH="22" VPOS="688" HPOS="285"/>
							<String ID="string_106" HPOS="307" VPOS="688" WIDTH="64" HEIGHT="21" WC="0.96" CONTENT="sådan"/><SP WIDTH="24" VPOS="688" HPOS="371"/>
							<String ID="string_107" HPOS="395" VPOS="688" WIDTH="135" HEIGHT="28" WC="0.51" CONTENT="väghållning"/><SP WIDTH="22" VPOS="688" HPOS="530"/>
							<String ID="string_108" HPOS="552" VPOS="688" WIDTH="78" HEIGHT="28" WC="0.91" CONTENT="jämväl"/><SP WIDTH="24" VPOS="688" HPOS="630"/>
							<String ID="string_109" HPOS="654" VPOS="688" WIDTH="100" HEIGHT="21" WC="0.92" CONTENT="bestrides"/><SP WIDTH="24" VPOS="688" HPOS="754"/>
							<String ID="string_110" HPOS="778" VPOS="694" WIDTH="24" HEIGHT="14" WC="0.93" CONTENT="ur"/><SP WIDTH="15" VPOS="694" HPOS="802"/>
							<String ID="string_111" HPOS="817" VPOS="689" WIDTH="50" HEIGHT="26" WC="0.92" CONTENT="väg-"/>
						</TextLine>
						<TextLine ID="line_16" HPOS="112" VPOS="722" WIDTH="86" HEIGHT="27">
							<String ID="string_112" HPOS="112" VPOS="722" WIDTH="86" HEIGHT="27" WC="0.92" CONTENT="kassan;"/>
						</TextLine>
					</TextBlock>
					<TextBlock ID="block_4" HPOS="111" VPOS="756" WIDTH="758" HEIGHT="199">
						<TextLine ID="line_17" HPOS="182" VPOS="756" WIDTH="685" HEIGHT="28">
							<String ID="string_113" HPOS="182" VPOS="757" WIDTH="122" HEIGHT="27" WC="0.96" CONTENT="byggandet"/><SP WIDTH="15" VPOS="757" HPOS="304"/>
							<String ID="string_114" HPOS="319" VPOS="757" WIDTH="38" HEIGHT="21" WC="0.96" CONTENT="och"/><SP WIDTH="16" VPOS="757" HPOS="357"/>
							<String ID="string_115" HPOS="373" VPOS="757" WIDTH="133" HEIGHT="21" WC="0.96" CONTENT="underhållet"/><SP WIDTH="16" VPOS="757" HPOS="506"/>
							<String ID="string_116" HPOS="522" VPOS="758" WIDTH="20" HEIGHT="20" WC="0.93" CONTENT="af"/><SP WIDTH="16" VPOS="758" HPOS="542"/>
							<String ID="string_117" HPOS="558" VPOS="757" WIDTH="69" HEIGHT="27" WC="0.91" CONTENT="byväg"/><SP WIDTH="15" VPOS="757" HPOS="627"/>
							<String ID="string_118" HPOS="642" VPOS="757" WIDTH="80" HEIGHT="27" WC="0.93" CONTENT="åligger"/><SP WIDTH="14" VPOS="757" HPOS="722"/>
							<String ID="string_119" HPOS="736" VPOS="757" WIDTH="89" HEIGHT="21" WC="0.90" CONTENT="allenast"/><SP WIDTH="10" VPOS="757" HPOS="825"/>
							<String ID="string_120" HPOS="835" VPOS="756" WIDTH="32" HEIGHT="21" WC="0.92" CONTENT="så-"/>
						</TextLine>
						<TextLine ID="line_18" HPOS="112" VPOS="790" WIDTH="757" HEIGHT="29">
							<String ID="string_121" HPOS="112" VPOS="791" WIDTH="55" HEIGHT="21" WC="0.95" CONTENT="dana"/><SP WIDTH="16" VPOS="791" HPOS="167"/>
							<String ID="string_122" HPOS="183" VPOS="792" WIDTH="6" HEIGHT="20" WC="0.93" CONTENT="i"/><SP WIDTH="17" VPOS="792" HPOS="189"/>
							<String ID="string_123" HPOS="206" VPOS="798" WIDTH="84" HEIGHT="14" WC="0.92" CONTENT="momm."/><SP WIDTH="16" VPOS="798" HPOS="290"/>
							<String ID="string_124" HPOS="306" VPOS="791" WIDTH="39" HEIGHT="26" WC="0.96" CONTENT="a,b"/><SP WIDTH="16" VPOS="791" HPOS="345"/>
							<String ID="string_125" HPOS="361" VPOS="792" WIDTH="38" HEIGHT="20" WC="0.93" CONTENT="och"/><SP WIDTH="16" VPOS="792" HPOS="399"/>
							<String ID="string_126" HPOS="415" VPOS="798" WIDTH="12" HEIGHT="14" WC="0.91" CONTENT="c"/><SP WIDTH="19" VPOS="798" HPOS="427"/>
							<String ID="string_127" HPOS="446" VPOS="792" WIDTH="129" HEIGHT="20" WC="0.93" CONTENT="omnämnda"/><SP WIDTH="15" VPOS="792" HPOS="575"/>
							<String ID="string_128" HPOS="590" VPOS="791" WIDTH="173" HEIGHT="28" WC="0.92" CONTENT="jordlägenheter,"/><SP WIDTH="15" VPOS="791" HPOS="763"/>
							<String ID="string_129" HPOS="778" VPOS="798" WIDTH="46" HEIGHT="14" WC="0.96" CONTENT="som"/><SP WIDTH="23" VPOS="798" HPOS="824"/>
							<String ID="string_130" HPOS="847" VPOS="790" WIDTH="22" HEIGHT="21" WC="0.96" CONTENT="af"/>
						</TextLine>
						<TextLine ID="line_19" HPOS="111" VPOS="825" WIDTH="754" HEIGHT="28">
							<String ID="string_131" HPOS="111" VPOS="827" WIDTH="67" HEIGHT="25" WC="0.93" CONTENT="vägen"/><SP WIDTH="24" VPOS="827" HPOS="178"/>
							<String ID="string_132" HPOS="202" VPOS="826" WIDTH="61" HEIGHT="20" WC="0.93" CONTENT="hafva"/><SP WIDTH="24" VPOS="826" HPOS="263"/>
							<String ID="string_133" HPOS="287" VPOS="826" WIDTH="62" HEIGHT="20" WC="0.87" CONTENT="behof"/><SP WIDTH="22" VPOS="826" HPOS="349"/>
							<String ID="string_134" HPOS="371" VPOS="826" WIDTH="52" HEIGHT="20" WC="0.96" CONTENT="eller"/><SP WIDTH="23" VPOS="826" HPOS="423"/>
							<String ID="string_135" HPOS="446" VPOS="826" WIDTH="113" HEIGHT="27" WC="0.93" CONTENT="väsentligt"/><SP WIDTH="22" VPOS="826" HPOS="559"/>
							<String ID="string_136" HPOS="581" VPOS="832" WIDTH="65" HEIGHT="21" WC="0.92" CONTENT="gagn;"/><SP WIDTH="23" VPOS="832" HPOS="646"/>
							<String ID="string_137" HPOS="669" VPOS="825" WIDTH="196" HEIGHT="27" WC="0.92" CONTENT="delningsgrunden"/>
						</TextLine>
						<TextLine ID="line_20" HPOS="111" VPOS="859" WIDTH="754" HEIGHT="28">
							<String ID="string_138" HPOS="111" VPOS="860" WIDTH="48" HEIGHT="20" WC="0.93" CONTENT="dem"/><SP WIDTH="24" VPOS="860" HPOS="159"/>
							<String ID="string_139" HPOS="183" VPOS="860" WIDTH="90" HEIGHT="21" WC="0.96" CONTENT="emellan"/><SP WIDTH="24" VPOS="860" HPOS="273"/>
							<String ID="string_140" HPOS="297" VPOS="862" WIDTH="84" HEIGHT="25" WC="0.96" CONTENT="utgöres"/><SP WIDTH="22" VPOS="862" HPOS="381"/>
							<String ID="string_141" HPOS="403" VPOS="860" WIDTH="21" HEIGHT="21" WC="0.93" CONTENT="af"/><SP WIDTH="16" VPOS="860" HPOS="424"/>
							<String ID="string_142" HPOS="440" VPOS="860" WIDTH="134" HEIGHT="27" WC="0.91" CONTENT="vägöretalet,"/><SP WIDTH="16" VPOS="860" HPOS="574"/>
							<String ID="string_143" HPOS="590" VPOS="860" WIDTH="48" HEIGHT="21" WC="0.96" CONTENT="med"/><SP WIDTH="17" VPOS="860" HPOS="638"/>
							<String ID="string_144" HPOS="655" VPOS="860" WIDTH="95" HEIGHT="27" WC="0.93" CONTENT="behörigt"/><SP WIDTH="14" VPOS="860" HPOS="750"/>
							<String ID="string_145" HPOS="764" VPOS="859" WIDTH="101" HEIGHT="21" WC="0.95" CONTENT="afseende"/>
						</TextLine>
						<TextLine ID="line_21" HPOS="111" VPOS="894" WIDTH="755" HEIGHT="28">
							<String ID="string_146" HPOS="111" VPOS="894" WIDTH="102" HEIGHT="27" WC="0.91" CONTENT="därjämte"/><SP WIDTH="16" VPOS="894" HPOS="213"/>
							<String ID="string_147" HPOS="229" VPOS="894" WIDTH="12" HEIGHT="20" WC="0.91" CONTENT="ä"/><SP WIDTH="12" VPOS="894" HPOS="241"/>
							<String ID="string_148" HPOS="253" VPOS="894" WIDTH="40" HEIGHT="21" WC="0.96" CONTENT="den"/><SP WIDTH="22" VPOS="894" HPOS="293"/>
							<String ID="string_149" HPOS="315" VPOS="894" WIDTH="55" HEIGHT="21" WC="0.96" CONTENT="olika"/><SP WIDTH="21" VPOS="894" HPOS="370"/>
							<String ID="string_150" HPOS="391" VPOS="896" WIDTH="66" HEIGHT="25" WC="0.86" CONTENT="nyttä,"/><SP WIDTH="15" VPOS="896" HPOS="457"/>
							<String ID="string_151" HPOS="472" VPOS="901" WIDTH="45" HEIGHT="14" WC="0.96" CONTENT="som"/><SP WIDTH="17" VPOS="901" HPOS="517"/>
							<String ID="string_152" HPOS="534" VPOS="894" WIDTH="157" HEIGHT="22" WC="0.96" CONTENT="vederbörande"/><SP WIDTH="15" VPOS="894" HPOS="691"/>
							<String ID="string_153" HPOS="706" VPOS="894" WIDTH="21" HEIGHT="21" WC="0.96" CONTENT="af"/><SP WIDTH="16" VPOS="894" HPOS="727"/>
							<String ID="string_154" HPOS="743" VPOS="896" WIDTH="66" HEIGHT="26" WC="0.93" CONTENT="vägen"/><SP WIDTH="16" VPOS="896" HPOS="809"/>
							<String ID="string_155" HPOS="825" VPOS="894" WIDTH="41" HEIGHT="20" WC="0.92" CONTENT="till-"/>
						</TextLine>
						<TextLine ID="line_22" HPOS="111" VPOS="928" WIDTH="104" HEIGHT="27">
							<String ID="string_156" HPOS="111" VPOS="928" WIDTH="104" HEIGHT="27" WC="0.92" CONTENT="skyndas;"/>
						</TextLine>
					</TextBlock>
					<TextBlock ID="block_5" HPOS="111" VPOS="962" WIDTH="757" HEIGHT="304">
						<TextLine ID="line_23" HPOS="180" VPOS="962" WIDTH="687" HEIGHT="28">
							<String ID="string_157" HPOS="180" VPOS="965" WIDTH="23" HEIGHT="19" WC="0.91" CONTENT="är"/><SP WIDTH="15" VPOS="965" HPOS="203"/>
							<String ID="string_158" HPOS="218" VPOS="962" WIDTH="70" HEIGHT="28" WC="0.91" CONTENT="byväg"/><SP WIDTH="23" VPOS="962" HPOS="288"/>
							<String ID="string_159" HPOS="311" VPOS="963" WIDTH="92" HEIGHT="27" WC="0.91" CONTENT="behöflig"/><SP WIDTH="23" VPOS="963" HPOS="403"/>
							<String ID="string_160" HPOS="426" VPOS="963" WIDTH="52" HEIGHT="21" WC="0.94" CONTENT="eller"/><SP WIDTH="23" VPOS="963" HPOS="478"/>
							<String ID="string_161" HPOS="501" VPOS="964" WIDTH="21" HEIGHT="20" WC="0.93" CONTENT="af"/><SP WIDTH="22" VPOS="964" HPOS="522"/>
							<String ID="string_162" HPOS="544" VPOS="966" WIDTH="140" HEIGHT="24" WC="0.89" CONTENT="större&#39;nytta"/><SP WIDTH="16" VPOS="966" HPOS="684"/>
							<String ID="string_163" HPOS="700" VPOS="964" WIDTH="32" HEIGHT="20" WC="0.93" CONTENT="för"/><SP WIDTH="15" VPOS="964" HPOS="732"/>
							<String ID="string_164" HPOS="747" VPOS="963" WIDTH="120" HEIGHT="27" WC="0.93" CONTENT="fastighets-"/>
						</TextLine>
						<TextLine ID="line_24" HPOS="111" VPOS="997" WIDTH="756" HEIGHT="28">
							<String ID="string_165" HPOS="111" VPOS="1004" WIDTH="69" HEIGHT="21" WC="0.92" CONTENT="egare,"/><SP WIDTH="22" VPOS="1004" HPOS="180"/>
							<String ID="string_166" HPOS="202" VPOS="1004" WIDTH="44" HEIGHT="14" WC="0.91" CONTENT="som"/><SP WIDTH="23" VPOS="1004" HPOS="246"/>
							<String ID="string_167" HPOS="269" VPOS="998" WIDTH="18" HEIGHT="27" WC="0.91" CONTENT="ej"/><SP WIDTH="24" VPOS="998" HPOS="287"/>
							<String ID="string_168" HPOS="311" VPOS="1000" WIDTH="23" HEIGHT="18" WC="0.93" CONTENT="är"/><SP WIDTH="21" VPOS="1000" HPOS="334"/>
							<String ID="string_169" HPOS="355" VPOS="998" WIDTH="85" HEIGHT="27" WC="0.92" CONTENT="skyldig"/><SP WIDTH="15" VPOS="998" HPOS="440"/>
							<String ID="string_170" HPOS="455" VPOS="1000" WIDTH="30" HEIGHT="19" WC="0.96" CONTENT="att"/><SP WIDTH="14" VPOS="1000" HPOS="485"/>
							<String ID="string_171" HPOS="499" VPOS="998" WIDTH="7" HEIGHT="20" WC="0.96" CONTENT="i"/><SP WIDTH="16" VPOS="998" HPOS="506"/>
							<String ID="string_172" HPOS="522" VPOS="998" WIDTH="48" HEIGHT="21" WC="0.93" CONTENT="dess"/><SP WIDTH="16" VPOS="998" HPOS="570"/>
							<String ID="string_173" HPOS="586" VPOS="998" WIDTH="110" HEIGHT="21" WC="0.92" CONTENT="underhäll"/><SP WIDTH="15" VPOS="998" HPOS="696"/>
							<String ID="string_174" HPOS="711" VPOS="998" WIDTH="89" HEIGHT="27" WC="0.90" CONTENT="deltaga,"/><SP WIDTH="15" VPOS="998" HPOS="800"/>
							<String ID="string_175" HPOS="815" VPOS="997" WIDTH="52" HEIGHT="21" WC="0.97" CONTENT="eller"/>
						</TextLine>
						<TextLine ID="line_25" HPOS="112" VPOS="1031" WIDTH="755" HEIGHT="28">
							<String ID="string_176" HPOS="112" VPOS="1032" WIDTH="32" HEIGHT="21" WC="0.92" CONTENT="för"/><SP WIDTH="22" VPOS="1032" HPOS="144"/>
							<String ID="string_177" HPOS="166" VPOS="1032" WIDTH="137" HEIGHT="21" WC="0.87" CONTENT="innehafvare"/><SP WIDTH="22" VPOS="1032" HPOS="303"/>
							<String ID="string_178" HPOS="325" VPOS="1032" WIDTH="22" HEIGHT="21" WC="0.96" CONTENT="af"/><SP WIDTH="20" VPOS="1032" HPOS="347"/>
							<String ID="string_179" HPOS="367" VPOS="1034" WIDTH="66" HEIGHT="19" WC="0.93" CONTENT="större"/><SP WIDTH="22" VPOS="1034" HPOS="433"/>
							<String ID="string_180" HPOS="455" VPOS="1032" WIDTH="133" HEIGHT="21" WC="0.92" CONTENT="industriella"/><SP WIDTH="15" VPOS="1032" HPOS="588"/>
							<String ID="string_181" HPOS="603" VPOS="1032" WIDTH="139" HEIGHT="27" WC="0.92" CONTENT="inrättningar"/><SP WIDTH="22" VPOS="1032" HPOS="742"/>
							<String ID="string_182" HPOS="764" VPOS="1032" WIDTH="52" HEIGHT="21" WC="0.96" CONTENT="eller"/><SP WIDTH="19" VPOS="1032" HPOS="816"/>
							<String ID="string_183" HPOS="835" VPOS="1031" WIDTH="32" HEIGHT="21" WC="0.96" CONTENT="för"/>
						</TextLine>
						<TextLine ID="line_26" HPOS="111" VPOS="1065" WIDTH="756" HEIGHT="29">
							<String ID="string_184" HPOS="111" VPOS="1066" WIDTH="171" HEIGHT="27" WC="0.92" CONTENT="landthandlare,"/><SP WIDTH="15" VPOS="1066" HPOS="282"/>
							<String ID="string_185" HPOS="297" VPOS="1068" WIDTH="35" HEIGHT="20" WC="0.93" CONTENT="äro"/><SP WIDTH="16" VPOS="1068" HPOS="332"/>
							<String ID="string_186" HPOS="348" VPOS="1066" WIDTH="67" HEIGHT="27" WC="0.90" CONTENT="desse,"/><SP WIDTH="20" VPOS="1066" HPOS="415"/>
							<String ID="string_187" HPOS="435" VPOS="1066" WIDTH="45" HEIGHT="22" WC="0.92" CONTENT="ifall"/><SP WIDTH="16" VPOS="1066" HPOS="480"/>
							<String ID="string_188" HPOS="496" VPOS="1067" WIDTH="26" HEIGHT="21" WC="0.89" CONTENT="de"/><SP WIDTH="17" VPOS="1067" HPOS="522"/>
							<String ID="string_189" HPOS="539" VPOS="1067" WIDTH="65" HEIGHT="21" WC="0.92" CONTENT="önska"/><SP WIDTH="16" VPOS="1067" HPOS="604"/>
							<String ID="string_190" HPOS="620" VPOS="1066" WIDTH="95" HEIGHT="28" WC="0.92" CONTENT="begagna"/><SP WIDTH="11" VPOS="1066" HPOS="715"/>
							<String ID="string_191" HPOS="726" VPOS="1068" WIDTH="73" HEIGHT="26" WC="0.93" CONTENT="vägen,"/><SP WIDTH="10" VPOS="1068" HPOS="799"/>
							<String ID="string_192" HPOS="809" VPOS="1065" WIDTH="58" HEIGHT="27" WC="0.92" CONTENT="skyl-"/>
						</TextLine>
						<TextLine ID="line_27" HPOS="112" VPOS="1100" WIDTH="755" HEIGHT="28">
							<String ID="string_193" HPOS="112" VPOS="1101" WIDTH="48" HEIGHT="27" WC="0.89" CONTENT="dige"/><SP WIDTH="23" VPOS="1101" HPOS="160"/>
							<String ID="string_194" HPOS="183" VPOS="1103" WIDTH="30" HEIGHT="19" WC="0.96" CONTENT="att"/><SP WIDTH="21" VPOS="1103" HPOS="213"/>
							<String ID="string_195" HPOS="234" VPOS="1101" WIDTH="33" HEIGHT="20" WC="0.93" CONTENT="för"/><SP WIDTH="22" VPOS="1101" HPOS="267"/>
							<String ID="string_196" HPOS="289" VPOS="1101" WIDTH="200" HEIGHT="27" WC="0.71" CONTENT="tillgodonjutandet"/><SP WIDTH="22" VPOS="1101" HPOS="489"/>
							<String ID="string_197" HPOS="511" VPOS="1102" WIDTH="22" HEIGHT="20" WC="0.93" CONTENT="af"/><SP WIDTH="15" VPOS="1102" HPOS="533"/>
							<String ID="string_198" HPOS="548" VPOS="1101" WIDTH="65" HEIGHT="21" WC="0.95" CONTENT="sådan"/><SP WIDTH="15" VPOS="1101" HPOS="613"/>
							<String ID="string_199" HPOS="628" VPOS="1101" WIDTH="81" HEIGHT="21" WC="0.96" CONTENT="förmån"/><SP WIDTH="17" VPOS="1101" HPOS="709"/>
							<String ID="string_200" HPOS="726" VPOS="1101" WIDTH="83" HEIGHT="27" WC="0.96" CONTENT="erlägga"/><SP WIDTH="16" VPOS="1101" HPOS="809"/>
							<String ID="string_201" HPOS="825" VPOS="1100" WIDTH="42" HEIGHT="20" WC="0.97" CONTENT="viss"/>
						</TextLine>
						<TextLine ID="line_28" HPOS="112" VPOS="1134" WIDTH="756" HEIGHT="29">
							<String ID="string_202" HPOS="112" VPOS="1135" WIDTH="53" HEIGHT="27" WC="0.93" CONTENT="årlig"/><SP WIDTH="16" VPOS="1135" HPOS="165"/>
							<String ID="string_203" HPOS="181" VPOS="1135" WIDTH="167" HEIGHT="27" WC="0.92" CONTENT="penningeafgift"/><SP WIDTH="15" VPOS="1135" HPOS="348"/>
							<String ID="string_204" HPOS="363" VPOS="1135" WIDTH="81" HEIGHT="27" WC="0.91" CONTENT="enligti"/><SP WIDTH="11" VPOS="1135" HPOS="444"/>
							<String ID="string_205" HPOS="455" VPOS="1135" WIDTH="101" HEIGHT="28" WC="0.96" CONTENT="förslaget"/><SP WIDTH="10" VPOS="1135" HPOS="556"/>
							<String ID="string_206" HPOS="566" VPOS="1137" WIDTH="95" HEIGHT="19" WC="0.93" CONTENT="närmare"/><SP WIDTH="11" VPOS="1137" HPOS="661"/>
							<String ID="string_207" HPOS="672" VPOS="1136" WIDTH="86" HEIGHT="27" WC="0.92" CONTENT="angifna"/><SP WIDTH="10" VPOS="1136" HPOS="758"/>
							<String ID="string_208" HPOS="768" VPOS="1134" WIDTH="100" HEIGHT="28" WC="0.96" CONTENT="grunder,"/>
						</TextLine>
						<TextLine ID="line_29" HPOS="112" VPOS="1169" WIDTH="755" HEIGHT="28">
							<String ID="string_209" HPOS="112" VPOS="1170" WIDTH="85" HEIGHT="20" WC="0.92" CONTENT="hvilken"/><SP WIDTH="17" VPOS="1170" HPOS="197"/>
							<String ID="string_210" HPOS="214" VPOS="1169" WIDTH="133" HEIGHT="28" WC="0.92" CONTENT="bestämning"/><SP WIDTH="14" VPOS="1169" HPOS="347"/>
							<String ID="string_211" HPOS="361" VPOS="1170" WIDTH="78" HEIGHT="27" WC="0.90" CONTENT="jämväl"/><SP WIDTH="15" VPOS="1170" HPOS="439"/>
							<String ID="string_212" HPOS="454" VPOS="1170" WIDTH="7" HEIGHT="20" WC="0.93" CONTENT="i"/><SP WIDTH="16" VPOS="1170" HPOS="461"/>
							<String ID="string_213" HPOS="477" VPOS="1170" WIDTH="173" HEIGHT="21" WC="0.91" CONTENT="förekommande"/><SP WIDTH="15" VPOS="1170" HPOS="650"/>
							<String ID="string_214" HPOS="665" VPOS="1170" WIDTH="37" HEIGHT="20" WC="0.93" CONTENT="fall"/><SP WIDTH="15" VPOS="1170" HPOS="702"/>
							<String ID="string_215" HPOS="717" VPOS="1176" WIDTH="49" HEIGHT="20" WC="0.93" CONTENT="eger"/><SP WIDTH="10" VPOS="1176" HPOS="766"/>
							<String ID="string_216" HPOS="776" VPOS="1169" WIDTH="91" HEIGHT="27" WC="0.92" CONTENT="tillämp-"/>
						</TextLine>
						<TextLine ID="line_30" HPOS="112" VPOS="1204" WIDTH="756" HEIGHT="28">
							<String ID="string_217" HPOS="112" VPOS="1204" WIDTH="51" HEIGHT="26" WC="0.93" CONTENT="ning"/><SP WIDTH="16" VPOS="1204" HPOS="163"/>
							<String ID="string_218" HPOS="179" VPOS="1204" WIDTH="12" HEIGHT="20" WC="0.73" CONTENT="ä"/><SP WIDTH="15" VPOS="1204" HPOS="191"/>
							<String ID="string_219" HPOS="206" VPOS="1204" WIDTH="143" HEIGHT="27" WC="0.92" CONTENT="kronoparker"/><SP WIDTH="15" VPOS="1204" HPOS="349"/>
							<String ID="string_220" HPOS="364" VPOS="1204" WIDTH="39" HEIGHT="21" WC="0.93" CONTENT="och"/><SP WIDTH="16" VPOS="1204" HPOS="403"/>
							<String ID="string_221" HPOS="419" VPOS="1204" WIDTH="67" HEIGHT="28" WC="0.96" CONTENT="öfriga"/><SP WIDTH="16" VPOS="1204" HPOS="486"/>
							<String ID="string_222" HPOS="502" VPOS="1204" WIDTH="80" HEIGHT="21" WC="0.96" CONTENT="kronan"/><SP WIDTH="16" VPOS="1204" HPOS="582"/>
							<String ID="string_223" HPOS="598" VPOS="1204" WIDTH="104" HEIGHT="28" WC="0.96" CONTENT="tillhöriga"/><SP WIDTH="16" VPOS="1204" HPOS="702"/>
							<String ID="string_224" HPOS="718" VPOS="1204" WIDTH="88" HEIGHT="26" WC="0.96" CONTENT="marker,"/><SP WIDTH="15" VPOS="1204" HPOS="806"/>
							<String ID="string_225" HPOS="821" VPOS="1209" WIDTH="47" HEIGHT="15" WC="0.96" CONTENT="som"/>
						</TextLine>
						<TextLine ID="line_31" HPOS="112" VPOS="1238" WIDTH="540" HEIGHT="28">
							<String ID="string_226" HPOS="112" VPOS="1238" WIDTH="22" HEIGHT="21" WC="0.96" CONTENT="af"/><SP WIDTH="15" VPOS="1238" HPOS="134"/>
							<String ID="string_227" HPOS="149" VPOS="1240" WIDTH="68" HEIGHT="25" WC="0.93" CONTENT="vägen"/><SP WIDTH="17" VPOS="1240" HPOS="217"/>
							<String ID="string_228" HPOS="234" VPOS="1238" WIDTH="61" HEIGHT="21" WC="0.92" CONTENT="hafva"/><SP WIDTH="16" VPOS="1238" HPOS="295"/>
							<String ID="string_229" HPOS="311" VPOS="1238" WIDTH="63" HEIGHT="22" WC="0.92" CONTENT="behof"/><SP WIDTH="15" VPOS="1238" HPOS="374"/>
							<String ID="string_230" HPOS="389" VPOS="1238" WIDTH="52" HEIGHT="22" WC="0.93" CONTENT="eller"/><SP WIDTH="15" VPOS="1238" HPOS="441"/>
							<String ID="string_231" HPOS="456" VPOS="1239" WIDTH="104" HEIGHT="27" WC="0.92" CONTENT="väsentlig"/><SP WIDTH="15" VPOS="1239" HPOS="560"/>
							<String ID="string_232" HPOS="575" VPOS="1238" WIDTH="77" HEIGHT="26" WC="0.92" CONTENT="fördel;"/>
						</TextLine>
					</TextBlock>
					<TextBlock ID="block_6" HPOS="111" VPOS="1272" WIDTH="758" HEIGHT="165">
						<TextLine ID="line_32" HPOS="181" VPOS="1272" WIDTH="688" HEIGHT="28">
							<String ID="string_233" HPOS="181" VPOS="1272" WIDTH="34" HEIGHT="21" WC="0.92" CONTENT="vid"/><SP WIDTH="25" VPOS="1272" HPOS="215"/>
							<String ID="string_234" HPOS="240" VPOS="1273" WIDTH="131" HEIGHT="27" WC="0.91" CONTENT="omröstning"/><SP WIDTH="15" VPOS="1273" HPOS="371"/>
							<String ID="string_235" HPOS="386" VPOS="1273" WIDTH="7" HEIGHT="20" WC="0.93" CONTENT="i"/><SP WIDTH="16" VPOS="1273" HPOS="393"/>
							<String ID="string_236" HPOS="409" VPOS="1273" WIDTH="143" HEIGHT="27" WC="0.92" CONTENT="vägväsendet"/><SP WIDTH="21" VPOS="1273" HPOS="552"/>
							<String ID="string_237" HPOS="573" VPOS="1273" WIDTH="90" HEIGHT="21" WC="0.92" CONTENT="rörande"/><SP WIDTH="17" VPOS="1273" HPOS="663"/>
							<String ID="string_238" HPOS="680" VPOS="1272" WIDTH="71" HEIGHT="28" WC="0.93" CONTENT="frägor"/><SP WIDTH="15" VPOS="1272" HPOS="751"/>
							<String ID="string_239" HPOS="766" VPOS="1272" WIDTH="103" HEIGHT="21" WC="0.96" CONTENT="beräknas"/>
						</TextLine>
						<TextLine ID="line_33" HPOS="112" VPOS="1306" WIDTH="756" HEIGHT="29">
							<String ID="string_240" HPOS="112" VPOS="1306" WIDTH="118" HEIGHT="22" WC="0.92" CONTENT="röstvärdet"/><SP WIDTH="21" VPOS="1306" HPOS="230"/>
							<String ID="string_241" HPOS="251" VPOS="1307" WIDTH="7" HEIGHT="20" WC="0.93" CONTENT="i"/><SP WIDTH="22" VPOS="1307" HPOS="258"/>
							<String ID="string_242" HPOS="280" VPOS="1307" WIDTH="72" HEIGHT="28" WC="0.92" CONTENT="regeln"/><SP WIDTH="20" VPOS="1307" HPOS="352"/>
							<String ID="string_243" HPOS="372" VPOS="1307" WIDTH="54" HEIGHT="21" WC="0.93" CONTENT="efter"/><SP WIDTH="15" VPOS="1307" HPOS="426"/>
							<String ID="string_244" HPOS="441" VPOS="1309" WIDTH="98" HEIGHT="26" WC="0.92" CONTENT="vägören,"/><SP WIDTH="15" VPOS="1309" HPOS="539"/>
							<String ID="string_245" HPOS="554" VPOS="1308" WIDTH="89" HEIGHT="20" WC="0.91" CONTENT="sälunda"/><SP WIDTH="15" VPOS="1308" HPOS="643"/>
							<String ID="string_246" HPOS="658" VPOS="1309" WIDTH="30" HEIGHT="19" WC="0.93" CONTENT="att"/><SP WIDTH="15" VPOS="1309" HPOS="688"/>
							<String ID="string_247" HPOS="703" VPOS="1307" WIDTH="71" HEIGHT="27" WC="0.93" CONTENT="hvarje"/><SP WIDTH="16" VPOS="1307" HPOS="774"/>
							<String ID="string_248" HPOS="790" VPOS="1307" WIDTH="78" HEIGHT="25" WC="0.89" CONTENT="vägöre"/>
						</TextLine>
						<TextLine ID="line_34" HPOS="112" VPOS="1342" WIDTH="757" HEIGHT="27">
							<String ID="string_249" HPOS="112" VPOS="1343" WIDTH="118" HEIGHT="19" WC="0.96" CONTENT="motsvarar"/><SP WIDTH="22" VPOS="1343" HPOS="230"/>
							<String ID="string_250" HPOS="252" VPOS="1348" WIDTH="26" HEIGHT="14" WC="0.93" CONTENT="en"/><SP WIDTH="24" VPOS="1348" HPOS="278"/>
							<String ID="string_251" HPOS="302" VPOS="1344" WIDTH="47" HEIGHT="24" WC="0.93" CONTENT="röst,"/><SP WIDTH="22" VPOS="1344" HPOS="349"/>
							<String ID="string_252" HPOS="371" VPOS="1342" WIDTH="54" HEIGHT="20" WC="0.95" CONTENT="dock"/><SP WIDTH="22" VPOS="1342" HPOS="425"/>
							<String ID="string_253" HPOS="447" VPOS="1344" WIDTH="29" HEIGHT="19" WC="0.96" CONTENT="att"/><SP WIDTH="19" VPOS="1344" HPOS="476"/>
							<String ID="string_254" HPOS="495" VPOS="1342" WIDTH="65" HEIGHT="27" WC="0.93" CONTENT="ingen"/><SP WIDTH="15" VPOS="1342" HPOS="560"/>
							<String ID="string_255" HPOS="575" VPOS="1342" WIDTH="31" HEIGHT="20" WC="0.93" CONTENT="fär"/><SP WIDTH="15" VPOS="1342" HPOS="606"/>
							<String ID="string_256" HPOS="621" VPOS="1343" WIDTH="56" HEIGHT="19" WC="0.93" CONTENT="rösta"/><SP WIDTH="15" VPOS="1343" HPOS="677"/>
							<String ID="string_257" HPOS="692" VPOS="1342" WIDTH="32" HEIGHT="20" WC="0.96" CONTENT="för"/><SP WIDTH="16" VPOS="1342" HPOS="724"/>
							<String ID="string_258" HPOS="740" VPOS="1347" WIDTH="44" HEIGHT="15" WC="0.96" CONTENT="mer"/><SP WIDTH="15" VPOS="1347" HPOS="784"/>
							<String ID="string_259" HPOS="799" VPOS="1342" WIDTH="27" HEIGHT="19" WC="0.96" CONTENT="än"/><SP WIDTH="15" VPOS="1342" HPOS="826"/>
							<String ID="string_260" HPOS="841" VPOS="1345" WIDTH="28" HEIGHT="15" WC="0.96" CONTENT="en"/>
						</TextLine>
						<TextLine ID="line_35" HPOS="111" VPOS="1374" WIDTH="756" HEIGHT="30">
							<String ID="string_261" HPOS="111" VPOS="1375" WIDTH="146" HEIGHT="22" WC="0.92" CONTENT="femtondedel"/><SP WIDTH="15" VPOS="1375" HPOS="257"/>
							<String ID="string_262" HPOS="272" VPOS="1376" WIDTH="21" HEIGHT="21" WC="0.97" CONTENT="af"/><SP WIDTH="15" VPOS="1376" HPOS="293"/>
							<String ID="string_263" HPOS="308" VPOS="1376" WIDTH="43" HEIGHT="21" WC="0.93" CONTENT="dei"/><SP WIDTH="16" VPOS="1376" HPOS="351"/>
							<String ID="string_264" HPOS="367" VPOS="1376" WIDTH="158" HEIGHT="28" WC="0.92" CONTENT="omröstningen"/><SP WIDTH="17" VPOS="1376" HPOS="525"/>
							<String ID="string_265" HPOS="542" VPOS="1376" WIDTH="136" HEIGHT="27" WC="0.89" CONTENT="deltagandes"/><SP WIDTH="17" VPOS="1376" HPOS="678"/>
							<String ID="string_266" HPOS="695" VPOS="1374" WIDTH="172" HEIGHT="28" WC="0.92" CONTENT="sammanlaggda"/>
						</TextLine>
						<TextLine ID="line_36" HPOS="112" VPOS="1410" WIDTH="138" HEIGHT="27">
							<String ID="string_267" HPOS="112" VPOS="1410" WIDTH="138" HEIGHT="27" WC="0.87" CONTENT="röstbelopp.&gt;"/>
						</TextLine>
					</TextBlock>
				</ComposedBlock>
				<ComposedBlock ID="cblock_2" HPOS="185" VPOS="1489" WIDTH="493" HEIGHT="23">
					<TextBlock ID="block_7" HPOS="185" VPOS="1489" WIDTH="493" HEIGHT="23">
						<TextLine ID="line_37" HPOS="185" VPOS="1489" WIDTH="493" HEIGHT="23">
							<String ID="string_268" HPOS="185" VPOS="1489" WIDTH="49" HEIGHT="23" WC="0.83" CONTENT="Lag-"/><SP WIDTH="12" VPOS="1489" HPOS="234"/>
							<String ID="string_269" HPOS="246" VPOS="1490" WIDTH="33" HEIGHT="18" WC="0.93" CONTENT="och"/><SP WIDTH="12" VPOS="1490" HPOS="279"/>
							<String ID="string_270" HPOS="291" VPOS="1490" WIDTH="185" HEIGHT="18" WC="0.86" CONTENT="Ekonomiutskottets"/><SP WIDTH="13" VPOS="1490" HPOS="476"/>
							<String ID="string_271" HPOS="489" VPOS="1490" WIDTH="111" HEIGHT="18" WC="0.96" CONTENT="betänkande"/><SP WIDTH="12" VPOS="1490" HPOS="600"/>
							<String ID="string_272" HPOS="612" VPOS="1489" WIDTH="37" HEIGHT="18" WC="0.96" CONTENT="N:o"/><SP WIDTH="12" VPOS="1489" HPOS="649"/>
							<String ID="string_273" HPOS="661" VPOS="1490" WIDTH="17" HEIGHT="17" WC="0.96" CONTENT="4."/>
						</TextLine>
					</TextBlock>
				</ComposedBlock>
			</PrintSpace>
		</Page>
	</Layout>
</alto>
