1092 1739
341 151 29 23 U.
386 152 27 22 B.
430 165 27 3 —
473 153 75 28 Prop.
563 153 41 23 N:o
620 154 23 22 5.
852 157 27 21 37

118 218 77 28 helhet,
218 221 52 19 enär
293 220 74 21 endast
390 221 89 22 sålunda
496 223 41 20 den
553 223 160 22 eftersträfvade
733 225 147 28 utjämningen

119 252 72 23 kunde
207 254 132 29 fullständigt
355 257 67 21 ernås.

188 288 54 23 Från
258 291 41 21 den
308 304 25 3 -—
345 304 24 2 —
377 304 28 3 —
413 291 119 22 fastställda
546 292 79 27 regeln,
633 293 68 27 enligt
713 294 85 21 hvilken
807 295 74 26 hvarje

118 321 103 23 kommun
245 325 37 21 bör
304 327 74 26 utgöra
401 328 30 19 ett
453 328 48 25 eget
525 326 194 29 vägbyggnadslag,
749 329 131 20 förekomma

118 356 104 23 särskilda
238 360 112 27 undantag,
360 360 111 27 påkallade
482 361 60 20 däraf
552 363 30 18 att
589 361 33 20 för
630 363 131 20 närvarande
769 363 105 27 åtskilliga

119 391 188 30 vägbyggnadslag
329 395 62 21 hafva
415 395 71 27 andra,
502 395 33 21 för
550 395 36 21 det
601 399 68 18 mesta
690 399 66 19 större
772 397 109 22 områden”

119 425 61 22 hvari
203 428 120 28 ändringar,
338 429 55 21 huru
409 429 77 28 nödiga
502 430 27 21 de
544 432 26 19 än
588 430 34 21 må
645 437 71 20 synas,
734 432 74 21 endast
831 431 48 22 med

119 463 75 20 största
217 463 118 22 varsamhet
357 464 51 21 böra
432 464 100 27 vidtagas,
548 471 34 14 om
599 465 82 27 möjligt
706 466 48 21 med
778 467 102 20 vederbö-

118 496 66 21 rande
207 496 136 23 kommuners
359 501 47 25 eget
421 498 101 28 frivilliga
538 499 133 27 begifvande.
699 499 44 22 Det
764 501 115 20 förnämsta

119 531 84 22 hindret
227 535 44 18 mot
294 535 29 18 ett
346 533 127 21 ordnande
461 527 13 38 i
489 533 94 28 enlighet
604 534 48 21 med
668 533 161 24 föreskrifterna
844 535 7 20 i
867 536 11 20 1

119 571 64 16 mom.
201 575 38 11 »—
256 567 85 21 hvarest
361 567 193 28 hufvudprincipen
579 568 83 21 fastslås
678 577 40 11 —>
736 569 21 21 af
772 569 109 28 vägbygg-

120 601 127 28 nadslagens
263 604 86 25 gränser
368 603 59 20 torde
443 603 51 20 böra
510 603 62 20 sökas
588 603 44 20 däri
648 606 30 18 att
689 603 131 27 kommuner,
833 611 45 14 som

119 635 33 21 för
174 637 131 20 närvarande
327 637 50 21 höra
399 637 31 21 till
453 639 30 19 ett
506 638 38 20 och
568 644 80 15 samma
664 638 215 27 vägbyggnadslag,
868 631 14 38 i

119 671 80 26 ganska
216 671 76 27 många
307 671 36 21 fall
360 671 61 21 hafva
438 672 45 20 vidt
506 672 68 21 skilda
596 672 110 21 intressen.
723 685 27 3 —
765 685 28 3 —
809 685 27 3 —
852 685 27 3 —

121 705 92 21 Oaktadt
236 706 60 21 dessa
311 706 87 27 stridiga
413 707 103 20 intressen
533 706 60 21 torde
609 707 35 20 det
660 707 64 20 likväl
740 707 48 21 med
804 707 77 28 nägor-

120 739 66 21 lunda
202 740 79 21 visshet
296 741 71 20 kunna
384 743 96 24 emotses,
488 742 30 20 att
533 741 7 20 i
553 741 26 20 de
590 741 58 21 delar
659 741 21 20 af
694 741 77 26 landet,
782 742 38 20 där
831 743 48 26 väg-

120 773 175 29 byggnadslagen
312 775 86 21 omfatta
421 777 66 19 större
503 775 86 21 omräde
605 777 26 19 än
648 776 136 27 kommunen,
800 776 80 21 förhäl-

121 809 92 21 landena
229 810 132 27 smäningom
379 810 65 27 skola,
457 810 146 21 ätminstone
591 805 14 37 i
618 810 91 21 flertalet
724 811 42 27 fall,
781 811 51 21 reda
847 811 34 27 sig

121 843 27 28 pä
163 845 30 20 ett
208 844 32 21 för
255 844 42 21 alla
312 846 69 25 parter
391 845 194 20 tillfredsställande
596 847 46 23 sätt,
654 845 75 21 endast
740 845 46 21 dem
797 845 83 21 lämnas

122 878 82 21 tillfälle
220 881 30 19 att
265 879 26 27 pä
302 879 39 20 den
353 879 99 27 frivilliga
468 879 242 21 öfverenskommelsens
722 882 39 24 väg
772 880 51 21 söka
833 886 48 21 reg-

120 912 44 21 lera
181 913 46 20 sina
243 913 204 22 mellanhafvanden.
478 913 137 22 Komiterade
630 914 62 21 hafva
703 914 105 27 nämligen
820 914 61 21 tänkt

121 947 38 27 sig,
168 949 30 19 att
213 947 26 21 de
255 947 132 28 kommuner,
402 948 78 26 hvilka,
496 949 32 20 för
544 950 30 19 att
592 948 71 27 undgä
678 949 38 20 allt
731 949 125 27 deltagande
872 948 7 21 i

120 981 122 28 byggandet
257 983 21 20 af
293 983 106 20 allmänna
415 985 64 25 vägar
495 983 39 21 och
547 983 62 20 broar
620 983 58 20 inom
690 989 68 15 annan
770 983 110 26 kommun,

120 1016 63 21 hafva
202 1017 98 20 särskildt
320 1017 89 21 intresse
425 1017 22 21 af
461 1019 31 19 att
507 1017 21 21 få
543 1017 57 21 bilda
616 1023 54 21 egna
686 1017 193 28 vägbygenadslag,

120 1050 43 21 förr
178 1051 52 21 eller
252 1057 74 16 senare
348 1052 47 20 icke
416 1051 59 21 skola
500 1051 94 22 befinnas
616 1051 86 28 ovilliga
717 1054 30 19 att
762 1052 70 21 ikläda
847 1052 32 27 sig

120 1085 26 21 de
162 1085 151 28 uppoffringar,
335 1092 44 14 som
399 1086 33 20 för
447 1085 132 22 ändamälets
596 1086 108 21 vinnande
720 1086 38 21 och
774 1087 22 20 af
810 1086 71 26 billig-

120 1120 93 21 hetsskäl
235 1120 73 21 kunna
331 1120 99 28 påkallas,
453 1120 81 21 hvilket
554 1120 124 28 lämpligast
703 1120 70 22 kunde
789 1120 38 21 ske
843 1126 38 15 an-

120 1154 72 27 tingen
214 1161 77 21 genom
313 1155 136 21 utbetalande
472 1155 47 21 från
542 1155 144 21 kommunens
708 1155 106 21 allmänna
829 1156 51 26 väg-

120 1188 61 21 kassa
197 1188 21 21 af
233 1188 69 28 någon
321 1189 42 21 viss
382 1189 95 21 bestämd
495 1189 192 27 penningesumma
706 1190 30 20 till
755 1190 41 20 den
812 1188 69 22 andra

120 1222 137 28 kommunen,
267 1224 52 20 eller
333 1224 38 20 ock
388 1224 89 20 sälunda
494 1226 30 18 att
540 1224 70 20 denna
625 1224 63 20 kassa
703 1224 107 27 öfvertoge
827 1223 52 27 byg-

119 1256 79 28 gandet
218 1258 57 20 inom
299 1258 41 21 den
364 1264 74 15 senare
459 1258 131 21 kommunen
606 1258 22 21 af
643 1258 71 27 någon
730 1265 28 20 ny
775 1258 36 21 bro
828 1258 52 21 eller

119 1293 40 25 väg
175 1291 52 21 eller
241 1294 65 19 annat
321 1292 74 27 dylikt.
426 1292 41 21 För
482 1292 74 27 hvarje
571 1292 102 21 händelse
689 1292 37 20 har
742 1292 21 21 ät
778 1304 64 4 —
826 1287 18 36 —
852 1303 28 3 —

121 1326 105 21 komitens
241 1326 78 27 förslag
333 1327 72 27 gifvits
420 1327 66 21 sådan
502 1327 82 27 lydelse
600 1329 30 19 att
640 1327 54 20 intet
704 1326 86 22 hindrar
802 1326 78 20 tilläm-

118 1360 80 28 pandet
212 1361 7 20 i
234 1361 173 21 förekommande
423 1362 37 20 fall
475 1362 22 20 af
508 1362 36 20 det
551 1368 30 14 nu
592 1361 94 27 antydda
697 1360 182 28 förfaringssättet,

118 1395 81 21 hvilket
211 1395 32 21 för
258 1395 69 27 öfrigt,
343 1396 26 27 pä
385 1396 70 26 grund
466 1396 22 20 af
503 1396 77 20 sakens
591 1398 68 24 natur,
671 1396 84 21 komme
766 1396 29 20 att
805 1394 74 27 hvarje

119 1429 56 28 gäng
198 1429 66 21 blifva
287 1430 105 21 beroende
415 1430 21 21 af
452 1432 146 26 guvernörens
613 1430 101 27 pröfning
729 1430 39 21 och
784 1428 96 29 godkän-

122 1464 88 20 nande.»

187 1509 49 23 Lag-
249 1510 32 18 och
294 1510 185 18 Ekonomiutskottets
492 1510 112 18 betänkande
616 1510 37 18 N:o
666 1512 17 16 4.
