1095 1745
221 153 42 22 112
448 155 27 23 U.
493 156 28 22 B.
539 169 26 2 —
581 156 73 29 Prop.
671 156 42 23 N:o
729 157 21 21 5.

219 222 71 21 fordra
313 226 66 19 annat
393 226 26 19 än
435 226 31 19 att
481 225 207 21 kronolänsmannen
704 227 24 19 är
731 218 13 38 i
764 225 81 21 tillfälle
861 227 32 20 att
908 225 68 22 öfver-

220 257 54 20 vaka
289 257 18 28 ej
324 258 81 22 mindre
422 261 30 19 att
466 259 79 21 sädana
559 259 296 22 kommunikationsanstalter
866 260 67 21 under
943 266 33 15 ar-

219 290 105 23 betstiden
345 293 93 26 inrättas,
458 295 29 20 att
509 293 90 22 trafiken
620 294 12 21 &
648 296 67 25 vägen
738 294 106 21 därunder
865 294 46 21 icke
934 294 42 21 för-

218 325 93 27 hindras,
330 328 25 19 än
373 328 38 20 ock
427 330 31 19 att
473 329 67 26 vägen
556 329 120 20 sedermera
688 329 80 20 medels
778 328 37 21 bro
825 329 52 20 eller
884 331 91 18 trumma

218 359 97 22 försättes
330 361 6 20 i
353 361 95 28 behörigt
464 363 65 26 skick,
544 363 39 20 har
597 363 124 27 paragrafen
738 363 84 21 ändrats
837 362 95 27 sälunda,
945 365 30 18 att

218 394 41 21 den
275 397 59 24 synts
349 395 107 23 Utskottet
471 397 48 21 fullt
535 397 110 27 tillgodose
661 397 61 22 dessa
738 397 136 27 synpunkter.

73 428 30 22 $$
119 428 25 17 52
155 434 15 11 0.
184 429 26 17 53
288 429 25 27 88
329 430 26 20 52
371 431 39 20 och
426 432 27 19 53
469 433 36 19 äro
521 432 6 19 i
543 432 78 26 sakligt
642 432 120 20 hänseende
778 432 21 20 af
814 438 80 14 samma
915 432 59 21 inne-

72 456 36 32 ($$
119 457 28 17 30
158 463 16 12 0.
188 457 23 18 31
218 462 42 21 håll
277 469 43 15 som
338 465 26 26 $$
381 465 26 21 30
420 466 39 20 och
475 466 24 20 31
517 466 7 20 i
540 465 77 28 nådiga
632 466 162 27 propositionen.
824 466 106 27 Vidtagna
941 468 33 19 ut-

94 491 43 12 47
147 491 31 17 PTY
218 497 66 26 byten
300 498 21 21 af
335 499 37 20 ord
388 499 62 22 hafva
466 500 46 21 icke
527 502 81 19 ansetts
623 500 93 21 erfordra
732 500 68 27 nägon
817 502 95 19 närmare
928 507 44 14 mo-

216 531 97 29 tivering.

114 568 13 21 $
139 568 29 20 54,
287 569 12 24 5
323 569 27 19 54
367 570 24 19 är
405 571 137 24 likalydande
561 572 48 19 med
624 573 13 24 &
653 573 27 18 33
695 569 7 21 i
718 569 76 27 nådiga
809 569 163 28 propositionen,

66 595 60 23 (8.33
135 596 30 18 in.
175 597 34 22 pr)
217 602 58 19 utom
291 603 31 19 att
336 602 6 20 i
355 603 123 27 paragrafen
496 603 106 28 bestämts,
618 603 35 21 det
669 603 66 28 kassa,
751 610 44 14 som
807 603 120 22 tillkommit
937 609 36 22 ge-

217 641 49 14 nom
288 636 95 27 uppbörd
399 637 22 21 af
436 637 26 21 de
478 638 134 27 vägfarande,
634 638 53 21 skall
703 638 139 21 öfverlämnas
859 638 30 21 till
905 638 67 21 länets

216 669 101 28 vägkassa
334 671 37 21 och
383 671 53 28 icke,
447 672 68 21 säsom
526 672 7 21 i
544 673 156 26 propositionen
711 672 94 27 föresläs,
822 672 31 21 till
865 673 106 26 vägbygg-

215 704 120 27 nadslagets
359 707 107 26 vägkassa.
498 706 159 28 Förändringen
677 707 38 21 har
730 707 115 21 föranledts
861 707 64 27 däraf,
940 709 32 18 att

215 739 47 20 hela
286 739 72 22 landet
379 740 66 28 enligt
460 741 40 20 den
517 748 42 20 nya
575 741 61 27 lagen
652 741 68 21 bildar
735 743 29 19 ett
780 741 190 28 vägbyggnadslag,

215 779 49 14 men
280 773 37 22 det
331 774 88 21 afsedda
438 775 119 22 ändamälet
578 776 48 21 med
642 776 74 21 kassor
730 776 22 21 af
767 782 28 14 nu
811 775 159 28 ifrägavarande

214 809 32 19 art
261 810 79 19 ansetts
359 809 46 21 bäst
424 809 64 22 blifva
503 810 141 28 tillgodosedt,
660 817 34 14 om
711 811 85 20 kassans
811 810 114 28 tillgängar
940 811 31 20 öf-

140 856 25 17 55
191 838 14 39 =
214 842 95 21 verföras
324 843 33 20 till
372 843 68 22 länets
456 844 107 27 vägkassa.

65 878 38 26 (88
114 855 26 40 34
152 884 15 12 0.
180 879 26 17 35
283 876 93 22 Motiven
393 878 31 20 till
440 878 144 28 stadgandena
600 879 6 20 i
623 886 62 14 mom.
702 880 11 20 1
730 879 11 27 $
756 880 31 24 55,
799 886 44 14 som
855 881 115 19 motsvaras

70 898 67 56 [mom.
145 898 35 56 "36
194 911 40 31 gat
251 917 65 33 mom.
333 912 10 20 1
361 912 12 27 $
390 913 27 20 34
433 913 39 20 och
487 912 11 28 $
515 914 26 20 35
557 913 7 20 i
579 913 76 27 nådiga
672 914 162 38 propositionen,
851 913 80 27 framgä
944 920 26 14 ur

66 952 11 12 2
90 947 82 27 1883
148 941 25 37 K.
183 948 21 17 F.
213 945 154 22 betänkandets
382 946 107 22 allmänna
505 947 40 21 del.
568 947 62 21 Mom.
647 948 12 20 2
676 949 12 25 &
704 949 27 19 55
747 950 23 18 är
784 954 6 14 i
806 948 41 20 allo
863 948 106 21 öfverens-

76 969 15 23 $
101 970 99 46 KE
213 980 133 21 stämmande
361 981 49 21 med
426 988 62 14 mom.
502 982 12 20 2
531 982 11 27 $
559 982 27 21 34
601 982 7 20 i
623 982 77 26 nådiga
715 982 162 28 propositionen.

101 1022 42 21 Kap.
155 1022 18 18 V.
282 1014 24 28 88
329 1015 84 21 56—60
436 1016 107 21 innehålla
565 1016 131 21 föreskrifter
718 1016 88 21 rörande
822 1016 146 28 skyldigheten

78 1050 26 22 $$
117 1051 77 17 56—63
212 1050 30 19 att
265 1048 82 28 deltaga
363 1050 7 20 i
386 1049 122 28 byggandet
523 1050 40 21 och
575 1050 135 22 underhållet
724 1051 22 21 af
760 1050 69 28 byväg
845 1053 54 19 samt
913 1051 55 21 hvad

75 1080 34 31 ($$
123 1080 76 17 69—76
212 1082 87 22 därmed
315 1083 43 21 står
373 1084 6 20 i
395 1084 131 21 omedelbart
541 1084 108 22 samband.
671 1085 134 21 Beträffande
821 1085 26 21 de
863 1085 105 21 allmänna

65 1114 64 45 Ps
139 1109 43 51 4.
193 1116 40 38 sö
256 1116 109 22 Utskottet
387 1118 112 28 godkända
515 1119 165 27 grundsatserna
696 1119 32 21 för
744 1119 116 27 utgörande
875 1120 22 20 af
912 1120 56 20 detta

95 1171 16 12 M
122 1150 15 38 8
149 1166 23 17 12
212 1150 81 28 besvär,
308 1152 99 21 hänvisas
423 1153 38 21 här
474 1153 33 21 till
523 1153 153 21 betänkandets
691 1154 107 20 allmänna
813 1153 40 21 del.

64 1194 68 17 41883
139 1194 22 18 K.
169 1194 34 23 F.]
282 1185 155 29 Stadgandena,
478 1188 71 20 hvilka
579 1188 6 20 i
615 1188 120 20 hufvudsak
755 1181 14 37 =
780 1187 186 21 öfverensstämma

210 1220 49 20 med
283 1220 76 28 nådiga
380 1222 165 27 propositionen,
568 1224 35 18 äro
619 1222 89 21 sålunda
724 1222 105 26 affattade,
845 1224 30 18 att
893 1222 3 20 i
912 1222 12 27 $
940 1222 27 21 56

209 1254 88 28 intagits
311 1255 90 22 allenast
418 1256 185 28 bestämningarna
617 1256 109 28 angäende
737 1256 72 21 hvilka
819 1256 148 27 skyldigheten

210 1288 87 28 åligger,
319 1290 99 21 hemtade
442 1297 25 14 ur
489 1291 26 27 88
537 1291 27 20 69
586 1291 39 21 och
644 1292 27 20 70
685 1292 7 19 i
707 1291 77 26 nådiga
805 1291 162 27 propositionen.

209 1322 11 21 I
236 1323 13 27 $
266 1324 33 25 57,
314 1323 63 21 hvars
392 1325 149 21 motsvarande
553 1325 131 27 stadganden
700 1325 7 20 i
723 1325 77 27 nådiga
810 1325 157 27 propositionen

210 1356 115 23 äterfinnas
340 1358 79 27 jämväl
434 1359 7 20 i
458 1359 53 21 bäda
526 1359 131 21 sistnämnda
673 1359 89 28 lagrum,
778 1359 111 21 fastställes
903 1365 64 21 grun-

209 1391 42 21 den
267 1392 39 21 och
322 1394 62 20 sättet
399 1393 34 20 för
447 1393 282 28 underhällsskyldighetens
750 1393 124 28 utgörande.
906 1394 12 26 $
934 1394 33 25 58,

208 1431 47 15 som
272 1426 114 27 ätergifver
401 1427 36 22 det
452 1427 81 28 sakliga
547 1428 117 21 innehället
675 1428 21 21 af
707 1428 11 28 $
730 1429 26 20 72
767 1428 8 20 i
787 1428 76 27 nädiga
873 1428 95 27 proposi-

206 1460 82 28 tionen,
310 1461 120 22 innehäller
452 1464 30 19 ett
504 1462 87 21 allmänt
606 1463 109 21 uttalande
730 1469 36 14 om
781 1462 122 21 ändamälet
918 1462 50 21 med

278 1506 47 23 Lag-
337 1507 33 18 och
383 1507 184 19 Ekonomiutskottets
580 1509 110 17 betänkande
702 1508 38 18 N:o
753 1509 17 17 4.
