1092 1700
84 202 16 17 9.
119 202 73 18 Bestäm-

79 226 58 16 mande
150 226 16 16 af
178 230 26 13 er-

87 248 71 22 sättning
170 249 26 17 för

72 271 95 22 utflyttning,
181 272 28 17 od-

72 294 38 21 ling,
120 294 89 22 ståndskog

92 317 31 17 och
136 318 54 21 dylikt.

116 346 22 17 76
150 346 16 22 8.

106 1318 32 16 120
152 1317 16 22 8.

216 147 28 19 48
461 146 21 22 U.
500 146 22 22 B.
538 159 28 3 —
582 146 60 28 Prop.
659 146 35 22 N:o
711 146 21 22 6.

565 307 29 21 48
609 308 19 26 8.

285 346 12 20 I
312 346 157 22 kostnaderna
484 346 38 22 för
537 346 122 29 lägenhets
674 347 140 29 utflyttning
824 346 93 28 deltaga
927 346 45 21 den

217 380 142 28 utflyttande
370 381 43 21 och
424 381 76 29 öfriga
511 381 148 29 lägenheters
670 389 69 21 egare
749 388 30 15 en
789 381 59 22 hvar
858 380 60 22 efter
928 380 44 22 den

216 417 76 27 nytta,
308 415 46 22 han
372 423 84 21 genom
476 419 72 19 större
564 418 115 26 utrymme
695 416 56 21 eller
767 416 138 28 beqvämare
920 422 52 22 ego-

216 450 132 28 anordning
360 450 8 21 i
379 450 58 29 följd
448 451 26 21 af
483 450 172 29 utflyttningen
665 451 89 27 vinner,
766 450 61 28 eller,
837 450 40 22 der
887 452 85 26 nyttan

216 484 96 28 pröfvas
328 484 54 27 lika,
399 486 61 20 efter
474 485 81 29 hvarje
569 485 121 29 lägenhets
702 484 153 23 förvandlade
866 484 105 29 egovidd.

285 519 114 29 Utflyttas
416 520 99 21 brukare
531 520 27 21 af
571 520 108 28 upplåtet
698 520 93 22 område
807 521 13 20 å
835 526 89 15 annans
939 519 33 21 lä-

215 554 88 27 genhet
318 554 54 21 från
387 554 36 22 sin
442 554 97 26 bolstad,
561 557 53 27 tage
637 555 112 22 likaledes
772 554 107 29 samtlige
893 554 79 29 lägen-

216 588 121 29 hetsegare
349 589 37 21 del
396 589 9 21 i
416 589 130 22 kostnaden
561 589 61 22 efter
637 589 175 22 ofvannämnda
822 589 81 28 grund,
915 591 57 19 utan

216 623 25 21 så
253 626 26 18 är
290 625 34 20 att
339 631 86 21 egaren
441 624 26 21 af
481 624 45 21 den
541 624 111 29 lägenhet
667 625 96 28 pröfvas
777 624 54 21 böra
843 623 128 22 vidkännas

216 657 131 22 kostnaden
363 659 8 20 i
386 661 73 19 större
482 659 54 21 mån
556 662 29 18 än
605 659 28 21 de
649 659 82 28 öfrige.
761 658 50 21 Har
826 658 145 29 upplåtelsen

216 691 64 22 skett
295 692 60 21 efter
370 693 40 21 det
425 693 83 22 skiftet
524 693 124 29 kungjorts
664 696 35 19 att
713 693 114 29 påbörjas,
839 692 60 22 skall
909 692 63 21 kost-

216 726 77 21 naden
309 729 83 20 stanna
408 727 84 22 honom
509 735 78 14 ensam
603 727 37 22 till
655 728 52 21 last.

285 761 47 22 Till
347 762 254 29 utflyttningskostnad
617 762 110 22 hänföres
740 761 88 30 jemväl
842 761 130 22 kostnaden

216 795 38 22 för
264 796 134 22 inrättande
414 797 25 22 af
453 801 78 24 vägar,
548 797 161 28 afloppsdiken
725 797 43 21 och
779 797 76 20 brunn
865 799 60 18 samt
936 796 36 21 för

216 832 36 19 att
267 830 66 29 rödja
348 831 88 29 odling,
453 831 29 22 då
498 831 83 22 sådant
596 832 9 21 i
620 831 127 29 anledning
763 831 26 21 af
803 831 170 28 utflyttningen

216 865 124 21 erfordras.

284 899 100 22 Pröfvas
404 901 191 28 lägenhetsegare
615 901 58 22 böra
690 901 127 28 godtgöras
835 901 36 21 för
891 902 81 19 ersätt-

216 933 65 29 ning,
298 941 48 14 som
363 934 46 21 han
432 935 72 21 måste
527 935 38 21 till
587 935 133 29 legotagare
742 935 94 28 utgifva
855 935 29 28 på
899 935 73 20 sådan

215 968 78 27 grund
309 970 35 19 att
359 969 139 28 legoaftalet
512 969 9 22 i
537 969 60 29 följd
613 970 26 21 af
653 969 82 22 skiftet
751 970 8 21 i
775 969 37 22 sin
827 969 79 21 helhet
917 968 56 21 eller

215 1002 75 22 delvis
306 1003 113 28 förfaller,
435 1004 71 21 varde
522 1004 72 21 sådan
610 1005 131 28 ersättning
758 1003 87 22 ansedd
860 1003 49 22 lika
920 1003 52 21 med

214 1037 262 29 utflyttningskostnad.

565 1102 27 21 49
608 1103 19 26 8.

285 1141 91 21 Träffas
396 1142 20 28 ej
440 1142 140 29 fullständig
599 1142 235 22 öfverenskommelse
852 1141 120 29 angående

215 1174 290 30 utflyttningskostnaden,
524 1177 41 21 bör
579 1177 173 21 landtmätaren
767 1183 62 21 noga
842 1175 43 22 och
895 1176 78 28 redigt

214 1211 106 27 upptaga
336 1212 60 19 samt
411 1210 119 22 beskrifva
546 1211 192 22 beskaffenheten
754 1210 27 22 af
790 1210 28 22 de
829 1210 142 28 byggnader,

214 1244 140 28 trädgårdar
377 1245 43 21 och
444 1246 72 20 andra
531 1246 94 28 nyttiga
641 1246 172 28 anläggningar
828 1245 13 21 å
857 1244 45 22 den
917 1244 56 21 eller

215 1278 29 21 de
260 1278 142 29 lägenheter,
420 1287 48 14 som
484 1280 113 29 utflyttas.

284 1313 62 21 Derå
361 1314 61 21 skall
437 1314 282 29 utflyttningskostnaden
735 1314 124 27 beräknas;
873 1313 44 22 och
927 1313 46 21 till-

214 1346 105 22 kommer
341 1347 46 21 den
409 1348 142 29 utflyttande
574 1350 131 28 ersättning
725 1349 39 21 för
779 1348 72 21 husen
866 1347 53 21 med
934 1347 40 21 det

214 1380 92 30 belopp,
322 1381 98 23 hvartill
440 1383 131 28 utgifterna
590 1383 37 21 för
646 1384 85 20 husens
747 1382 116 29 flyttande
878 1382 95 28 pröfvas

213 1416 86 28 uppgå.
329 1416 138 30 Föreligger
486 1417 160 29 vederhäftigt
665 1417 79 21 anbud
760 1419 35 19 att
809 1416 76 22 inlösa
899 1416 75 21 husen

213 1448 39 22 för
267 1450 58 21 visst
341 1451 54 27 pris,
412 1452 42 21 och
470 1452 95 28 pröfvas
581 1452 78 21 dessas
674 1450 149 30 föryttrande
839 1450 37 21 till
891 1450 83 21 sådant

280 1490 47 23 Lag-
340 1491 31 17 och
383 1491 176 19 ekonomiutskottets
570 1492 110 18 betänkande
693 1492 35 18 N:o
741 1493 17 16 5.
