1095 1742
265 122 26 21 28
578 121 44 23 N:o
633 123 12 21 5

230 190 62 22 kens
313 190 73 22 härad
407 190 64 22 inom
493 192 28 21 45
537 190 79 29 dagar,
635 190 61 22 efter
716 190 40 22 det
773 189 104 23 nämnda
891 188 98 30 gransk-

231 224 109 29 ningstid
354 224 159 29 tilländagått.

304 259 77 22 Sedan
395 259 202 29 uppskattningen
611 259 86 22 vunnit
711 259 54 29 laga
780 258 71 28 kraft,
867 258 61 22 skall
944 258 45 22 den

229 292 76 22 lända
326 293 38 21 till
386 293 156 22 efterrättelse
561 293 4 22 i
581 293 72 22 minst
671 293 48 22 fem
735 293 32 22 år.
796 292 37 22 Då
847 299 33 22 ny
895 291 95 30 vägdel-

231 327 62 29 ning
314 327 60 28 sker,
396 327 61 22 skall
479 327 45 22 ock
545 327 102 29 förnyad
668 327 172 29 uppskattning
860 326 68 22 alltid
946 333 43 22 ega

233 368 58 15 rum.
321 359 76 24 Äskas
420 361 67 30 eljest
508 369 33 21 ny
563 361 177 30 uppskattning,
763 361 135 22 ankommer
916 360 40 22 det
975 360 14 21 &

230 395 156 23 "Guvernören
404 399 36 19 att
458 397 60 21 efter
536 395 29 22 de
583 395 287 30 väghållningsskyldiges
886 395 103 22 hörande

229 437 43 14 om
287 430 73 22 sådan
374 431 118 22 förordna.

582 467 27 20 49
625 465 20 28 8.

302 500 22 27 Å
342 505 103 28 auktion,
464 512 49 15 som
530 505 43 22 bör
589 505 113 29 försiggå,
719 504 85 23 medan
818 504 66 22 mark
900 507 26 19 är
940 504 47 28 bar,

229 538 55 28 och,
300 539 41 22 der
356 539 84 22 sådant
454 542 58 19 utan
526 539 127 29 olägenhet
667 539 48 22 kan
729 539 46 28 ske,
786 539 112 22 förrättas
910 539 13 21 &
934 538 54 22 stäl-

231 572 42 29 let,
289 580 55 22 eger
358 573 161 29 vägstyrelsen
535 574 38 21 för
587 581 30 14 en
631 573 37 22 tid
683 574 28 21 af
723 573 71 30 högst
808 573 48 22 fem
870 574 27 21 är
911 575 38 19 till
960 575 28 20 de

229 607 203 22 minstfordrande
454 609 30 28 på
506 608 155 29 entreprenad
683 608 99 29 utbjuda
800 607 148 22 underhållet
963 607 25 21 in

229 644 88 19 natura
332 643 28 21 af
372 643 149 28 väglotterna
535 643 64 21 inom
611 642 241 29 vägbyggnadslaget,
864 641 60 22 dock
934 641 53 22 med

229 676 118 29 rättighet
370 677 38 21 för
430 677 28 22 de
475 677 277 29 väghållningsskyldige
767 678 36 20 att
817 676 41 22 vid
873 683 114 14 samman-

231 711 74 28 träde,
320 711 96 22 hvartill
432 711 29 22 de
475 719 85 21 genom
575 711 141 30 kungörelse
730 711 57 22 böra
803 711 81 27 kallas,
896 710 91 22 besluta

231 745 118 22 huruvida
371 745 29 22 de
422 746 40 22 vid
480 746 156 28 utbjudandet
655 746 83 29 gjorda
753 745 111 22 anbuden
878 745 38 22 må
931 745 56 29 god-

231 779 98 29 kännas,
356 780 57 22 eller
442 787 36 15 om
507 781 175 21 vederbörande
712 779 275 30 väghållningsskyldige

229 813 89 29 sjelfva
339 814 58 29 vilja
418 815 79 22 utföra
517 815 51 21 dem
587 815 126 29 åliggande
731 814 254 29 väghållningsarbete.

301 849 169 29 Ersättningen
492 849 37 21 till
552 849 58 28 dem,
632 849 82 22 hvilka
731 849 31 29 på
777 848 153 29 entreprenad
945 855 42 15 un-

229 882 109 22 derhålla
356 883 123 29 väglotter,
498 884 118 21 utbetalas
633 884 27 21 af
677 883 168 29 vägstyrelsen,
864 890 50 14 som
929 890 58 21 upp-

231 916 44 22 bär
290 917 115 29 beloppen
420 918 26 22 af
461 918 28 22 de
503 918 251 29 betalningsskyldiga.

580 978 27 20 50
622 978 21 26 8.

300 1016 76 22 Innan
395 1016 51 22 Juli
466 1016 96 22 månads
582 1017 91 29 utgång
690 1016 81 29 hvarje
789 1016 26 22 år
832 1016 42 21 bör
892 1016 94 28 vägsty-

228 1049 79 22 relsen
341 1050 38 21 till
408 1050 143 22 revisorerne
587 1051 99 21 aflemna
715 1050 141 28 fullständig
884 1049 103 23 redovis-

230 1084 59 28 ning
312 1084 67 22 öfver
401 1085 141 29 föregående
565 1086 61 20 årets
645 1085 153 28 förvaltning,
814 1084 72 29 jemte
907 1084 79 22 beräk-

230 1119 60 28 ning
305 1120 66 21 öfver
386 1120 66 21 såväl
466 1120 143 28 vägkassans
624 1120 101 28 utgifter
739 1120 38 21 för
792 1119 40 21 det
848 1118 137 22 kommande

229 1154 58 28 året,
311 1161 48 14 som
382 1154 46 22 den
450 1154 143 28 behållning,
616 1154 103 27 hvilken,
742 1154 95 22 utöfver
852 1153 40 22 det
906 1153 9 21 i
930 1154 55 28 56
970 1149 18 38 $

229 1188 156 22 omförmälda
404 1188 137 27 öfverskott,
557 1189 47 21 kan
619 1189 40 21 vid
674 1188 101 30 löpande
790 1188 62 22 årets
867 1188 47 21 slut
929 1195 56 14 vara

229 1224 37 20 att
279 1222 112 29 påräkna,
408 1223 44 22 och
467 1223 28 21 de
510 1223 133 28 inkomster,
659 1223 82 21 hvilka
755 1223 31 28 på
800 1222 77 29 grund
890 1222 27 22 af
926 1222 59 22 före-

228 1256 93 28 gående
343 1257 78 22 beslut
439 1258 56 21 böra
513 1258 74 21 under
605 1257 159 29 nästföljande
779 1258 51 21 året
844 1256 90 29 inflyta,
950 1257 36 21 äf-

229 1298 96 14 vensom
348 1294 34 19 ett
404 1292 30 28 på
458 1292 75 22 denna
555 1292 131 28 beräkning
703 1291 119 30 grundadt
840 1291 89 29 förslag
948 1291 37 21 till

227 1325 115 22 inkomst-
365 1326 45 21 och
432 1326 133 28 utgiftsstat
580 1326 38 21 för
631 1326 134 29 vägkassan
779 1325 75 22 under
868 1325 40 21 det
923 1327 62 20 näst-

227 1359 107 29 följande
349 1360 57 22 året.

297 1394 155 22 Revisorerne
475 1395 90 29 åligger
587 1397 35 19 att
643 1395 73 21 innan
736 1394 137 30 September
888 1394 96 22 månads

227 1429 93 28 utgång
334 1428 38 22 till
386 1429 173 28 vägstyrelsens
570 1429 141 22 ordförande
721 1429 100 22 insända
830 1428 155 22 förenämnda
