1095 1748
448 128 45 21 N:o
505 128 14 21 6
806 127 28 21 47

106 204 36 14 om
164 196 106 21 frihetsär
290 196 73 28 enligt
382 196 28 22 81
431 198 13 26 &
460 197 55 21 eller
531 196 68 22 sådan
617 196 123 28 stridighet
754 196 110 28 uppstått,

105 238 50 14 som
174 230 7 22 i
201 231 28 21 82
249 232 13 26 &
281 233 82 25 nämts,
381 231 96 21 insände
496 231 186 28 länsingeniören
697 230 168 28 handlingarna

106 265 72 28 jemte
198 267 52 26 eget
269 265 106 28 yttrande
394 266 38 20 till
450 268 144 26 guvernören
614 265 42 22 och
674 265 92 22 afvakte
781 264 84 22 dennes

106 300 76 20 beslut
197 300 8 20 i
221 299 75 29 saken,
312 300 70 21 innan
398 299 131 22 införandet
543 300 9 21 i
567 300 107 28 registret
689 300 56 21 sker.

134 385 34 22 12.
200 385 123 29 Ordningen
338 386 35 27 för
387 386 101 22 tillträdet
502 386 27 27 af
541 386 124 28 egolotterna
680 386 36 21 och
728 384 110 29 jemkning

367 426 35 27 för
417 426 29 27 fel
460 426 10 22 i
485 426 120 29 uträkning.

452 490 41 21 129
508 492 18 25 8.

177 529 75 21 Sedan
274 529 161 22 skiftesräerna
454 530 79 22 blifvit
551 530 121 22 utstakade
692 530 43 21 och
754 528 111 29 rörlagda

108 563 55 21 böra
178 563 251 29 förrättningsmännen
446 565 55 21 söka
518 564 155 29 åvägabringa
683 564 106 28 förening
799 564 68 21 emel-

108 597 38 22 lan
162 598 135 28 delegarene
313 606 36 14 om
365 599 64 21 tiden
446 600 29 20 då
489 600 28 21 de
532 607 47 21 nya
595 600 141 28 egolotterna
747 599 64 21 skola
821 598 46 21 till-

108 632 82 22 trädas.
216 633 51 21 Kan
284 634 69 21 sådan
369 634 108 28 förening
493 634 19 29 ej
529 634 84 28 träffas,
629 634 58 22 skall
702 633 112 22 tillträdet
827 632 40 22 ske

109 668 25 20 så
153 670 63 19 snart
236 668 123 28 egoskiftet
379 668 79 22 blifvit
477 669 138 28 lagståndet,
636 668 58 22 dock
713 670 35 19 att
766 676 27 13 en
811 667 56 21 hvar

109 709 53 21 eger
178 702 96 28 afbärga
289 703 34 21 sin
339 704 30 27 på
385 703 27 21 de
428 704 77 27 gamla
521 704 142 27 egolotterna
676 702 103 22 växande
789 701 78 29 gröda,

110 736 39 22 der
169 736 19 29 ej
210 737 133 22 annorledes
360 737 102 29 åsämjes.
493 738 79 21 Skulle
587 738 8 20 i
610 737 57 29 följd
682 736 68 22 häraf
762 736 105 28 delegare

109 770 51 22 icke
178 771 85 21 erhålla
278 772 34 21 sin
329 772 129 28 tillbörliga
473 772 55 22 vidd
544 772 25 21 af
582 772 67 21 odlad
662 771 52 29 jord
729 771 37 21 till
780 770 87 27 utsäde,

109 805 69 21 varde
199 806 126 28 ersättning
345 806 36 22 för
400 806 57 22 hans
478 806 82 22 förlust
581 806 22 22 af
618 806 250 28 förrättningsmännen

111 840 107 21 särskildt
232 840 111 27 bestämd;
360 841 43 21 och
418 841 68 21 lände
501 841 8 21 i
525 840 105 22 afseende
641 841 13 21 å
664 840 44 21 slik
718 839 151 27 förrättnings

111 873 129 22 afslutande
256 874 42 22 och
314 874 213 29 ändringssökande
543 875 48 22 deri
601 875 36 21 till
648 874 150 22 efterrättelse
808 872 61 23 hvad

111 909 8 20 i
136 909 39 20 121
192 909 43 21 och
251 909 41 21 122
307 911 26 26 SS
349 909 110 29 stadgats.

454 961 43 22 130
511 963 18 26 8.

182 1000 56 21 Sker
258 1000 18 29 ej
296 1001 101 21 tillträde
414 1002 13 20 å
442 1001 41 28 tid,
501 1009 48 14 som
565 1001 7 22 i
589 1001 40 21 129
644 1003 13 25 8
673 1003 68 26 sagts,
757 1000 63 29 gifve
835 1001 36 20 ut-

112 1035 170 28 mätningsman
299 1035 111 29 delegare,
423 1043 48 14 som
483 1036 38 29 det
532 1036 72 28 äskar,
616 1036 70 28 nödig
696 1034 175 28 handräckning

113 1069 83 22 härtill.

459 1099 40 21 131
515 1101 18 26 8.

182 1139 76 21 Gitter
278 1139 105 28 delegare
403 1139 56 28 visa,
481 1141 34 20 att
534 1139 39 22 vid
589 1139 129 28 lagständet
734 1137 69 22 skifte
817 1137 30 22 fel
864 1136 8 21 i

113 1173 153 28 uträkningen
290 1173 85 22 honom
396 1174 37 21 till
454 1174 71 21 skada
544 1173 114 28 förelupit,
678 1173 68 22 hafve
764 1172 54 22 våld
839 1173 34 20 att

113 1207 63 22 inom
196 1207 46 22 fem
263 1209 23 20 är
302 1207 57 22 efter
374 1208 39 21 det
429 1208 81 21 skiftet
525 1208 78 21 blifvit
618 1207 130 29 lagständet
762 1207 41 22 hos
819 1213 54 21 ego-

115 1242 181 29 delningsrätten
311 1243 56 22 söka
379 1243 124 28 jomkning
517 1243 9 21 i
541 1243 36 21 sin
591 1243 49 21 lott.

216 1339 33 22 13.
278 1339 159 30 Fördelningen
452 1340 27 27 af
491 1340 113 21 kostnaden
619 1339 35 28 för
668 1339 104 29 egoskifte.

459 1403 41 21 132
516 1404 19 26 8.

184 1442 106 22 Kostnad
304 1442 36 21 för
356 1442 120 29 egoskifte,
493 1443 37 21 till
543 1443 127 28 ersättning
680 1443 24 21 ät
714 1441 161 28 förrättnings-

116 1480 98 19 männen
234 1477 43 22 och
296 1477 120 22 aflönande
436 1477 26 22 af
478 1477 314 28 handtlangningsmanskap,
810 1475 66 22 skola
