1098 1739
318 152 27 21 U.
363 152 26 21 B.
407 164 25 2 —
449 151 72 29 Prop.
538 151 45 22 N:o
599 152 19 21 1.
818 152 29 20 47

89 220 60 20 efter
164 218 121 22 enahanda
300 219 102 29 grunder
418 219 98 29 deltagit
531 220 7 20 i
555 219 156 21 kostnaderna
725 219 36 21 för
769 226 77 22 repre-

88 256 160 18 sentanternes
264 261 62 14 resor
342 254 43 21 och
395 253 130 26 underhäll,
537 253 73 21 ehuru
620 253 99 22 särskild
727 253 119 22 föreskrift

89 288 78 21 därom
192 288 18 28 ej
236 288 94 21 funnits.
361 288 54 21 Med
438 288 129 28 anledning
589 288 26 21 af
633 288 27 21 de
676 284 171 32 förändringar,

89 329 48 15 som
152 322 116 22 valrätten
284 322 8 21 i
307 322 73 29 tredje
396 322 43 22 och
456 322 74 28 fjärde
546 322 99 22 ständen
661 322 74 29 enligt
750 322 44 22 den
804 323 41 21 nä-

89 356 54 29 diga
158 357 172 28 propositionen
346 356 44 22 och
405 356 133 22 Utskottets
554 356 88 29 förslag
657 357 91 21 komme
759 360 35 18 att
803 364 42 14 un-

91 391 76 29 dergä,
182 391 42 21 har
239 391 121 22 Utskottet
375 390 80 22 funnit
470 391 39 21 det
521 398 56 14 vara
587 391 146 29 nödvändigt
744 394 34 19 att
785 392 59 28 jäm-

90 426 36 20 väl
135 426 203 28 bestämningarna
346 432 36 15 om
392 425 132 29 grunderna
535 425 36 22 för
579 425 151 29 deltagandet
737 426 8 20 i
753 426 93 21 kostna-

89 460 71 21 derna
170 460 36 21 för
216 460 191 28 landtdagsmans
424 460 84 21 arvode
520 460 43 21 och
574 467 63 14 resor
649 460 152 21 underkastas
809 468 36 14 re-

88 494 82 22 vision.
192 494 90 22 Härvid
298 494 41 21 har
353 494 45 21 den
407 494 61 21 äsikt
475 496 86 26 yttrats
571 496 34 19 att
613 494 64 21 tiden
686 501 55 14 vore
749 494 53 21 inne
811 497 35 19 att

89 529 27 21 af
124 529 60 21 den
178 524 9 36 i
195 531 7 19 1
215 530 8 26 S
235 528 25 28 L.
270 528 26 22 O.
305 528 103 22 uttalade
416 528 154 28 grundsatsen
580 531 35 19 att
623 528 112 22 Finlands
746 528 100 22 Ständer

89 566 157 26 representera
261 563 39 21 det
311 562 75 22 finska
393 563 75 21 folket
476 563 70 21 äfven
555 563 72 28 draga
635 562 121 22 enahanda
764 563 81 21 konse-

89 598 72 21 kvens
172 606 48 14 som
220 594 12 36 i
246 598 45 21 alla
299 598 71 21 andra
381 598 86 26 länder,
480 598 94 21 hvarest
581 598 265 28 folkrepresentanterne

90 632 89 29 ätnjuta
202 633 136 27 ersättning,
368 632 119 28 nämligen
510 635 35 18 att
571 632 76 21 denna
669 632 70 21 borde
762 631 83 22 ätmin-

90 669 65 20 stone
170 667 36 22 för
222 667 28 22 de
260 666 118 23 folkvalde
388 666 228 29 landtdagsmännen
627 666 57 29 utgä
691 674 28 13 ur
727 666 118 22 allmänna

89 702 81 26 medel,
186 709 49 14 som
251 701 26 22 af
290 701 130 22 Ständerna
437 701 36 21 för
488 701 84 22 sådant
589 701 107 21 ändamål
713 701 127 22 anvisades.

88 736 53 21 Med
166 735 149 22 erkännande
339 735 25 22 af
386 735 27 22 de
435 735 146 29 principiella
600 736 58 26 skäl,
674 743 48 14 som
739 736 52 28 läge
806 735 37 22 till

89 771 75 27 grund
186 771 36 21 för
245 770 120 28 yrkandet,
382 770 41 21 har
439 773 62 18 emot
516 770 129 21 detsamma
659 770 59 21 dock
733 769 111 22 invändts

90 808 34 17 att
138 805 40 21 det
192 805 50 21 icke
258 812 54 14 vore
329 805 49 21 skäl
400 807 35 18 att
450 804 30 21 dä
497 812 47 21 nya
559 804 64 29 lager
639 805 26 20 af
677 804 166 29 befolkningen

88 846 32 13 nu
136 839 150 21 tillerkändes
301 839 92 28 valrätt,
409 839 80 28 regeln
505 841 35 19 att
555 839 137 28 rättigheter
701 839 69 21 äfven
781 838 63 21 med-

89 873 50 21 föra
154 873 160 29 skyldigheter
329 873 74 21 skulle
419 873 8 21 i
442 873 65 21 detta
518 873 109 21 afseende
635 873 148 28 öfvergifvas.
803 872 40 21 Vi-

90 907 53 22 dare
159 908 41 21 har
215 908 119 21 hänvisats
350 907 78 22 därtill
445 910 34 18 att
494 907 30 22 dä
539 907 69 22 äfven
624 907 219 22 valmännen
764 903 13 37 i
789 903 56 37 Prä-

91 942 128 21 steständet
235 945 38 18 äro
284 941 141 30 förpliktade
436 944 36 19 att
482 942 95 28 erlägga
587 942 147 28 godtgörelse
746 941 35 22 till
793 941 50 21 sina

88 979 191 26 representanter,
302 977 40 20 det
357 983 54 14 vore
427 976 135 29 lämpligast
578 979 34 18 att
627 976 81 29 frägan
725 983 36 14 om
778 976 66 21 utbe-

89 1011 103 21 talandet
207 1019 28 13 ur
250 1011 133 21 statsmedel
399 1011 26 21 af
438 1011 101 21 arvoden
553 1011 36 20 till
602 1011 240 28 landtdagsrepresen-

89 1048 105 19 tanterne
217 1045 155 22 öfverhufvud
395 1045 65 28 finge
484 1045 32 21 bli
538 1045 115 21 beroende
668 1046 29 27 pä
713 1045 28 21 de
756 1045 86 28 ifräga-

89 1082 61 19 satta
164 1080 141 21 reformerna
320 1079 62 22 inom
398 1079 73 29 sagda
486 1079 74 22 ständ.
591 1079 82 22 Denna
692 1080 95 28 mening
801 1079 43 22 har

89 1114 73 21 delats
178 1114 26 21 af
216 1115 132 21 Utskottets
363 1115 81 21 flertal.

156 1149 86 21 Likasä
258 1150 40 20 har
313 1149 121 22 Utskottet
450 1150 79 21 funnit
538 1150 39 21 det
588 1157 55 14 vara
651 1149 77 29 billigt
739 1152 34 18 att
780 1149 63 21 kost-

88 1183 102 22 naderna
213 1184 35 21 för
271 1184 27 21 de
320 1184 68 21 valde
410 1185 238 29 landtdagsmännens
663 1183 121 22 underhåll
800 1183 43 21 och

88 1225 62 14 resor
163 1218 88 29 jämväl
266 1218 117 29 framgent
398 1219 66 21 skola
479 1222 95 25 utgöras
586 1219 26 22 af
620 1219 28 21 de
658 1217 183 30 valberättigade

88 1253 8 20 i
111 1252 145 22 förhällande
272 1253 36 21 till
324 1253 66 21 deras
407 1254 109 22 taxerade
532 1254 147 27 ärsinkomst,
695 1255 102 20 samtatt
807 1255 36 18 ut-

88 1287 101 29 trycklig
204 1288 148 28 bestämning
377 1288 79 22 därom
472 1288 72 22 borde
559 1288 56 29 ingä
630 1289 7 20 i
653 1287 189 29 Landtdagsord-

88 1322 93 28 ningen.
211 1322 36 21 En
270 1322 132 28 följdriktig
424 1323 137 28 utveckling
584 1322 68 22 häraf
671 1330 68 20 synes
763 1321 79 21 vidare

88 1356 55 21 böra
158 1356 52 21 leda
226 1356 36 21 till
278 1359 34 19 att
326 1356 31 28 pä
372 1357 186 29 landsbyggden,
574 1357 94 21 hvarest
682 1355 162 23 valdistrikten

88 1390 65 22 bestå
175 1391 23 21 af
219 1390 54 22 flere
295 1391 149 21 kommunala
468 1392 101 27 enheter,
584 1391 155 22 kostnaderna
754 1391 7 20 i
776 1389 67 28 fråga

87 1424 130 22 fördelades
240 1426 30 27 pä
292 1425 28 21 de
343 1425 76 22 skildä
446 1426 169 21 kommunerna
640 1426 8 20 i
670 1424 134 30 proportion
820 1423 27 21 af

88 1458 28 22 de
131 1459 196 28 valberättigades
336 1460 176 28 sammanlagda
520 1460 109 21 taxerade
639 1460 102 21 inkomst
749 1459 7 21 i
765 1458 79 28 hvarje

158 1505 196 22 Grundlagsutskottets
368 1506 112 17 betänkande
493 1508 37 16 N:o
544 1507 14 17 1.
