1092 1750
242 156 13 18 2
456 154 22 23 U.
494 154 23 22 B.
533 168 27 3 —
577 154 61 28 Prop.
655 155 35 22 N:o
706 155 22 22 6.

213 216 41 21 kas
270 219 93 26 gränser
376 217 69 28 gingo
456 217 8 21 i
474 217 188 22 vädersträckens
673 217 112 28 riktning;
801 217 68 22 däraf
876 219 95 19 namnet

214 250 109 22 solskifte.
346 251 66 22 Efter
427 251 74 22 denna
516 252 180 28 tomtreglering,
713 259 48 14 som
776 251 73 22 skulle
863 251 107 28 intagas
958 246 15 38 i

214 285 168 22 häradsrättens
393 286 105 26 dombok,
510 286 85 21 skedde
606 286 70 21 sedan
687 286 123 28 delningen
821 286 43 21 och
872 293 99 21 gruppe-

213 319 82 29 ringen
313 320 25 21 af
355 320 70 22 åkern
447 321 43 21 och
510 323 82 26 ängen.
623 321 93 28 Egorna
731 320 115 22 indelades
862 320 56 21 hvar
933 319 38 22 för

214 354 35 27 sig
268 353 57 22 efter
345 354 93 28 jordens
460 355 115 28 naturliga
596 355 157 21 beskaffenhet
768 355 32 20 uti
816 355 61 21 vissa
891 354 80 28 teglag

214 388 54 21 eller
288 389 86 28 gärden
396 389 43 21 och
454 389 7 21 i
477 389 80 28 hvarje
579 389 81 22 sådant
683 389 70 28 gärde
773 389 71 21 erhöll
860 389 85 21 enhvar
961 388 8 21 i

213 422 48 29 byn
282 430 27 14 en
331 423 49 25 lott,
402 431 49 14 som
472 423 145 22 motsvarade
640 423 114 22 storleken
777 423 26 22 af
817 423 57 21 hans
889 423 80 21 tomt
953 418 20 37 i

213 457 143 21 förhållande
378 457 35 22 till
436 457 28 22 de
488 457 74 29 öfriga
584 457 123 28 gårdarnas
730 460 87 19 tomter.
848 457 73 28 Läget
945 457 28 21 af

214 491 74 22 denna
308 491 86 28 egolott
412 492 128 21 bestämdes
556 492 26 21 af
595 495 98 18 tomtens
708 493 52 28 läge
776 491 100 26 sålunda,
893 494 32 19 att
941 499 31 13 en

213 528 59 19 tomt
286 526 8 21 i
308 533 68 14 norra
396 526 65 22 delen
484 526 26 22 af
528 527 47 28 byn
591 527 60 21 hade
666 527 35 21 sin
717 527 66 21 andel
798 526 7 21 i
820 533 67 14 norra
903 525 66 22 delen

214 559 26 22 af
255 560 79 28 hvarje
356 561 84 29 teglag,
464 569 28 14 en
512 563 57 20 tomt
584 561 8 21 i
607 561 67 22 södra
689 561 76 21 ändan
780 560 25 21 af
819 560 47 29 byn
882 560 34 21 sin
927 560 45 21 lott

215 596 48 20 åter
278 595 7 21 i
300 595 66 21 södra
384 596 66 21 delen
468 596 25 21 af
509 596 80 28 gärdet
605 603 19 14 o.
641 603 16 14 s.
673 603 22 14 v.
725 595 85 22 Kunde
827 596 144 27 byamännen

213 629 51 21 icke
284 629 81 28 sämjas
381 637 36 14 om
431 630 39 22 det
485 630 61 22 antal
562 630 92 26 skiften,
670 630 65 22 hvari
750 630 71 21 åkern
836 629 43 22 och
895 632 75 25 ängen

215 663 69 22 borde
304 664 66 27 delas,
394 664 104 28 afgjorde
521 665 144 28 pluraliteten
684 665 25 20 af
720 664 127 28 jordegare.
877 663 93 21 Delnin-

214 705 45 21 gen
275 697 25 22 af
318 705 84 21 egorna
418 699 141 21 verkstäldes
574 699 52 21 utaf
641 699 142 28 byamännen
799 697 89 29 själfva,
904 697 66 21 hvar-

214 735 61 18 emot
294 733 90 21 skiftets
406 733 149 28 rörläggning
578 741 41 14 var
641 733 128 22 anförtrodt
789 731 181 28 häradshöfding

214 766 43 22 och
277 767 74 21 nämd.
381 767 165 22 Häradsrätten
569 768 52 27 äläg
639 768 42 21 ock
697 769 33 20 att
745 767 80 28 afgöra
840 766 27 21 de
883 766 88 24 tvister,

214 808 49 14 som
278 801 7 21 i
301 801 123 28 anledning
438 802 26 21 af
477 802 80 21 skiftet
570 802 138 28 uppkommo
721 801 95 22 emellan
827 801 143 27 delegarene.

214 835 36 21 En
270 835 120 22 solskiftad
409 836 31 28 by
456 836 76 21 kunde
548 837 70 20 sedan
634 836 49 21 icke
699 836 71 21 rifvas
785 837 56 20 utan
856 835 43 20 alla
916 834 55 29 bya-

214 872 64 19 mäns
295 870 123 27 samtycke,
448 870 52 21 Men
516 871 81 27 påstod
613 872 83 26 någon,
713 872 32 19 att
761 870 45 21 han
821 869 45 21 fått
881 868 90 22 mindre

214 903 43 22 lott
273 907 29 18 än
317 904 56 21 hans
389 904 90 28 byamål
491 905 105 21 utvisade
607 905 54 21 eller
672 907 71 18 sämre
755 911 55 21 egor
821 907 28 18 än
860 910 111 21 grannen,

214 939 25 20 så
255 938 76 21 kunde
346 938 45 21 han
407 939 41 21 hos
464 939 107 21 domaren
587 939 55 21 söka
655 939 121 28 jämkning
791 938 7 21 i
812 937 85 22 skiftet.
921 937 49 21 Och

214 972 7 20 i
236 971 41 22 fall
293 973 56 27 gård
364 973 7 20 i
386 973 130 28 trångbodd
531 973 32 28 by
580 973 71 21 brann
668 973 55 21 eller
737 972 46 21 refs
799 972 44 21 ned
859 971 72 21 skulle
947 971 27 21 af

214 1006 71 21 oskift
300 1007 64 21 mark
379 1009 61 19 utses
455 1015 32 20 ny
502 1010 63 23 tomt,
579 1007 82 22 medan
672 1007 44 22 den
727 1007 62 21 förra
798 1006 62 21 lades
871 1006 34 21 till
916 1005 55 29 bya-

214 1041 65 21 mark
289 1041 59 28 igen.
372 1041 82 22 Vidare
464 1041 76 22 kunde
549 1041 136 29 utflyttning
694 1041 26 22 af
726 1043 57 20 tomt
791 1041 34 20 till
835 1041 43 20 den
887 1039 85 22 oskifta

214 1075 94 21 marken
323 1075 91 21 komma
429 1076 7 20 i
451 1076 65 28 fråga
531 1076 51 21 med
599 1076 44 20 alla
658 1076 109 28 byamäns
783 1075 117 27 samtycke
917 1074 56 20 eller

214 1109 52 21 med
281 1109 102 21 tillstånd
399 1109 25 21 af
437 1112 80 19 rätten.
542 1109 120 22 Solskiftet
677 1110 60 25 eller,
754 1110 74 20 såsom
843 1108 38 21 det
896 1108 7 20 i
916 1109 56 19 1725

215 1144 36 20 års
259 1143 283 22 landtmäteriinstruktion
547 1144 78 27 kallas,
631 1144 119 28 tegskiftet
758 1142 124 22 omfattade
891 1142 80 20 endast

215 1177 70 22 åkern
301 1178 42 21 och
359 1181 86 25 ängen;
462 1179 163 27 skogsmarken
641 1178 42 21 och
698 1177 183 22 vattenområdet
896 1177 73 21 berör-

215 1211 39 22 des
270 1211 50 22 icke
334 1212 70 21 däraf.
428 1212 93 28 Skogen
532 1213 43 21 och
585 1215 89 19 vattnet
684 1219 55 15 voro
752 1211 117 28 byalagets
881 1218 91 21 gemen-

214 1253 86 14 samma
318 1246 118 27 egendom,
459 1247 93 21 hvilken
574 1247 85 21 enhvar
675 1247 57 28 egde
748 1245 77 28 nyttja
839 1245 44 21 och
898 1244 74 21 bruka

214 1279 35 21 till
264 1280 35 21 sin
314 1280 110 21 nödtorft.
447 1281 66 20 Dock
528 1288 41 14 var
584 1281 38 21 det
637 1281 20 28 ej
673 1280 104 27 omöjligt
787 1282 34 18 att
831 1279 72 28 enligt
916 1280 56 19 1734

214 1315 36 20 års
266 1314 38 27 lag
319 1313 24 22 få
354 1315 77 27 skogs-
442 1315 43 21 och
495 1315 158 21 betesmarken
664 1315 54 21 eller
729 1314 148 21 fiskevattnet
887 1312 85 21 deladt.

214 1347 83 22 Därtill
315 1348 110 22 behöfdes
445 1349 79 21 endast
540 1351 33 19 att
588 1357 29 13 en
632 1349 105 28 delegare
753 1348 41 21 hos
810 1347 107 22 domaren
933 1354 38 13 an-

214 1382 66 21 sökte
299 1389 36 14 om
358 1382 75 26 skifte,
457 1390 47 14 som
527 1383 29 21 då
578 1383 142 21 beträffande
736 1381 165 29 skogsmarken
915 1383 56 18 utan

214 1415 114 22 förbehåll
342 1417 124 28 beviljades
482 1417 42 22 och
539 1418 7 20 i
562 1417 66 28 fråga
643 1425 37 14 om
695 1417 70 21 skifte
780 1416 26 21 af
819 1417 80 20 vatten
912 1415 61 20 med-

214 1450 58 27 gafs,
289 1458 37 13 om
341 1451 38 20 det
394 1454 55 18 utan
462 1451 93 28 förfång
566 1451 36 22 för
613 1452 70 21 andra
693 1451 76 22 kunde
781 1451 46 20 ske.
851 1449 122 28 Delnings-

283 1490 51 23 Lag-
348 1490 34 18 och
394 1491 183 18 ekonomiutskottets
590 1491 116 18 betänkande
719 1490 38 19 N:o
771 1491 17 17 5.
