1095 1739
459 134 44 22 N:o
514 135 12 21 5
830 135 11 19 7

116 203 74 22 behof
207 203 58 22 eller
284 203 128 28 väsentligt
434 210 69 21 gagn,
524 202 60 22 dock
606 202 53 22 med
681 201 136 29 skyldighet
835 201 37 22 till

116 237 203 29 penningebidrag
333 237 38 22 för
385 237 64 28 öfrig
468 237 126 28 kronojord
610 237 44 21 och
669 236 115 22 särskilda
800 235 72 22 andra

116 271 270 29 beskattningsföremål,
407 271 52 22 ifall
480 274 76 26 vägen
576 271 37 21 för
632 271 91 21 kronan
738 270 44 21 och
798 270 74 28 öfrige

116 306 277 29 lägenhetsinnehafvare
409 309 25 18 är
451 305 36 22 till
503 305 108 22 afsevärd
626 307 69 26 nytta
705 305 44 22 och
760 305 28 21 de
800 305 71 21 önska

116 341 46 21 den
180 341 114 28 begagna.
590 333 5 6 ;

186 375 54 21 Med
256 375 109 21 afseende
381 375 14 20 &
411 374 28 21 de
454 377 98 26 säregna
567 373 169 28 förhällanden,
753 381 48 14 som
817 373 55 22 räda

117 409 8 21 i
145 409 76 21 skilda
244 409 66 22 delar
328 409 27 22 af
372 409 88 26 landet,
474 409 95 21 hvarest
590 409 111 28 farvägar
723 409 90 26 saknas,
829 408 43 21 har

116 443 42 22 det
175 443 164 29 föreskrifvits,
356 445 35 20 att
406 443 120 22 därstädes
544 443 155 28 erforderliga
718 443 153 29 spängvägar,

117 478 72 22 äfven
208 485 38 15 om
266 478 28 22 de
313 478 51 21 icke
383 478 113 21 förmedla
518 485 79 14 annan
620 477 138 22 samfärdsel
774 481 29 17 än
819 478 52 20 frän

116 513 46 21 och
184 512 37 22 till
241 512 37 28 by,
294 512 65 22 skola
382 512 30 28 pä
431 512 247 29 vägbyggnadslagets
701 518 171 22 gemensamma

118 547 130 21 bekostnad
264 547 89 28 byggas
369 547 44 21 och
428 546 156 22 underhällas.

185 581 59 22 Rätt
254 584 36 19 att
299 583 57 19 utan
367 581 130 29 ersättning
508 582 54 21 frän
573 588 88 14 annans
672 581 72 27 mark,
754 583 55 26 taga
816 584 57 24 väg-

118 616 132 28 byggnads-
270 616 56 21 eller
345 616 225 28 väglagningsämne
589 616 42 21 har
647 615 20 29 ej
683 616 81 28 längre
782 616 90 20 kunnat

117 650 139 28 medgifvas,
272 654 57 18 utan
344 650 42 21 har
401 650 234 29 vägbyggnadslaget
651 650 62 30 eller,
729 650 8 21 i
753 650 66 28 fräga
835 656 37 14 om

118 684 85 28 byväg,
224 684 137 28 delegarene
376 684 9 22 i
400 684 134 22 densamma
553 684 75 28 älagts
645 687 35 19 att
695 684 74 22 inlösa
790 684 83 28 nödigt

114 719 150 29 jordomräde
284 719 36 22 för
337 718 75 28 sand-,
428 726 71 21 grus-,
515 719 43 21 ler-
574 719 43 21 och
637 721 104 26 stentägt
760 718 112 28 antingen

117 754 61 21 efter
208 753 236 22 öfverenskommelse
468 754 53 22 med
544 754 140 28 jordegaren
709 753 56 21 eller
788 760 84 21 genom

118 788 180 28 expropriation.
336 788 36 21 Då
394 788 102 21 kronans
518 788 85 29 parker
625 788 44 21 och
691 788 76 28 öfriga
794 787 79 29 skogs-

117 822 92 22 marker
228 822 147 22 beträffande
397 822 166 29 skyldigheten
582 824 34 20 att
631 822 79 29 bygga
728 822 43 21 och
789 821 83 22 under-

118 857 63 21 hålla
195 860 47 25 väg
252 856 8 22 i
272 856 45 22 allo
334 856 103 22 likstälts
453 857 52 21 med
524 856 45 22 den
585 857 77 28 öfriga
675 856 197 29 jordegendomen

117 892 9 20 i
144 892 86 27 landet,
250 891 73 21 finnes
347 891 73 21 heller
441 892 61 21 intet
524 892 51 21 skäl
598 893 35 19 att
654 891 119 28 medgifva
794 891 78 29 någon

116 926 171 21 vidsträcktare
301 928 47 19 rätt
357 928 35 19 att
402 926 9 21 i
421 926 150 22 omförmäldt
581 926 110 22 afseende
701 926 77 28 nyttja
788 926 83 21 krono-

117 960 59 28 park
192 964 31 17 än
239 960 45 21 den
300 960 116 22 enskildes
430 960 60 29 jord.

186 994 185 30 Förvaltningen
386 995 26 21 af
421 995 131 29 vägkassan
568 995 44 22 och
626 994 246 30 vägbyggnadslagets

117 1029 77 29 öfriga
210 1030 196 28 angelägenheter
421 1030 147 22 handhafves
584 1030 26 22 af
620 1038 27 13 en
663 1030 149 28 vägstyrelse,
823 1036 50 14 som

117 1063 74 29 väljes
207 1064 27 21 af
248 1064 28 21 de
291 1064 287 29 vägbyggnadsskyldige,
593 1065 13 21 å
622 1064 80 22 hvilka
714 1064 88 28 jemväl
817 1064 56 20 kon-

117 1098 86 21 trollen
226 1098 66 22 öfver
314 1098 176 28 förvaltningen
518 1099 140 21 ankommer.
695 1099 35 21 De
753 1098 120 28 vägbygg-

116 1132 170 29 nadsskyldige
308 1133 178 28 sammanträda,
504 1134 31 28 på
553 1133 96 21 kallelse
665 1134 27 20 af
705 1132 167 29 vägstyrelsen,

118 1167 37 21 för
170 1166 39 22 val
224 1167 44 21 och
284 1168 37 20 för
339 1167 108 21 fattande
463 1168 27 21 af
503 1168 78 21 beslut
596 1175 37 14 om
649 1169 71 20 sättet
735 1168 38 21 för
788 1170 85 25 öppen-

117 1200 111 22 hållande
244 1202 26 20 af
284 1202 114 28 landsväg
414 1202 40 21 vid
469 1202 127 21 snöhinder
613 1205 60 18 samt
688 1202 37 21 för
741 1203 34 19 att
790 1200 83 30 pröfva

117 1235 45 21 och
180 1235 119 22 fastställa
320 1236 113 21 inkomst-
453 1236 43 22 och
511 1236 163 28 utgiftsstaten
689 1236 37 22 för
741 1236 132 28 vägkassan

117 1269 44 21 och
177 1269 9 21 i
201 1270 168 28 sammanhang
390 1270 96 22 därmed
506 1270 39 22 det
565 1270 90 29 belopp,
671 1270 91 22 hvilket
781 1270 42 22 bör
838 1270 35 21 så-

117 1310 49 14 som
182 1304 112 28 vägskatt
308 1306 125 20 uttaxeras.
463 1305 181 28 Fördelningen,
656 1305 162 27 debiteringen
829 1303 44 22 och

117 1338 137 28 uppbörden
274 1339 28 21 af
317 1339 141 28 vägskatten
481 1339 134 21 ankommer
633 1340 14 20 &
665 1338 166 30 vägstyrelsen.
861 1338 13 21 I

117 1372 44 22 och
172 1372 38 22 för
220 1372 164 29 fördelningen
399 1374 190 20 sammanräknas
603 1372 130 22 kostnaden
743 1373 37 21 för
790 1372 84 22 under-

118 1407 73 21 hållet
212 1408 26 20 in
260 1411 84 18 natura
367 1410 94 26 (genom
484 1410 53 27 eget
556 1409 79 21 arbete
651 1408 56 22 eller
722 1407 87 22 medels
835 1414 38 14 en-

117 1442 133 28 treprenad)
274 1443 26 20 af
321 1442 46 22 alla
386 1443 148 28 väglotterna
550 1444 8 20 i
572 1442 235 30 vägbyggnadslaget
829 1441 44 21 och
