1092 1739
315 142 29 22 U.
359 142 24 22 B.
445 142 74 28 Prop.
536 142 43 22 N:o
595 142 22 22 5.
851 143 26 20 7

122 211 55 21 1790
192 211 33 20 års
240 211 123 28 förordning
379 211 33 20 vid
431 211 125 27 uppbörden
580 211 20 20 af
619 211 69 20 medel
708 211 32 20 för
757 210 124 28 ploglagens

120 245 127 21 ersättande.
277 245 10 21 I
303 246 152 27 sammanhang
471 245 86 21 härmed
574 245 38 21 har
628 245 108 21 Utskottet
758 247 69 18 ansett
849 245 32 26 sig

121 279 51 21 böra
187 280 56 26 gifva
257 279 108 26 tillkänna,
375 282 32 19 att
417 286 26 15 en
457 280 34 21 del
502 279 233 21 utskottsmedlemmar
747 279 87 25 befarat,
845 279 36 20 det

122 314 130 27 svårigheter
274 314 33 21 vid
333 314 121 27 uppbörden
479 313 69 22 skulle
571 313 91 27 härflyta
683 320 25 14 ur
723 314 27 21 de
765 313 116 28 omgångar

122 349 39 20 och
185 348 41 21 den
248 348 133 28 tidsutdräkt,
405 349 102 20 hvarmed
530 348 95 21 skattens
648 348 159 21 bestämmande
832 353 49 15 vore

123 383 95 20 förenad.
255 382 57 21 Enär
334 383 105 26 nämligen
464 383 197 28 vägöresättningen
687 382 50 21 sker
758 383 6 20 i
780 381 101 22 samband

122 417 48 20 med
187 417 41 20 den
245 416 136 22 kommunala
396 417 134 27 taxeringen,
541 416 85 21 komme
643 417 39 20 den
701 419 32 18 att
748 416 87 21 hänföra
851 416 32 27 sig

122 450 33 21 till
172 450 127 28 föregående
315 451 33 21 års
363 450 98 26 inkomst,
472 450 77 22 medan
566 451 95 21 däremot
675 450 123 28 uppbörden
810 450 73 28 påtag-

123 485 57 27 ligen
204 485 69 21 skulle
297 485 38 21 ske
357 486 51 20 först
424 486 68 20 under
508 486 62 20 våren
588 485 44 21 året
648 485 53 21 efter
716 485 167 27 vägöresättnin-

124 526 48 20 gen.
202 520 130 27 Härigenom
349 520 82 21 förflöte
447 519 82 22 således
544 520 80 21 mellan
639 520 12 20 2
668 520 38 20 och
723 520 13 20 3
751 520 23 20 år
784 519 46 21 från
842 519 41 21 den

124 554 37 27 tid,
185 554 25 21 då
232 554 40 21 den
297 554 135 28 beskattning
454 554 159 21 underkastade
636 554 120 21 inkomsten
778 554 105 27 åtnjutits,

124 589 38 20 och
179 589 40 21 den
237 589 45 27 dag,
298 589 26 21 då
340 588 83 22 skatten
440 589 102 27 erlägges,
557 588 88 26 hvilket,
660 588 72 22 kunde
748 588 85 21 komma
852 590 32 18 att

126 623 56 21 vålla
197 623 138 21 ekonomiska
351 624 134 26 svårigheter.
516 623 39 21 Om
572 623 131 28 exempelvis
719 630 26 14 en
756 629 75 21 person
843 622 41 21 sålt

124 664 26 14 en
175 658 22 20 af
219 658 77 20 honom
321 658 68 20 under
411 657 139 22 inkomståret
573 658 100 20 innehafd
692 658 106 27 fastighet,
814 657 70 21 blefve

127 692 40 20 han
185 694 58 18 ännu
258 692 31 20 till
306 692 38 21 och
361 692 47 21 med
424 698 46 15 mer
485 694 25 19 än
527 699 38 20 par
575 692 23 20 år
609 698 73 15 senare
695 694 93 25 tvungen
800 691 85 27 erlägga

124 726 56 21 skatt
195 726 32 21 för
237 726 94 22 inkomst
345 726 46 21 från
403 726 130 26 densamma,
545 726 86 27 hvilket,
642 726 142 28 synnerligast
795 732 34 15 om
841 726 41 20 den

124 760 147 28 supponerade
291 761 151 27 försäljningen
462 761 132 27 exempelvis
610 760 56 22 skett
680 760 32 21 till
728 760 51 28 följd
796 760 21 21 af
833 759 50 21 eko-

124 795 96 21 nomiska
243 796 134 26 svårigheter,
393 795 120 27 säkerligen
537 795 69 21 skulle
622 796 146 20 åstadkomma
792 802 42 20 nya
851 794 32 21 så-

125 830 60 20 dana.
215 830 74 20 Ehuru
318 830 106 21 Utskottet
447 830 47 21 icke
514 830 57 21 velat
593 830 88 21 förneka
704 830 135 27 möjligheten
863 828 21 21 af

126 864 61 21 dessa
204 864 146 27 antagandens
365 864 104 27 riktighet,
480 865 39 20 har
530 864 107 21 Utskottet
649 864 55 21 dock
716 866 74 24 ansett,
806 866 32 18 att
849 863 34 20 vid

125 898 125 28 försäljning
265 899 20 20 af
300 899 121 27 fastigheter
432 899 138 27 erläggandet
581 899 21 21 af
612 905 71 20 onera,
693 905 45 14 som
750 900 58 19 ännu
821 898 18 27 ej
853 897 31 21 till

126 932 109 27 betalning
253 933 92 27 förfallit,
367 934 133 26 gemenligen
517 934 123 26 öfverginge
656 933 12 21 å
683 932 99 28 köparen,
799 932 39 21 och
855 934 31 18 att

126 967 127 21 åtminstone
275 967 53 21 efter
351 967 68 27 någon
443 967 29 21 tid
489 967 88 28 stadgad
593 967 71 28 praxis
680 968 6 19 i
702 967 69 21 denna
787 966 96 27 riktning

125 1001 86 21 komme
222 1003 29 19 att
259 1001 80 21 utbilda
348 1002 37 26 sig,
397 1002 83 21 hvadan
495 1001 109 22 Utskottet
616 1002 80 27 antagit
706 1004 30 18 att
747 1001 25 21 de
784 1000 100 22 befarade

126 1035 207 28 privatekonomiska
349 1036 159 27 svårigheterna
519 1036 85 21 komme
620 1038 30 19 att
665 1036 109 21 uteblifva.
802 1035 82 27 Själfva

126 1070 117 26 vägkassan
260 1070 43 21 åter
318 1071 37 20 har
370 1073 60 24 synts
447 1071 33 20 vid
498 1071 120 21 eventuella
634 1069 248 28 betalningsinställelser

126 1105 69 20 under
217 1105 136 21 mellantiden
377 1105 125 21 säkerställd
526 1105 122 27 därigenom
670 1107 30 19 att
726 1103 157 22 vederbörande

126 1139 156 27 uppbördsmän
301 1139 68 22 skulle
388 1139 25 28 på
429 1140 70 27 grund
515 1140 21 21 af
559 1139 169 28 konkurslagens
744 1138 138 28 stadganden,

126 1173 69 21 under
213 1173 126 28 angifvande
352 1174 21 21 af
388 1176 29 19 ett
432 1174 75 27 högsta
527 1174 85 27 möjliga
633 1173 76 28 belopp
720 1174 39 20 och
776 1173 49 21 med
843 1172 42 21 för-

126 1207 70 21 behåll
220 1210 31 19 att
268 1208 116 21 detsamma
400 1208 114 21 framdeles
530 1211 96 18 närmare
643 1209 81 26 utreda,
739 1208 7 20 i
764 1207 119 28 respektive

126 1241 121 22 konkurser
261 1242 82 21 bevaka
358 1242 88 21 kassans
462 1243 121 26 fordringar
605 1243 32 20 för
660 1242 172 27 tilländagängna
855 1241 33 20 in-

127 1275 101 22 komstår.
255 1276 32 21 De
302 1279 75 18 största
393 1277 137 27 olägenheter
542 1277 34 20 vid
588 1276 94 21 skattens
694 1276 95 28 uppbörd
800 1276 39 20 har
851 1275 37 20 Ut-

128 1309 80 22 skottet
217 1311 94 21 däremot
322 1313 69 19 ansett
401 1310 86 22 komma
498 1313 30 20 att
542 1311 90 27 härflyta
646 1317 26 14 ur
682 1309 206 23 bostadsförändrin-

128 1351 38 20 gar
182 1345 67 20 under
265 1345 151 21 meranämnda
434 1345 117 22 mellantid.
581 1345 61 22 Dock
655 1345 37 21 har
711 1345 107 21 Utskottet
840 1343 49 26 hyst

128 1379 42 20 den
186 1379 57 21 åsikt
264 1382 37 24 att,
322 1379 70 22 därest
415 1379 188 28 bestämningarna
618 1380 7 20 i
640 1379 58 28 Kejs.
722 1378 100 22 Förordn.
839 1383 48 21 ang.

129 1413 198 28 mantalsskrifning
347 1414 21 20 af
384 1414 41 21 den
443 1414 26 21 10
485 1414 53 27 april
555 1415 55 20 1894
626 1416 54 19 samt
695 1412 130 23 beträffande
835 1418 54 21 upp-

128 1447 126 21 bördsmäns
269 1447 126 22 samverkan
419 1449 38 20 och
481 1448 124 27 skyldighet
627 1450 29 19 att
688 1448 56 27 gifva
769 1446 121 22 hvarandra

200 1492 47 23 Lag-
260 1494 31 16 och
305 1493 186 18 Ekonomiutskottets
504 1494 111 17 betänkande
628 1493 36 17 N:o
677 1494 18 16 4.
