1095 1739
336 160 28 21 U.
381 160 25 21 B.
424 172 27 3 —
467 159 74 29 Prop.
557 160 41 21 N:o
615 160 19 21 1.
839 161 29 20 65

452 232 13 25 $
486 232 35 21 15.

181 289 46 21 Vid
245 289 38 21 val
303 289 22 21 af
342 288 179 29 landtdagsman
541 289 8 20 i
566 289 90 20 Preste-
679 289 55 21 eller
753 289 112 28 Borgare-

112 323 93 23 ståndet
223 323 78 28 afgöre
319 323 28 21 de
365 323 67 21 flesta
450 325 105 20 rösterna
567 323 69 27 valet,
650 323 43 22 och
709 323 66 27 skall,
788 323 7 21 i
808 323 57 21 hän-

113 358 61 22 delse
198 359 40 20 två
262 357 55 22 eller
338 357 55 22 flere
411 357 93 22 erhållit
522 357 28 21 de
568 357 67 22 flesta
653 357 43 22 och
714 357 48 22 lika
780 358 85 28 många

112 395 80 25 röster,
211 392 52 21 dem
281 392 97 21 emellan
397 392 80 28 skiljas
495 399 86 22 genom
599 392 109 28 lottning.

182 427 44 21 Vid
245 427 38 21 val
302 427 22 21 af
345 426 179 28 landtdagsman
543 427 8 20 i
569 426 177 21 Bondeståndet
763 427 37 21 må
812 427 54 26 den,

113 469 47 14 som
184 461 39 21 vid
245 460 119 22 verkstäld
386 461 74 21 första
477 460 145 29 omröstning
641 460 93 22 erhållit
753 460 27 22 de
798 461 67 21 flesta

112 498 111 25 rösterna,
247 496 52 21 icke
323 502 66 14 anses
413 494 62 28 vald,
499 495 52 21 med
569 494 89 22 mindre
677 495 100 21 flertalet
795 496 23 20 af
836 495 28 21 de

111 530 109 29 väljande
238 530 91 22 förenat
347 530 35 28 sig
401 537 37 14 om
456 530 89 21 honom.
582 530 79 21 Hafva
681 532 103 19 rösterna
802 529 64 22 delat

112 565 37 29 sig
171 566 31 27 sä,
226 567 36 19 att
286 564 50 22 icke
360 565 77 28 någon
462 564 91 21 erhållit
576 564 112 22 flertalets
706 566 80 26 röster,
804 564 60 21 skall

112 602 54 26 nytt
192 600 39 21 val
259 598 141 22 omedelbart
426 599 139 21 verkställas
593 598 84 22 mellan
701 598 58 28 dem,
783 598 82 22 hvilka

111 634 85 28 högsta
219 634 119 22 röstetalet
362 633 106 29 tillfallit,
487 634 62 26 eller,
568 640 37 15 om
623 633 82 22 endast
724 641 28 14 en
771 633 94 22 erhållit

111 668 84 30 högsta
218 668 127 28 röstetalet,
369 668 86 21 mellan
479 668 84 21 honom
587 668 43 21 och
658 668 44 21 den
727 668 55 21 eller
805 668 59 26 dem,

112 703 82 21 hvilka
217 702 40 22 det
281 702 93 22 dernäst
397 703 83 28 högsta
504 702 108 27 tillfallit;
630 702 43 22 och
691 702 61 29 gälle
771 710 36 14 om
826 702 40 21 det

111 745 48 21 nya
170 738 63 21 valet
245 737 62 21 hvad
316 738 8 20 i
334 737 71 21 första
418 740 125 18 momentet
555 737 146 21 beträffande
713 737 40 21 der
764 736 101 22 nämnda

112 772 39 21 val
168 776 26 17 är
211 772 116 28 stadgadt.

181 801 107 27 Åstunda
312 806 8 21 i
337 806 174 21 Presteståndet
537 806 28 21 de
589 806 185 28 valberättigade
798 806 8 20 i
824 806 40 21 nå-

112 848 46 21 gon
182 840 101 22 valkrets
308 840 83 22 sådant
410 842 155 26 proportionelt
588 842 83 23 valsiätt,
691 843 34 19 att
743 840 67 22 äfven
837 842 28 19 ett

113 875 123 22 mindretal
255 876 22 20 af
295 875 27 21 de
341 874 109 30 väljande
469 875 99 21 erhåller
583 874 120 30 möjlighet
715 876 35 20 att
767 876 50 20 utse
836 881 28 14 en

113 910 55 21 eller
192 909 54 22 flere
270 910 153 28 fullmäktige,
448 910 59 21 skall
526 910 100 21 beslutet
647 910 79 21 derom
745 908 119 23 öfverlem-

113 952 41 13 nas
178 944 36 21 till
239 944 113 29 Kejsaren
377 944 43 21 och
445 944 155 21 Storfurstens
621 944 109 28 pröfning
749 943 42 22 och
809 943 56 21 fast-

113 978 110 27 ställelse;
243 978 42 22 och
303 978 61 29 gälle
383 978 98 21 sålunda
499 978 119 22 faststäldt
631 978 82 27 beslut,
726 978 48 21 tills
787 985 77 14 annan

113 1013 133 28 bestämning
264 1013 8 21 i
291 1012 121 22 enahanda
432 1013 98 28 ordning
549 1013 140 21 tillkommit.

181 1047 46 22 För
251 1047 44 22 den
320 1047 97 21 sålunda
440 1047 69 22 valde
530 1047 61 22 skall
609 1047 108 22 fullmakt
735 1046 131 29 ofördröjli-

113 1089 45 21 gen
176 1081 115 22 utfärdas:
310 1082 35 21 för
363 1081 180 29 landtdagsman
561 1082 8 21 i
587 1081 174 22 Presteståndet
780 1081 23 22 af
815 1081 50 21 stif-

113 1119 46 18 tets
178 1113 146 32 Domkapitel
348 1116 56 21 eller
427 1116 181 22 Universitetets
631 1116 170 27 konsistorium,
829 1115 36 21 för

113 1150 179 29 landtdagsman
316 1151 8 21 i
350 1151 199 28 Borgareståndet
575 1151 23 21 af
624 1150 93 23 stadens
744 1150 122 29 magistrat

113 1185 43 21 och
174 1185 36 22 för
228 1185 179 29 landtdagsman
424 1185 9 21 i
445 1185 175 22 Bondeståndet
636 1185 23 22 af
671 1183 193 24 domhafvanden.

113 1219 176 22 Fullmakterna
306 1220 56 21 böra
379 1219 71 22 hafva
467 1219 103 29 följande
589 1219 98 29 lydelse:

182 1271 10 11 »
195 1254 47 21 Vid
259 1254 257 29 landtdagsmannaval,
536 1262 48 13 som
603 1254 44 21 den
661 1267 32 3 —
707 1266 26 3 —
746 1254 120 21 förrättats

112 1288 71 21 bland
207 1289 170 28 presterskapet
394 1289 8 20 i
420 1289 28 20 N.
471 1289 28 21 N.
519 1289 60 26 stift;
597 1289 71 21 bland
687 1289 153 21 skollärarene
857 1287 8 20 i

112 1323 70 21 N.N.
201 1323 60 27 stift;
274 1323 39 21 vid
325 1323 145 21 Alexanders
480 1323 179 27 Universitetet;
671 1335 28 3 —
711 1323 8 21 i
731 1323 28 21 N.
771 1322 28 21 N.
813 1320 53 23 stad

112 1369 28 3 —
158 1357 8 21 i
184 1357 27 22 N.
230 1358 28 21 N.
277 1357 117 28 domsaga,
417 1357 43 22 har
477 1357 28 22 N.
523 1358 36 27 N.,
578 1357 151 28 kyrkoherde,
748 1356 116 29 kapellan,

111 1391 131 29 predikant,
265 1391 187 29 sockneadjunkt
475 1392 8 21 i
501 1392 28 21 N.
547 1392 28 21 N.
601 1392 90 27 socken,
714 1390 77 29 kapell
809 1389 57 22 eller

111 1425 153 30 predikogäll;
281 1426 126 22 skollärare
425 1427 63 20 inom
504 1427 27 21 N.
548 1427 27 21 N.
592 1427 61 26 stift;
674 1427 80 26 lärare,
770 1424 95 29 tjenste-

110 1467 53 14 man
176 1460 40 21 vid
229 1460 144 22 Alexanders
385 1460 171 22 Universitetet
565 1473 28 3 —
601 1461 92 21 bosatti
703 1461 27 21 N.
740 1460 28 21 N.
779 1459 86 21 stad
850 1455 20 38 —

181 1504 198 22 Grundlagsutskottets
392 1503 110 18 betänkande
515 1503 36 17 N:o
565 1504 14 16 1.
786 1508 10 12 5
