1095 1748
254 155 27 21 10

317 258 28 22 B.
361 258 85 28 Enligt
460 258 94 28 Nådiga
570 259 200 28 propositionens
785 258 101 26 förslag:

294 327 269 28 Beskattningsföremålen
579 330 47 19 äro:

225 390 32 22 1:o
274 392 19 24 a)
310 390 26 22 all
359 390 7 21 i
389 391 78 21 mantal
490 392 43 20 satt
552 391 56 27 jord,
624 391 48 21 med
693 391 109 26 undantag
817 390 63 21 likväl
896 390 32 21 för
943 396 37 20 ny-

362 425 90 27 byggen,
468 425 54 21 intill
538 426 49 20 dess
603 425 26 21 de
644 425 58 21 trädt
716 426 8 20 i
738 424 38 22 full
792 424 68 26 skatt;

274 482 21 26 b)
311 482 135 27 skattlaggda
465 485 48 25 torp
535 482 39 22 och
595 482 103 27 utjordar,
720 482 155 27 hvilkaäunder
890 482 90 26 egande-

361 518 43 20 rätt
420 517 50 21 eller
486 517 48 21 med
550 517 90 27 stadgad
657 517 85 21 åborätt
757 516 133 26 innehafvas;

223 574 34 21 2:0
273 575 18 24 c)
307 574 146 27 kronoparker
471 574 38 22 och
521 574 68 27 öfriga
599 575 81 21 kronan
694 576 106 24 tillhöriga
810 574 90 26 marker,
911 573 69 22 hvilka

361 608 45 21 icke
423 608 68 21 blifvit
507 609 69 20 åsatta
593 609 87 25 mantal;

223 665 33 21 3:0
274 665 20 27 d)
310 665 263 28 kommunalbeskattning
588 665 158 22 underkastade
761 665 97 21 handels-
870 665 38 21 och
919 665 61 20 indu-

362 700 79 21 striella
464 699 89 28 företag,
569 700 81 21 hvilkas
673 700 156 21 nettoinkomst
851 699 82 28 uppgår
949 699 31 21 till

361 734 66 21 minst
455 735 42 20 800
519 734 61 21 mark
610 736 55 19 samt
684 734 80 27 jämväl
787 740 70 15 annan
880 733 100 25 inkomst,

361 775 46 14 som
424 768 127 27 öfverstiger
567 769 58 21 detta
640 769 84 26 belopp,
738 768 54 21 dock
807 768 48 21 med
872 768 109 26 undantag

362 803 32 20 för
409 803 95 21 inkomst
519 803 46 21 från
574 803 180 26 jordlägenheter,
762 809 46 14 som
818 802 67 27 enligt
895 808 85 15 momm.

361 839 26 24 a),
402 837 23 27 b)
442 837 38 22 och
495 838 18 25 c)
529 837 84 27 deltaga
628 837 6 21 i
650 837 253 26 väghällningsbesväret.

222 894 34 21 4:0
273 895 18 25 e)
307 896 69 19 staten
393 895 49 21 med
458 896 30 20 ett
503 894 90 21 kontant
608 894 76 27 bidrag
699 894 23 21 af
735 900 25 15 en
778 893 106 21 tiondedel
899 893 23 21 af
930 895 49 25 väg-

361 928 273 22 underhållskostnaderna.

291 986 42 20 För
354 986 26 21 de
395 986 69 21 under
478 992 64 15 mom.
558 986 20 26 d)
595 988 109 25 upptagna
715 984 263 28 beskattningsföremålen

221 1020 58 26 böra,
291 1020 71 21 såsom
371 1020 74 22 nämdt
452 1020 98 27 afdragas
559 1020 98 27 samtliga
666 1020 123 26 inkomster,
799 1026 46 14 som
855 1019 124 27 understiga

222 1054 42 21 800
287 1054 65 26 mark,
369 1056 51 19 enär
443 1054 70 28 dylika
534 1055 118 21 inkomster
676 1054 66 28 enligt
763 1054 162 27 propositionen
940 1055 38 19 äro

220 1087 41 22 fria
282 1088 33 22 för
338 1088 143 28 beskattning.
511 1089 63 21 Huru
596 1090 54 20 stort
673 1089 75 26 afdrag
764 1088 82 21 således
862 1088 38 20 bör
916 1089 62 25 göras

220 1121 48 22 från
284 1122 103 22 härofvan
403 1123 94 21 erhållna
511 1123 173 27 inkomstbelopp
698 1122 33 22 för
742 1122 70 22 denna
823 1122 157 26 beskattnings-

221 1163 77 21 grupp,
315 1163 46 15 som
382 1156 99 22 omfattar
497 1157 146 21 inkomsterna
659 1157 58 21 såväl
732 1156 34 22 för
782 1156 77 27 näring
874 1156 39 21 och
928 1156 52 26 yrke

220 1196 48 16 som
284 1190 33 22 för
331 1190 56 28 öfrig
401 1192 100 26 inkomst,
517 1192 52 20 eller
586 1191 138 26 138,721,000
740 1190 67 26 mark,
823 1190 41 21 kan
875 1190 46 21 icke
931 1189 49 22 med

219 1225 90 27 ledning
331 1225 20 21 af
374 1232 28 14 nu
426 1226 129 27 tillgängligt
577 1226 95 21 material
695 1225 70 22 direkt
780 1224 120 28 uppgifvas.
929 1224 50 21 Men

220 1260 49 20 med
291 1259 88 27 ledning
397 1259 23 22 af
434 1260 26 22 de
475 1260 114 27 uppgifter,
605 1266 46 15 som
667 1260 52 27 ingå
732 1260 8 20 i
756 1258 119 22 materialet
890 1258 33 21 för
938 1258 41 22 den

220 1292 89 23 afsedda
324 1294 121 21 statistiken
462 1294 59 21 öfver
535 1296 130 19 rösträttens
680 1294 121 26 fördelning
814 1293 28 27 på
852 1292 128 27 landsbygg-

220 1328 41 20 den
277 1327 101 28 framgår,
393 1330 32 20 att
440 1328 27 22 de
481 1328 124 25 inkomster,
622 1334 46 16 som
684 1328 46 22 icke
740 1328 75 27 uppnå
825 1327 66 27 högre
902 1326 78 27 belopp

219 1363 27 19 än
263 1362 43 21 800
321 1362 66 25 mark,
402 1364 78 25 utgöra
495 1362 23 21 af
530 1362 49 21 hela
593 1362 198 27 inkomstbeloppet
805 1361 33 22 för
853 1361 72 21 landet
940 1367 40 14 un-

219 1395 60 28 gefär
294 1396 14 21 6
316 1397 33 26 %/.
371 1396 116 27 Tillämpas
503 1397 63 21 dessa
581 1399 160 25 procentsatser
758 1395 72 22 ställer
841 1395 34 27 sig
884 1394 97 27 afdraget

218 1429 34 22 för
268 1430 27 21 de
312 1430 57 21 olika
383 1430 63 21 länen
463 1430 38 22 och
515 1431 36 21 det
561 1430 136 21 äterstäende
707 1429 198 27 inkomstbeloppet
915 1428 66 27 enligt

218 1464 73 21 tablän
310 1464 39 21 sid.
368 1465 31 20 12.
