1095 1742
329 138 28 22 U.
374 139 29 21 B.
419 152 26 1 —
464 137 71 28 Prop.
553 137 44 22 N:o
613 137 21 21 5.

381 460 121 32 Förslag:
513 460 41 25 till
568 461 53 31 lag,
634 459 147 32 angående
793 461 68 29 väg-

313 501 287 32 hällningsbesvärets
636 498 155 33 utgörande
809 498 52 33 pä

313 542 101 24 landet.

437 649 70 29 Kap.
523 649 18 21 1.

189 735 36 23 Om
240 736 53 26 vägs
309 735 129 27 anläggning,
456 735 119 27 indragning
592 734 52 23 eller
658 734 129 28 förändring.

466 799 46 27 81.

179 850 34 21 De
234 852 64 26 vägar
318 850 27 28 på
359 850 78 27 landet,
453 857 44 14 som
513 851 7 19 i
535 850 70 21 denna
620 850 34 27 lag
668 850 63 25 afses,
746 851 35 19 äro
796 848 70 22 lands-

111 886 70 26 vägar,
204 884 93 28 byvägar
318 884 39 21 och
380 883 139 30 spångvägar,
540 884 74 21 hvilka
635 883 106 22 allaredan
765 885 35 20 äro
816 883 51 21 eller

111 918 113 21 framdeles
240 918 70 21 kunna
324 918 65 22 varda
404 918 32 21 till
453 918 108 21 underhåll
577 918 112 29 påbjudna.

182 987 75 21 Under
280 987 65 28 sagda
367 989 64 26 vägar
454 987 120 28 inbegripas
590 987 33 21 för
638 987 136 21 samfärdseln
790 986 77 28 nödiga

113 1021 67 26 broar,
197 1021 64 28 färjor
276 1021 38 22 och
331 1023 148 27 vägtrummor.

468 1092 11 26 s
496 1091 19 20 2.

182 1143 114 27 Landsväg
318 1142 38 21 har
378 1142 31 21 till
433 1142 97 21 ändamål
552 1145 32 18 att
605 1142 103 21 förmedla
723 1142 76 21 allmän
815 1148 53 14 sam-

113 1177 79 21 färdsel
214 1177 88 21 emellan
323 1176 76 27 städer,
415 1177 40 26 län,
471 1177 90 21 socknar
581 1177 40 21 och
642 1177 78 21 sådana
736 1177 81 24 ställen,
831 1175 38 22 där

114 1213 66 26 vägen
196 1211 86 29 pröfvas
298 1219 50 14 vara
363 1211 22 21 af
400 1211 77 21 allmän
493 1214 61 25 nytta
569 1211 41 22 och
625 1211 163 28 nödvändighet.

182 1246 75 28 Byväg
272 1245 95 28 betjänar
381 1245 140 22 samfärdseln
537 1246 90 21 emellan
644 1245 58 29 byar,
712 1245 59 22 delar
783 1245 22 21 af
821 1245 48 20 dem

113 1283 55 18 samt
190 1280 96 29 odlingar
308 1280 38 21 och
369 1280 81 28 platser
471 1280 23 21 af
516 1280 65 21 sådan
601 1279 156 27 beskaffenhet,
773 1287 44 14 som
831 1280 39 27 gör

113 1314 171 28 vägförbindelse
294 1315 49 21 med
358 1314 48 21 dem
422 1315 32 20 till
471 1322 25 13 en
512 1315 23 21 af
550 1314 204 22 ortsförhållandena
769 1312 100 29 betingad

113 1349 164 28 nödvändighet.

113 1420 79 25 ryttare
214 1417 90 22 afsedda
326 1420 69 25 vägar,
411 1418 74 21 hvilka
506 1418 105 21 förmedla
626 1417 139 22 samfärdseln
781 1416 90 22 socknar

112 1451 40 22 och
168 1451 52 28 byar
235 1453 94 20 emellan.

182 1491 48 23 Lag-
242 1493 32 16 och
287 1492 186 17 Ekonomiutskoitets
486 1492 111 17 betänkande
610 1491 36 18 N:o
660 1493 17 16 4.
