1098 1739
336 147 28 22 U.
383 148 27 21 B.
427 161 27 2 —
470 134 74 42 Prop.
560 148 41 22 N:o
618 148 19 21 1.
837 149 26 21 59

379 222 32 18 att
436 219 123 22 Ständerna
577 221 48 20 ville
643 221 8 20 i
668 221 38 20 sitt
725 228 50 13 svar
792 221 14 21 å
823 222 39 20 den

311 254 81 27 nådiga
409 255 163 27 propositionen
598 255 9 20 i
632 255 172 28 underdånighet
821 262 40 14 an-

311 289 63 26 mäla,
400 290 32 19 att
460 289 123 21 Ständerna
609 289 49 21 med
683 289 181 28 godkännande
852 284 17 37 i

312 323 123 27 hufvudsak
452 324 28 27 af
494 324 38 20 den
553 323 79 28 nädiga
648 324 161 27 propositionen
821 331 40 14 an-

312 357 52 28 tagit
382 357 94 28 följande

311 461 95 21 ändrade
425 461 75 27 lydelse
519 461 28 27 af
567 462 33 25 12,
628 462 33 26 18,
680 462 31 26 14,
729 462 34 26 15,
782 462 27 21 16
826 462 37 21 och

246 496 31 19 20
294 496 30 26 $$
342 496 8 20 i
368 495 245 28 Landtdagsordningen
631 496 36 27 för
691 496 170 27 Storfurstendö-

246 531 42 19 met
306 530 103 26 Finland,
426 530 74 27 gifven
518 530 41 20 den
577 531 28 20 15
626 528 33 30 (3)
678 530 58 28 april
754 531 63 27 1869,
837 531 26 20 12

243 564 15 27 $
274 564 70 21 såsom
372 564 41 21 den
432 564 58 28 lyder
514 564 9 20 i
542 564 78 28 nådiga
639 564 124 28 Manifestet
780 566 29 26 af
823 565 39 21 den

246 599 32 20 20
299 598 29 27 (8)
350 606 60 13 mars
430 599 62 21 1879.

448 684 14 28 s
483 685 36 21 12.

175 736 198 28 Borgareständet
397 738 93 27 utgöres
510 737 23 21 af
551 736 148 29 fullmäktige
717 737 36 21 för
771 737 91 22 landets

108 770 84 22 städer.
230 770 47 22 För
294 770 81 29 hvarje
394 770 52 22 stad
464 771 72 29 väljes
555 779 29 13 en
602 771 190 29 landtdagsman;
811 778 52 15 men

107 805 91 28 uppgär
216 805 165 28 folkmängden
401 806 58 21 efter
477 805 204 29 mantalslängden
699 806 37 21 till
755 808 108 19 sextusen

107 846 115 21 personer,
245 839 73 29 väljas
338 840 39 21 tvä
396 840 43 21 och
458 840 133 22 derutöfver
609 848 28 14 en
657 840 36 22 för
711 840 79 29 hvarje
808 840 55 22 fullt

107 873 33 22 tal
160 874 23 21 af
201 876 108 19 sextusen
328 882 109 20 personer
455 874 35 22 till
510 874 45 22 och
573 874 52 22 med
644 875 150 21 sextiotusen.
825 872 38 24 Öf-

108 908 113 28 verstiger
240 908 166 29 folkmängden
424 909 151 28 sextiotusen,
594 909 73 29 väljes
685 909 137 29 ytterligare
835 916 28 14 en

108 942 181 28 landtdagsman
311 943 35 21 för
364 943 80 28 hvarje
462 943 54 22 fullt
534 944 34 21 tal
587 944 22 21 af
628 944 101 21 tiotusen
749 943 60 22 ända
827 943 37 22 till

108 976 43 22 och
178 976 52 22 med
249 977 193 22 etthundratusen
462 985 111 21 personer
591 980 66 25 samt,
676 977 41 22 der
735 977 128 28 folkmäng-

108 1010 44 22 den
180 1011 73 28 stiger
280 1011 65 22 öfver
372 1011 201 29 etthundratusen,
596 1017 29 17 än
644 1012 79 22 vidare
742 1020 28 13 en
789 1011 75 22 landt-

108 1045 112 29 dagsman
247 1046 35 21 för
308 1046 80 29 hvarje
407 1047 190 28 öfverskjutande
616 1047 55 21 fullt
688 1046 176 29 tjugutusental.

109 1079 58 22 Stad
191 1079 52 22 med
268 1080 88 22 mindre
382 1085 29 17 än
434 1083 91 20 ettusen
544 1081 137 22 femhundra
699 1081 110 22 invånare
828 1081 37 21 mä

109 1115 113 28 antingen
247 1115 35 22 för
306 1115 36 28 sig
366 1115 68 22 ställa
458 1115 101 22 särskild
584 1115 133 29 fullmäktig
742 1115 55 22 eller
822 1115 44 22 ock

108 1149 82 21 förena
208 1149 36 28 sig
263 1157 36 14 om
312 1157 131 21 gemensam
457 1150 180 29 landtdagsman
651 1150 51 22 med
716 1157 76 15 annan
805 1149 60 27 stad,

108 1183 104 28 hvilken,
231 1184 75 28 enligt
324 1183 61 23 hvad
405 1184 42 22 här
465 1188 25 17 är
509 1185 75 28 sagdt,
603 1185 46 21 kan
669 1184 36 22 till
721 1184 144 28 landtdagen

109 1217 74 22 sända
202 1218 84 21 endast
303 1226 29 14 en
351 1219 141 28 fullmäktig.

178 1252 151 29 Berättigade
354 1255 34 20 att
414 1253 93 29 deltaga
531 1254 8 21 i
563 1253 38 22 val
627 1253 22 22 af
674 1253 134 28 fullmäktig
830 1252 35 22 till

108 1287 200 28 Borgareständet
327 1291 39 18 äro
384 1288 8 21 i
411 1287 82 22 staden
512 1287 191 22 mantalsskrifna
719 1287 148 22 medlemmar

110 1321 22 22 af
151 1321 148 28 kommunen,
318 1321 81 22 hvilka
418 1322 75 29 enligt
510 1322 194 29 nästföregäende
719 1321 148 22 kommunala

108 1355 110 29 taxering
240 1360 39 17 äro
298 1356 108 29 skyldiga
424 1358 36 20 att
478 1357 65 21 skatt
561 1356 38 22 till
617 1357 141 22 kommunen
776 1359 90 25 utgöra.

112 1390 77 29 (utesl.)

178 1425 95 21 Valrätt
292 1425 140 22 tillkommer
450 1426 31 27 ej:

182 1457 79 31 (utesl.)

181 1501 197 23 Grundlagsutskottets
390 1502 111 18 betänkande
515 1504 36 15 N:o
566 1502 12 17 1.
