1095 1745
216 136 35 36 38
455 141 28 22 U.
499 141 28 22 B.
544 154 25 2 —
587 141 71 28 Prop.
673 141 43 23 N:o
733 141 20 21 1.

220 212 162 29 mansättning
406 213 23 21 af
449 212 28 22 de
495 213 52 28 fyra
566 213 105 22 stånden.
708 212 118 23 Särskildt
844 211 78 23 kunde
939 214 35 19 ett

221 246 126 29 tillbörligt
370 247 131 22 beaktande
523 247 23 22 af
564 247 172 22 demokratiska
753 247 64 22 idöer
835 247 83 22 vinnas
936 254 38 21 ge-

221 289 54 14 nom
299 289 29 14 en
352 281 83 22 reform
460 281 23 22 af
500 281 116 22 valrätten
635 282 37 21 till
690 282 114 28 Borgare-
822 281 44 22 och
883 281 91 22 Bonde-

221 315 105 28 stånden,
346 315 28 22 de
402 317 12 20 &
441 324 28 14 en
496 316 73 22 första
592 316 118 22 kammare
730 315 168 23 ankommande
916 323 58 14 sam-

221 350 176 22 hällsintressen
421 351 49 21 åter
491 351 134 28 tillgodoses
643 359 85 20 genom
746 358 28 14 en
792 350 183 29 omgestaltning

221 385 24 21 af
272 384 169 29 Ridderskapet
468 385 43 22 och
538 385 76 22 Adeln
632 388 60 19 samt
710 384 182 23 Prästeständet.
928 384 46 22 Vid

221 419 45 21 den
285 419 180 30 undersökning,
481 427 48 14 som
547 420 8 20 i
573 419 80 30 hvarje
671 420 42 21 fall
731 419 71 22 borde
814 419 81 29 föregä
907 419 68 22 fram-

221 453 128 29 läggandet
376 454 23 21 af
425 454 72 29 nädig
524 455 143 28 proposition
695 454 86 27 härom,
806 461 55 15 vore
889 453 86 30 jämväl

221 487 150 30 möjligheten
396 489 23 21 af
437 496 29 14 en
484 496 63 15 mera
565 489 144 22 omfattande
727 489 101 21 revision
846 489 24 21 af
887 488 88 22 Landt-

219 522 190 29 dagsordningen
427 523 92 22 lämnad
537 527 76 25 öppen
631 523 44 22 och
693 523 87 28 förslag
798 524 8 21 i
819 523 83 22 sädant
914 523 61 28 syfte

222 556 85 28 kunde,
334 565 37 14 om
389 557 127 22 detsamma
533 558 84 21 funnes
635 557 121 30 päkalladt
775 557 43 22 och
836 557 69 22 äfven
924 557 51 22 med

222 591 92 29 hänsyn
332 591 38 22 till
387 591 224 23 tidsförhällandena
629 592 145 27 välbetänkt,
792 592 36 22 för
844 591 131 22 Ständerna

223 626 148 28 framläggas.
390 627 54 21 Men
456 627 36 22 för
510 627 145 22 närvarande
679 635 70 20 synas
774 626 132 22 Ständerna
923 626 52 21 icke

222 661 57 21 böra
297 660 71 22 binda
386 661 36 29 sig
440 669 83 21 genom
541 661 119 22 bestämda
677 661 122 29 yrkanden
818 669 55 13 vare
889 661 36 28 sig
936 661 39 21 be-

222 695 116 22 träffande
357 695 44 22 den
420 696 118 21 blifvande
553 696 126 21 reformens
698 696 141 28 omfattning
857 695 55 22 eller
930 695 45 21 den

221 733 107 18 närmare
356 730 187 22 beskaffenheten
571 731 24 21 af
621 730 28 22 de
669 730 165 29 förändringar
856 730 8 21 i
883 729 27 22 de
934 730 41 21 tvä

221 763 74 22 första
321 764 110 22 ständens
454 765 215 28 sammansättning,
693 765 82 22 hvilka
798 764 52 22 med
872 763 104 22 bibehäl-

222 798 70 21 lande
311 799 23 21 af
352 799 252 29 fyrkammarsystemet
627 799 78 22 kunde
724 799 174 29 ifrägakomma.

291 833 67 21 Inom
381 833 122 22 Utskottet
526 833 42 22 har
593 834 42 21 ock
656 834 140 21 framhällits
827 836 35 19 att
890 841 36 14 om
947 840 29 13 en

222 867 184 29 omgestaltning
424 869 8 20 i
450 868 68 22 ofvan
538 868 88 28 antydd
644 869 107 27 riktning
769 869 24 21 af
811 867 28 22 de
852 869 40 20 tvä
904 867 73 22 första

222 901 99 21 ständen
340 902 56 21 eller
414 902 24 22 af
456 903 212 28 representationen
686 903 8 21 i
714 902 51 22 dess
783 901 79 22 helhet
880 901 97 22 framde-

221 935 35 22 les
281 936 74 21 skulle
377 940 44 25 äga
439 944 56 21 rum,
514 936 39 23 det
571 937 76 21 blefve
666 936 147 29 nödvändigt
831 936 35 22 för
885 939 35 19 att
937 936 40 21 det

222 970 54 21 med
303 971 114 22 reformen
442 971 93 22 afsedda
559 972 132 28 syftemälet
709 971 75 22 skulle
802 971 174 28 fullkomligare

222 1005 76 27 ernäs,
317 1007 35 20 att
378 1005 8 22 i
410 1005 166 30 sammanhang
600 1006 94 22 därmed
718 1009 104 26 upptaga
840 1006 82 27 frägan
940 1012 37 14 om

223 1047 30 14 en
280 1039 149 30 förkortning
456 1040 23 22 af
505 1040 157 29 tidsperioden
690 1041 86 21 mellan
799 1039 177 29 landtdagarna.

223 1073 80 22 Oftare
331 1074 188 22 äterkommande
546 1075 140 28 landtdagar
713 1082 55 15 vore
792 1073 132 22 äfvenledes
949 1081 28 14 en

222 1107 130 29 betingelse
380 1109 36 21 för
444 1112 33 19 att
497 1109 141 22 Ständernas
662 1109 130 28 inflytande
817 1109 30 28 pä
865 1107 112 23 statshus-

222 1142 139 29 hållningen
388 1144 37 21 mä
454 1144 79 21 kunna
560 1144 73 21 blifva
651 1143 140 29 tillräckligt
810 1143 107 21 effektivt
935 1143 43 21 och

219 1177 168 22 motsvarande
405 1177 186 22 förhällandenas
609 1179 58 21 kraf.

294 1314 144 23 Ständernas
465 1316 8 21 i
500 1315 133 22 förberörda
659 1316 99 28 petition
786 1314 40 23 vid
854 1314 62 22 1897
941 1315 38 21 ärs

223 1348 116 30 landtdag
369 1350 145 22 framställda
547 1350 109 22 anhållan
687 1353 36 19 att
752 1350 66 21 Hans
848 1349 131 29 Kejserliga

222 1383 113 29 Majestät
359 1384 56 21 ville
445 1387 55 26 taga
524 1384 72 22 under
617 1384 110 29 pröfning
755 1384 117 21 huruvida
902 1382 43 22 och
971 1383 8 21 i

222 1416 66 23 hvad
317 1419 53 21 män
398 1426 17 14 s.
445 1419 22 21 k.
497 1419 180 29 proportionella
707 1418 45 28 val,
782 1418 112 22 särskildt
928 1417 52 21 med

223 1450 93 30 hänsyn
343 1452 37 22 till
406 1452 182 28 Prästeständet,
615 1453 61 28 finge
701 1453 93 22 komma
818 1452 37 22 till
877 1452 102 21 använd-

293 1495 217 24 Grundlagsutskottets
523 1497 119 18 betänkande
655 1497 38 18 N:o
705 1499 15 15 1.
