1095 1745
226 150 41 21 128
352 166 10 9 N
451 151 27 23 U.
497 151 26 22 B.

585 152 73 28 Prop.
674 152 42 22 N:o
732 151 21 22 5.

571 239 12 27 8
600 240 32 19 21.

294 299 177 30 Valprotokollet,
485 309 44 14 som
547 301 131 22 omedelbart
692 302 88 27 justeras
795 301 39 21 och
851 301 22 21 af
888 301 93 21 valmän-

223 341 40 14 nen
279 335 164 27 underskrifves,
453 335 98 22 insändes
566 336 33 21 till
613 337 131 27 guvernören
754 335 40 22 och
802 335 105 22 tillställes
917 336 63 27 jämte

223 368 106 22 ätecknad
345 369 198 29 besvärsanvisning
557 371 8 20 i
580 370 110 28 bestyrkta
701 370 110 21 afskrifter
821 369 26 22 de
856 369 61 22 valde
926 372 53 18 samt

223 403 158 21 vederbörande
400 403 232 22 kommunalstämmors
650 404 133 24 ordförande,
801 404 72 28 hvarje
894 403 86 21 afskrift

223 436 88 21 försedd
333 439 48 19 med
404 437 59 22 bevis
485 438 23 21 af
531 438 40 21 den
587 439 171 26 stämningsman,
774 445 43 14 som
833 437 147 22 tillställandet

223 471 101 28 fullgjort,
345 472 107 28 angäende
473 472 68 29 dagen
565 473 27 21 dä
614 472 76 21 sädant
712 473 65 26 skett;
795 472 40 21 och
851 472 78 28 äligger
944 472 36 21 det

223 506 145 21 nästbemälde
390 507 128 21 ordförande
541 510 32 18 att
595 510 49 18 utan
664 507 99 28 dröjsmäl
787 507 36 21 vid
851 506 128 21 kommunal-

223 542 90 19 stämma
334 541 112 27 föredraga
468 541 168 28 valprotokollet,
658 549 45 14 som
726 541 26 22 dä
775 548 60 15 anses
855 549 50 13 vara
921 541 58 21 kom-

223 581 87 14 munens
325 575 138 22 medlemmar
477 575 109 29 delgifvet.

292 609 42 21 Om
359 610 56 21 valet
437 610 132 21 underrättar
589 612 130 27 guvernören
742 609 142 22 ordföranden
907 611 7 19 i
929 611 50 26 väg-

223 643 112 27 nämnden,
357 652 44 13 som
422 645 123 28 skyndsamt
561 647 89 19 utsätter
664 645 68 21 första
746 644 165 22 sammanträdet
925 647 55 18 samt

222 685 35 14 om
280 681 33 18 ort
335 679 39 20 och
396 679 32 21 tid
452 679 33 21 för
507 679 116 22 detsamma
644 679 114 28 bevisligen
775 679 132 21 underrättar
921 678 58 21 leda-

222 714 95 19 möterne
336 713 7 20 i
359 713 109 22 nämnden.
498 714 47 21 Har
567 714 92 21 ledamot
678 713 78 26 förfall,
771 713 120 21 underrätte
906 713 72 21 därom

222 749 50 18 utan
288 747 99 28 dröjsmål
403 748 146 26 ordföranden,
565 756 43 13 som
624 748 27 21 dä
666 748 90 21 inkallar
771 747 116 29 suppleant.

291 781 46 20 Där
352 781 76 22 besvär
442 782 60 21 öfver
517 783 57 20 valet
587 786 35 24 egt
637 791 44 12 rum
696 783 40 20 och
752 782 81 28 slutligt
848 782 68 28 utslag
929 783 6 20 i
946 789 32 14 sa-

223 814 41 21 ken
286 815 95 28 päkallar
402 819 48 25 nytt
465 816 39 25 val,
519 817 102 20 anmodar
634 818 130 27 guvernören
781 816 134 21 valmännens
931 815 47 22 ord-

222 849 90 21 förande
327 853 32 18 att
373 850 124 21 föranstalta
512 851 76 23 omval,
603 851 107 21 hvarefter
726 851 53 27 änyo
795 850 90 21 förfares
899 850 27 28 pä
936 852 42 19 sätt

222 882 65 22 ofvan
303 884 90 28 stadgas.

571 944 12 25 s
599 944 32 19 22.

292 998 154 28 Vägnämnden
477 1001 82 27 uppgör
580 1000 32 27 sig
634 1000 32 20 till
690 999 140 21 efterrättelse
853 998 125 29 arbetsplan.

221 1032 46 21 Vid
283 1032 115 22 nämndens
414 1034 169 21 sammanträden
598 1034 56 21 föres
670 1034 22 21 af
706 1033 141 22 ordföranden
862 1036 116 24 noggrannt

221 1066 112 28 protokoll,
348 1075 44 13 som
409 1068 23 21 af
446 1068 75 21 honom
537 1068 39 21 och
592 1068 142 21 ledamöterne
750 1068 163 21 underskrifves.

571 1160 12 27 s
599 1161 32 20 23.

290 1216 43 21 Till
352 1216 283 28 vägnämndssammanträde
651 1217 34 21 mä
700 1218 98 20 kommun
815 1216 65 22 sända
895 1216 83 26 ombud,

220 1257 45 14 som
282 1250 75 22 därvid
373 1258 50 21 eger
438 1253 41 19 rätt
494 1254 31 18 att
540 1252 84 28 deltaga
640 1252 6 20 i
662 1252 167 27 öfverläggning,
845 1258 47 14 men
908 1250 47 21 icke
971 1252 5 18 i

220 1284 76 22 beslut.
325 1285 76 21 Under
416 1286 124 27 fortgängen
556 1286 23 21 af
593 1286 114 21 nämndens
723 1286 78 25 arbete,
817 1293 44 13 som
878 1285 99 27 fullgöres

220 1318 68 28 enligt
310 1319 107 21 fastställd
437 1319 131 28 instruktion,
584 1327 49 20 eger
648 1320 201 21 kronolänsmannen
864 1319 28 28 pä
907 1319 69 20 ordfö-

220 1353 90 21 randens
331 1353 87 22 kallelse
441 1356 86 19 närvara
550 1354 33 21 för
598 1357 32 18 att
645 1354 69 21 lämna
728 1354 79 28 nödiga
822 1353 156 29 upplysningar.

290 1387 117 28 Angäende
430 1391 33 18 ort
487 1388 39 21 och
546 1388 32 21 tid
601 1389 33 20 för
656 1388 166 22 sammanträdet
846 1387 132 22 underrättar

219 1421 116 22 nämndens
359 1422 127 22 ordförande
508 1423 235 21 kommunalstämmans
765 1422 127 22 ordförande
915 1423 63 20 minst

218 1457 33 18 tre
267 1456 79 21 veckor
361 1457 45 21 före
422 1457 170 22 sammanträdet.

287 1502 48 23 Lag-
349 1503 31 17 och
394 1503 185 18 Ekonomiutskottets
592 1504 111 17 betänkande
717 1503 37 18 N:o
767 1504 17 17 4.
