<?xml version="1.0" encoding="UTF-8"?>
<alto xmlns="http://www.loc.gov/standards/alto/ns-v3#" xmlns:xlink="http://www.w3.org/1999/xlink" xmlns:xsi="http://www.w3.org/2001/XMLSchema-instance" xsi:schemaLocation="http://www.loc.gov/standards/alto/ns-v3# http://www.loc.gov/alto/v3/alto-3-0.xsd">
	<Description>
		<MeasurementUnit>pixel</MeasurementUnit>
		<sourceImageInformation>
			<fileName>/tmp/tess_o42d5z7o_input.PNG</fileName>
		</sourceImageInformation>
		<OCRProcessing ID="OCR_0">
			<ocrProcessingStep>
				<processingSoftware>
					<softwareName>tesseract 5.3.4</softwareName>
				</processingSoftware>
			</ocrProcessingStep>
		</OCRProcessing>
	</Description>
	<Layout>
		<Page WIDTH="1095" HEIGHT="1742" PHYSICAL_IMG_NR="0" ID="page_0">
			<PrintSpace HPOS="0" VPOS="0" WIDTH="1095" HEIGHT="1742">
				<ComposedBlock ID="cblock_0" HPOS="338" VPOS="160" WIDTH="523" HEIGHT="28">
					<TextBlock ID="block_0" HPOS="338" VPOS="160" WIDTH="523" HEIGHT="28">
						<TextLine ID="line_0" HPOS="338" VPOS="160" WIDTH="523" HEIGHT="28">
							<String ID="string_0" HPOS="338" VPOS="160" WIDTH="28" HEIGHT="22" WC="0.91" CONTENT="U."/><SP WIDTH="17" VPOS="160" HPOS="366"/>
							<String ID="string_1" HPOS="383" VPOS="160" WIDTH="27" HEIGHT="22" WC="0.92" CONTENT="B."/><SP WIDTH="16" VPOS="160" HPOS="410"/>
							<String ID="string_2" HPOS="426" VPOS="173" WIDTH="27" HEIGHT="2" WC="0.91" CONTENT="—"/><SP WIDTH="17" VPOS="173" HPOS="453"/>
							<String ID="string_3" HPOS="470" VPOS="160" WIDTH="73" HEIGHT="28" WC="0.95" CONTENT="Prop."/><SP WIDTH="17" VPOS="160" HPOS="543"/>
							<String ID="string_4" HPOS="560" VPOS="161" WIDTH="40" HEIGHT="22" WC="0.92" CONTENT="N:o"/><SP WIDTH="17" VPOS="161" HPOS="600"/>
							<String ID="string_5" HPOS="617" VPOS="160" WIDTH="20" HEIGHT="22" WC="0.94" CONTENT="1."/><SP WIDTH="198" VPOS="160" HPOS="637"/>
							<String ID="string_6" HPOS="835" VPOS="162" WIDTH="26" HEIGHT="20" WC="0.95" CONTENT="25"/>
						</TextLine>
					</TextBlock>
				</ComposedBlock>
				<ComposedBlock ID="cblock_1" HPOS="108" VPOS="231" WIDTH="755" HEIGHT="1229">
					<TextBlock ID="block_1" HPOS="108" VPOS="231" WIDTH="753" HEIGHT="340">
						<TextLine ID="line_1" HPOS="109" VPOS="231" WIDTH="752" HEIGHT="31">
							<String ID="string_7" HPOS="109" VPOS="232" WIDTH="116" HEIGHT="21" WC="0.91" CONTENT="härintills"/><SP WIDTH="20" VPOS="232" HPOS="225"/>
							<String ID="string_8" HPOS="245" VPOS="231" WIDTH="67" HEIGHT="22" WC="0.96" CONTENT="alltid"/><SP WIDTH="20" VPOS="231" HPOS="312"/>
							<String ID="string_9" HPOS="332" VPOS="231" WIDTH="68" HEIGHT="22" WC="0.96" CONTENT="tänkt"/><SP WIDTH="18" VPOS="231" HPOS="400"/>
							<String ID="string_10" HPOS="418" VPOS="232" WIDTH="37" HEIGHT="28" WC="0.96" CONTENT="sig"/><SP WIDTH="18" VPOS="232" HPOS="455"/>
							<String ID="string_11" HPOS="473" VPOS="239" WIDTH="81" HEIGHT="14" WC="0.96" CONTENT="census"/><SP WIDTH="18" VPOS="239" HPOS="554"/>
							<String ID="string_12" HPOS="572" VPOS="232" WIDTH="8" HEIGHT="21" WC="0.96" CONTENT="i"/><SP WIDTH="19" VPOS="232" HPOS="580"/>
							<String ID="string_13" HPOS="599" VPOS="232" WIDTH="112" HEIGHT="22" WC="0.96" CONTENT="samband"/><SP WIDTH="19" VPOS="232" HPOS="711"/>
							<String ID="string_14" HPOS="730" VPOS="232" WIDTH="51" HEIGHT="22" WC="0.96" CONTENT="med"/><SP WIDTH="13" VPOS="232" HPOS="781"/>
							<String ID="string_15" HPOS="794" VPOS="240" WIDTH="29" HEIGHT="14" WC="0.95" CONTENT="en"/><SP WIDTH="9" VPOS="240" HPOS="823"/>
							<String ID="string_16" HPOS="832" VPOS="234" WIDTH="29" HEIGHT="28" WC="0.96" CONTENT="på"/>
						</TextLine>
						<TextLine ID="line_2" HPOS="109" VPOS="266" WIDTH="752" HEIGHT="29">
							<String ID="string_17" HPOS="109" VPOS="266" WIDTH="158" HEIGHT="28" WC="0.96" CONTENT="förmögenhet"/><SP WIDTH="18" VPOS="266" HPOS="267"/>
							<String ID="string_18" HPOS="285" VPOS="266" WIDTH="107" HEIGHT="28" WC="0.93" CONTENT="grundad"/><SP WIDTH="24" VPOS="266" HPOS="392"/>
							<String ID="string_19" HPOS="416" VPOS="266" WIDTH="121" HEIGHT="22" WC="0.92" CONTENT="röstskala."/><SP WIDTH="30" VPOS="266" HPOS="537"/>
							<String ID="string_20" HPOS="567" VPOS="262" WIDTH="10" HEIGHT="37" WC="0.43" CONTENT="="/><SP WIDTH="6" VPOS="262" HPOS="577"/>
							<String ID="string_21" HPOS="583" VPOS="266" WIDTH="186" HEIGHT="29" WC="0.43" CONTENT="Olägenheterna"/><SP WIDTH="18" VPOS="266" HPOS="769"/>
							<String ID="string_22" HPOS="787" VPOS="267" WIDTH="23" HEIGHT="21" WC="0.97" CONTENT="af"/><SP WIDTH="18" VPOS="267" HPOS="810"/>
							<String ID="string_23" HPOS="828" VPOS="269" WIDTH="33" HEIGHT="20" WC="0.96" CONTENT="ett"/>
						</TextLine>
						<TextLine ID="line_3" HPOS="108" VPOS="300" WIDTH="753" HEIGHT="30">
							<String ID="string_24" HPOS="108" VPOS="302" WIDTH="91" HEIGHT="26" WC="0.95" CONTENT="system,"/><SP WIDTH="28" VPOS="302" HPOS="199"/>
							<String ID="string_25" HPOS="227" VPOS="300" WIDTH="42" HEIGHT="22" WC="0.92" CONTENT="där"/><SP WIDTH="26" VPOS="300" HPOS="269"/>
							<String ID="string_26" HPOS="295" VPOS="300" WIDTH="51" HEIGHT="22" WC="0.95" CONTENT="icke"/><SP WIDTH="26" VPOS="300" HPOS="346"/>
							<String ID="string_27" HPOS="372" VPOS="300" WIDTH="62" HEIGHT="22" WC="0.95" CONTENT="blott"/><SP WIDTH="28" VPOS="300" HPOS="434"/>
							<String ID="string_28" HPOS="462" VPOS="308" WIDTH="80" HEIGHT="14" WC="0.96" CONTENT="census"/><SP WIDTH="24" VPOS="308" HPOS="542"/>
							<String ID="string_29" HPOS="566" VPOS="303" WIDTH="56" HEIGHT="20" WC="0.96" CONTENT="utan"/><SP WIDTH="20" VPOS="303" HPOS="622"/>
							<String ID="string_30" HPOS="642" VPOS="301" WIDTH="46" HEIGHT="21" WC="0.93" CONTENT="alla"/><SP WIDTH="17" VPOS="301" HPOS="688"/>
							<String ID="string_31" HPOS="705" VPOS="301" WIDTH="116" HEIGHT="29" WC="0.95" CONTENT="graderna"/><SP WIDTH="18" VPOS="301" HPOS="821"/>
							<String ID="string_32" HPOS="839" VPOS="302" WIDTH="22" HEIGHT="21" WC="0.96" CONTENT="af"/>
						</TextLine>
						<TextLine ID="line_4" HPOS="108" VPOS="334" WIDTH="751" HEIGHT="26">
							<String ID="string_33" HPOS="108" VPOS="334" WIDTH="131" HEIGHT="23" WC="0.88" CONTENT="röstskalan"/><SP WIDTH="28" VPOS="334" HPOS="239"/>
							<String ID="string_34" HPOS="267" VPOS="342" WIDTH="54" HEIGHT="14" WC="0.96" CONTENT="vore"/><SP WIDTH="19" VPOS="342" HPOS="321"/>
							<String ID="string_35" HPOS="340" VPOS="334" WIDTH="114" HEIGHT="22" WC="0.96" CONTENT="beroende"/><SP WIDTH="18" VPOS="334" HPOS="454"/>
							<String ID="string_36" HPOS="472" VPOS="336" WIDTH="23" HEIGHT="20" WC="0.96" CONTENT="af"/><SP WIDTH="19" VPOS="336" HPOS="495"/>
							<String ID="string_37" HPOS="514" VPOS="335" WIDTH="39" HEIGHT="21" WC="0.96" CONTENT="det"/><SP WIDTH="19" VPOS="335" HPOS="553"/>
							<String ID="string_38" HPOS="572" VPOS="336" WIDTH="149" HEIGHT="21" WC="0.93" CONTENT="kommunala"/><SP WIDTH="18" VPOS="336" HPOS="721"/>
							<String ID="string_39" HPOS="739" VPOS="336" WIDTH="120" HEIGHT="24" WC="0.92" CONTENT="skattöret,"/>
						</TextLine>
						<TextLine ID="line_5" HPOS="109" VPOS="369" WIDTH="751" HEIGHT="29">
							<String ID="string_40" HPOS="109" VPOS="373" WIDTH="39" HEIGHT="18" WC="0.92" CONTENT="äro"/><SP WIDTH="18" VPOS="373" HPOS="148"/>
							<String ID="string_41" HPOS="166" VPOS="370" WIDTH="135" HEIGHT="28" WC="0.91" CONTENT="uppenbara"/><SP WIDTH="19" VPOS="370" HPOS="301"/>
							<String ID="string_42" HPOS="320" VPOS="369" WIDTH="44" HEIGHT="21" WC="0.93" CONTENT="och"/><SP WIDTH="18" VPOS="369" HPOS="364"/>
							<String ID="string_43" HPOS="382" VPOS="369" WIDTH="142" HEIGHT="29" WC="0.90" CONTENT="ojämförligt"/><SP WIDTH="18" VPOS="369" HPOS="524"/>
							<String ID="string_44" HPOS="542" VPOS="372" WIDTH="72" HEIGHT="20" WC="0.96" CONTENT="större"/><SP WIDTH="19" VPOS="372" HPOS="614"/>
							<String ID="string_45" HPOS="633" VPOS="374" WIDTH="30" HEIGHT="17" WC="0.96" CONTENT="än"/><SP WIDTH="19" VPOS="374" HPOS="663"/>
							<String ID="string_46" HPOS="682" VPOS="370" WIDTH="27" HEIGHT="21" WC="0.96" CONTENT="de"/><SP WIDTH="14" VPOS="370" HPOS="709"/>
							<String ID="string_47" HPOS="723" VPOS="378" WIDTH="47" HEIGHT="14" WC="0.96" CONTENT="som"/><SP WIDTH="13" VPOS="378" HPOS="770"/>
							<String ID="string_48" HPOS="783" VPOS="370" WIDTH="77" HEIGHT="22" WC="0.96" CONTENT="kunde"/>
						</TextLine>
						<TextLine ID="line_6" HPOS="109" VPOS="404" WIDTH="752" HEIGHT="30">
							<String ID="string_49" HPOS="109" VPOS="411" WIDTH="65" HEIGHT="14" WC="0.93" CONTENT="anses"/><SP WIDTH="19" VPOS="411" HPOS="174"/>
							<String ID="string_50" HPOS="193" VPOS="404" WIDTH="96" HEIGHT="22" WC="0.91" CONTENT="vidläda"/><SP WIDTH="18" VPOS="404" HPOS="289"/>
							<String ID="string_51" HPOS="307" VPOS="404" WIDTH="133" HEIGHT="22" WC="0.92" CONTENT="Utskottets"/><SP WIDTH="19" VPOS="404" HPOS="440"/>
							<String ID="string_52" HPOS="459" VPOS="404" WIDTH="93" HEIGHT="29" WC="0.93" CONTENT="förslag,"/><SP WIDTH="15" VPOS="404" HPOS="552"/>
							<String ID="string_53" HPOS="567" VPOS="404" WIDTH="91" HEIGHT="22" WC="0.92" CONTENT="hvilket"/><SP WIDTH="12" VPOS="404" HPOS="658"/>
							<String ID="string_54" HPOS="670" VPOS="405" WIDTH="136" HEIGHT="29" WC="0.91" CONTENT="visserligen"/><SP WIDTH="13" VPOS="405" HPOS="806"/>
							<String ID="string_55" HPOS="819" VPOS="408" WIDTH="42" HEIGHT="26" WC="0.96" CONTENT="gör"/>
						</TextLine>
						<TextLine ID="line_7" HPOS="108" VPOS="438" WIDTH="753" HEIGHT="30">
							<String ID="string_56" HPOS="108" VPOS="438" WIDTH="115" HEIGHT="22" WC="0.91" CONTENT="valrätten"/><SP WIDTH="28" VPOS="438" HPOS="223"/>
							<String ID="string_57" HPOS="251" VPOS="438" WIDTH="115" HEIGHT="22" WC="0.96" CONTENT="beroende"/><SP WIDTH="28" VPOS="438" HPOS="366"/>
							<String ID="string_58" HPOS="394" VPOS="438" WIDTH="22" HEIGHT="22" WC="0.95" CONTENT="af"/><SP WIDTH="27" VPOS="438" HPOS="416"/>
							<String ID="string_59" HPOS="443" VPOS="438" WIDTH="163" HEIGHT="30" WC="0.96" CONTENT="skyldigheten"/><SP WIDTH="28" VPOS="438" HPOS="606"/>
							<String ID="string_60" HPOS="634" VPOS="441" WIDTH="35" HEIGHT="19" WC="0.96" CONTENT="att"/><SP WIDTH="27" VPOS="441" HPOS="669"/>
							<String ID="string_61" HPOS="696" VPOS="440" WIDTH="29" HEIGHT="28" WC="0.96" CONTENT="pä"/><SP WIDTH="18" VPOS="440" HPOS="725"/>
							<String ID="string_62" HPOS="743" VPOS="440" WIDTH="76" HEIGHT="28" WC="0.96" CONTENT="grund"/><SP WIDTH="19" VPOS="440" HPOS="819"/>
							<String ID="string_63" HPOS="838" VPOS="440" WIDTH="23" HEIGHT="22" WC="0.96" CONTENT="af"/>
						</TextLine>
						<TextLine ID="line_8" HPOS="109" VPOS="472" WIDTH="752" HEIGHT="31">
							<String ID="string_64" HPOS="109" VPOS="473" WIDTH="106" HEIGHT="29" WC="0.92" CONTENT="taxering"/><SP WIDTH="20" VPOS="473" HPOS="215"/>
							<String ID="string_65" HPOS="235" VPOS="473" WIDTH="93" HEIGHT="29" WC="0.92" CONTENT="erlägga"/><SP WIDTH="19" VPOS="473" HPOS="328"/>
							<String ID="string_66" HPOS="347" VPOS="472" WIDTH="64" HEIGHT="22" WC="0.93" CONTENT="skatt"/><SP WIDTH="18" VPOS="472" HPOS="411"/>
							<String ID="string_67" HPOS="429" VPOS="473" WIDTH="38" HEIGHT="21" WC="0.93" CONTENT="till"/><SP WIDTH="17" VPOS="473" HPOS="467"/>
							<String ID="string_68" HPOS="484" VPOS="473" WIDTH="147" HEIGHT="28" WC="0.92" CONTENT="kommunen,"/><SP WIDTH="12" VPOS="473" HPOS="631"/>
							<String ID="string_69" HPOS="643" VPOS="481" WIDTH="52" HEIGHT="14" WC="0.96" CONTENT="men"/><SP WIDTH="14" VPOS="481" HPOS="695"/>
							<String ID="string_70" HPOS="709" VPOS="481" WIDTH="47" HEIGHT="15" WC="0.95" CONTENT="som"/><SP WIDTH="14" VPOS="481" HPOS="756"/>
							<String ID="string_71" HPOS="770" VPOS="474" WIDTH="8" HEIGHT="21" WC="0.93" CONTENT="i"/><SP WIDTH="13" VPOS="474" HPOS="778"/>
							<String ID="string_72" HPOS="791" VPOS="474" WIDTH="70" HEIGHT="29" WC="0.92" CONTENT="öfrigt"/>
						</TextLine>
						<TextLine ID="line_9" HPOS="108" VPOS="507" WIDTH="751" HEIGHT="29">
							<String ID="string_73" HPOS="108" VPOS="508" WIDTH="7" HEIGHT="20" WC="0.96" CONTENT="i"/><SP WIDTH="20" VPOS="508" HPOS="115"/>
							<String ID="string_74" HPOS="135" VPOS="507" WIDTH="58" HEIGHT="29" WC="0.95" CONTENT="följd"/><SP WIDTH="20" VPOS="507" HPOS="193"/>
							<String ID="string_75" HPOS="213" VPOS="508" WIDTH="23" HEIGHT="22" WC="0.96" CONTENT="af"/><SP WIDTH="19" VPOS="508" HPOS="236"/>
							<String ID="string_76" HPOS="255" VPOS="510" WIDTH="109" HEIGHT="26" WC="0.93" CONTENT="systemet"/><SP WIDTH="20" VPOS="510" HPOS="364"/>
							<String ID="string_77" HPOS="384" VPOS="515" WIDTH="42" HEIGHT="20" WC="0.88" CONTENT=",.en"/><SP WIDTH="18" VPOS="515" HPOS="426"/>
							<String ID="string_78" HPOS="444" VPOS="515" WIDTH="53" HEIGHT="14" WC="0.96" CONTENT="man"/><SP WIDTH="19" VPOS="515" HPOS="497"/>
							<String ID="string_79" HPOS="516" VPOS="516" WIDTH="29" HEIGHT="13" WC="0.93" CONTENT="en"/><SP WIDTH="12" VPOS="516" HPOS="545"/>
							<String ID="string_80" HPOS="557" VPOS="508" WIDTH="63" HEIGHT="22" WC="0.86" CONTENT="röst&quot;"/><SP WIDTH="13" VPOS="508" HPOS="620"/>
							<String ID="string_81" HPOS="633" VPOS="508" WIDTH="90" HEIGHT="22" WC="0.96" CONTENT="lämnar"/><SP WIDTH="12" VPOS="508" HPOS="723"/>
							<String ID="string_82" HPOS="735" VPOS="511" WIDTH="124" HEIGHT="19" WC="0.96" CONTENT="rösträtten"/>
						</TextLine>
						<TextLine ID="line_10" HPOS="109" VPOS="542" WIDTH="690" HEIGHT="29">
							<String ID="string_83" HPOS="109" VPOS="542" WIDTH="142" HEIGHT="29" WC="0.91" CONTENT="fullkomligt"/><SP WIDTH="18" VPOS="542" HPOS="251"/>
							<String ID="string_84" HPOS="269" VPOS="542" WIDTH="128" HEIGHT="22" WC="0.92" CONTENT="oberoende"/><SP WIDTH="19" VPOS="542" HPOS="397"/>
							<String ID="string_85" HPOS="416" VPOS="542" WIDTH="22" HEIGHT="22" WC="0.96" CONTENT="af"/><SP WIDTH="19" VPOS="542" HPOS="438"/>
							<String ID="string_86" HPOS="457" VPOS="542" WIDTH="39" HEIGHT="22" WC="0.96" CONTENT="det"/><SP WIDTH="18" VPOS="542" HPOS="496"/>
							<String ID="string_87" HPOS="514" VPOS="542" WIDTH="147" HEIGHT="22" WC="0.92" CONTENT="kommunala"/><SP WIDTH="19" VPOS="542" HPOS="661"/>
							<String ID="string_88" HPOS="680" VPOS="543" WIDTH="119" HEIGHT="22" WC="0.92" CONTENT="skattöret."/>
						</TextLine>
					</TextBlock>
					<TextBlock ID="block_2" HPOS="108" VPOS="576" WIDTH="755" HEIGHT="884">
						<TextLine ID="line_11" HPOS="176" VPOS="576" WIDTH="685" HEIGHT="30">
							<String ID="string_89" HPOS="176" VPOS="577" WIDTH="51" HEIGHT="21" WC="0.93" CONTENT="Den"/><SP WIDTH="19" VPOS="577" HPOS="227"/>
							<String ID="string_90" HPOS="246" VPOS="576" WIDTH="86" HEIGHT="29" WC="0.92" CONTENT="nädiga"/><SP WIDTH="18" VPOS="576" HPOS="332"/>
							<String ID="string_91" HPOS="350" VPOS="577" WIDTH="173" HEIGHT="28" WC="0.96" CONTENT="propositionen"/><SP WIDTH="19" VPOS="577" HPOS="523"/>
							<String ID="string_92" HPOS="542" VPOS="577" WIDTH="42" HEIGHT="22" WC="0.96" CONTENT="har"/><SP WIDTH="18" VPOS="577" HPOS="584"/>
							<String ID="string_93" HPOS="602" VPOS="578" WIDTH="8" HEIGHT="20" WC="0.93" CONTENT="i"/><SP WIDTH="18" VPOS="578" HPOS="610"/>
							<String ID="string_94" HPOS="628" VPOS="577" WIDTH="66" HEIGHT="29" WC="0.92" CONTENT="fräga"/><SP WIDTH="19" VPOS="577" HPOS="694"/>
							<String ID="string_95" HPOS="713" VPOS="585" WIDTH="37" HEIGHT="14" WC="0.96" CONTENT="om"/><SP WIDTH="17" VPOS="585" HPOS="750"/>
							<String ID="string_96" HPOS="767" VPOS="581" WIDTH="47" HEIGHT="18" WC="0.95" CONTENT="rätt"/><SP WIDTH="12" VPOS="581" HPOS="814"/>
							<String ID="string_97" HPOS="826" VPOS="580" WIDTH="35" HEIGHT="19" WC="0.95" CONTENT="att"/>
						</TextLine>
						<TextLine ID="line_12" HPOS="109" VPOS="611" WIDTH="752" HEIGHT="29">
							<String ID="string_98" HPOS="109" VPOS="611" WIDTH="93" HEIGHT="29" WC="0.91" CONTENT="deltaga"/><SP WIDTH="27" VPOS="611" HPOS="202"/>
							<String ID="string_99" HPOS="229" VPOS="612" WIDTH="35" HEIGHT="21" WC="0.91" CONTENT="uti"/><SP WIDTH="27" VPOS="612" HPOS="264"/>
							<String ID="string_100" HPOS="291" VPOS="611" WIDTH="139" HEIGHT="22" WC="0.91" CONTENT="elektorsval"/><SP WIDTH="28" VPOS="611" HPOS="430"/>
							<String ID="string_101" HPOS="458" VPOS="612" WIDTH="8" HEIGHT="20" WC="0.93" CONTENT="i"/><SP WIDTH="23" VPOS="612" HPOS="466"/>
							<String ID="string_102" HPOS="489" VPOS="612" WIDTH="176" HEIGHT="21" WC="0.92" CONTENT="Bondeständet"/><SP WIDTH="18" VPOS="612" HPOS="665"/>
							<String ID="string_103" HPOS="683" VPOS="612" WIDTH="108" HEIGHT="28" WC="0.93" CONTENT="jämsides"/><SP WIDTH="18" VPOS="612" HPOS="791"/>
							<String ID="string_104" HPOS="809" VPOS="612" WIDTH="52" HEIGHT="22" WC="0.96" CONTENT="med"/>
						</TextLine>
						<TextLine ID="line_13" HPOS="109" VPOS="646" WIDTH="752" HEIGHT="28">
							<String ID="string_105" HPOS="109" VPOS="646" WIDTH="43" HEIGHT="21" WC="0.96" CONTENT="den"/><SP WIDTH="19" VPOS="646" HPOS="152"/>
							<String ID="string_106" HPOS="171" VPOS="646" WIDTH="133" HEIGHT="28" WC="0.93" CONTENT="föreslagna"/><SP WIDTH="17" VPOS="646" HPOS="304"/>
							<String ID="string_107" HPOS="321" VPOS="646" WIDTH="185" HEIGHT="22" WC="0.18" CONTENT="inkomstoensus"/><SP WIDTH="22" VPOS="646" HPOS="506"/>
							<String ID="string_108" HPOS="528" VPOS="646" WIDTH="123" HEIGHT="22" WC="0.95" CONTENT="bibehållit"/><SP WIDTH="18" VPOS="646" HPOS="651"/>
							<String ID="string_109" HPOS="669" VPOS="646" WIDTH="72" HEIGHT="22" WC="0.96" CONTENT="sådan"/><SP WIDTH="19" VPOS="646" HPOS="741"/>
							<String ID="string_110" HPOS="760" VPOS="648" WIDTH="47" HEIGHT="20" WC="0.96" CONTENT="rätt"/><SP WIDTH="19" VPOS="648" HPOS="807"/>
							<String ID="string_111" HPOS="826" VPOS="646" WIDTH="35" HEIGHT="22" WC="0.96" CONTENT="för"/>
						</TextLine>
						<TextLine ID="line_14" HPOS="109" VPOS="680" WIDTH="751" HEIGHT="30">
							<String ID="string_112" HPOS="109" VPOS="680" WIDTH="26" HEIGHT="22" WC="0.91" CONTENT="de"/><SP WIDTH="19" VPOS="680" HPOS="135"/>
							<String ID="string_113" HPOS="154" VPOS="680" WIDTH="151" HEIGHT="22" WC="0.91" CONTENT="innehafvare"/><SP WIDTH="19" VPOS="680" HPOS="305"/>
							<String ID="string_114" HPOS="324" VPOS="680" WIDTH="22" HEIGHT="22" WC="0.96" CONTENT="af"/><SP WIDTH="18" VPOS="680" HPOS="346"/>
							<String ID="string_115" HPOS="364" VPOS="680" WIDTH="8" HEIGHT="21" WC="0.96" CONTENT="i"/><SP WIDTH="19" VPOS="680" HPOS="372"/>
							<String ID="string_116" HPOS="391" VPOS="680" WIDTH="87" HEIGHT="22" WC="0.96" CONTENT="mantal"/><SP WIDTH="19" VPOS="680" HPOS="478"/>
							<String ID="string_117" HPOS="497" VPOS="683" WIDTH="47" HEIGHT="19" WC="0.96" CONTENT="satt"/><SP WIDTH="17" VPOS="683" HPOS="544"/>
							<String ID="string_118" HPOS="561" VPOS="681" WIDTH="57" HEIGHT="29" WC="0.96" CONTENT="jord,"/><SP WIDTH="19" VPOS="681" HPOS="618"/>
							<String ID="string_119" HPOS="637" VPOS="688" WIDTH="49" HEIGHT="14" WC="0.96" CONTENT="som"/><SP WIDTH="19" VPOS="688" HPOS="686"/>
							<String ID="string_120" HPOS="705" VPOS="682" WIDTH="74" HEIGHT="28" WC="0.96" CONTENT="enligt"/><SP WIDTH="20" VPOS="682" HPOS="779"/>
							<String ID="string_121" HPOS="799" VPOS="682" WIDTH="29" HEIGHT="20" WC="0.93" CONTENT="13"/><SP WIDTH="19" VPOS="682" HPOS="828"/>
							<String ID="string_122" HPOS="847" VPOS="682" WIDTH="13" HEIGHT="24" WC="0.65" CONTENT="$"/>
						</TextLine>
						<TextLine ID="line_15" HPOS="108" VPOS="715" WIDTH="752" HEIGHT="29">
							<String ID="string_123" HPOS="108" VPOS="715" WIDTH="26" HEIGHT="21" WC="0.95" CONTENT="L."/><SP WIDTH="20" VPOS="715" HPOS="134"/>
							<String ID="string_124" HPOS="154" VPOS="715" WIDTH="24" HEIGHT="21" WC="0.93" CONTENT="O."/><SP WIDTH="21" VPOS="715" HPOS="178"/>
							<String ID="string_125" HPOS="199" VPOS="719" WIDTH="40" HEIGHT="18" WC="0.95" CONTENT="äro"/><SP WIDTH="18" VPOS="719" HPOS="239"/>
							<String ID="string_126" HPOS="257" VPOS="715" WIDTH="8" HEIGHT="21" WC="0.93" CONTENT="i"/><SP WIDTH="18" VPOS="715" HPOS="265"/>
							<String ID="string_127" HPOS="283" VPOS="715" WIDTH="138" HEIGHT="29" WC="0.95" CONTENT="åtnjutande"/><SP WIDTH="19" VPOS="715" HPOS="421"/>
							<String ID="string_128" HPOS="440" VPOS="715" WIDTH="72" HEIGHT="22" WC="0.96" CONTENT="däraf."/><SP WIDTH="36" VPOS="715" HPOS="512"/>
							<String ID="string_129" HPOS="548" VPOS="715" WIDTH="36" HEIGHT="21" WC="0.55" CONTENT="Då"/><SP WIDTH="18" VPOS="715" HPOS="584"/>
							<String ID="string_130" HPOS="602" VPOS="723" WIDTH="28" HEIGHT="14" WC="0.93" CONTENT="en"/><SP WIDTH="19" VPOS="723" HPOS="630"/>
							<String ID="string_131" HPOS="649" VPOS="716" WIDTH="62" HEIGHT="28" WC="0.96" CONTENT="gång"/><SP WIDTH="18" VPOS="716" HPOS="711"/>
							<String ID="string_132" HPOS="729" VPOS="724" WIDTH="29" HEIGHT="14" WC="0.96" CONTENT="en"/><SP WIDTH="21" VPOS="724" HPOS="758"/>
							<String ID="string_133" HPOS="779" VPOS="716" WIDTH="29" HEIGHT="28" WC="0.92" CONTENT="pä"/><SP WIDTH="19" VPOS="716" HPOS="808"/>
							<String ID="string_134" HPOS="827" VPOS="716" WIDTH="33" HEIGHT="21" WC="0.91" CONTENT="in-"/>
						</TextLine>
						<TextLine ID="line_16" HPOS="110" VPOS="749" WIDTH="750" HEIGHT="29">
							<String ID="string_135" HPOS="110" VPOS="749" WIDTH="75" HEIGHT="22" WC="0.92" CONTENT="komst"/><SP WIDTH="17" VPOS="749" HPOS="185"/>
							<String ID="string_136" HPOS="202" VPOS="749" WIDTH="154" HEIGHT="22" WC="0.91" CONTENT="öfverhufvud"/><SP WIDTH="18" VPOS="749" HPOS="356"/>
							<String ID="string_137" HPOS="374" VPOS="749" WIDTH="108" HEIGHT="29" WC="0.93" CONTENT="grundad"/><SP WIDTH="17" VPOS="749" HPOS="482"/>
							<String ID="string_138" HPOS="499" VPOS="750" WIDTH="255" HEIGHT="28" WC="0.91" CONTENT="förmögenhetscensus"/><SP WIDTH="21" VPOS="750" HPOS="754"/>
							<String ID="string_139" HPOS="775" VPOS="750" WIDTH="85" HEIGHT="22" WC="0.92" CONTENT="införes"/>
						</TextLine>
						<TextLine ID="line_17" HPOS="109" VPOS="784" WIDTH="752" HEIGHT="27">
							<String ID="string_140" HPOS="109" VPOS="784" WIDTH="51" HEIGHT="21" WC="0.91" CONTENT="med"/><SP WIDTH="25" VPOS="784" HPOS="160"/>
							<String ID="string_141" HPOS="185" VPOS="784" WIDTH="108" HEIGHT="22" WC="0.91" CONTENT="afseende"/><SP WIDTH="25" VPOS="784" HPOS="293"/>
							<String ID="string_142" HPOS="318" VPOS="785" WIDTH="12" HEIGHT="21" WC="0.90" CONTENT="ä"/><SP WIDTH="19" VPOS="785" HPOS="330"/>
							<String ID="string_143" HPOS="349" VPOS="784" WIDTH="181" HEIGHT="27" WC="0.92" CONTENT="Bondeständet,"/><SP WIDTH="19" VPOS="784" HPOS="530"/>
							<String ID="string_144" HPOS="549" VPOS="784" WIDTH="98" HEIGHT="22" WC="0.96" CONTENT="innebär"/><SP WIDTH="18" VPOS="784" HPOS="647"/>
							<String ID="string_145" HPOS="665" VPOS="784" WIDTH="65" HEIGHT="22" WC="0.96" CONTENT="detta"/><SP WIDTH="18" VPOS="784" HPOS="730"/>
							<String ID="string_146" HPOS="748" VPOS="787" WIDTH="34" HEIGHT="19" WC="0.93" CONTENT="ett"/><SP WIDTH="19" VPOS="787" HPOS="782"/>
							<String ID="string_147" HPOS="801" VPOS="785" WIDTH="60" HEIGHT="21" WC="0.89" CONTENT="frän-"/>
						</TextLine>
						<TextLine ID="line_18" HPOS="109" VPOS="818" WIDTH="752" HEIGHT="30">
							<String ID="string_148" HPOS="109" VPOS="818" WIDTH="88" HEIGHT="29" WC="0.96" CONTENT="gående"/><SP WIDTH="28" VPOS="818" HPOS="197"/>
							<String ID="string_149" HPOS="225" VPOS="818" WIDTH="23" HEIGHT="22" WC="0.95" CONTENT="af"/><SP WIDTH="27" VPOS="818" HPOS="248"/>
							<String ID="string_150" HPOS="275" VPOS="819" WIDTH="119" HEIGHT="28" WC="0.95" CONTENT="principen"/><SP WIDTH="25" VPOS="819" HPOS="394"/>
							<String ID="string_151" HPOS="419" VPOS="826" WIDTH="36" HEIGHT="14" WC="0.92" CONTENT="om"/><SP WIDTH="19" VPOS="826" HPOS="455"/>
							<String ID="string_152" HPOS="474" VPOS="819" WIDTH="243" HEIGHT="29" WC="0.91" CONTENT="representationsrätt"/><SP WIDTH="18" VPOS="819" HPOS="717"/>
							<String ID="string_153" HPOS="735" VPOS="820" WIDTH="73" HEIGHT="21" WC="0.95" CONTENT="såsom"/><SP WIDTH="19" VPOS="820" HPOS="808"/>
							<String ID="string_154" HPOS="827" VPOS="821" WIDTH="34" HEIGHT="19" WC="0.96" CONTENT="ett"/>
						</TextLine>
						<TextLine ID="line_19" HPOS="109" VPOS="852" WIDTH="750" HEIGHT="30">
							<String ID="string_155" HPOS="109" VPOS="853" WIDTH="146" HEIGHT="28" WC="0.91" CONTENT="privilegium"/><SP WIDTH="28" VPOS="853" HPOS="255"/>
							<String ID="string_156" HPOS="283" VPOS="854" WIDTH="35" HEIGHT="20" WC="0.96" CONTENT="för"/><SP WIDTH="27" VPOS="854" HPOS="318"/>
							<String ID="string_157" HPOS="345" VPOS="853" WIDTH="44" HEIGHT="21" WC="0.91" CONTENT="den"/><SP WIDTH="27" VPOS="853" HPOS="389"/>
							<String ID="string_158" HPOS="416" VPOS="852" WIDTH="172" HEIGHT="29" WC="0.89" CONTENT="jordbrukande"/><SP WIDTH="28" VPOS="852" HPOS="588"/>
							<String ID="string_159" HPOS="616" VPOS="854" WIDTH="92" HEIGHT="21" WC="0.89" CONTENT="klassen"/><SP WIDTH="19" VPOS="854" HPOS="708"/>
							<String ID="string_160" HPOS="727" VPOS="854" WIDTH="30" HEIGHT="28" WC="0.96" CONTENT="pä"/><SP WIDTH="17" VPOS="854" HPOS="757"/>
							<String ID="string_161" HPOS="774" VPOS="854" WIDTH="85" HEIGHT="26" WC="0.96" CONTENT="landet,"/>
						</TextLine>
						<TextLine ID="line_20" HPOS="109" VPOS="887" WIDTH="751" HEIGHT="30">
							<String ID="string_162" HPOS="109" VPOS="887" WIDTH="43" HEIGHT="21" WC="0.91" CONTENT="och"/><SP WIDTH="17" VPOS="887" HPOS="152"/>
							<String ID="string_163" HPOS="169" VPOS="887" WIDTH="126" HEIGHT="22" WC="0.91" CONTENT="innefattar"/><SP WIDTH="18" VPOS="887" HPOS="295"/>
							<String ID="string_164" HPOS="313" VPOS="887" WIDTH="88" HEIGHT="22" WC="0.92" CONTENT="säledes"/><SP WIDTH="19" VPOS="887" HPOS="401"/>
							<String ID="string_165" HPOS="420" VPOS="895" WIDTH="28" HEIGHT="14" WC="0.93" CONTENT="en"/><SP WIDTH="13" VPOS="895" HPOS="448"/>
							<String ID="string_166" HPOS="461" VPOS="887" WIDTH="141" HEIGHT="30" WC="0.91" CONTENT="förändring,"/><SP WIDTH="13" VPOS="887" HPOS="602"/>
							<String ID="string_167" HPOS="615" VPOS="888" WIDTH="118" HEIGHT="29" WC="0.91" CONTENT="jämförlig"/><SP WIDTH="12" VPOS="888" HPOS="733"/>
							<String ID="string_168" HPOS="745" VPOS="887" WIDTH="51" HEIGHT="22" WC="0.96" CONTENT="med"/><SP WIDTH="13" VPOS="887" HPOS="796"/>
							<String ID="string_169" HPOS="809" VPOS="887" WIDTH="51" HEIGHT="28" WC="0.96" CONTENT="den,"/>
						</TextLine>
						<TextLine ID="line_21" HPOS="109" VPOS="921" WIDTH="750" HEIGHT="30">
							<String ID="string_170" HPOS="109" VPOS="929" WIDTH="47" HEIGHT="14" WC="0.89" CONTENT="som"/><SP WIDTH="27" VPOS="929" HPOS="156"/>
							<String ID="string_171" HPOS="183" VPOS="921" WIDTH="87" HEIGHT="22" WC="0.96" CONTENT="skedde"/><SP WIDTH="29" VPOS="921" HPOS="270"/>
							<String ID="string_172" HPOS="299" VPOS="921" WIDTH="51" HEIGHT="22" WC="0.91" CONTENT="med"/><SP WIDTH="26" VPOS="921" HPOS="350"/>
							<String ID="string_173" HPOS="376" VPOS="922" WIDTH="199" HEIGHT="29" WC="0.79" CONTENT="Borgareständet"/><SP WIDTH="25" VPOS="922" HPOS="575"/>
							<String ID="string_174" HPOS="600" VPOS="930" WIDTH="84" HEIGHT="21" WC="0.89" CONTENT="genom"/><SP WIDTH="24" VPOS="930" HPOS="684"/>
							<String ID="string_175" HPOS="708" VPOS="922" WIDTH="151" HEIGHT="22" WC="0.89" CONTENT="valreformen"/>
						</TextLine>
						<TextLine ID="line_22" HPOS="114" VPOS="956" WIDTH="746" HEIGHT="29">
							<String ID="string_176" HPOS="114" VPOS="956" WIDTH="67" HEIGHT="21" WC="0.92" CONTENT="1879."/><SP WIDTH="31" VPOS="956" HPOS="181"/>
							<String ID="string_177" HPOS="212" VPOS="956" WIDTH="63" HEIGHT="21" WC="0.91" CONTENT="Enär"/><SP WIDTH="18" VPOS="956" HPOS="275"/>
							<String ID="string_178" HPOS="293" VPOS="956" WIDTH="121" HEIGHT="22" WC="0.91" CONTENT="Utskottet"/><SP WIDTH="18" VPOS="956" HPOS="414"/>
							<String ID="string_179" HPOS="432" VPOS="956" WIDTH="74" HEIGHT="22" WC="0.91" CONTENT="häller"/><SP WIDTH="18" VPOS="956" HPOS="506"/>
							<String ID="string_180" HPOS="524" VPOS="956" WIDTH="64" HEIGHT="22" WC="0.96" CONTENT="detta"/><SP WIDTH="18" VPOS="956" HPOS="588"/>
							<String ID="string_181" HPOS="606" VPOS="957" WIDTH="35" HEIGHT="22" WC="0.93" CONTENT="för"/><SP WIDTH="17" VPOS="957" HPOS="641"/>
							<String ID="string_182" HPOS="658" VPOS="957" WIDTH="143" HEIGHT="28" WC="0.92" CONTENT="fullkomligt"/><SP WIDTH="14" VPOS="957" HPOS="801"/>
							<String ID="string_183" HPOS="815" VPOS="957" WIDTH="45" HEIGHT="21" WC="0.92" CONTENT="rik-"/>
						</TextLine>
						<TextLine ID="line_23" HPOS="109" VPOS="991" WIDTH="752" HEIGHT="29">
							<String ID="string_184" HPOS="109" VPOS="991" WIDTH="51" HEIGHT="28" WC="0.91" CONTENT="tigt,"/><SP WIDTH="29" VPOS="991" HPOS="160"/>
							<String ID="string_185" HPOS="189" VPOS="998" WIDTH="67" HEIGHT="21" WC="0.91" CONTENT="synes"/><SP WIDTH="28" VPOS="998" HPOS="256"/>
							<String ID="string_186" HPOS="284" VPOS="991" WIDTH="51" HEIGHT="21" WC="0.93" CONTENT="skäl"/><SP WIDTH="17" VPOS="991" HPOS="335"/>
							<String ID="string_187" HPOS="352" VPOS="991" WIDTH="20" HEIGHT="29" WC="0.93" CONTENT="ej"/><SP WIDTH="20" VPOS="991" HPOS="372"/>
							<String ID="string_188" HPOS="392" VPOS="991" WIDTH="124" HEIGHT="22" WC="0.92" CONTENT="förefinnas"/><SP WIDTH="23" VPOS="991" HPOS="516"/>
							<String ID="string_189" HPOS="539" VPOS="994" WIDTH="34" HEIGHT="19" WC="0.96" CONTENT="att"/><SP WIDTH="18" VPOS="994" HPOS="573"/>
							<String ID="string_190" HPOS="591" VPOS="991" WIDTH="71" HEIGHT="22" WC="0.96" CONTENT="sedan"/><SP WIDTH="18" VPOS="991" HPOS="662"/>
							<String ID="string_191" HPOS="680" VPOS="999" WIDTH="53" HEIGHT="14" WC="0.96" CONTENT="man"/><SP WIDTH="19" VPOS="999" HPOS="733"/>
							<String ID="string_192" HPOS="752" VPOS="999" WIDTH="28" HEIGHT="14" WC="0.93" CONTENT="en"/><SP WIDTH="19" VPOS="999" HPOS="780"/>
							<String ID="string_193" HPOS="799" VPOS="992" WIDTH="62" HEIGHT="28" WC="0.89" CONTENT="gäng"/>
						</TextLine>
						<TextLine ID="line_24" HPOS="109" VPOS="1025" WIDTH="752" HEIGHT="30">
							<String ID="string_194" HPOS="109" VPOS="1025" WIDTH="73" HEIGHT="21" WC="0.88" CONTENT="brutit"/><SP WIDTH="18" VPOS="1025" HPOS="182"/>
							<String ID="string_195" HPOS="200" VPOS="1025" WIDTH="51" HEIGHT="21" WC="0.93" CONTENT="med"/><SP WIDTH="19" VPOS="1025" HPOS="251"/>
							<String ID="string_196" HPOS="270" VPOS="1025" WIDTH="202" HEIGHT="29" WC="0.91" CONTENT="ständsprincipen"/><SP WIDTH="18" VPOS="1025" HPOS="472"/>
							<String ID="string_197" HPOS="490" VPOS="1026" WIDTH="48" HEIGHT="21" WC="0.91" CONTENT="läta"/><SP WIDTH="13" VPOS="1026" HPOS="538"/>
							<String ID="string_198" HPOS="551" VPOS="1025" WIDTH="178" HEIGHT="30" WC="0.91" CONTENT="ifrägavarande"/><SP WIDTH="13" VPOS="1025" HPOS="729"/>
							<String ID="string_199" HPOS="742" VPOS="1026" WIDTH="119" HEIGHT="22" WC="0.92" CONTENT="kvarlefva"/>
						</TextLine>
						<TextLine ID="line_25" HPOS="109" VPOS="1059" WIDTH="752" HEIGHT="29">
							<String ID="string_200" HPOS="109" VPOS="1060" WIDTH="23" HEIGHT="21" WC="0.65" CONTENT="al"/><SP WIDTH="27" VPOS="1060" HPOS="132"/>
							<String ID="string_201" HPOS="159" VPOS="1062" WIDTH="34" HEIGHT="19" WC="0.92" CONTENT="ett"/><SP WIDTH="27" VPOS="1062" HPOS="193"/>
							<String ID="string_202" HPOS="220" VPOS="1059" WIDTH="140" HEIGHT="29" WC="0.33" CONTENT="ofvergifvet"/><SP WIDTH="28" VPOS="1059" HPOS="360"/>
							<String ID="string_203" HPOS="388" VPOS="1062" WIDTH="85" HEIGHT="26" WC="0.93" CONTENT="system"/><SP WIDTH="19" VPOS="1062" HPOS="473"/>
							<String ID="string_204" HPOS="492" VPOS="1061" WIDTH="118" HEIGHT="21" WC="0.92" CONTENT="fortbestä."/><SP WIDTH="37" VPOS="1061" HPOS="610"/>
							<String ID="string_205" HPOS="647" VPOS="1061" WIDTH="123" HEIGHT="21" WC="0.92" CONTENT="Utskottet"/><SP WIDTH="17" VPOS="1061" HPOS="770"/>
							<String ID="string_206" HPOS="787" VPOS="1060" WIDTH="74" HEIGHT="22" WC="0.96" CONTENT="finner"/>
						</TextLine>
						<TextLine ID="line_26" HPOS="110" VPOS="1094" WIDTH="751" HEIGHT="29">
							<String ID="string_207" HPOS="110" VPOS="1094" WIDTH="175" HEIGHT="29" WC="0.92" CONTENT="bestämningen"/><SP WIDTH="28" VPOS="1094" HPOS="285"/>
							<String ID="string_208" HPOS="313" VPOS="1095" WIDTH="8" HEIGHT="20" WC="0.92" CONTENT="i"/><SP WIDTH="27" VPOS="1095" HPOS="321"/>
							<String ID="string_209" HPOS="348" VPOS="1094" WIDTH="66" HEIGHT="29" WC="0.91" CONTENT="fräga"/><SP WIDTH="26" VPOS="1094" HPOS="414"/>
							<String ID="string_210" HPOS="440" VPOS="1095" WIDTH="25" HEIGHT="20" WC="0.96" CONTENT="sä"/><SP WIDTH="28" VPOS="1095" HPOS="465"/>
							<String ID="string_211" HPOS="493" VPOS="1095" WIDTH="92" HEIGHT="28" WC="0.93" CONTENT="mycket"/><SP WIDTH="27" VPOS="1095" HPOS="585"/>
							<String ID="string_212" HPOS="612" VPOS="1095" WIDTH="72" HEIGHT="22" WC="0.92" CONTENT="hällre"/><SP WIDTH="19" VPOS="1095" HPOS="684"/>
							<String ID="string_213" HPOS="703" VPOS="1095" WIDTH="79" HEIGHT="22" WC="0.93" CONTENT="kunna"/><SP WIDTH="19" VPOS="1095" HPOS="782"/>
							<String ID="string_214" HPOS="801" VPOS="1095" WIDTH="60" HEIGHT="21" WC="0.92" CONTENT="bort-"/>
						</TextLine>
						<TextLine ID="line_27" HPOS="109" VPOS="1129" WIDTH="751" HEIGHT="29">
							<String ID="string_215" HPOS="109" VPOS="1129" WIDTH="93" HEIGHT="27" WC="0.95" CONTENT="lämnas,"/><SP WIDTH="19" VPOS="1129" HPOS="202"/>
							<String ID="string_216" HPOS="221" VPOS="1136" WIDTH="48" HEIGHT="14" WC="0.96" CONTENT="som"/><SP WIDTH="19" VPOS="1136" HPOS="269"/>
							<String ID="string_217" HPOS="288" VPOS="1129" WIDTH="133" HEIGHT="28" WC="0.93" CONTENT="därigenom"/><SP WIDTH="17" VPOS="1129" HPOS="421"/>
							<String ID="string_218" HPOS="438" VPOS="1129" WIDTH="128" HEIGHT="22" WC="0.96" CONTENT="nämnvärd"/><SP WIDTH="13" VPOS="1129" HPOS="566"/>
							<String ID="string_219" HPOS="579" VPOS="1132" WIDTH="62" HEIGHT="19" WC="0.96" CONTENT="orätt"/><SP WIDTH="12" VPOS="1132" HPOS="641"/>
							<String ID="string_220" HPOS="653" VPOS="1130" WIDTH="20" HEIGHT="28" WC="0.95" CONTENT="ej"/><SP WIDTH="14" VPOS="1130" HPOS="673"/>
							<String ID="string_221" HPOS="687" VPOS="1129" WIDTH="102" HEIGHT="29" WC="0.95" CONTENT="tillfogas"/><SP WIDTH="14" VPOS="1129" HPOS="789"/>
							<String ID="string_222" HPOS="803" VPOS="1129" WIDTH="57" HEIGHT="27" WC="0.96" CONTENT="dem,"/>
						</TextLine>
						<TextLine ID="line_28" HPOS="109" VPOS="1163" WIDTH="752" HEIGHT="30">
							<String ID="string_223" HPOS="109" VPOS="1163" WIDTH="80" HEIGHT="21" WC="0.92" CONTENT="hvilka"/><SP WIDTH="18" VPOS="1163" HPOS="189"/>
							<String ID="string_224" HPOS="207" VPOS="1171" WIDTH="32" HEIGHT="14" WC="0.93" CONTENT="nu"/><SP WIDTH="19" VPOS="1171" HPOS="239"/>
							<String ID="string_225" HPOS="258" VPOS="1167" WIDTH="44" HEIGHT="24" WC="0.90" CONTENT="äga"/><SP WIDTH="18" VPOS="1167" HPOS="302"/>
							<String ID="string_226" HPOS="320" VPOS="1165" WIDTH="103" HEIGHT="26" WC="0.92" CONTENT="rösträtt,"/><SP WIDTH="19" VPOS="1165" HPOS="423"/>
							<String ID="string_227" HPOS="442" VPOS="1167" WIDTH="56" HEIGHT="18" WC="0.92" CONTENT="enär"/><SP WIDTH="18" VPOS="1167" HPOS="498"/>
							<String ID="string_228" HPOS="516" VPOS="1164" WIDTH="40" HEIGHT="21" WC="0.96" CONTENT="vid"/><SP WIDTH="20" VPOS="1164" HPOS="556"/>
							<String ID="string_229" HPOS="576" VPOS="1171" WIDTH="27" HEIGHT="14" WC="0.93" CONTENT="en"/><SP WIDTH="19" VPOS="1171" HPOS="603"/>
							<String ID="string_230" HPOS="622" VPOS="1171" WIDTH="161" HEIGHT="22" WC="0.92" CONTENT="noggrannare"/><SP WIDTH="16" VPOS="1171" HPOS="783"/>
							<String ID="string_231" HPOS="799" VPOS="1167" WIDTH="62" HEIGHT="18" WC="0.92" CONTENT="taxe-"/>
						</TextLine>
						<TextLine ID="line_29" HPOS="108" VPOS="1197" WIDTH="753" HEIGHT="29">
							<String ID="string_232" HPOS="108" VPOS="1198" WIDTH="53" HEIGHT="28" WC="0.96" CONTENT="ring"/><SP WIDTH="28" VPOS="1198" HPOS="161"/>
							<String ID="string_233" HPOS="189" VPOS="1201" WIDTH="28" HEIGHT="18" WC="0.93" CONTENT="än"/><SP WIDTH="28" VPOS="1201" HPOS="217"/>
							<String ID="string_234" HPOS="245" VPOS="1197" WIDTH="61" HEIGHT="22" WC="0.92" CONTENT="hvad"/><SP WIDTH="28" VPOS="1197" HPOS="306"/>
							<String ID="string_235" HPOS="334" VPOS="1198" WIDTH="35" HEIGHT="21" WC="0.95" CONTENT="för"/><SP WIDTH="27" VPOS="1198" HPOS="369"/>
							<String ID="string_236" HPOS="396" VPOS="1198" WIDTH="145" HEIGHT="21" WC="0.95" CONTENT="närvarande"/><SP WIDTH="21" VPOS="1198" HPOS="541"/>
							<String ID="string_237" HPOS="562" VPOS="1199" WIDTH="49" HEIGHT="21" WC="0.96" CONTENT="ofta"/><SP WIDTH="18" VPOS="1199" HPOS="611"/>
							<String ID="string_238" HPOS="629" VPOS="1202" WIDTH="26" HEIGHT="18" WC="0.93" CONTENT="är"/><SP WIDTH="18" VPOS="1202" HPOS="655"/>
							<String ID="string_239" HPOS="673" VPOS="1199" WIDTH="66" HEIGHT="21" WC="0.92" CONTENT="fallet"/><SP WIDTH="18" VPOS="1199" HPOS="739"/>
							<String ID="string_240" HPOS="757" VPOS="1198" WIDTH="27" HEIGHT="21" WC="0.96" CONTENT="de"/><SP WIDTH="19" VPOS="1198" HPOS="784"/>
							<String ID="string_241" HPOS="803" VPOS="1198" WIDTH="58" HEIGHT="21" WC="0.96" CONTENT="allra"/>
						</TextLine>
						<TextLine ID="line_30" HPOS="108" VPOS="1232" WIDTH="754" HEIGHT="29">
							<String ID="string_242" HPOS="108" VPOS="1232" WIDTH="66" HEIGHT="21" WC="0.95" CONTENT="flesta"/><SP WIDTH="28" VPOS="1232" HPOS="174"/>
							<String ID="string_243" HPOS="202" VPOS="1233" WIDTH="23" HEIGHT="21" WC="0.95" CONTENT="af"/><SP WIDTH="28" VPOS="1233" HPOS="225"/>
							<String ID="string_244" HPOS="253" VPOS="1232" WIDTH="28" HEIGHT="21" WC="0.93" CONTENT="de"/><SP WIDTH="22" VPOS="1232" HPOS="281"/>
							<String ID="string_245" HPOS="303" VPOS="1232" WIDTH="279" HEIGHT="29" WC="0.90" CONTENT="lägenhetsinnehafvare,"/><SP WIDTH="25" VPOS="1232" HPOS="582"/>
							<String ID="string_246" HPOS="607" VPOS="1233" WIDTH="80" HEIGHT="22" WC="0.92" CONTENT="hvilka"/><SP WIDTH="24" VPOS="1233" HPOS="687"/>
							<String ID="string_247" HPOS="711" VPOS="1233" WIDTH="76" HEIGHT="22" WC="0.93" CONTENT="denna"/><SP WIDTH="27" VPOS="1233" HPOS="787"/>
							<String ID="string_248" HPOS="814" VPOS="1233" WIDTH="48" HEIGHT="27" WC="0.92" CONTENT="lag-"/>
						</TextLine>
						<TextLine ID="line_31" HPOS="108" VPOS="1266" WIDTH="754" HEIGHT="30">
							<String ID="string_249" HPOS="108" VPOS="1266" WIDTH="138" HEIGHT="29" WC="0.92" CONTENT="förändring"/><SP WIDTH="27" VPOS="1266" HPOS="246"/>
							<String ID="string_250" HPOS="273" VPOS="1267" WIDTH="88" HEIGHT="22" WC="0.92" CONTENT="komme"/><SP WIDTH="28" VPOS="1267" HPOS="361"/>
							<String ID="string_251" HPOS="389" VPOS="1269" WIDTH="35" HEIGHT="19" WC="0.93" CONTENT="att"/><SP WIDTH="28" VPOS="1269" HPOS="424"/>
							<String ID="string_252" HPOS="452" VPOS="1267" WIDTH="94" HEIGHT="28" WC="0.92" CONTENT="drabba,"/><SP WIDTH="20" VPOS="1267" HPOS="546"/>
							<String ID="string_253" HPOS="566" VPOS="1267" WIDTH="65" HEIGHT="22" WC="0.92" CONTENT="skola"/><SP WIDTH="19" VPOS="1267" HPOS="631"/>
							<String ID="string_254" HPOS="650" VPOS="1267" WIDTH="104" HEIGHT="22" WC="0.92" CONTENT="befinnas"/><SP WIDTH="18" VPOS="1267" HPOS="754"/>
							<String ID="string_255" HPOS="772" VPOS="1271" WIDTH="44" HEIGHT="25" WC="0.91" CONTENT="äga"/><SP WIDTH="21" VPOS="1271" HPOS="816"/>
							<String ID="string_256" HPOS="837" VPOS="1267" WIDTH="25" HEIGHT="21" WC="0.96" CONTENT="sä"/>
						</TextLine>
						<TextLine ID="line_32" HPOS="108" VPOS="1301" WIDTH="754" HEIGHT="29">
							<String ID="string_257" HPOS="108" VPOS="1303" WIDTH="48" HEIGHT="19" WC="0.85" CONTENT="stor"/><SP WIDTH="27" VPOS="1303" HPOS="156"/>
							<String ID="string_258" HPOS="183" VPOS="1301" WIDTH="103" HEIGHT="22" WC="0.96" CONTENT="inkomst"/><SP WIDTH="25" VPOS="1301" HPOS="286"/>
							<String ID="string_259" HPOS="311" VPOS="1304" WIDTH="34" HEIGHT="19" WC="0.96" CONTENT="att"/><SP WIDTH="17" VPOS="1304" HPOS="345"/>
							<String ID="string_260" HPOS="362" VPOS="1301" WIDTH="53" HEIGHT="22" WC="0.96" CONTENT="dem"/><SP WIDTH="18" VPOS="1301" HPOS="415"/>
							<String ID="string_261" HPOS="433" VPOS="1301" WIDTH="46" HEIGHT="22" WC="0.93" CONTENT="kan"/><SP WIDTH="20" VPOS="1301" HPOS="479"/>
							<String ID="string_262" HPOS="499" VPOS="1302" WIDTH="91" HEIGHT="28" WC="0.96" CONTENT="påföras"/><SP WIDTH="18" VPOS="1302" HPOS="590"/>
							<String ID="string_263" HPOS="608" VPOS="1302" WIDTH="134" HEIGHT="22" WC="0.93" CONTENT="kommunal"/><SP WIDTH="18" VPOS="1302" HPOS="742"/>
							<String ID="string_264" HPOS="760" VPOS="1302" WIDTH="102" HEIGHT="22" WC="0.90" CONTENT="beskatt-"/>
						</TextLine>
						<TextLine ID="line_33" HPOS="108" VPOS="1335" WIDTH="754" HEIGHT="30">
							<String ID="string_265" HPOS="108" VPOS="1335" WIDTH="63" HEIGHT="28" WC="0.92" CONTENT="ning."/><SP WIDTH="38" VPOS="1335" HPOS="171"/>
							<String ID="string_266" HPOS="209" VPOS="1335" WIDTH="81" HEIGHT="22" WC="0.91" CONTENT="Säsom"/><SP WIDTH="19" VPOS="1335" HPOS="290"/>
							<String ID="string_267" HPOS="309" VPOS="1343" WIDTH="27" HEIGHT="14" WC="0.96" CONTENT="en"/><SP WIDTH="20" VPOS="1343" HPOS="336"/>
							<String ID="string_268" HPOS="356" VPOS="1335" WIDTH="57" HEIGHT="30" WC="0.96" CONTENT="följd"/><SP WIDTH="19" VPOS="1335" HPOS="413"/>
							<String ID="string_269" HPOS="432" VPOS="1336" WIDTH="24" HEIGHT="21" WC="0.93" CONTENT="af"/><SP WIDTH="18" VPOS="1336" HPOS="456"/>
							<String ID="string_270" HPOS="474" VPOS="1336" WIDTH="169" HEIGHT="22" WC="0.92" CONTENT="ofvanberörda"/><SP WIDTH="17" VPOS="1336" HPOS="643"/>
							<String ID="string_271" HPOS="660" VPOS="1337" WIDTH="145" HEIGHT="28" WC="0.92" CONTENT="uteslutning"/><SP WIDTH="16" VPOS="1337" HPOS="805"/>
							<String ID="string_272" HPOS="821" VPOS="1336" WIDTH="41" HEIGHT="21" WC="0.96" CONTENT="har"/>
						</TextLine>
						<TextLine ID="line_34" HPOS="109" VPOS="1369" WIDTH="753" HEIGHT="30">
							<String ID="string_273" HPOS="109" VPOS="1369" WIDTH="43" HEIGHT="22" WC="0.90" CONTENT="ock"/><SP WIDTH="19" VPOS="1369" HPOS="152"/>
							<String ID="string_274" HPOS="171" VPOS="1369" WIDTH="42" HEIGHT="22" WC="0.96" CONTENT="den"/><SP WIDTH="21" VPOS="1369" HPOS="213"/>
							<String ID="string_275" HPOS="234" VPOS="1371" WIDTH="9" HEIGHT="20" WC="0.93" CONTENT="i"/><SP WIDTH="18" VPOS="1371" HPOS="243"/>
							<String ID="string_276" HPOS="261" VPOS="1371" WIDTH="85" HEIGHT="28" WC="0.91" CONTENT="nädiga"/><SP WIDTH="18" VPOS="1371" HPOS="346"/>
							<String ID="string_277" HPOS="364" VPOS="1370" WIDTH="176" HEIGHT="29" WC="0.93" CONTENT="propositionen"/><SP WIDTH="19" VPOS="1370" HPOS="540"/>
							<String ID="string_278" HPOS="559" VPOS="1371" WIDTH="114" HEIGHT="28" WC="0.93" CONTENT="ingäende"/><SP WIDTH="14" VPOS="1371" HPOS="673"/>
							<String ID="string_279" HPOS="687" VPOS="1371" WIDTH="175" HEIGHT="28" WC="0.90" CONTENT="bestämningen"/>
						</TextLine>
						<TextLine ID="line_35" HPOS="108" VPOS="1404" WIDTH="755" HEIGHT="30">
							<String ID="string_280" HPOS="108" VPOS="1411" WIDTH="36" HEIGHT="14" WC="0.94" CONTENT="om"/><SP WIDTH="27" VPOS="1411" HPOS="144"/>
							<String ID="string_281" HPOS="171" VPOS="1404" WIDTH="100" HEIGHT="22" WC="0.92" CONTENT="särskild"/><SP WIDTH="27" VPOS="1404" HPOS="271"/>
							<String ID="string_282" HPOS="298" VPOS="1407" WIDTH="96" HEIGHT="20" WC="0.96" CONTENT="rösträtt"/><SP WIDTH="27" VPOS="1407" HPOS="394"/>
							<String ID="string_283" HPOS="421" VPOS="1405" WIDTH="35" HEIGHT="21" WC="0.90" CONTENT="för"/><SP WIDTH="27" VPOS="1405" HPOS="456"/>
							<String ID="string_284" HPOS="483" VPOS="1405" WIDTH="194" HEIGHT="29" WC="0.95" CONTENT="fastighetsägare"/><SP WIDTH="27" VPOS="1405" HPOS="677"/>
							<String ID="string_285" HPOS="704" VPOS="1405" WIDTH="8" HEIGHT="22" WC="0.96" CONTENT="i"/><SP WIDTH="19" VPOS="1405" HPOS="712"/>
							<String ID="string_286" HPOS="731" VPOS="1405" WIDTH="51" HEIGHT="22" WC="0.93" CONTENT="stad"/><SP WIDTH="21" VPOS="1405" HPOS="782"/>
							<String ID="string_287" HPOS="803" VPOS="1405" WIDTH="60" HEIGHT="21" WC="0.92" CONTENT="bort-"/>
						</TextLine>
						<TextLine ID="line_36" HPOS="108" VPOS="1439" WIDTH="107" HEIGHT="21">
							<String ID="string_288" HPOS="108" VPOS="1439" WIDTH="107" HEIGHT="21" WC="0.91" CONTENT="lämnats."/>
						</TextLine>
					</TextBlock>
				</ComposedBlock>
				<ComposedBlock ID="cblock_2" HPOS="176" VPOS="1505" WIDTH="430" HEIGHT="22">
					<TextBlock ID="block_3" HPOS="176" VPOS="1505" WIDTH="430" HEIGHT="22">
						<TextLine ID="line_37" HPOS="176" VPOS="1505" WIDTH="430" HEIGHT="22">
							<String ID="string_289" HPOS="176" VPOS="1505" WIDTH="218" HEIGHT="22" WC="0.78" CONTENT="Grundlagsutskottets"/><SP WIDTH="13" VPOS="1505" HPOS="394"/>
							<String ID="string_290" HPOS="407" VPOS="1506" WIDTH="121" HEIGHT="18" WC="0.96" CONTENT="betänkande"/><SP WIDTH="13" VPOS="1506" HPOS="528"/>
							<String ID="string_291" HPOS="541" VPOS="1507" WIDTH="38" HEIGHT="17" WC="0.88" CONTENT="N:o"/><SP WIDTH="13" VPOS="1507" HPOS="579"/>
							<String ID="string_292" HPOS="592" VPOS="1508" WIDTH="14" HEIGHT="15" WC="0.96" CONTENT="1."/>
						</TextLine>
					</TextBlock>
				</ComposedBlock>
			</PrintSpace>
		</Page>
	</Layout>
</alto>
