1092 1750
232 154 28 20 32
547 155 43 21 N:o
601 155 13 21 6

203 222 87 22 Dervid
305 224 37 20 må
357 224 14 20 å
386 230 42 14 ena
443 223 66 21 sidan
529 223 163 29 lägenheterna
711 223 51 22 icke
777 222 113 22 afhändas
906 222 53 21 åker

203 256 56 22 eller
274 260 51 25 äng,
342 256 93 22 såframt
450 258 84 21 vidden
550 258 64 21 deraf
628 258 20 28 ej
665 258 135 28 öfverstiger
816 257 38 21 det
869 256 90 22 hektar-

204 291 31 21 tal
258 291 64 21 mark
340 291 52 22 dem
410 292 95 28 tillagts,
522 295 58 19 samt
596 293 13 21 å
624 292 70 22 andra
710 292 70 28 sidan,
796 299 84 21 genom
894 291 65 22 urval

203 324 26 22 af
249 325 44 21 den
315 326 66 21 bästa
401 326 78 28 skogs-
495 326 42 22 och
552 327 234 28 uppodlingsmarken
801 326 36 22 för
852 325 107 29 lägenhe-

203 362 76 19 ternas
301 360 106 28 räkning,
425 361 100 21 kronans
548 361 67 21 andel
634 361 50 21 icke
700 364 66 26 göras
782 360 108 28 oformlig
905 360 54 21 eller

203 394 120 21 vanlottas.

554 447 28 21 84
598 448 18 26 8.

274 486 33 27 Är
322 491 152 22 förordnande
490 492 130 21 meddeladt
635 492 37 21 till
688 492 68 21 skifte
776 491 22 22 af
819 491 140 28 skogsmark,

203 533 50 14 som
268 526 50 21 icke
333 526 136 29 inbegripits
485 527 8 21 i
509 526 74 29 öfriga
599 534 55 21 egor
669 526 151 29 öfvergånget
836 525 123 25 storskifte,

203 560 43 21 och
265 560 90 28 pröfvas
376 561 63 22 detta
454 569 54 14 vara
524 562 24 21 så
562 562 38 21 väl
616 561 116 28 inrättadt,
748 563 35 19 att
797 559 162 29 förmånligare

203 595 130 29 anordning
355 596 24 21 af
401 596 64 22 dessa
488 604 55 20 egor
563 596 51 22 icke
632 596 45 21 kan
692 603 84 21 genom
791 594 169 28 sammandrag-

203 630 58 28 ning
277 630 176 29 åstadkommas;
469 632 29 20 då
513 638 42 22 ega
570 631 258 28 förrättningsmännen,
840 630 57 21 efter
910 628 50 22 råd-

203 665 114 28 plägning
331 666 52 20 med
399 666 140 28 delegarene,
555 666 89 21 besluta
659 665 113 22 huruvida
788 664 80 22 endast
882 664 78 28 skogs-

203 698 98 30 marken!
317 700 55 20 eller
388 700 74 21 denna
477 700 71 28 jemte
564 700 72 28 nödig
651 700 37 21 del
703 699 23 21 af
741 699 29 21 de
785 698 75 29 öfriga
875 705 85 21 egorna

203 733 42 21 bör
259 733 8 21 i
283 732 168 30 förrättningen
466 734 60 28 ingå.
556 734 66 21 Dock
641 734 58 21 skall
715 734 43 21 den
775 733 37 21 del
827 732 23 22 af
868 740 91 20 egorna,

203 775 49 14 som
268 767 49 22 från
334 768 79 22 skiftet
429 769 133 27 utelemnas,
574 768 83 28 riktigt
672 770 114 26 upptagas
801 768 14 21 å
830 767 43 21 den
888 767 71 27 karta,

203 810 49 14 som
275 802 39 22 vid
337 802 168 30 förrättningen
527 806 121 26 uppgöres,
668 803 72 22 ehvad
762 810 32 20 ny
813 802 105 27 mätning
938 800 25 23 af

204 837 65 21 dessa
285 844 55 21 egor
354 837 36 22 för
406 838 83 21 sådant
503 838 104 21 ändamål
624 837 112 22 erfordras
752 837 55 21 eller
821 836 57 22 icke.

554 901 28 21 85
598 902 18 26 &.

272 946 85 22 Finnes
388 948 8 20 i
421 947 155 29 samfällighet
606 946 99 22 oskiftad
735 945 223 29 tillandningsmark,

203 981 93 22 hvilken
313 981 50 21 icke
379 982 107 28 ostridigt
501 982 139 21 tillkommer
650 982 80 21 endast
740 981 134 28 lägenheter
885 980 7 21 i
904 987 57 13 sam-

202 1015 144 29 fälligheten,
363 1016 42 22 och
421 1017 58 21 låter
494 1016 19 29 ej
530 1017 84 21 dennas
631 1016 67 22 andel
708 1016 8 21 i
728 1015 94 22 marken
839 1015 35 28 sig
890 1015 71 27 lämp-

203 1050 63 28 ligen
282 1050 108 29 indragas
405 1051 8 21 i
429 1051 116 21 derstädes
560 1050 118 29 pågående
694 1050 120 29 egoskifte,
831 1050 55 21 eller
901 1048 60 28 pröf-

203 1092 40 14 vas
267 1084 248 29 tillandningsmarken
535 1086 65 28 eljest
618 1086 77 20 kunna
710 1084 52 22 med
778 1087 72 19 större
865 1083 73 21 fördel
954 1082 7 22 i

203 1121 33 19 ett
260 1120 165 28 sammanhang
448 1120 149 21 underkastas
618 1119 106 21 särskildt
745 1118 78 28 skifte;
846 1118 30 21 då
893 1117 68 21 varde

203 1153 198 29 samtällighetens
417 1154 65 22 andel
500 1154 8 21 i
523 1154 169 28 tillandningen
708 1153 35 22 för
759 1153 81 22 sådant
856 1152 105 22 ändamål

202 1187 51 22 frän
269 1188 125 28 egoskiftet
409 1189 135 21 utelemnad.

556 1253 28 20 86
599 1254 18 25 $.

271 1286 34 26 Är
320 1291 153 22 förordnande
489 1292 130 21 meddeladt
635 1292 36 20 till
687 1290 169 22 verkställande
876 1289 23 21 af
920 1297 42 20 ny-

203 1325 76 28 skifte,
295 1333 47 14 som
359 1326 7 20 i
382 1326 28 20 35
425 1328 13 25 &
454 1326 150 27 omförmäles,
616 1326 42 21 och
673 1326 68 28 yrkar
756 1325 79 27 någon
850 1324 111 27 delegare,

203 1363 34 18 att
260 1360 39 21 vid
320 1360 38 21 det
373 1360 61 22 förra
454 1360 79 22 skiftet
550 1360 41 21 bör
606 1360 116 27 förblifva;
746 1359 30 21 dä
791 1358 65 22 skola
871 1357 91 22 förrätt-

202 1394 176 28 ningsmännen,
392 1395 71 21 innan
478 1395 78 21 vidare
572 1394 81 28 åtgärd
669 1394 7 21 i
692 1393 107 22 afseende
815 1394 13 20 &
843 1392 120 22 skiftesbe-

203 1428 127 29 redningen
354 1428 121 29 företages,
491 1429 57 21 efter
566 1428 141 28 föregängen
727 1427 135 29 besigtning
877 1427 13 21 &
905 1434 58 13 mar-

202 1463 52 28 ken,
270 1463 97 21 hvarvid
383 1464 51 21 dess
450 1464 114 21 allmänna
580 1463 151 22 beskaffenhet
751 1462 42 22 och
804 1462 52 28 läge
867 1460 96 22 beskrif-
