1092 1750
268 130 28 20 46
587 130 43 22 N:o
641 131 14 21 6

239 198 8 22 i
264 198 54 22 flere
333 198 91 29 skiften,
441 202 29 19 än
484 200 9 20 i
508 200 27 21 62
546 200 54 21 eller
611 200 28 21 63
649 202 13 25 8
672 200 69 28 högst
751 200 93 27 tillåtes,
855 201 56 20 utan
921 202 34 19 att
965 199 34 21 så-

239 233 44 21 dan
304 233 135 22 hemställan
459 234 41 21 hos
516 234 227 28 egodelningsrätten
759 234 67 28 skett,
843 241 48 14 som
907 234 7 21 i
930 234 41 21 113
985 234 14 26 $

240 267 72 22 finnes
328 267 156 23 föreskrifven.
508 268 12 21 I
536 276 75 14 annan
622 268 107 22 händelse
739 268 96 22 insände
845 268 153 29 länsingeniö-

238 310 40 13 ren
298 302 80 22 kartan
395 302 43 22 och
452 302 170 29 handlingarna
635 303 72 28 jemte
723 304 50 21 sina
788 302 131 29 skriftligen
935 303 64 21 affat-

240 336 53 21 tade
308 336 178 29 anmärkningar
502 337 41 21 och
559 337 298 29 förrättningsingeniörens
874 337 63 22 öfver
948 337 50 21 dem

242 370 130 22 infordrade
387 371 127 29 förklaring
530 372 36 21 till
581 372 177 28 öfverstyrelsen
773 371 36 22 för
821 372 174 26 landtmäteriet;

241 405 43 21 och
304 412 52 21 eger
376 405 176 29 öfverstyrelsen
573 406 80 28 pröfva
672 406 73 22 felens
764 406 157 22 beskaffenhet
941 408 57 20 samt

240 438 137 23 föreskrifva
392 443 70 19 sättet
476 440 36 22 för
528 440 63 22 deras
606 441 110 21 rättande.

308 474 85 22 Finnes
409 474 81 22 skiftet
505 482 54 14 vara
574 476 103 27 lagligen
693 475 134 27 beskaffadt,
842 474 81 22 teckne
938 475 59 21 läns-

239 508 134 28 ingeniören
389 509 41 21 sitt
446 510 167 27 godkännande
626 511 13 20 å
649 510 80 22 kartan
741 510 43 22 och
795 509 202 29 delningsbeskrif-

238 542 92 28 ningen.
355 542 27 29 Ej
400 544 36 20 må
452 544 76 27 skifte,
545 552 48 14 som
608 545 96 21 lemnats
721 544 142 28 oklandradt,
875 552 64 13 anses
949 544 48 28 lag-

238 577 96 28 ståndet,
351 578 71 21 innan
438 578 69 22 sådan
524 579 140 28 påteckning
680 579 65 22 skett.

583 647 40 22 127
639 649 18 26 8.

308 687 74 21 Sedan
402 687 118 22 storskifte
540 689 54 20 eller
614 688 103 28 nyskifte
736 688 80 28 gillats
835 695 82 21 genom
937 688 58 27 dom,

237 721 67 21 hvari
324 721 98 29 ändring
437 721 19 29 ej
473 722 35 21 får
523 723 72 27 sökas,
612 723 54 20 eller
681 722 80 21 skiftet
777 721 65 29 eljest
857 721 78 22 blifvit
949 723 48 27 lag-

238 755 97 28 ståndet,
358 756 59 21 skall
437 757 192 28 länsingeniören,
649 757 8 20 i
676 756 65 29 fråga
763 764 37 14 om
820 756 123 28 storskifte,
963 757 33 20 in-

238 789 86 22 skrifva
345 791 27 21 de
393 791 75 21 skilda
487 791 162 28 lägenheterna
668 791 48 28 och,
732 791 142 22 beträffande
889 791 106 28 nyskifte,

237 827 57 26 göra
312 825 141 28 anteckning
470 826 75 21 derom
563 826 42 21 och
621 833 37 14 om
673 825 174 29 lägenheternas
863 825 134 22 förändrade

238 859 124 28 egovidder
382 860 7 21 i
406 859 167 29 jordregistret,
594 863 59 18 samt
672 861 7 20 i
699 860 122 22 hvartdera
836 859 65 22 fallet
916 860 81 21 teckna

239 893 63 22 bevis
317 893 107 23 häröfver
440 895 12 20 &
467 895 81 21 kartan
564 895 43 21 och
623 894 286 29 delningsbeskrifningen.

306 928 48 21 Har
377 929 8 20 i
407 929 164 28 sammanhang
590 929 52 21 med
662 929 69 21 skifte
751 929 100 28 egobyte
871 929 66 28 skett,
958 937 38 13 an-

237 962 82 21 teckne
339 963 187 28 länsingeniören
546 963 77 22 derom
639 963 40 22 och
696 971 36 14 om
749 963 28 21 de
792 962 136 22 förändrade
943 970 53 21 ego-

237 996 110 21 vidderna
363 997 7 20 i
385 997 160 28 jordregistret
560 997 67 22 äfven
643 997 76 22 såvidt
734 998 72 27 angår
822 997 27 21 de
864 997 132 28 lägenheter

236 1030 9 21 i
261 1031 157 28 angränsande
429 1031 125 29 skifteslag,
563 1032 79 21 hvilka
651 1031 24 22 af
681 1032 65 28 bytet
755 1032 96 26 berörts;
863 1031 133 22 öfversände

238 1065 49 28 ock,
308 1065 7 21 i
335 1065 40 21 fall
396 1066 64 21 dessa
480 1069 38 18 äro
534 1067 97 28 belägna
646 1067 8 20 i
670 1069 68 18 annat
755 1067 45 27 län,
816 1065 83 28 utdrag
914 1073 27 14 ur
956 1066 40 21 sitt

234 1099 151 28 jordregister
400 1101 37 20 till
453 1101 185 28 länsingeniören
653 1101 8 20 i
672 1101 141 21 sistnämnda
824 1101 37 20 län
872 1100 8 21 i
891 1100 105 21 afseende

239 1134 14 20 å
268 1134 141 28 anteckning
425 1134 68 22 äfven
508 1135 8 21 i
531 1135 50 21 dess
596 1135 101 28 register.

583 1199 42 21 128
639 1200 18 26 8.

306 1238 68 22 Hvad
393 1239 8 21 i
422 1239 42 21 127
480 1240 12 26 8
510 1240 10 20 1
537 1246 66 14 mom.
619 1242 24 18 är
659 1238 108 29 stadgadt
783 1238 7 22 i
806 1238 65 28 fråga
887 1246 35 14 om
939 1240 56 20 stor-

236 1272 70 21 skifte
326 1272 59 22 skall
405 1273 43 21 ock
468 1274 62 27 gälla
544 1274 8 20 i
568 1273 106 21 afseende
689 1274 14 20 å
718 1273 27 21 de
761 1273 40 21 vid
816 1272 108 29 klyfning
939 1280 56 20 upp-

236 1306 84 22 komna
336 1307 104 22 delarnes
455 1308 120 21 införande
590 1308 7 20 i
611 1308 166 28 jordregistret.
801 1306 28 29 Ej
842 1308 37 20 må
888 1307 108 28 lägenhet

237 1348 65 14 anses
318 1341 102 29 klutven,
438 1342 70 21 innan
524 1342 55 22 slikt
593 1342 120 21 införande
728 1344 41 26 egt
783 1349 56 13 rum.

305 1376 49 20 Har
376 1376 109 28 klyfning
505 1377 60 21 skett
584 1377 30 27 på
633 1376 75 28 grund
727 1375 27 23 af
771 1376 120 28 vilkorligt
909 1375 87 22 förord-

235 1409 76 21 nande
327 1410 55 21 eller
397 1412 56 19 utan
468 1410 72 22 skildt
555 1410 152 22 förordnande
722 1411 31 27 pä
768 1413 46 18 sätt
829 1410 9 21 i
861 1410 6 21 3
889 1411 6 26 8
914 1410 5 20 2
929 1417 66 14 mom.

238 1443 44 21 och
301 1444 13 20 5
334 1445 13 26 $
364 1444 11 21 1
391 1452 67 14 mom.
473 1444 72 22 finnes
561 1444 133 29 medgifvet,
711 1445 56 21 eller
781 1444 42 22 har
837 1444 66 28 fråga
916 1444 80 22 väckts
