1092 1698
137 432 51 22 Nytt.

135 575 51 22 Nytt.

92 603 29 22 (47
134 603 16 17 &
162 605 22 16 48
192 604 36 22 85).

133 713 21 17 43
167 712 17 22 &.

125 1291 22 16 49
160 1290 16 23 8.

123 1358 53 23 Nytt.

242 124 12 19 2
485 124 21 22 U.
523 124 22 22 B.
563 137 25 3 —
606 124 60 28 Prop.
683 124 35 23 N:o
735 124 20 22 6.

309 186 54 22 Med
376 186 162 30 jordlägenhet
554 187 55 21 eller
623 187 109 29 lägenhet
746 187 83 22 förstås
845 187 7 21 i
868 188 75 20 denna
957 187 39 27 lag

240 219 112 27 hemman,
372 221 128 29 skattlagdt
518 224 51 26 torp
593 222 43 21 och
657 221 78 28 utjord
753 224 58 19 samt
826 229 82 18 annan,
923 220 73 22 under

240 254 60 21 skild
322 262 103 15 nummer
443 256 7 20 i
463 255 145 29 jordeboken
629 258 118 26 upptagen
760 256 235 28 jordbruksfastighet

240 288 117 23 äfvensom
381 290 115 28 lägenhet,
519 298 49 14 som
595 290 83 22 bildats
703 298 83 20 genom
810 290 108 28 klyfning
940 290 55 21 eller

239 323 125 28 styckning
379 324 23 21 af
416 324 71 22 sådan
501 324 117 29 fastighet.
812 348 8 6 N

806 357 8 19 H

593 390 12 18 3
621 388 20 29 8.

307 426 67 22 Huru
391 427 64 29 fräga
474 435 36 14 om
528 428 118 22 storskifte
664 430 37 19 mä
715 428 83 22 väckas
813 427 8 21 i
836 427 45 26 fall,
899 427 39 21 der
954 426 39 22 all-

237 463 53 19 män
308 460 73 22 fördel
399 462 81 21 sådant
498 462 98 26 kräfver,
617 463 78 21 derom
713 466 24 18 är
753 462 107 22 särskildt
875 462 115 28 stadgadt.

591 533 13 19 4
619 532 20 28 8.

305 570 46 21 Vid
370 570 118 22 storskifte
505 571 58 22 skall
578 571 79 28 hvarje
672 571 109 29 lägenhet
796 570 23 22 af
834 570 154 28 skifteslagets

236 610 56 22 egor
306 604 80 22 främst
397 606 85 21 erhälla
492 606 62 21 hvad
565 613 48 14 som
623 608 126 19 motsvarar
760 605 45 26 det,
817 612 48 14 som
875 607 30 26 pä
915 604 75 29 grund

235 638 24 21 af
277 638 97 29 tidigare
396 640 70 21 skifto
488 640 55 22 eller
566 640 55 28 eljes
643 640 100 28 lagligen
762 640 73 21 under
849 640 139 28 lägenheten

234 672 101 22 enskildt
349 674 141 22 innehafves.

302 708 12 21 I
332 708 70 28 öfrigt
421 716 54 14 vare
494 708 211 29 delningsgrunden
721 709 40 21 det
775 708 92 26 mantal,
882 708 106 28 lägenhe-

233 744 66 19 terna
314 744 90 25 äsättes,
422 743 40 21 der
477 743 173 29 skattläggning
665 744 7 20 i
687 743 164 28 sammanhang
865 742 52 22 med
932 744 56 19 stor-

232 776 81 21 skiftet
328 777 142 26 verkställes,
485 785 53 14 men
552 778 8 21 i
576 780 69 19 annat
659 777 40 21 fall
714 778 35 21 för
759 777 81 21 krono-
851 776 42 22 och
905 776 83 21 skatte-

231 810 135 28 lägenheter
388 814 59 19 samt
466 812 89 21 militie-
574 812 43 21 och
635 812 141 21 civilstatens
792 811 112 21 boställen
920 810 65 22 deras

231 844 37 22 för
282 844 64 23 tiden
364 846 106 28 gällande
488 854 46 21 nya
550 846 91 26 mantal,
657 846 117 22 äfvensom
788 845 36 22 för
839 845 145 28 frälselägen-

230 879 67 22 heter
320 880 42 21 och
384 881 183 28 prestboställen,
590 881 78 22 hvilka
690 881 89 28 ätnjuta
799 879 185 26 kleresifriheter,

231 914 63 22 säväl
311 914 107 22 inbördes
439 923 49 14 som
505 915 8 21 i
529 915 143 22 förhällande
689 915 36 21 till
742 914 145 22 samdelande
905 914 81 21 krono-

231 948 44 21 och
290 948 210 29 skattelägenheter
519 949 105 29 samtliga
642 950 145 27 lägenheters
803 949 74 28 gamla
892 947 91 22 mantal.

230 982 11 21 I
256 982 100 29 Viborgs
371 983 37 22 län
424 984 58 21 skall
495 984 212 28 delningsgrunden
721 983 71 22 likväl
807 990 54 14 vara
876 982 39 21 det
928 982 57 21 oför-

230 1016 105 23 medlade
354 1018 143 26 skattetalet;
520 1019 59 21 dock
598 1021 40 22 att,
658 1021 40 18 när
713 1025 76 14 annan
804 1016 181 29 delningsgrund

230 1051 110 28 antingen
358 1052 23 21 af
396 1052 64 21 älder
474 1052 7 21 i
497 1055 66 19 orten
577 1052 88 21 funnits
681 1053 54 20 eller
751 1051 24 22 af
789 1051 104 28 samtlige
908 1051 76 28 lägen-

228 1085 122 28 hetsegare
365 1089 101 26 antages,
483 1087 130 21 densamma
628 1087 41 21 bör
683 1087 74 27 följas.

298 1120 48 21 Har
360 1120 40 22 vid
416 1121 62 21 äldre
493 1121 75 26 skifte,
580 1128 48 15 som
638 1121 97 21 lemnats
747 1119 148 26 ofulländadt,
907 1126 75 14 annan

228 1153 184 29 delningsgrund
436 1155 70 28 följts,
532 1155 57 22 skall
614 1155 75 21 denna
711 1155 78 21 städse
810 1154 121 27 iakttagas,
955 1153 29 22 dä

227 1187 81 22 skiftet
323 1188 133 22 fullbordas.

581 1249 12 18 5
609 1247 20 28 &.

296 1285 48 22 Har
352 1286 22 21 af
381 1293 68 21 egare
457 1286 108 29 lägenhet
573 1287 109 28 olofligen
689 1287 84 28 intagit
781 1288 71 26 något
861 1286 22 21 af
891 1285 91 26 oskifto,

225 1321 76 30 gänge
320 1320 71 21 sädan
410 1321 79 28 intaga
507 1321 35 21 till
557 1321 69 21 skifte
641 1323 74 19 säsom
730 1328 76 14 annan
821 1320 96 21 samfäld
933 1327 48 21 ega.

224 1348 35 26 Är
274 1353 138 29 lägenheten
428 1362 83 21 genom
528 1355 52 28 laga
595 1355 55 28 fång
665 1358 48 19 mot
728 1355 109 28 vederlag
852 1355 107 21 kommen
975 1355 7 20 i

225 1395 76 14 annan
316 1396 63 13 mans
395 1389 68 26 hand,
482 1389 66 28 njute
568 1397 82 20 egaren
667 1389 58 22 dock
742 1389 127 28 ersättning
885 1389 35 21 för
936 1389 45 21 den

224 1421 146 30 förbättring,
386 1431 48 14 som
450 1425 12 19 å
477 1423 94 28 intagan
587 1425 79 27 gjorts.

294 1463 50 22 Lag-
358 1463 33 18 och
404 1464 183 19 ekonomiutskottets
599 1464 115 17 betänkande
725 1464 40 18 N:o
778 1465 17 16 5.
