1095 1739
330 153 29 22 U.
376 153 26 21 B.
419 165 27 2 —
462 153 74 27 Prop.
552 152 41 22 N:o
611 152 19 21 1.
833 153 23 20 61

104 224 40 21 två
167 223 73 29 dagar
265 224 47 21 före
336 224 68 21 valet.
442 221 70 24 Öfver
535 223 68 29 gjord
628 223 155 29 anmärkning
801 223 59 22 skall

104 258 151 29 magistraten
280 259 76 27 förrän
377 258 64 21 valet
459 266 45 20 eger
522 266 50 13 rum
592 257 103 22 afkunna
713 257 78 30 utslag
809 257 51 22 med

105 293 124 28 anvisning
252 295 34 19 att
303 293 95 27 ändring
416 293 46 21 deri
478 293 37 28 fär
532 293 60 21 sökas
612 293 8 20 i
637 293 159 28 sammanhang
815 293 46 21 med

105 329 78 26 besvär,
202 328 87 21 hvarom
309 327 7 21 i
338 327 28 21 16
386 328 13 25 $
418 328 95 27 stadgas;
533 327 74 21 införe
626 326 43 21 ock
688 327 7 21 i
711 326 149 29 röstlängden

105 361 72 22 sädan
201 361 100 28 rättelse,
326 369 50 14 som
394 362 24 21 af
435 361 103 29 utslaget
556 361 136 27 föranledes,
711 363 57 20 samt
790 362 69 27 öfver-

106 397 67 21 lemne
191 397 65 27 derpä
273 397 136 27 röstlängden
428 397 34 20 till
478 396 153 22 vederbörande
649 397 125 20 valnämnd.

174 431 65 21 Hvad
262 431 9 20 i
292 431 71 21 denna
387 431 218 27 Landtdagsordning
629 431 85 27 stadgas
738 437 34 15 om
791 431 68 27 magi-

105 467 54 19 strat
176 466 55 20 skall
248 466 36 20 ock
301 466 55 26 gälla
375 472 33 14 om
428 466 146 27 ordningsrätt
591 465 8 20 i
616 465 24 21 de
652 465 75 27 städer,
741 466 37 20 der
789 465 70 27 magi-

105 502 54 18 strat
177 500 19 28 ej
213 500 77 27 finnes.

444 616 13 25 &
478 615 36 21 13.

175 671 177 23 Bondeståndet
370 673 93 26 utgöres
482 671 22 22 af
523 671 154 28 fullmäktige,
697 670 67 22 valde
783 678 28 14 en
827 671 35 21 för

108 706 80 29 hvarje
216 706 23 22 af
263 706 91 21 landets
372 706 128 28 domsagor.
537 706 69 21 Valet
624 705 137 22 verkställes
779 712 82 22 genom

108 740 121 28 elektorer,
256 740 96 22 utsedde
379 740 51 21 från
458 740 80 29 hvarje
561 740 36 21 till
616 740 124 28 domsagan
760 739 101 23 hörande

107 775 110 22 kommun
245 774 56 22 eller
325 774 37 22 del
382 774 22 22 af
423 774 116 28 kommun,
559 774 43 22 och
620 774 108 22 förrättas
745 775 30 27 på
792 775 71 21 dertill

107 810 28 28 af
149 810 173 28 domhafvanden
341 810 66 27 utlyst
424 810 41 27 dag
482 810 62 27 inför
561 810 148 20 häradsrätten
728 810 7 20 i
747 810 33 20 det
792 810 68 27 tings-

109 845 33 27 lag
160 845 27 27 af
201 845 123 27 domsagan,
347 852 44 13 som
411 844 35 28 för
463 845 24 20 de
505 844 98 28 väljande
622 844 95 27 befinnes
735 844 126 28 lämpligast.

181 878 84 28 (Utesl)
288 878 42 22 För
348 878 80 29 hvarje
446 878 110 22 kommun
576 878 79 28 (ufesi.)
671 880 57 19 utses
740 885 28 13 en
784 877 76 29 (utesl.)

109 912 89 22 elektor
219 912 78 28 futesl.)
318 912 42 22 och
379 912 140 27 derutöfver,
540 912 58 22 efter
617 912 44 22 den
674 912 189 22 mantalsskrifna

109 947 174 28 folkmängden,
310 954 28 14 en
360 947 36 21 för
415 947 81 29 hvarje
514 947 54 21 fullt
586 947 34 21 tal
639 947 22 20 af
679 949 90 18 ettusen
788 954 75 21 perso-

109 989 47 14 ner.
189 979 86 32 (Utesl)

178 1015 150 29 Berättigade
357 1017 33 20 att
419 1015 94 29 deltaga
537 1016 8 21 i
569 1015 39 22 val
626 1015 23 22 af
667 1015 114 22 elektorer
798 1019 39 18 äro
857 1015 7 20 i

110 1051 141 21 kommunen
281 1050 189 21 mantalsskrifna
500 1049 149 23 medlemmar
676 1050 23 21 af
725 1049 138 27 densamma,

110 1084 82 23 hvilka
219 1085 75 28 enligt
317 1084 193 29 nästföregående
532 1085 149 21 kommunala
700 1084 106 29 taxering
825 1087 38 18 äro

109 1119 108 28 skyldige
236 1121 35 20 att
289 1119 63 22 skatt
370 1119 37 21 till
426 1119 140 22 kommunen
584 1121 83 26 utgöra
689 1119 85 27 f(utesl.).

178 1153 93 22 Valrätt
289 1153 141 22 tillkommer
448 1154 31 28 ej:

182 1189 76 26 (utesl.)

178 1222 52 27 den,
259 1230 48 14 som
326 1223 72 21 tillhör
414 1223 150 27 frälseståndet
582 1223 49 21 eller
649 1223 95 27 åtnjuter
762 1223 77 20 valrätt
856 1221 9 20 i

109 1257 184 27 Presteståndet;

178 1291 38 22 till
235 1291 144 22 landsstaten
397 1291 105 22 hörande
520 1291 140 28 tjenstemän
685 1290 43 22 och
752 1290 113 28 betjente;

177 1327 126 27 underbefäl
329 1327 39 20 och
393 1327 107 26 manskap
524 1325 40 21 vid
583 1325 28 21 de
631 1325 79 22 aktiva
728 1327 136 26 trupperna;

181 1361 76 27 (utest.)

178 1395 52 27 den,
258 1402 48 15 som
324 1394 76 22 häftar
419 1394 35 22 för
474 1394 55 21 flere
548 1398 29 17 än
596 1392 190 30 nästföregående
805 1391 60 21 årets

109 1429 104 28 oguldna
231 1429 81 22 krono-
330 1429 57 21 eller
405 1429 149 21 kommunala
572 1427 127 29 utskylder.

178 1464 88 28 Hvarje
284 1463 173 27 valberättigad
475 1463 43 21 har
536 1471 28 13 en
583 1464 54 20 röst.

181 1506 195 22 Grundlagsutskottets
388 1506 112 17 betänkande
513 1506 37 17 N:o
564 1506 14 17 1.
