1095 1748
471 138 41 22 N:o
525 138 14 21 6
826 136 28 21 59

127 207 116 27 manhang
264 206 52 22 med
334 206 124 29 egoskifte;
481 207 44 21 och
543 207 38 21 må
595 206 109 28 frivilligt
719 206 98 28 egobyte
832 205 51 21 icke

128 249 65 14 anses
209 240 69 22 hafva
292 240 130 30 försiggått,
438 241 71 21 innan
524 241 66 29 dylik
605 240 140 28 anteckning
759 240 78 28 gjorts.

196 276 46 21 För
256 276 75 21 beslut
347 276 54 21 eller
416 276 83 28 utslag,
516 283 48 14 som
581 275 117 29 angående
712 274 108 28 frivilligt
830 281 53 21 ego-

128 310 55 29 byte
200 309 25 22 af
237 310 136 28 myndighet
387 310 122 29 meddelas,
527 310 103 28 erlägges
645 310 51 21 icke
711 310 69 21 lösen.

294 415 25 21 I.
349 414 148 28 Komplettering
514 414 20 22 af
549 414 54 22 äldre
618 414 100 27 egoskifte.

471 477 42 22 170
528 478 18 26 8.

197 516 77 22 Hafva
288 517 39 21 vid
343 516 117 22 storskifte
477 518 54 20 eller
547 524 76 14 annan
638 516 100 28 delning,
750 524 48 14 som
811 515 74 28 enligt

130 552 62 20 äldre
213 552 39 28 lag
274 552 129 28 verkstälts,
424 552 161 21 skiftesråerna
607 551 163 29 lägenheterna
789 550 94 22 emellan

129 586 98 21 lemnats
242 586 8 21 i
264 586 129 28 väsentliga
414 586 61 21 delar
491 586 120 28 orörlagda
626 586 55 20 eller
696 588 38 18 äro
750 585 77 21 kartor
842 584 43 21 och

130 620 138 28 handlingar
283 620 103 22 deröfver
401 620 121 22 förkomna
537 620 55 21 eller
605 619 149 27 förderfvade,
766 619 42 21 och
819 618 66 21 äskas

129 662 33 21 ny
184 655 135 28 utstakning
339 654 25 22 af
382 655 48 22 viss
450 655 55 21 eller
519 654 62 21 vissa
595 653 144 29 lägenheters
755 652 130 23 skiftesråer

131 689 43 21 och
189 689 76 21 dessas
283 689 159 28 rörläggning;
463 689 30 21 då
507 689 65 28 skall,
587 688 70 21 innan
672 688 37 21 till
725 687 64 29 dylik
805 686 80 28 åtgärd

131 723 93 28 skrides,
244 723 39 21 der
306 723 18 28 ej
349 723 117 22 sökanden
489 723 111 21 förklarar
623 723 35 28 sig
678 721 88 29 åtnöjas
785 721 52 21 med
852 722 34 19 att

131 758 91 21 råernas
237 757 135 28 utstakning
386 757 136 22 verkställes
538 760 34 19 att
587 757 61 28 gälla
662 757 80 21 endast
752 755 133 28 tillsvidare,

131 792 70 21 sådan
223 792 178 28 undersökning,
421 799 50 14 som
489 792 9 21 i
517 792 28 21 86
560 793 13 26 $
589 793 68 27 sagts,
673 791 113 28 företagas
801 790 36 21 för
853 791 34 20 att

130 827 126 21 bestämma
278 827 111 22 huruvida
409 827 44 22 och
468 827 8 22 i
491 827 89 22 hvilket
600 826 93 29 omfång
708 826 101 29 nyskifte
824 825 61 22 inom

131 861 184 29 samfälligheten
330 862 37 21 må
381 869 55 15 vara
452 861 23 23 af
490 862 75 22 nöden
581 862 55 21 eller
650 861 56 21 icke.

199 896 87 22 Varder
301 896 109 29 slutligen
425 896 116 22 bestämdt
551 899 34 19 att
595 895 101 29 nyskifte
706 896 51 21 icke
767 894 119 28 erfordras,

131 931 56 21 böra
202 931 196 29 samfällighetens
414 932 45 21 alla
474 933 49 20 råer
538 932 9 21 i
562 934 33 19 ett
610 930 164 28 sammanhang
783 929 104 23 utstakas

132 965 42 22 och
189 966 119 28 rörläggas
323 968 58 20 samt
399 966 166 28 rågångskarta
582 965 72 29 jemte
671 964 144 29 beskrifning
829 971 58 21 upp-

131 1002 80 25 rättas;
233 1000 44 22 och
294 1001 38 21 må
351 1000 80 22 dervid
447 1000 87 29 jemväl
550 1004 83 18 smärre
648 1006 168 22 gemensamma
832 1006 55 20 egor

132 1034 80 22 skiftas
229 1037 63 26 samt,
308 1035 72 21 under
395 1035 151 29 iakttagande
561 1035 24 21 af
604 1034 27 22 de
646 1034 35 22 för
697 1034 114 28 egobyten
827 1033 60 22 stad-

131 1069 59 28 gade
209 1068 117 30 förbehåll,
343 1070 85 21 sådana
447 1070 72 28 byten
534 1070 163 28 lägenheterna
711 1069 96 21 emellan
822 1068 65 21 verk-

132 1104 85 27 ställas,
234 1111 36 14 om
288 1104 79 22 hvilka
386 1104 171 22 vederbörande
572 1104 77 21 kunna
664 1104 36 28 sig
716 1103 83 22 förena.
828 1102 12 22 I
855 1101 33 22 af-

132 1138 82 21 seende
230 1138 13 21 &
257 1138 41 22 här
312 1138 85 22 nämnd
413 1138 140 28 förrättning
568 1138 68 22 lände
646 1138 36 22 för
692 1138 70 28 öfrigt
773 1138 37 21 till
821 1136 67 22 efter-

131 1172 94 22 rättelse
239 1172 61 22 hvad
314 1173 8 21 i
339 1173 113 21 121—126
468 1173 43 21 och
527 1173 41 21 132
583 1174 27 26 $$
626 1175 24 19 är
666 1172 112 28 stadgadt.

201 1207 73 21 Innan
290 1207 42 22 den
348 1208 8 20 i
373 1208 10 20 1
401 1215 67 14 mom.
484 1207 137 22 omnämnda
638 1206 173 29 undersökning
830 1205 59 22 före-

132 1244 72 25 tages,
220 1242 89 28 åligger
324 1242 39 21 det
377 1242 137 28 ingeniören
534 1245 33 18 att
589 1242 30 28 pä
638 1241 196 28 samfällighetens
849 1247 39 21 ge-

131 1283 139 14 mensamma
285 1276 127 22 bekostnad
428 1276 136 22 införskaffa
578 1277 31 21 all
624 1276 9 24 i
647 1276 105 21 afseende
768 1276 13 20 &
795 1275 44 21 den
855 1275 34 21 sä-

132 1310 70 21 lunda
217 1310 126 28 utvidgade
359 1310 170 29 förrättningen
546 1310 134 28 erforderlig
694 1310 130 28 utredning,
841 1316 47 14 som

132 1344 9 21 i
157 1344 27 21 13
199 1346 13 25 8
228 1345 11 20 1
255 1352 66 14 mom.
333 1348 24 18 är
371 1345 93 28 nämnd,
479 1346 24 21 sä
519 1345 43 21 ock
576 1345 36 21 för
627 1344 71 29 öfrigt
712 1344 104 28 iakttaga
831 1343 59 22 före-

134 1378 122 22 skrifterna
274 1379 4 20 i
301 1379 6 21 2
322 1386 66 15 mom.
405 1379 25 21 af
444 1387 86 14 samma
545 1381 13 25 8
573 1381 59 20 samt
646 1379 9 21 i
671 1379 27 20 14
714 1378 42 22 och
772 1379 27 20 15
815 1379 32 26 8$.
