1092 1748
474 127 41 22 N:o
527 126 13 23 6
710 132 4 4 :
828 126 28 22 39

293 220 20 20 5.
347 219 121 22 Utrönande
483 219 26 27 af
521 219 129 28 delegarenes
666 218 58 28 häfd.

472 271 40 22 106
527 272 18 26 &.

196 312 137 28 Ingeniören
349 311 98 22 affordre
462 311 134 29 delegarene
612 311 94 29 uppgift
720 319 37 14 om
768 311 42 22 den
822 310 64 22 mark

129 353 27 14 en
171 346 56 22 hvar
243 346 25 21 af
281 346 51 21 dem
348 346 100 21 enskildt
464 347 55 20 eller
529 346 152 22 tillsammans
690 346 52 21 med
753 353 75 14 annan
840 344 46 22 del-

128 388 67 20 egare
211 380 86 28 häfdar,
314 381 25 20 så
355 380 42 22 ock
413 388 37 14 om
466 380 157 28 skifteslagets
639 380 111 22 samfälda
766 387 60 21 egor.

197 414 33 22 På
245 414 75 28 grund
335 414 26 22 af
373 414 100 22 nämnda
488 414 119 29 uppgifter
623 415 61 27 eller,
696 414 39 22 der
746 414 68 22 skifte
825 413 62 22 förut

130 449 65 28 skett,
215 449 72 28 enligt
309 449 65 21 karta
397 449 42 21 och
463 449 251 28 delningshandlingar,
734 449 55 21 eller
811 448 49 28 ock,
879 448 8 21 i

129 483 41 21 fall
191 483 148 29 uppgifterna
362 486 37 19 äro
424 484 96 28 stridiga
539 484 54 21 eller
612 484 64 21 karta
693 483 43 22 och
750 483 138 28 handlingar

129 518 51 21 icke
198 518 79 28 finnas,
294 518 52 21 med
364 518 97 28 ledning
477 518 22 21 af
519 526 75 14 annan
610 518 124 28 utredning
750 518 58 21 skall
824 517 63 28 inge-

129 552 79 22 niören
223 555 104 25 uppgöra
342 552 223 29 häfdeförteckning.
587 553 82 21 Denna
684 552 41 22 bör
740 555 102 25 upptaga
852 551 36 22 för

128 586 79 29 hvarje
230 586 107 29 lägenhet
360 587 45 21 alla
428 587 111 21 derunder
561 587 99 21 häfdade
682 586 130 29 egofigurer
829 588 59 20 samt

130 621 64 21 deras
209 628 75 21 namn,
300 621 63 27 vidd,
379 621 91 28 gradtal
486 621 42 22 och
544 621 266 28 förvandlingsinnehåll.
840 615 47 27 Äro

130 655 36 22 för
187 655 54 22 flere
264 655 54 21 eller
341 655 45 22 alla
407 656 134 27 lägenheter
560 656 8 21 i
586 655 145 28 skifteslaget
746 663 56 21 egor
816 654 72 23 under

130 697 130 20 gemensam
276 689 61 28 häfd,
353 690 69 21 varde
438 690 85 21 sådana
538 697 54 22 egor
608 690 42 22 ock
665 691 30 27 på
710 689 119 22 enahanda
843 691 45 20 sätt

131 724 108 21 särskildt
254 727 125 26 upptagna.

473 770 40 22 107
529 771 17 26 8.

199 809 251 30 Häfdeförteckningen
473 811 58 21 skall
550 810 137 29 ingeniören
702 809 35 22 för
753 809 135 28 delegarene

129 845 97 27 uppläsa
242 845 42 21 och
295 845 53 21 derå
360 847 53 26 taga
425 845 64 21 deras
501 845 116 28 skriftliga
630 843 173 30 godkännande.
826 843 63 22 God-

130 879 87 21 känner
231 879 105 28 delegare
351 879 176 29 förteckningen
545 879 61 22 inför
621 879 145 29 protokollet,
782 878 59 22 ändå
856 880 34 19 att

131 913 45 22 han
191 916 82 26 vägrar
289 914 35 21 sin
339 914 148 28 påteckning,
503 922 53 14 vare
572 914 43 22 ock
630 914 39 21 det
684 913 64 29 gildt.

200 948 88 28 Vägrar
310 948 105 28 delegare
438 951 34 19 att
491 948 123 29 godkänna
633 948 181 28 förteckningen,
830 946 60 22 skall

131 982 117 22 utlåtande
264 982 64 22 öfver
343 983 39 21 det
397 983 96 28 tvistiga
513 982 24 22 af
556 982 252 29 förrättningsmännen
827 981 62 21 med-

132 1016 61 22 delas
209 1017 42 21 och
266 1017 141 21 beträffande
423 1016 93 30 frågans
531 1017 141 29 behandling
688 1016 34 22 för
738 1016 72 28 öfrigt
820 1015 68 22 lända

131 1051 36 21 till
183 1051 150 21 efterrättelse
347 1051 60 22 hvad
424 1052 8 20 i
447 1052 28 20 93
491 1054 12 25 $
520 1052 11 21 1
548 1051 43 22 och
606 1052 13 20 2
635 1059 66 14 mom.
717 1050 125 29 stadgadts.

279 1132 19 21 6.
329 1132 163 21 Bestämmande
506 1132 27 27 af
545 1131 197 29 delmingsgrunden.

476 1189 43 21 108
533 1190 17 26 8.

200 1230 46 21 Vid
261 1229 164 29 föredragning
440 1229 26 21 af
478 1229 81 29 frägan
575 1237 37 13 om
626 1228 211 29 delningsgrunden
848 1228 42 21 bör

131 1264 134 28 ingeniören
283 1264 132 22 underrätta
434 1264 136 28 delegarene
586 1272 37 13 om
638 1264 44 21 den
698 1262 191 30 delningsgrund,

132 1305 48 14 som
197 1299 7 20 i
219 1298 79 28 hvarje
313 1298 41 21 fall
370 1298 74 28 enligt
459 1298 36 28 43,
511 1298 28 21 44
554 1298 55 21 eller
624 1298 28 21 45
668 1298 58 21 skall
740 1296 74 30 följas.

476 1362 41 21 109
533 1363 19 25 8.

201 1401 87 21 Saknar
310 1401 109 28 lägenhet
441 1401 59 22 visst
523 1401 113 28 skattotal,
657 1401 54 21 eller
733 1401 78 20 kunna
835 1399 28 21 de
884 1399 8 21 i

134 1436 41 21 108
189 1437 13 26 &
218 1435 126 28 äberopade
360 1435 144 28 stadganden
519 1443 37 14 om
576 1435 212 28 delningsgrunden
810 1433 23 22 af
852 1441 41 14 an-
