1092 1698
368 129 22 23 U.
407 129 22 22 B.
446 142 26 3 —
489 130 61 27 Prop.
567 129 34 23 N:o
618 130 21 22 6.
855 132 26 19 39

476 193 26 21 14
517 194 20 26 8.

195 232 76 22 Innan
289 232 135 28 omkretsrä,
448 240 49 14 som
520 232 125 22 förklarats
669 232 56 22 böra
743 232 96 30 uppgäs,
856 235 26 19 är
933 234 21 16 96
967 232 16 22 8.

130 266 92 30 slutligt
239 267 115 28 faststäld,
378 268 37 20 må
437 267 258 29 skiftesförrättningen
711 269 66 20 utom
792 267 25 21 så
831 266 52 22 vidt

128 304 37 18 rör
184 302 106 28 mätning
305 302 43 21 och
364 301 128 29 affattning
508 302 26 21 af
548 302 39 21 det
603 302 112 28 ostridiga
731 302 51 21 icke
798 302 83 28 fortgå,

129 335 41 21 der
184 336 51 21 icke
251 336 73 28 enligt
339 336 29 21 20
383 336 52 29 kap.
451 337 13 21 9
480 338 13 26 8
510 336 146 22 annorlunda
671 336 160 22 föreskrifves.

888 365 16 17 3.
916 364 110 45 ko

971 392 30 13 ens

476 394 26 22 15
517 396 19 25 $.
893 392 128 36 verkställande.

195 433 91 29 Uppstå
306 433 80 29 frågor
406 441 36 14 om
464 434 100 29 egobyte
579 434 8 21 i
603 434 39 22 det
664 434 115 28 afseende,
799 434 15 22 4
828 434 53 28 kap.
933 438 50 23 978.

128 468 18 27 1,
167 467 13 21 2
200 468 43 21 och
262 468 14 22 4
294 469 26 26 88
338 468 126 28 innehålla,
482 469 66 21 skola
566 468 67 22 dessa
651 469 86 29 frågor,
756 469 126 28 behörigen

128 502 108 28 samlade,
253 502 133 29 föredragas
402 504 13 20 å
431 503 117 25 särskildt,
565 504 37 21 för
617 503 133 22 ändamålet
764 502 118 23 förberedt

127 536 43 22 och
184 537 75 28 utlyst
274 537 177 22 sammanträde.

195 572 163 28 Kungörelsen
374 580 37 14 om
427 572 83 22 sådant
526 572 171 22 sammanträde
713 572 60 22 skall
786 572 96 29 angifva

127 605 28 21 de
171 613 61 21 egor,
249 613 48 15 som
313 606 175 29 förrättningen
503 607 69 21 afser.

475 659 27 21 16
516 659 22 29 8.

197 688 206 26 Öfverenskomma
430 693 110 29 samtliga
567 694 174 21 vederbörande
770 693 112 29 sakegare
933 699 21 16 98
967 698 16 22 8.

130 725 78 22 derom
224 728 34 20 att
274 727 106 29 egobyte,
396 734 49 15 som
461 728 79 21 äskats
556 728 56 22 eller
627 728 27 21 af
663 728 219 28 förrättningsmän-

127 767 46 14 nen
193 760 139 30 föreslagits,
353 762 60 21 skall
431 762 47 28 ske,
495 762 43 22 och
554 766 25 18 är
595 762 160 29 tilläfventyrs
769 761 114 29 behöfligt

128 795 119 29 samtycke
263 796 77 21 dertill
355 796 27 22 af
395 796 249 30 inteckningshafvare
659 796 128 29 behörigen
797 796 85 28 gifvet;

127 828 69 23 lände
212 830 39 22 det
267 830 36 22 till
319 831 167 27 efterrättelse;
502 839 53 14 men
571 832 8 21 i
594 833 71 20 annat
681 831 43 22 fall
734 839 42 21 ege
787 831 96 22 förrätt-

127 864 170 29 ningsmännen
312 865 9 21 i
336 866 72 21 saken
425 866 97 22 besluta.
767 884 6 2 -

196 899 158 22 Underkänna
374 900 257 29 förrättningsmännen
654 901 105 28 yrkande
781 901 30 28 på
829 907 53 22 ego-
938 905 51 22 998.

129 933 61 28 byte,
207 933 43 22 och
266 934 89 29 åtnöjes
372 935 112 28 sakegare
499 935 52 22 icke
567 935 100 28 dermed,
686 943 55 14 vare
756 935 40 29 lag
811 942 48 15 som
875 934 8 21 i

129 968 26 21 13
170 969 13 26 $
199 969 73 21 andra
287 976 67 15 mom.
370 971 71 27 sagts.

476 1016 27 21 17
519 1017 21 26 $.

198 1045 216 26 Öfverenskommet
436 1049 57 22 eller
520 1050 26 21 af
567 1050 257 29 förrättningsmännen
846 1049 37 22 be-
931 1056 32 17 100
975 1055 17 22 8.

128 1083 87 21 stämdt
223 1083 99 29 egobyte
331 1083 61 22 skall
401 1084 169 29 ofördröjligen
579 1085 137 21 verkställas
725 1085 43 21 och
777 1085 106 21 afslutas.

198 1117 65 22 Skall
278 1118 74 29 enligt
368 1118 101 22 beslutet
485 1119 145 22 främmande
643 1120 122 28 sakegares
777 1119 66 22 mark
853 1119 31 28 gå
900 1113 15 40 —
932 1125 52 22 Nytt.

128 1152 8 21 i
152 1152 62 28 byte,
230 1152 77 29 äligge
323 1153 175 22 landtmätaren
514 1156 34 19 att
559 1156 83 26 genast
652 1154 136 21 underrätta
799 1153 85 22 honom

128 1194 37 14 om
181 1187 107 22 beslutet.

197 1220 33 23 Är
246 1223 110 28 sakegare
372 1223 113 29 missnöjd
501 1223 53 22 med
567 1223 268 29 förrättningsmännens
846 1223 39 21 be-

128 1256 47 21 slut
191 1258 35 19 att
242 1257 98 28 egobyte
356 1257 61 22 skall
432 1258 48 27 ske,
496 1265 54 14 vare
565 1258 84 21 honom
660 1258 59 21 dock
729 1258 110 28 obetaget
849 1259 36 20 att

128 1291 63 21 inom
209 1291 80 22 trettio
312 1291 73 29 dagar
408 1292 84 22 anföra
515 1292 83 22 besvär
613 1293 108 21 deröfver
736 1293 41 21 hos
794 1291 91 30 egodel-

127 1325 155 28 ningsrätten.

479 1367 27 22 18
521 1369 19 26 8.

196 1401 70 21 Hvad
285 1401 9 21 i
313 1401 110 22 afseende
445 1402 13 21 å
479 1402 72 21 skifte
574 1401 94 29 stadgas
691 1401 120 29 angående
833 1407 52 22 gra-
929 1407 32 16 101
974 1405 17 22 8.

128 1434 89 29 dering,
243 1435 133 29 uträkning,
399 1436 142 29 utstakning
563 1436 42 21 och
628 1435 152 29 rörläggning
803 1435 27 22 af
850 1435 36 21 rå-

196 1475 47 22 Lag-
256 1475 30 18 och
298 1475 177 19 ekonomiutskottets
487 1476 110 18 betänkande
610 1476 35 18 N:o
657 1477 16 17 5.
