1095 1745
278 122 10 19 2
592 121 39 22 N:o
648 123 12 20 3

316 189 35 22 in-
367 189 43 22 och
433 189 96 22 utvexla
552 189 105 22 bankens
680 189 76 22 sedlar
775 189 43 22 och
834 189 72 22 finskt
920 188 80 22 metal-

248 223 57 22 liskt
319 227 78 25 mynt;

317 259 61 28 köpa
400 259 43 22 och
466 259 59 28 sälja
548 259 108 28 myntadt
679 259 43 21 och
745 258 124 29 omyntadt
885 257 57 30 guld
957 257 43 22 och

248 292 91 27 silfver;

318 327 61 29 köpa
402 327 44 22 och
468 327 59 29 sälja
549 329 154 27 statspapper,
726 327 157 28 obligationer
902 327 42 21 och
960 326 40 22 ku-

249 368 96 22 ponger;

317 396 59 29 sälja
400 397 153 28 anvisningar
571 397 14 21 å
603 396 71 22 finskt
696 399 72 26 mynt,
793 396 121 22 betalbara
929 396 13 21 å
958 397 42 26 ort,

250 430 41 21 der
306 430 93 22 banken
415 431 42 22 har
473 431 84 22 kontor
573 431 56 22 eller
644 435 106 25 agentur;

317 465 62 29 köpa
399 466 43 21 och
462 466 59 29 sälja
543 466 82 29 sedlar,
640 466 80 21 vexlar
735 465 44 23 och
794 466 156 28 anvisningar,
966 465 34 29 ly-

250 499 75 22 dande
341 501 14 20 &
370 503 72 19 annat
457 501 127 28 myntslag;

318 534 136 23 diskontera
469 535 80 22 vexlar
564 536 13 21 å
592 535 76 22 finska
682 535 72 28 mark,
771 534 151 29 accepterade
932 534 26 21 af
966 534 34 21 in-

249 568 81 22 hemsk
353 568 67 23 firma
438 569 57 22 eiier
509 569 63 22 inom
587 569 81 22 landet
685 572 75 19 bosatt
774 576 90 22 person,
881 570 118 21 äfvensom

249 603 72 21 andra
335 603 87 28 jemväl
437 604 13 21 å
466 606 36 19 ort
516 604 63 21 inom
595 603 81 22 landet
690 603 121 22 betalbara
825 603 174 28 kreditpapper;

317 637 86 29 bevilja
426 638 156 29 penningelån
597 639 31 28 på
642 638 48 22 viss
712 638 34 21 tid
766 640 49 19 mot
834 640 58 26 pant
907 638 27 21 af
947 637 53 22 ädla

248 672 111 27 metaller,
375 675 154 26 statspapper,
545 673 161 28 obligationer,
722 672 123 28 aktiebref,
861 671 139 22 intecknade

248 706 147 22 skuldsedlar
410 709 60 20 samt
487 707 73 22 andra
574 707 160 29 värdepapper
749 707 44 21 och
808 714 76 20 varor;

317 741 87 28 bevilja
419 741 171 22 kassakreditiv
605 741 64 22 såväl
684 744 49 19 mot
748 741 139 28 inteckning
899 741 9 21 i
918 741 82 28 fastig-

248 775 41 21 het
304 782 49 15 som
369 778 49 19 mot
436 776 28 21 de
479 776 8 21 i
504 775 142 29 föregående
664 776 75 28 punkt
754 775 141 22 omnämnda
910 775 50 28 slag
976 775 26 22 af

248 811 64 27 pant,
328 809 53 22 med
395 810 122 29 undantag
532 811 26 21 af
572 817 78 21 varor;

317 846 105 27 mottaga
432 845 338 28 penningeinsättningarutan
778 844 221 29 räntegodtgörelse,

250 877 93 22 banken
359 878 60 22 dock
435 878 110 29 obetaget
555 881 36 19 att
601 880 13 20 &
624 878 100 29 löpande
734 878 101 28 räkning
846 878 53 22 med
909 878 91 22 utländ-

248 912 42 21 ska
310 912 221 30 bankinrättningar
553 913 44 22 och
622 913 139 22 handelshus
785 913 69 21 äfven
870 914 14 20 &
899 913 36 21 sin
950 912 50 22 sida

249 946 116 29 godtgöra
380 950 77 25 ränta;

317 981 129 22 verkställa
461 982 182 29 inkasseringar;

317 1017 105 27 mottaga
437 1017 8 20 i
462 1017 78 21 förvar
556 1016 146 29 handlingar,
719 1016 160 29 värdepapper
895 1016 42 22 och
948 1017 52 28 dyr-

250 1049 107 22 barheter
373 1050 65 21 säväl
448 1051 73 21 under
532 1051 129 28 försegling
672 1058 49 15 som
731 1051 8 21 i
750 1054 77 25 öppna
839 1051 160 28 depositioner,

248 1083 53 22 med
317 1083 40 22 det
373 1091 89 22 ansvar,
478 1092 49 15 som
542 1085 40 28 lag
597 1085 100 29 stadgar.

318 1118 43 21 Om
377 1119 28 21 de
421 1119 177 28 förrättningar,
614 1127 49 14 som
678 1120 79 29 äligga
772 1119 94 22 banken
881 1120 37 21 för
933 1122 67 19 stats-

249 1152 93 21 verkets
357 1153 109 28 räkning,
481 1156 60 19 samt
557 1161 36 14 om
609 1153 175 30 förvaltningen
795 1153 27 22 af
835 1153 165 29 Längmanska

249 1187 228 22 testamentsfonden
493 1191 25 18 är
533 1188 111 21 särskildt
659 1188 116 29 stadgadt.

454 1245 101 28 Nädigst
569 1245 110 28 godkänd
694 1245 8 22 i
718 1244 123 29 Tsarskoje
854 1245 53 21 Selo
919 1245 43 21 den
975 1247 24 20 19

386 1279 104 22 Oktober
505 1281 20 26 (1
541 1280 139 27 November)
698 1282 60 19 1904.

439 1335 401 29 Ministerstatssekreterareadjoint
855 1336 116 22 Oerstroem.

363 1466 132 25 Helsingfors,
508 1466 111 25 Kejserliga
631 1466 95 19 Senatens
738 1466 92 24 tryckeri,
843 1468 50 16 1904.
