1092 1745
219 155 45 37 130
441 161 29 22 U.
486 161 27 22 B.
529 174 27 3 —
571 161 74 28 Prop.
661 161 43 22 N:o
720 160 22 23 5.

521 241 71 29 Kap.
614 241 58 22 111.

427 316 36 23 Om
478 316 109 27 vägkassa
601 316 41 22 och
658 316 107 27 vägskatt.

564 391 11 28 5
590 391 34 21 29.

286 441 44 22 För
350 442 49 22 hela
421 442 72 22 landet
514 442 54 21 skall
590 443 66 21 finnas
677 449 26 14 en
725 442 104 29 vägkassa
846 449 46 14 som
907 441 68 22 bildas

218 475 24 22 af
256 475 27 22 de
298 477 184 28 penningebidrag,
497 477 73 21 hvilka
584 485 25 13 ur
623 477 105 21 allmänna
743 476 70 22 medel
828 476 51 29 utgä
888 479 55 19 samt
952 476 23 21 af

217 510 42 22 den
271 511 100 28 vägskatt
385 511 87 22 hvarom
487 511 68 22 nedan
570 513 53 26 sägs.

287 545 98 22 Kronans
400 545 75 26 bidrag
489 546 33 21 till
537 545 76 22 kassan
628 545 61 28 ingär
703 545 33 22 till
749 545 124 22 densamma
884 544 49 22 med
943 547 32 19 ett

216 579 85 30 belopp,
315 573 147 29 motsvarande
477 587 25 15 en
517 580 101 22 femtedel
633 580 24 22 af
671 580 42 22 den
729 580 30 21 uti
774 580 9 27 $
797 581 22 20 33
829 579 144 28 omförmälda,

216 613 49 23 hela
279 614 73 22 landet
366 615 130 21 omfattande
511 614 66 29 ärliga
592 614 123 27 kostnaden,
727 614 40 22 och
781 614 104 21 beräknas
893 614 80 21 hälften

216 648 24 21 af
254 648 60 22 detta
328 648 76 29 bidrag
418 649 76 29 belöpa
510 649 32 28 sig
556 649 12 21 &
582 649 119 21 inkomsten
717 648 48 22 frän
781 648 143 29 kronoparker
933 648 40 22 och

216 683 57 28 öfrig
293 683 112 28 kronojord
426 687 55 18 samt
502 683 41 22 den
566 683 66 22 andra
654 683 82 22 hälften
756 683 63 21 däraf
836 683 51 28 utgå
905 683 68 21 såsom

216 717 134 29 godtgörelse
368 717 34 22 för
419 718 162 28 landsvägarnes
596 717 167 28 tillgodoseende
778 717 23 22 af
816 717 157 22 statsändamäl.

564 794 12 26 8
593 793 32 21 30.

285 843 133 29 Vägskatten
435 844 60 28 utgär
510 844 54 21 efter
579 845 83 27 vägöre,
677 851 44 14 som
733 847 118 18 motsvarar
862 844 40 21 100
913 843 59 22 mark

215 878 23 21 af
252 878 42 22 den
308 879 8 21 i
332 879 12 26 8
360 879 26 20 16
405 878 138 22 omförmälda
558 878 109 22 skattbara
681 878 100 27 inkomst,
796 877 89 23 sålunda
899 881 32 18 att
945 877 27 22 de

215 913 67 21 under
303 913 120 28 punkterna
444 921 13 13 a
478 913 40 21 och
541 913 13 20 b
577 913 90 21 nämnda
682 911 238 29 beskattningsföremäl
935 911 37 30 pä-

216 947 58 21 föras
288 947 64 21 minst
367 950 31 19 ett
413 949 83 26 vägöre,
511 954 47 14 men
573 947 41 21 den
629 947 67 21 under
710 947 69 28 punkt
793 954 12 14 c
822 949 107 26 upptagna
941 947 31 20 in-

215 981 103 27 komsten,
333 989 44 14 som
392 981 28 22 dä
435 981 121 22 densamma
570 981 133 28 understiger
718 982 42 21 500
775 981 66 26 mark,
857 983 22 19 är
889 981 83 21 befriad

215 1015 47 22 frän
278 1017 187 27 vägörersättning,
479 1016 96 29 päföres:

354 1063 11 20 1
382 1063 83 27 vägöre,
493 1061 28 22 dä
535 1061 118 22 inkomsten
669 1061 81 29 uppgär
765 1061 34 21 till
829 1062 42 20 500
886 1061 65 25 mark,

354 1097 12 20 2
383 1097 98 27 vägören,
506 1105 8 10 »
589 1105 8 10 »
705 1105 10 10 >
777 1104 8 11 »
831 1096 41 21 600
911 1105 8 9 »

353 1131 14 20 4
382 1132 98 26 vägören,
503 1139 9 10 »
587 1139 8 10 »
703 1139 9 11 »
774 1139 9 10 »
828 1130 42 21 700
911 1138 9 11 »

354 1165 12 20 6
382 1166 98 27 vägören,
502 1174 9 10 »
585 1174 8 10 »
702 1173 9 10 »
775 1173 8 10 »
828 1165 42 20 800
912 1173 8 10 »

353 1200 13 21 8
381 1201 98 26 vägören,
504 1208 8 10 »
586 1208 8 10 »
703 1208 9 10 »
775 1208 8 10 »
830 1199 42 20 900
911 1207 9 10 >

341 1234 26 21 10
383 1231 97 34 vägören,
504 1242 8 10 »
585 1242 9 11 »
703 1242 9 11 >
774 1242 9 11 »
811 1233 61 26 1,000
911 1241 9 11 »

212 1279 41 22 och
274 1279 24 22 så
320 1279 72 22 vidare
413 1282 32 19 ett
465 1281 77 26 vägöre
564 1279 34 21 för
616 1279 72 28 hvarje
704 1279 53 21 fulla
773 1278 114 22 etthundra
901 1278 70 21 marks

212 1313 99 22 inkomst.

564 1348 12 27 S
592 1349 33 20 31.

280 1399 207 29 Vägöresättningen
510 1407 49 21 eger
581 1407 45 14 rum
645 1400 8 20 i
673 1399 154 28 sammanhang
847 1398 49 21 med
911 1397 60 22 kom-

211 1433 195 29 munaltaxeringen
421 1434 49 21 med
485 1434 134 29 tillämpning
633 1433 23 22 af
670 1433 58 22 hvad
739 1433 99 28 gällande
849 1432 123 28 förordning

210 1467 110 28 angående
342 1468 249 28 kommunalförvaltning
613 1468 28 28 på
662 1467 73 22 landet
759 1466 88 29 stadgar
863 1466 108 29 angående

281 1513 50 23 Lag-
344 1513 32 18 och
388 1513 185 19 Ekonomiutskottets
585 1513 111 18 betänkande
707 1513 39 18 N:o
759 1513 19 17 4.
