1092 1698
363 142 21 22 U.
401 142 22 22 B.
439 155 27 3 —
483 142 60 28 Prop.
561 142 35 22 N:o
612 142 22 22 6.
844 143 26 19 47

114 208 50 19 torr
175 206 44 21 och
229 205 78 29 stadig
321 206 77 28 grund
413 208 60 19 samt
488 205 102 29 tillgäng
605 206 30 28 pä
650 205 58 29 godt
718 208 88 25 vatten,
818 212 54 15 vare

116 241 35 28 sig
161 241 9 20 i
179 240 64 21 källa
254 240 55 21 eller
319 240 140 28 vattendrag
471 240 56 21 eller
539 247 84 22 genom
634 240 112 29 gräfning
755 240 26 22 af
790 240 82 21 brunn.

460 333 28 21 45
504 334 19 25 8.

186 378 78 22 Sedan
282 378 114 29 förslaget
411 378 37 21 till
471 378 201 29 skiftesläggning
688 379 12 20 ä
716 378 84 22 kartan
815 385 59 22 upp-
917 383 68 22 112'g.

117 413 80 28 gjorts,
214 413 42 21 bör
271 413 126 21 detsamma
413 413 132 28 föreläggas
562 413 141 28 sakegarene
719 415 61 19 samt
794 412 80 29 lägen-

117 447 109 22 heternas
241 447 121 22 blifvande
377 447 161 28 skifteslotter,
556 448 40 21 der
612 447 40 22 det
667 447 67 22 äskas
751 447 56 22 eller
817 447 57 28 eljes

117 481 97 29 pröfvas
229 481 88 29 nödigt,
331 482 87 28 jemväl
433 483 31 28 pä
479 483 97 20 marken
591 482 96 22 utvisas.

187 516 74 22 Göres
276 517 27 20 af
323 517 110 28 sakegare
457 517 156 28 anmärkning
637 518 48 20 mot
700 516 120 29 förslaget,
836 515 38 22 mä

119 551 45 21 den
176 551 124 28 jemkning
315 551 49 21 deri
379 558 44 21 ega
437 559 57 20 rum,
511 559 49 14 som
575 551 74 22 finnes
665 551 77 28 nödig.

467 638 29 22 46
511 639 20 26 &.

188 689 91 28 Vägrar
293 689 111 28 sakegare
420 691 35 20 att
469 689 126 29 godkänna
606 689 270 29 förrättningsmännens
884 695 31 16 113
925 693 15 18 &
950 695 32 16 114
991 693 28 22 $$.

119 723 77 22 beslut
211 723 120 28 angäende
351 724 229 28 skiftesläggningen
596 724 44 21 och
656 723 146 29 utflyttning,
820 723 56 22 eller

119 757 73 22 hafva
207 758 256 29 förrättningsmännen
480 760 78 20 ansett
572 758 146 29 nödvändigt
734 760 35 19 att
779 759 37 20 för
826 758 50 21 vin-

119 792 78 21 nande
213 792 26 22 af
252 793 83 21 rättvis
351 793 42 21 och
415 793 98 28 lämplig
536 793 177 29 egoanordning
729 793 99 28 tillägga
843 793 33 20 lä-

120 827 87 28 genhet
222 827 55 21 flere
292 831 30 18 än
337 827 39 22 det
396 827 75 29 enligt
487 828 27 22 35
530 829 13 26 &
558 827 94 22 tillåtna
670 827 88 22 antalet
774 827 102 29 egoskif-

120 864 46 25 ten,
183 862 100 21 förfares
299 863 74 21 såsom
388 863 9 21 i
413 862 29 22 28
457 864 13 26 &
487 865 69 26 sagts.

883 907 16 17 8.
915 907 68 17 Skiftets
997 907 24 17 ut-

906 930 69 18 förande
987 930 11 17 å

884 954 47 16 karta
943 953 43 17 samt
997 953 24 17 ut-

891 976 75 22 stakning
979 976 32 17 och

467 983 29 22 47
512 984 19 26 $.
896 999 111 22 rörläggning.

189 1034 69 22 Efter
284 1034 39 22 det
351 1034 228 29 skiftesläggningen
604 1034 81 22 blifvit
717 1034 93 28 slutligt
839 1034 39 21 be-
923 1038 61 23 1158.

120 1069 82 28 stämd,
219 1069 60 22 skall
293 1069 173 22 landtmätaren
482 1070 25 20 så
523 1069 48 21 fort
586 1069 41 21 ske
642 1069 47 21 kan
702 1070 13 20 å
725 1069 84 21 kartan
821 1068 57 22 slut-

119 1104 45 28 ligt
178 1104 81 21 utföra
281 1104 126 28 delningen
427 1104 44 21 och
494 1107 106 25 uppgöra
623 1104 140 28 fullständig
778 1102 100 23 beskrif-

120 1138 64 28 ning,
201 1146 48 14 som
264 1138 77 29 redigt
362 1140 116 27 upptager
498 1138 60 22 huru
574 1138 166 28 fördelningen
756 1138 62 22 skett
834 1136 44 22 och

120 1172 81 23 hvilka
216 1180 55 21 egor
293 1172 58 23 hvar
371 1173 42 22 och
429 1180 28 15 en
473 1172 107 29 tillfallit,
598 1175 60 19 samt
674 1175 86 19 utsätte
776 1173 8 21 i
801 1172 77 21 denna

120 1207 259 30 delningsbeskrifning
402 1208 161 29 egoskittenas
588 1208 65 21 antal
676 1208 38 21 för
740 1207 80 28 hvarje
845 1206 33 21 lä-

120 1243 94 27 genhet.

191 1277 76 22 Sedan
282 1278 25 21 så
323 1277 68 28 skett,
407 1277 61 22 skall
482 1277 175 22 landtmätaren
672 1277 8 21 i
694 1277 60 28 gode
765 1280 113 18 männens
927 1282 31 16 116
971 1281 16 22 8.

120 1315 99 18 närvaro
235 1312 98 29 uppvisa
348 1312 85 21 kartan
448 1311 38 22 för
501 1311 144 29 sakegarene
661 1313 59 20 samt
735 1311 75 28 enligt
824 1310 55 21 kar-

120 1348 52 19 tans
188 1346 95 29 visning
294 1347 13 21 å
317 1346 96 22 marken
423 1347 97 21 utstaka
531 1346 43 22 och
585 1346 108 28 rörlägga
705 1345 173 22 skiftesråerne.

120 1380 175 29 Utstakningen
311 1381 60 22 skall
385 1381 98 28 vidtaga
499 1381 14 21 &
527 1381 42 28 tid,
585 1387 49 15 som
650 1380 41 22 vid
706 1380 97 21 kartans
818 1379 62 22 före-

120 1415 97 22 visande
233 1415 208 29 tillkännagifvits.

190 1490 50 23 Lag-
253 1491 34 17 och
300 1490 183 18 ekonomiutskottets
497 1490 116 18 betänkande
626 1489 38 19 N:o
677 1491 17 17 5.
