1089 1742
315 160 29 22 U.
360 160 28 21 B.
406 172 26 2 -
448 160 73 27 Prop.
540 159 41 22 N:o
598 158 20 22 1.
820 159 27 21 67

91 231 59 28 ning
167 230 43 22 och
234 230 122 22 enahanda
380 230 108 29 grunder,
507 238 48 14 som
573 230 42 22 här
633 230 120 22 ofvanföre
771 230 75 22 finnas

91 264 131 22 utstakade.
260 262 69 24 Öfver
356 265 39 21 val
424 265 22 21 af
464 265 178 29 landtdagsman
670 264 41 22 vid
728 264 119 22 Universi-

93 302 59 19 tetet
170 300 92 21 anföras
280 299 119 29 klagomål
417 299 62 22 inom
497 300 87 28 fjorton
603 299 73 29 dagar
694 299 100 22 derefter
805 298 42 22 hos

92 334 91 22 landets
201 334 83 28 högsta
302 334 120 29 judiciella
439 334 143 28 myndighet.

438 415 12 25 $
470 414 38 22 20.

162 471 61 21 Vald
250 471 180 29 landtdagsman
458 472 89 28 ätnjute
577 471 139 29 tillräckligt
746 470 43 22 och
808 478 40 14 an-

95 505 105 29 ständigt
217 505 123 22 underhäll
359 506 117 22 äfvensom
495 506 132 28 ersättning
643 506 37 22 för
697 505 149 22 resekostnad

95 540 38 22 till
152 540 42 22 och
212 540 52 22 frän
282 540 144 29 landtdagen
445 540 23 22 af
487 540 58 28 dem,
563 540 81 22 hvilka
662 544 38 18 äro
713 540 135 22 valberätti-

94 574 59 30 gade
172 575 7 21 i
198 574 39 22 det
264 574 100 28 distrikt,
392 582 48 14 som
462 578 73 18 utsett
559 575 91 21 honom.
689 574 158 28 Erforderliga

94 609 172 22 bestämmelser
279 609 78 21 härom
376 613 116 25 uppgöras
511 610 48 21 före
581 610 72 21 valen.
684 610 120 21 Kostnaden
813 609 35 28 för

95 644 245 28 landtdagsfullmäktigs
353 644 8 20 i
373 644 104 28 Borgare-
497 645 38 21 och
553 644 164 22 Bondeständen
736 644 113 22 underhåll

95 680 37 20 och
155 686 57 14 resor
237 681 83 25 utgöres
340 679 29 27 af
382 680 25 20 de
426 680 161 26 valberättigade
605 680 52 26 efter
675 680 63 20 hvars
755 679 38 21 och
811 686 36 14 ens

95 714 96 20 taxerade
218 714 136 20 årsinkomst.
393 714 43 20 För
456 714 166 21 Bondeständets
640 714 132 27 fullmäktige
794 713 54 21 skall

94 748 65 26 sagda
182 748 90 20 kostnad
294 748 91 27 fördelas
401 748 31 27 pä
449 749 101 26 samtliga
572 748 32 21 till
621 749 116 27 domsagan
755 748 93 21 hörande

95 783 125 20 kommuner
245 783 9 19 i
274 782 134 28 förhållande
433 783 33 20 till
482 783 164 27 sammanlagda
673 783 92 27 beloppet
782 782 28 28 af
823 782 25 21 de

94 817 172 27 valberättigades
294 817 96 27 taxering
418 818 152 20 underkastade
587 817 94 21 inkomst
698 817 59 21 inom
776 817 72 26 hvarje

94 852 109 20 kommun.
222 847 13 37 —
244 851 132 28 Ersättning,
394 859 46 13 som
459 852 127 20 tillkommer
609 852 74 20 elektor
701 852 34 27 för
751 858 47 14 resa
816 851 33 20 till

95 886 37 20 och
155 886 51 27 från
233 886 171 28 valförrättning,
426 887 113 20 bestämme
558 887 161 26 Häradsrätten,
744 886 37 21 och
801 893 47 13 vare

94 927 33 14 om
146 921 46 20 dess
210 920 120 28 fördelning
349 921 33 27 lag
400 928 46 13 som
464 922 67 26 ofvan
548 923 25 18 är
590 921 71 27 sagdt;
681 921 110 27 åliggande
809 919 39 21 det

95 953 173 22 vederbörande
292 955 150 28 Magistrater
466 957 34 19 att
520 955 33 21 för
571 954 207 29 Borgareständets
796 955 52 27 full-

96 989 90 27 mäktige
211 988 43 22 och
277 989 174 21 vederbörande
470 989 163 28 Kronofogdar
652 991 35 20 att
705 989 34 21 för
758 988 91 22 Bonde-

95 1022 104 22 ständets
219 1023 145 28 fullmäktige
383 1025 37 20 och
438 1025 103 26 elektorer,
561 1026 56 19 utan
634 1023 110 22 särskildt
757 1022 91 28 arvode,

95 1057 66 22 dessa
188 1057 74 22 medel
289 1058 105 28 uppbära
418 1058 43 21 och
486 1058 33 21 för
540 1058 52 21 dem
610 1058 111 21 redovisa.
756 1058 46 21 För
820 1057 28 21 de

95 1091 37 22 till
155 1091 174 22 Presteståndet
353 1092 102 22 hörande
479 1093 147 28 fullmäktige
651 1093 42 21 bör
711 1100 35 14 om
765 1093 84 20 kostna-

95 1127 50 20 dens
169 1128 116 27 utgörande
309 1127 37 21 och
366 1128 96 27 uppbörd
482 1127 210 22 öfverenskommas
710 1127 8 21 i
737 1133 113 15 samman-

94 1160 66 29 hang
177 1161 51 21 med
248 1161 246 22 öfverenskommelsen
515 1169 36 14 om
570 1161 175 29 valordningen.

163 1195 178 22 Vederbörande
360 1195 69 22 stånd
448 1203 53 14 vare
521 1196 144 28 berättigadt
677 1198 41 25 att,
729 1196 29 28 på
771 1195 77 22 derom

95 1229 23 21 af
156 1229 54 22 vald
237 1230 180 28 landtdagsman
444 1230 131 21 framställd
602 1231 93 28 klagan,
724 1231 126 20 bestämma

94 1263 110 29 beloppet
223 1264 23 21 af
264 1264 39 21 det
320 1264 130 28 underhåll,
464 1272 47 14 som
524 1265 85 21 honom
621 1265 36 21 för
667 1265 64 21 detta
743 1264 107 29 uppdrag

94 1298 42 21 bör
153 1298 137 22 tillkomma.

163 1332 147 23 Försummar
336 1332 45 22 den
409 1333 67 22 valde
505 1335 35 20 att
558 1333 8 21 i
584 1335 47 20 rätt
649 1333 35 21 tid
702 1333 93 21 inställa
813 1332 37 28 sig

93 1367 40 20 vid
157 1367 150 28 landtdagen,
331 1375 57 14 vare
410 1367 108 29 förlustig
537 1368 41 21 sitt
597 1367 84 22 arvode
700 1368 34 21 för
752 1367 44 22 den
815 1365 34 22 tid

93 1401 46 21 han
163 1401 126 28 uteblifvit,
309 1409 36 14 om
368 1401 41 22 det
427 1402 75 27 stånd,
521 1402 97 21 hvartill
637 1402 45 21 han
700 1402 73 27 hörer,
792 1400 59 21 efter

93 1435 110 29 pröfning
222 1436 23 21 af
264 1436 39 21 det
320 1436 8 21 i
347 1436 57 21 slikt
423 1437 108 20 afseende
549 1437 116 28 uppgifna
678 1436 84 27 förfall,
775 1435 76 22 finner

94 1469 88 28 skäligt
200 1470 90 21 besluta
309 1470 70 21 sådan
400 1470 101 29 påföljd;
521 1470 43 22 och
583 1478 54 22 eger
655 1470 92 22 ståndet
765 1469 85 30 jemväl

164 1511 197 24 Grundlagsutskottets
374 1513 112 17 betänkande
498 1513 37 17 N:o
549 1514 14 17 1.
