1095 1750
264 154 28 18 44
478 153 21 22 U.
517 153 22 21 B.
557 166 24 2 —
599 153 60 28 Prop.
676 154 35 22 N:o
727 154 20 21 6.

235 215 50 21 med
309 216 153 28 vederbörligt
484 216 101 21 tillständ
609 216 110 28 uppodlat
741 216 93 27 oländig
854 216 62 21 mark
935 216 53 21 eller

234 249 53 21 fällt
309 252 78 19 vatten
409 258 27 13 ur
458 250 33 28 sjö
510 251 52 20 med
577 251 74 21 vilkor
667 253 34 18 att
716 251 43 20 den
775 251 70 24 mark,
862 257 47 14 som
925 251 66 20 däraf

234 283 77 22 blifvit
326 284 136 28 odlingsbar,
479 285 58 21 skall
552 285 99 20 enskildt
667 285 90 20 tillhöra
773 285 56 20 hans
840 285 112 27 lägenhet,
965 287 23 19 sä

235 317 41 22 bör
291 318 73 21 denna
380 319 63 21 mark
460 319 53 21 eller
529 319 54 21 fullt
597 319 108 28 vederlag
715 319 7 20 i
733 319 46 21 lika
794 319 37 21 väl
844 319 82 21 häfdad
936 319 50 28 jord

234 352 106 29 tilläggas
360 353 135 28 lägenheten
515 353 92 22 utöfver
625 354 38 21 det
679 353 133 28 egobelopp,
829 353 73 21 denna
918 353 69 28 enligt

235 386 209 29 delningsgrunden
454 388 142 21 tillkommer.
621 388 34 21 Af
663 388 151 28 nyssanförda
824 388 49 21 skäl
881 388 40 21 har
930 388 57 21 dock

234 422 158 21 motsvarande
408 423 125 27 stadgande
548 423 6 20 i
571 423 120 20 utskottets
708 422 85 28 förslag
809 422 129 21 inskränkts
954 422 33 21 till

235 455 113 28 klyfning,
364 456 6 21 i
386 456 57 28 följd
459 457 82 21 hvaraf
557 459 10 18 7
579 457 20 28 S,
611 457 64 21 hvari
688 457 95 21 berörda
795 457 124 27 stadgande
930 457 57 21 före-

233 490 107 25 kommer,
364 491 88 21 erhällit
471 491 70 21 sädan
561 491 120 28 affattning
701 494 32 18 att
752 491 44 21 den
816 499 84 13 samma
918 491 69 28 gäller

234 525 80 20 endast
333 525 193 28 klyfningsskifte.
558 525 116 29 Därjämte
693 526 40 21 har
753 526 117 25 utskottet,
891 529 53 18 enär
960 526 27 21 de

233 558 169 29 författningar,
418 561 71 27 enligt
505 561 77 20 hvilka
598 561 101 20 tillstånd
710 561 34 20 till
756 560 127 29 uppodling
894 560 25 21 af
928 560 58 21 olän-

234 593 40 29 dig
296 594 63 21 mark
379 595 42 21 och
440 595 97 28 fällning
553 595 25 21 af
591 595 33 28 sjö
645 596 85 27 gifvits,
751 596 54 20 eller
824 595 162 27 förordningen

234 628 44 21 den
303 631 27 18 25
354 630 122 21 november
503 632 55 18 1740
585 630 115 27 angäende
725 630 173 21 landskulturen
916 629 69 28 jämte

233 662 76 21 därtill
328 663 100 22 hörande
446 663 151 29 förklaringar
616 664 25 21 af
659 664 43 21 den
722 666 12 19 5
755 664 95 21 oktober
870 665 52 19 1741
944 663 41 22 och

233 697 44 21 den
297 699 25 19 12
341 699 89 26 augusti
452 700 61 24 1752,
534 698 163 28 förordningen
717 699 43 20 den
780 699 25 20 17
825 698 90 27 augusti
932 700 53 19 1762

232 739 28 13 m.
281 731 22 22 fl.
320 733 140 27 stadganden
480 733 49 20 icke
545 740 47 14 mer
608 735 37 19 äro
661 733 112 28 gällande,
789 733 32 20 uti
840 734 10 19 7
867 733 13 28 &
897 732 88 21 utöfver

232 766 180 28 propositionens
433 767 86 28 lydelse
538 767 74 28 tillagt
631 767 70 22 orden
722 784 8 9 ,
735 767 72 27 enligt
826 767 96 27 tidigare
939 767 46 28 gäl-

231 800 68 21 lande
314 800 57 28 lag".

553 946 19 26 3
591 947 70 30 kap.

138 1012 36 21 18.
300 1007 40 22 Uti
357 1010 12 19 3
386 1015 65 14 mom.
470 1011 9 18 1
496 1009 13 28 &
525 1009 41 20 har
585 1009 111 20 utskottet
713 1008 52 21 från
782 1010 10 19 1
810 1015 65 14 mom.
894 1009 38 19 136
949 1008 12 27 S
978 1007 6 20 i

95 1041 32 39 sä
140 1046 56 21 mom.
218 1042 182 31 propositionen
417 1043 81 28 intagit
514 1046 32 18 ett
562 1043 131 28 stadgande,
710 1050 48 14 som
775 1043 72 26 enligt
857 1042 44 21 den
912 1042 72 20 affatt-

87 1063 5 21 (1965:
133 1063 91 23 prop.)
230 1076 57 28 ning
301 1076 109 21 utskottet
422 1077 67 27 gifvit
501 1077 122 21 detsamma
634 1077 125 21 innehäller
770 1076 83 21 förbud
864 1076 35 20 för
910 1076 74 27 styck-

230 1110 57 28 ning
303 1110 25 21 af
340 1110 114 28 lägenhet,
470 1118 48 14 som
534 1114 24 18 är
573 1112 6 20 i
595 1111 152 28 samfällighet
763 1110 51 21 med
829 1110 70 21 andra
909 1110 74 27 lägen-

230 1144 65 21 heter
311 1144 53 21 eller
380 1145 40 21 har
436 1146 47 20 sina
499 1147 48 19 räer
560 1146 6 20 i
577 1146 126 27 väsentliga
720 1145 62 21 delar
798 1144 124 28 orörlagda.
940 1144 43 21 Det

230 1181 25 18 är
278 1179 57 21 dock
358 1179 58 22 efter
435 1180 84 21 tvekan
535 1181 110 20 utskottet
662 1180 90 21 beslutit
769 1180 35 27 sig
819 1179 35 21 för
870 1182 32 18 att
918 1179 5 20 i
940 1179 43 21 för-

229 1213 74 28 slaget
325 1213 113 22 bibehälla
461 1215 60 20 detta
540 1215 131 27 stadgande.
702 1215 35 20 De
753 1214 55 24 skäl,
825 1221 47 14 som
889 1213 43 21 tala
948 1213 34 21 för

229 1249 34 19 ett
278 1247 80 22 förbud
375 1251 33 18 att
424 1248 80 28 klyfva
519 1249 106 27 lägenhet
641 1249 51 20 med
705 1247 133 22 obestämda
849 1249 55 24 räer,
915 1255 68 21 synas

228 1281 115 28 nämligen
363 1283 50 20 icke
436 1283 69 20 hafva
527 1290 84 13 samma
631 1283 106 28 giltighet
753 1283 7 20 i
776 1282 66 27 fräga
857 1289 34 14 om
908 1282 75 27 styck-

228 1316 63 27 ning,
311 1319 53 18 enär
382 1317 38 20 det
436 1317 96 25 omräde,
549 1325 47 13 som
613 1317 107 28 afskiljes,
737 1319 24 18 är
777 1317 34 20 till
828 1316 48 21 sina
892 1319 92 24 gränser

228 1349 114 22 bestämdt
357 1351 43 21 och
416 1351 91 22 därmed
524 1352 89 20 arealen
629 1351 25 22 af
669 1351 43 22 den
727 1359 48 20 nya
790 1351 136 27 lägenheten
941 1350 42 29 gif-

227 1391 52 14 ven.
310 1385 122 22 Dessutom
451 1386 89 21 komme
556 1386 173 27 ifrägavarande
744 1385 91 25 förbud,
852 1392 48 14 som
916 1385 67 21 ocksä

227 1419 73 27 gäller
316 1419 139 29 afsöndring,
472 1423 33 18 att
520 1420 106 21 särskildt
641 1421 7 20 i
664 1420 89 21 landets
770 1419 90 28 sydliga
872 1419 42 22 och
926 1423 57 17 vest-

227 1452 47 29 liga
290 1453 67 26 delar,
374 1454 40 21 där
432 1455 81 28 byalag
528 1455 80 24 finnas,
624 1455 79 20 hvilka
716 1454 74 28 aldrig
800 1453 122 28 undergätt
933 1453 50 21 full-

297 1493 51 23 Lag-
361 1494 34 17 och
408 1494 183 18 ekonomiutskottets
604 1494 115 17 betänkande
731 1493 39 19 N:o
784 1495 16 16 5.
