1095 1739
467 123 42 21 N:o
521 125 11 20 5
823 124 26 19 27

126 191 119 21 äfvensom
269 191 27 21 af
314 191 77 28 öfriga
409 191 114 29 åtgärder,
543 198 49 15 som
611 191 74 28 enligt
700 191 77 21 denna
792 190 88 23 förord-

124 225 58 28 ning
205 225 14 21 å
241 225 161 28 vägstyrelsen
425 225 129 22 ankomma.
586 223 73 24 Öfver
673 225 132 28 vägkassan
820 225 61 21 låter

124 259 163 28 vägstyrelsen
309 260 52 21 föra
382 259 156 30 fullständiga
557 260 164 28 räkenskaper,
741 259 80 22 hvilka
843 259 41 22 för

125 293 138 22 kalenderår
279 294 104 21 afslutas.

194 328 167 29 Vägstyrelsen
383 331 65 20 utser
467 329 64 22 inom
549 329 37 28 sig
606 329 141 22 ordförande
763 328 43 22 och
821 335 59 14 sam-

125 363 134 21 manträder
280 363 31 28 på
333 363 96 22 kallelse
452 363 26 22 af
499 364 85 21 honom
605 366 59 19 samt
682 363 43 22 bör
740 363 37 21 för
792 362 90 22 besluts

125 397 108 22 fattande
255 405 56 14 vara
333 397 111 29 fulltalig.
478 398 81 29 Yppas
582 397 63 22 olika
667 397 129 28 meningar,
818 396 63 29 gälle

126 438 48 14 som
191 431 125 29 styrelsens
333 431 75 22 beslut
424 432 45 21 den
484 432 101 28 mening,
602 438 49 15 som
667 431 112 21 omfattas
794 431 26 21 af
828 431 52 21 fler-

125 466 65 28 talet,
207 468 66 26 samt,
288 466 40 22 vid
348 466 48 22 lika
416 468 79 27 röster,
513 466 51 28 den,
581 474 48 14 som
645 466 103 22 biträdes
763 466 27 21 af
803 465 78 22 ordfö-

125 500 96 22 randen.

195 535 115 29 Beloppet
325 536 27 20 af
365 536 39 21 det
419 536 174 28 vägstyrelsens
609 535 140 22 ordförande
765 535 44 22 och
819 534 65 22 leda-

126 571 75 20 möter
223 570 179 21 tillkommande
424 570 86 22 arvode
532 570 129 22 fastställes
684 570 27 22 af
729 570 28 21 de
777 568 104 30 väghåll-

126 604 186 29 ningsskyldige.

474 664 27 20 48
517 663 20 26 8.

196 708 47 22 För
260 708 174 22 bestämmande
452 708 27 22 af
491 708 112 28 beloppet
620 708 26 21 af
661 708 28 21 de
707 708 36 21 till
761 708 121 28 vägbygg-

127 742 134 28 nadslagets
280 742 68 22 kassa
362 742 117 28 utgående
496 742 89 29 bidrag,
601 742 138 28 uppskattar
753 742 131 29 vägstyrel-

127 784 47 20 sen,
191 776 111 22 särskildt
316 777 38 21 för
369 776 81 29 hvarje
465 777 37 21 till
512 776 170 29 vägunderhåll
693 777 25 21 in
729 779 83 19 natura
822 776 60 28 plig-

127 811 36 28 tig
183 811 171 29 jordlägenhet,
378 811 75 29 årliga
475 811 131 22 kostnaden
625 812 34 21 för
677 811 102 21 nämnda
798 810 84 22 under-

127 845 49 21 håll
199 846 44 20 den
267 846 35 20 tid
316 846 96 20 marken
428 850 26 17 är
468 846 49 21 bar.
547 846 88 21 Dervid
650 846 43 21 bör
707 846 124 28 iakttagas,
848 847 36 19 att

128 880 89 21 antalet
240 880 150 28 dagsverken,
414 887 49 14 som
486 881 37 21 för
545 880 196 28 vägunderhållet
759 879 125 27 erfordras,

127 914 137 22 förvandlas
280 914 36 22 till
326 914 131 29 penningar
467 915 60 21 efter
538 914 286 28 medelmarkegångspris,
836 913 47 21 för-

127 948 68 28 höjdt
217 948 52 21 med
292 949 33 21 tio
345 951 103 26 procent,
468 951 61 19 samt
544 951 42 25 att,
602 948 40 22 der
657 948 115 29 fastighet
788 952 25 17 är
828 948 55 21 afsi-

129 983 39 21 des
184 982 111 29 liggande
311 983 53 21 från
380 983 135 22 densamma
529 983 107 22 tilldelad
647 983 92 28 väglott
750 983 55 21 eller
816 982 70 28 eljest

128 1017 26 21 så
176 1017 125 28 obeqvämt
323 1017 105 28 belägen,
452 1020 35 19 att
502 1017 149 22 underhållet
669 1017 68 22 deraf
755 1017 130 28 lämpligen

129 1051 20 29 ej
165 1051 47 21 kan
228 1052 27 21 af
268 1052 156 28 fastighetens
440 1059 68 22 egare
524 1052 57 21 eller
595 1052 154 21 innehafvare
764 1051 52 22 med
830 1053 55 26 eget

129 1085 50 22 folk
202 1085 44 22 och
265 1093 59 22 egna
342 1086 98 29 dragare
456 1086 145 28 verkställas,
617 1085 268 22 underhållskostnaden

128 1122 115 27 upptages
258 1120 37 21 till
311 1122 34 19 ett
360 1121 91 28 belopp,
467 1121 163 21 motsvarande
646 1121 45 21 den
707 1120 99 22 kostnad
818 1119 65 22 arbe-

129 1156 45 19 tets
198 1155 125 22 utförande
343 1155 47 21 kan
408 1157 98 27 antagas
522 1155 92 22 komma
629 1157 36 20 att
680 1155 110 26 medföra,
808 1155 78 21 derest

130 1189 128 22 detsamma
274 1189 75 22 skulle
364 1189 99 22 medelst
478 1189 155 29 entreprenad
648 1189 144 22 verkställas.

198 1223 292 29 Uppskattningslängden
505 1224 60 21 skall
581 1224 103 21 härefter
699 1224 41 21 hos
755 1223 132 29 vägstyrel-

129 1264 52 15 sens
198 1258 141 21 ordförande
354 1259 76 21 hållas
445 1259 8 21 i
469 1259 110 21 afseende
595 1259 13 21 &
618 1259 145 28 granskning
773 1259 111 28 tillgäng-

129 1291 33 29 lig
178 1292 37 21 för
230 1293 29 20 de
274 1293 276 29 väghällningsskyldige
566 1293 7 21 i
589 1293 89 28 fjorton
694 1293 83 28 dagars
793 1293 41 26 tid,
851 1299 34 14 se-

129 1326 46 22 dan
198 1326 79 22 derom
292 1327 9 21 i
316 1327 247 29 vägbyggnadslagets
583 1328 87 27 kyrkor
685 1328 40 21 två
740 1327 116 27 söndagar
872 1326 18 21 ä

129 1361 42 21 rad
191 1361 133 29 kungjorts;
346 1362 43 21 och
408 1369 55 21 eger
481 1362 51 25 den,
548 1369 50 14 som
614 1366 24 17 är
653 1362 52 21 med
721 1361 165 29 uppskattnin-

129 1402 45 21 gen
190 1395 119 29 missnöjd,
326 1399 34 18 att
374 1396 42 22 vid
431 1397 77 21 talans
519 1397 86 21 förlust
614 1397 42 21 hos
667 1397 151 21 Guvernören
829 1395 58 22 söka.

130 1429 101 29 ändring
250 1430 63 21 inom
333 1433 27 19 30
376 1431 79 28 dagar,
471 1439 52 14 men
539 1432 54 21 frän
608 1427 78 25 Äland
701 1431 44 21 och
759 1431 128 28 Lappmar-
