1095 1745
350 155 28 21 U.
395 155 27 22 B.
439 166 27 3 --
480 154 73 27 Prop.
571 154 42 21 N:o
629 154 22 21 5.
844 153 38 21 151

127 223 99 21 öfverallt
255 223 160 21 åstadkommes.
453 222 41 21 Det
515 229 63 20 synes
602 223 49 26 mig,
674 225 30 18 att
726 228 47 15 man
798 221 85 22 därmed

127 257 47 21 icke
190 257 38 20 bör
243 257 86 27 ätnöjas.
359 257 64 21 Detta
438 257 91 20 kronans
545 256 73 27 bidrag
635 256 64 21 borde
715 256 106 27 nämligen
833 256 52 21 ökas

127 291 129 21 beträffande
272 291 26 21 de
312 291 132 26 kommuner,
460 291 84 21 hvarest
555 291 260 27 väghäliningsbesväret
810 287 12 36 i
826 297 58 14 mera

127 325 96 22 kännbar
248 326 50 26 grad
326 327 76 26 tynger
427 326 47 21 dess
497 326 149 25 medlemmar;
673 325 64 21 borde
763 325 34 20 vid
821 324 64 21 behof

128 361 73 20 kunna
225 362 80 25 stegras
331 360 30 20 till
387 362 30 19 ett
441 360 138 27 mängfaldigt
604 360 64 27 högre
694 359 81 28 belopp,
798 361 26 19 än
850 359 35 20 det

128 401 28 14 nu
183 394 122 26 föreslagna.
335 394 41 21 Det
403 394 44 21 står
471 397 58 18 utom
554 395 30 20 alt
608 394 79 25 tvifvel,
713 396 30 19 att
760 393 124 27 regeringen

128 428 68 21 skulle
212 428 68 21 härtill
299 428 77 27 bifalla,
392 431 20 24 ty
429 429 7 20 i
453 428 75 28 nädiga
542 428 162 27 propositionen,
718 428 109 25 angäende
837 427 48 20 ord-

129 462 78 21 nandet
222 462 21 21 af
258 463 191 27 skjutshällningen
465 463 39 21 och
520 463 199 27 skjutsanstalterna
735 464 59 25 säges
809 462 6 20 i
827 464 9 23 $
852 462 34 25 27,

128 498 30 19 att
180 497 32 20 för
234 497 41 20 den
299 497 99 20 händelse
421 497 141 21 kostnaderna
587 497 126 27 »öfverstiga
736 497 26 20 30
784 496 59 21 mark
859 495 26 28 pä

129 531 107 25 mantalet,
258 531 95 27 erlägges
374 533 31 19 tre
426 531 126 28 fjärdedelar
571 531 21 21 af
612 531 34 21 det
662 530 171 27 öfverskjutande
849 530 36 21 be-

130 568 62 25 oppet
209 572 24 14 ur
249 565 106 21 allmänna
371 566 89 21 medel».
482 566 11 21 I
509 566 57 21 detta
582 566 79 27 förslag
677 565 127 27 framlägges
820 565 6 20 i
838 564 47 27 tyd-

129 599 41 28 liga
190 600 86 27 ordalag
292 599 128 22 beträffande
436 600 182 27 skjuthällningen
634 600 41 21 den
691 600 88 27 princip,
793 605 45 15 som
851 599 35 27 jag

129 634 62 21 ofvan
208 634 107 27 föreslagit
330 634 162 21 vidkommande
509 634 250 28 väghällningsbesväret.

199 669 116 21 Utskottets
325 669 79 27 förslag
414 676 34 14 om
460 671 29 19 ett
499 669 48 21 hela
558 669 71 21 landet
640 669 129 21 omfattande
778 668 107 27 vägbygg-

129 703 88 27 nadslag
239 703 43 21 stär
304 703 32 21 för
358 703 63 28 öfrigt
435 704 7 20 i
458 703 120 28 fullkomlig
600 703 49 21 strid
667 703 47 22 med
732 703 40 21 den
788 703 99 26 riktning,

129 738 31 20 uti
178 738 84 20 hvilken
284 738 148 27 utvecklingen
452 739 127 20 härutinnan
596 739 6 19 i
618 738 74 27 själfva
708 738 72 21 verket
796 737 91 26 fortgätt.

129 769 69 24 Äfven
228 772 40 21 den
296 772 32 21 för
351 773 117 20 ordnandet
489 773 21 20 af
532 773 244 27 väghällningsbesväret
799 771 87 21 tillsatta

129 807 91 20 komiten
244 807 60 20 anför
320 807 12 20 å
347 807 37 20 sid.
405 807 50 21 102:
474 810 41 18 »att
531 807 67 21 under
614 813 75 14 senare
704 807 54 21 tider
773 809 29 18 ett
826 807 60 20 sträf-

131 841 68 20 vande
222 847 44 14 mer
289 841 38 21 och
351 847 44 15 mer
417 842 55 27 gjort
494 842 32 27 sig
550 841 97 28 gällande
668 843 30 19 att
720 842 50 20 söka
793 841 21 21 fä
837 842 49 25 väg-

131 875 177 27 byggnadslagets
316 876 39 20 och
364 876 141 20 kommunens
513 878 87 25 gränser
608 877 29 19 att
647 876 152 26 sammanfalla,
808 875 80 21 hvilket

130 903 131 27 förhällande
277 910 61 20 äfven
355 910 66 21 mäste
436 916 62 15 anses
513 910 43 21 helt
567 910 100 27 naturligt
677 910 7 20 i
696 910 135 21 betraktande
845 911 43 19 sär-

131 943 64 21 skildt
218 944 20 20 af
262 944 25 20 de
309 944 118 28 betydande
451 944 91 22 fördelar
564 951 26 14 en
614 944 57 27 dylik
695 944 118 28 anordning
834 944 54 20 varit

132 978 68 27 egnad
210 980 29 19 att
247 978 114 27 tillskynda
370 979 158 21 vederbörande
537 979 263 28 väghällningsskyldige».
808 979 29 21 Af
846 979 42 20 318

131 1013 188 27 vägbyggnadslag
341 1014 86 20 omfatta
452 1014 32 20 för
509 1014 130 20 närvarande
667 1014 41 20 204
735 1020 26 14 en
785 1014 102 20 kommun

131 1048 39 20 och
204 1048 12 20 8
246 1049 28 19 ett
304 1048 81 20 mindre
419 1048 91 26 omräde,
547 1048 82 20 hvadan
659 1048 89 20 sälunda
773 1047 34 21 tvä
832 1047 56 21 tred-

130 1082 81 26 jedelar
239 1082 21 20 af
289 1082 41 20 alla
360 1082 186 28 vägbyggnadslag
577 1084 84 25 utgöras
688 1082 21 21 af
732 1088 25 15 en
781 1082 106 20 kommun.

130 1116 32 20 De
178 1116 67 28 öfriga
260 1116 67 21 bildas
342 1117 32 20 för
389 1117 36 21 det
441 1119 66 19 mesta
522 1117 21 20 af
559 1124 25 14 en
598 1117 104 27 »gammal
713 1117 90 21 socken»
815 1116 18 20 d.
845 1122 43 14 v.s.

131 1150 21 21 af
172 1151 197 27 moderförsamling
390 1152 64 26 jämte
471 1151 74 27 kapell,
561 1151 70 21 hvilka
647 1151 129 21 sistnämnda
791 1151 6 20 i
813 1156 27 15 en
856 1156 32 15 se-

132 1191 50 15 nare
205 1185 28 21 tid
256 1185 68 21 blifvit
346 1185 145 27 själfständiga
506 1186 94 20 socknar.
630 1185 41 21 För
687 1186 40 20 den
744 1185 99 21 händelse
859 1186 30 20 att

131 1219 60 21 dessa
207 1219 63 21 äfven
286 1220 105 26 framgent
406 1220 94 21 önskade
515 1220 140 20 tilisammans
671 1220 56 20 bilda
740 1222 29 18 ett
781 1219 108 27 vägbygg-

131 1253 94 28 nadslag,
241 1260 49 15 vore
309 1254 22 27 ju
351 1254 56 21 detta
423 1254 57 21 såväl
496 1254 66 28 enligt
577 1254 77 26 nådiga
669 1254 157 27 propositionen
842 1259 46 15 som

131 1288 66 27 enligt
218 1288 103 21 komiténs
345 1289 78 26 förslag
444 1289 48 20 dem
514 1288 82 22 tillåtet.
626 1290 43 24 Att,
693 1289 67 21 såsom
782 1288 107 21 Utskottet

130 1323 52 26 gör,
199 1322 71 27 tvinga
292 1322 47 21 hela
362 1322 72 21 landet
452 1324 30 19 att
498 1322 56 21 bilda
570 1325 29 18 ett
621 1323 54 20 enda
696 1321 193 28 vägbyggnadslag,

130 1357 40 20 kan
187 1357 94 20 däremot
297 1357 17 26 ej
333 1363 49 14 vara
397 1357 128 20 välbetänkt.
557 1357 73 20 Redan
649 1357 74 20 enbart
739 1357 41 20 den
796 1357 93 20 omstän-

130 1391 105 26 digheten,
258 1393 30 19 att
310 1391 35 20 det
361 1391 137 21 kommunala
514 1390 230 28 beskattningssättet
735 1386 12 36 i
760 1391 55 21 olika
831 1390 59 21 delar

130 1425 21 20 af
173 1425 72 21 landet
266 1427 23 19 är
304 1425 129 28 fullkomligt
449 1425 61 26 olika,
528 1427 37 26 gör
580 1428 30 19 ett
625 1427 132 25 gemensamt
772 1425 117 27 utgörande

129 1459 22 20 af
167 1459 227 28 väghållningstungan
416 1460 115 27 olämpligt.
560 1460 41 21 För
616 1462 29 19 att
661 1459 115 28 framlägga
791 1459 53 21 blott
859 1461 30 19 ett

198 1505 48 22 Lag-
258 1505 32 18 och
304 1505 185 18 Ekonomiutskottets
502 1505 110 18 betänkande
625 1506 40 17 N:o
677 1508 16 15 4.
