1095 1753
111 347 25 44 48
150 362 18 24 8.

247 159 26 19 72
461 158 21 23 U.
500 158 22 22 B.
538 171 27 4 —
582 159 60 27 Prop.
659 159 35 22 N:o
710 159 21 22 6.

217 220 62 29 lägg,
295 223 33 19 att
342 221 134 29 utstakning
496 222 57 21 skall
572 222 93 28 vidtaga
681 224 12 19 ä
707 222 39 25 tid,
764 229 47 14 som
826 222 38 21 vid
881 221 91 22 kartans

217 255 144 22 förevisande
380 256 131 25 meddelats,
532 256 43 21 och
594 256 115 29 dymedels
731 256 68 28 gifvit
814 256 111 21 tillkänna
940 258 33 19 att

218 289 70 28 sagda
306 289 136 30 förrättning
462 291 44 21 kan
526 298 42 21 ega
586 298 50 14 rum
654 294 55 18 utan
727 293 33 19 att
778 291 138 27 sakegarene
934 293 38 18 äro

217 319 117 38 tillstädes.
837 343 4 4 s

287 358 39 22 Uti
344 360 28 20 48
391 360 19 26 &,
429 366 48 14 som
495 359 101 22 affattats
613 360 52 21 med
680 360 93 28 ledning
789 358 25 22 af
829 361 26 19 76
871 359 14 28 $
900 359 7 20 i
922 366 50 21 pro-

73 392 29 22 (76
115 392 25 22 $i
151 392 60 23 prop.)
222 393 129 27 positionen,
375 394 41 20 har
438 394 113 21 utskottet
571 394 86 28 jämväl
679 394 98 28 vidtagit
794 395 72 26 några
886 393 86 21 mindre

115 943 17 17 51
146 943 19 24 8.

71 972 30 21 (78
117 978 16 11 0.
151 973 21 17 79

100 995 6 17 i
119 996 62 22 prop.)

113 1053 22 17 56
147 1052 19 24 8.

217 427 127 28 ändringar.
377 428 99 21 Sälunda
495 428 40 21 har
553 428 144 29 tidpunkten,
713 428 59 22 efter
787 428 94 21 hvilken
896 428 75 28 lägen-

216 461 119 29 hetsegare
350 462 50 22 icke
415 462 46 22 kan
475 463 89 28 päyrka
580 463 27 21 de
618 463 84 28 öfrigas
715 462 213 29 skyldigkännande
939 465 33 17 att

217 496 90 28 deltaga
322 497 7 20 i
344 497 152 21 kostnaderna
514 497 37 21 för
566 497 135 29 utflyttning
717 497 25 21 af
757 497 102 25 brukare,
875 497 7 20 i
899 496 72 22 öfver-

216 531 168 21 ensstämmelse
396 532 50 20 med
456 532 25 20 af
486 532 112 21 utskottet
607 532 94 28 tidigare
711 531 130 22 verkstälda
849 531 123 28 ändringar

216 564 7 22 i
239 565 175 29 propositionen,
431 566 110 21 faststälts
557 566 35 21 till
608 566 159 28 kungörandet
782 566 25 21 af
821 565 84 22 skiftet.
933 565 38 22 Uti

215 599 74 29 tredje
311 603 123 18 momentet
453 600 41 22 har
514 600 68 22 bland
603 600 270 29 utflyttningskostnader
893 602 79 26 uppta-

216 634 45 28 gits
275 634 85 28 jämväl
376 635 127 21 kostnaden
519 636 35 21 för
570 635 127 21 inrättande
713 636 26 20 af
752 634 165 29 afloppsdiken,
929 634 42 22 och

216 668 107 29 slutligen
343 669 41 21 har
401 670 7 21 i
424 672 13 18 4
455 677 66 14 mom.
541 670 26 21 af
580 672 27 19 48
623 670 13 28 S
652 670 81 21 införts
752 669 126 28 stadgande
894 669 78 21 därom

216 705 33 19 att
272 703 132 28 ersättning,
428 711 47 14 som
498 704 187 28 lägenhetsegare
708 704 44 21 kan
776 703 91 21 komma
887 705 34 19 att
938 703 33 20 till

215 737 131 28 legotagare
364 738 91 27 utgifva
474 740 28 26 pä
520 739 70 20 sädan
606 739 74 27 grund
695 741 34 18 att
743 737 134 29 legoaftalet
892 738 7 20 i
914 737 56 28 följd

216 771 23 21 af
260 771 78 22 skiftet
357 772 6 21 i
379 773 34 20 sin
434 773 77 21 helhet
531 773 53 21 eller
608 773 71 21 delvis
700 772 109 25 förfaller,
829 772 58 21 skall
907 779 64 14 anses

216 805 48 22 lika
286 806 51 21 med
360 807 252 28 utflyttningskostnad,
633 807 7 21 i
659 807 58 28 följd
739 806 84 22 hvaraf
841 807 44 20 den
908 805 63 29 godt-

217 840 95 28 görelse,
337 841 185 28 lägenhetsegare
545 841 45 21 kan
612 841 92 28 pröfvas
729 841 55 21 böra
803 841 126 20 tillkomma
948 839 26 22 af

217 875 75 28 öfriga
307 875 192 29 lägenhetsegare,
516 876 57 21 skall
588 879 92 25 utgöras
695 876 57 21 efter
768 875 7 21 i
787 875 136 28 paragrafen
935 881 36 14 an-

217 909 66 28 gifna
298 910 104 28 grunder.

286 944 145 21 Beträffande
450 944 124 22 innehållet
592 944 25 21 af
632 947 9 18 1
659 951 64 14 mom.
743 947 26 18 51
786 944 14 28 &
816 943 106 22 hänvisas
937 943 34 21 till

183 969 27 43 55
216 978 62 21 hvad
297 979 110 21 utskottet
426 981 72 26 yttrat
516 979 39 21 vid
574 979 45 21 den
634 979 111 21 allmänna
762 978 171 29 granskningen
948 977 24 21 af

215 1013 183 28 propositionens
413 1013 92 28 förslag.

285 1047 12 21 I
311 1047 65 28 fråga
392 1054 37 14 om
444 1048 63 20 tiden
522 1047 36 21 för
574 1047 189 22 skifteslotternas
774 1047 146 21 tillträdande
931 1046 40 20 har

71 1081 40 27 (121
120 1087 16 11 0.
146 1083 33 16 129
188 1076 20 38 $$
215 1082 112 20 utskottet
345 1082 3 20 i
371 1084 5 18 2
392 1089 66 14 mom.
475 1084 26 18 56
513 1082 13 28 &
538 1082 105 28 upptagit
657 1081 134 22 hithörande
803 1080 167 28 bestämningar

99 1110 6 11 i
118 1110 53 17 prop.

215 1116 6 20 i
239 1118 40 19 129
295 1116 14 28 8
325 1116 25 21 af
363 1116 170 28 propositionen
548 1116 50 21 med
616 1116 125 22 beaktande
756 1116 71 21 likväl
843 1116 26 20 af
878 1118 33 18 att
922 1115 48 21 sak-

215 1157 68 21 egare
300 1151 8 20 i
323 1150 78 28 regeln
418 1150 58 22 först
494 1158 82 20 genom
594 1150 135 28 kungörelse
750 1150 96 21 erhäller
865 1149 105 28 kunskap

214 1191 37 14 om
272 1186 33 19 att
320 1184 79 21 skiftet
417 1187 24 18 är
459 1184 129 28 lagständet
607 1184 42 22 och
667 1187 33 18 att
715 1183 232 29 egodelningsrätten,
964 1184 5 20 i

214 1218 41 22 fall
275 1218 25 22 af
316 1218 87 26 besvär,
425 1219 45 21 kan
490 1219 124 21 bestämma
632 1219 62 21 tiden
713 1218 35 22 för
764 1218 111 22 tillträdet
891 1226 79 14 annor-

213 1252 77 22 lunda.

284 1287 142 28 Stadgandet
440 1288 8 20 i
465 1289 38 19 121
520 1287 14 29 S
550 1287 25 21 af
588 1288 169 28 propositionen
769 1287 118 28 angående
898 1287 72 21 landt-

213 1324 113 19 mätarens
346 1322 132 28 skyldighet
493 1325 33 18 att
542 1322 95 21 aflemna
652 1322 63 21 bevis
731 1322 66 21 öfver
813 1321 97 22 slutförd
926 1321 44 22 för-

213 1356 103 28 rättning
330 1356 42 21 har
391 1356 111 22 utskottet
520 1356 7 21 i
551 1358 5 19 3
576 1364 65 14 mom.
661 1356 25 21 af
699 1358 26 19 56
741 1356 15 28 S
770 1356 136 28 förtydligat
921 1356 48 21 där-

212 1390 47 21 hän
275 1393 33 18 att
323 1390 64 21 ordet
399 1393 165 24 ,gemensamt*
576 1390 115 28 inskjutits
702 1390 96 21 framför
811 1390 70 21 orden
893 1390 76 25 ,bevis

212 1424 100 21 härom*.
338 1425 53 20 Men
410 1426 30 27 pä
456 1425 38 20 det
508 1425 165 20 landtmätaren
693 1425 49 20 icke
758 1426 30 26 pä
803 1424 75 28 grund
895 1424 25 21 af
934 1424 35 21 be-

212 1459 68 21 rörda
298 1459 126 27 stadgande
442 1459 58 20 skall
515 1466 53 13 anse
584 1459 35 28 sig
633 1459 108 20 frikallad
756 1459 53 20 frän
823 1458 146 29 utgifvandet

282 1498 50 23 Lag-
346 1499 33 17 och
392 1499 184 18 ekonomiutskottets
589 1499 114 17 betänkande
715 1499 39 18 N:o
768 1504 16 12 5.
