1092 1695
368 130 22 22 U.
407 130 22 22 B.
446 143 25 3 —
489 131 61 27 Prop.
566 130 36 22 N:o
618 130 21 22 6.
872 131 12 19 9

482 193 49 28 48.

197 231 144 30 Afsöndring
355 233 51 21 från
421 233 179 22 kronohemman
614 239 54 15 vare
685 232 81 21 endast
778 231 8 22 i
797 231 39 22 det
846 231 40 21 fall

130 266 96 26 tillåten,
250 269 34 19 att
307 267 40 21 det
369 267 137 22 afsöndrade
530 267 102 22 området
655 266 57 21 skall
731 266 35 21 för
786 266 99 21 kronans

130 300 99 29 räkning
243 301 122 22 användas.

199 335 50 28 Lag
271 342 85 15 samma
378 343 54 14 vare
455 343 36 14 om
511 336 91 25 sådana,
618 335 52 22 stad
686 335 55 21 eller
756 334 83 22 allmän
854 334 32 21 in-

131 369 104 28 rättning
257 369 116 29 tillhöriga
391 370 140 28 lägenheter,
552 377 48 15 som
615 369 53 22 med
684 369 98 29 stadgad
797 369 89 21 åborätt

131 403 106 26 besittas;
257 404 58 22 dock
331 406 33 20 att
380 404 134 29 afsöndring
529 405 50 21 från
595 405 64 28 dylik
673 404 109 28 lägenhet
797 404 34 20 får
846 403 40 21 ske

130 437 86 28 jemväl
231 438 35 21 för
281 438 93 22 stadens
392 439 54 21 eller
461 439 168 28 inrättningens
645 438 103 29 räkning.

487 521 12 19 5
515 519 20 29 8.

202 558 96 21 Kronan
320 559 55 21 eller
397 559 109 22 kommun
525 559 102 28 tillhörig
642 559 76 20 frälse-
734 558 55 21 eller
804 557 84 21 skatte-

133 591 115 28 lägenhet,
271 592 50 22 från
343 593 94 22 hvilken
460 593 134 29 afsöndring
609 593 35 21 får
659 600 43 21 ega
716 599 56 18 rum,
789 593 42 24 må,
848 591 40 22 der

134 625 51 22 dess
201 626 112 23 allmänna
329 627 120 29 utskylder
464 628 43 21 och
523 628 81 21 besvär
620 627 23 22 af
658 634 84 21 egaren
751 626 137 28 öfvertagas,

132 659 8 22 i
163 661 35 20 sin
219 661 79 22 helhet
321 661 62 22 delas
403 663 7 20 i
425 663 117 27 parceller,
560 662 86 21 enhvar
661 661 51 22 med
729 659 159 23 motsvarande

134 694 223 31 afgäldsskyldighet
372 697 35 20 till
422 697 88 21 kronan
526 697 54 21 eller
596 697 145 20 kommunen.

489 778 12 19 6
517 777 20 28 S.

203 815 89 22 Parcell
313 817 37 20 mä
366 817 61 20 delas
442 817 8 20 i
465 817 57 21 flere
538 817 116 28 parceller,
670 815 80 28 hvarje
764 815 53 21 med
833 816 56 19 mot-

135 849 111 22 svarande
262 850 224 29 afgäldsskyldighet
501 851 35 22 till
552 854 112 18 stommen
680 850 61 26 eller,
756 849 8 22 i
780 850 28 21 de
824 848 8 22 i
848 851 12 19 5
875 849 14 29 8

135 883 149 22 omförmälda
301 885 46 25 fall,
363 885 35 21 till
413 885 88 22 kronan
517 886 53 21 eller
586 886 144 21 kommunen.
762 884 42 22 Om
820 884 71 21 sädan

135 917 94 29 delning
255 919 60 28 gälle
337 919 7 21 i
367 920 135 28 tillämpliga
528 920 62 21 delar
613 920 61 21 hvad
697 927 36 14 om
757 918 135 28 afsöndring

135 951 99 29 stadgas.

205 987 42 22 Om
263 988 94 29 delning
371 989 24 21 af
407 989 238 28 strömfallslägenhet,
656 989 59 28 gälle
726 988 61 21 hvad
798 987 7 22 i
816 989 12 19 2
839 987 51 28 kap.

137 1023 9 19 1
164 1021 13 29 8
193 1021 74 28 fjerde
281 1030 67 14 mom.
364 1025 69 26 sagts.
456 1023 51 29 Lag
522 1031 84 14 samma
621 1031 54 14 vare
692 1030 36 14 om
740 1022 92 29 parcell,
844 1029 48 14 som

137 1055 74 22 består
227 1056 23 21 af
265 1057 116 21 strömfall
412 1057 102 29 Delning
532 1058 22 21 af
570 1059 69 20 annat
654 1057 134 22 afsöndradt
803 1058 89 20 vatten-

136 1091 92 20 omräde
247 1098 54 15 vare
321 1091 93 22 alldeles
429 1092 124 28 förbjuden
568 1094 64 19 utom
648 1092 7 21 i
671 1091 28 22 de
714 1091 34 22 uti
763 1093 13 19 3
792 1091 14 28 &
822 1090 71 21 andra

136 1132 66 14 mom.
218 1125 99 22 nämnda
332 1126 177 29 undantagsfall.

491 1208 48 28 78.

205 1245 27 29 Ej
249 1248 36 19 mä
300 1254 83 20 genom
399 1247 124 29 styckning
538 1247 78 22 bildad
632 1255 32 20 ny
676 1247 109 28 lägenhet
795 1247 65 21 bestä
870 1245 24 22 af

136 1279 57 21 flere
208 1282 29 19 än
252 1282 35 20 tre
303 1281 73 21 skilda
387 1282 148 28 egostycken,
544 1281 88 21 mindre
644 1281 87 21 holmar
742 1280 151 26 oberäknade,

136 1314 55 21 eller
206 1314 85 29 parcell
306 1315 23 22 af
343 1315 56 22 flere
414 1319 28 18 än
453 1318 35 19 ett
499 1316 131 28 egostycke,
638 1316 53 21 med
701 1315 88 22 mindre
800 1322 94 21 synner-

136 1348 46 29 liga
199 1349 49 21 skäl
263 1349 76 22 dertill
355 1353 44 20 äro.

205 1443 17 20 *)
235 1443 64 22 Enligt
312 1444 43 16 1902
368 1443 31 17 ärs
411 1443 20 17 F.

205 1477 48 23 Lag-
265 1477 31 18 och
308 1476 176 19 ekonomiutskottets
497 1477 110 18 betänkande
619 1476 36 19 N:o
668 1477 17 17 5.

911 238 10 16 6
934 237 11 22 8
957 237 21 17 95
991 236 20 17 F.

913 564 68 22 4895
994 563 20 18 EF.

933 593 32 17 137
977 592 17 23 8.

904 823 10 16 5
926 822 11 22 8
949 823 22 16 95
984 821 45 21 F.”)

935 851 32 17 138
979 849 17 23 8.

912 1251 18 17 2
947 1251 15 18 &
975 1250 18 18 31
1005 1250 24 22 88

935 1281 21 15 95
969 1279 38 22 F.*)

938 1310 31 16 143
982 1308 17 22 &.
