1098 1736
332 145 31 24 U.
378 145 29 22 B.
421 158 30 3 —
465 145 74 28 Prop.
555 144 43 24 N:o
614 144 22 23 1.

369 559 221 25 Reservationer.

451 660 46 27 EI

169 747 12 21 I
196 747 105 29 enlighet
318 747 52 21 med
386 747 62 21 hvad
465 746 124 23 Utskottet
599 746 35 22 uti
649 746 122 22 skrifvelse
782 747 27 22 af
817 747 46 22 den

100 785 26 18 31
150 782 100 22 Januari
275 782 54 21 1905
352 781 41 22 hos
418 781 132 22 Ständerna
570 781 91 22 anmält
684 781 42 22 har
740 781 123 22 Utskottet

100 816 85 22 skridit
208 816 37 22 till
265 816 166 21 förberedande
447 816 179 28 handläggning
643 816 26 21 af
682 815 181 29 ifrägavarande

101 850 91 27 ärende,
216 850 89 22 hvilket
327 850 79 21 arbete
427 850 8 21 i
456 850 46 28 dag
517 850 114 21 slutförts.
664 850 63 21 Därä
741 850 42 21 har
797 850 66 21 inom

101 884 122 23 Utskottet
243 885 111 28 päyrkats
376 887 35 19 att
433 884 123 23 Utskottet
580 884 75 22 skulle
672 884 43 22 hos
731 884 133 22 Ständerna

101 918 87 22 föreslå
200 919 171 28 godkännande
395 919 26 21 af
435 919 40 21 det
490 919 100 22 sålunda
606 919 123 22 tillkomna
743 918 120 28 förslaget,

102 953 44 22 och
160 953 44 22 har
219 953 45 22 den
279 953 60 22 hälft
355 953 26 22 af
393 953 130 28 Utskottet,
548 961 49 14 som
613 960 84 22 genom
713 953 44 22 den
773 952 92 29 aflagda

103 987 129 22 röstsedeln
247 987 78 22 blifvit
341 988 52 21 dess
414 987 123 30 majoritet,
554 987 93 22 beslutit
662 988 26 21 sä
702 987 91 22 förfara.

173 1022 37 21 Då
232 1022 128 22 emellertid
382 1022 45 21 den
443 1022 91 29 lagliga
551 1022 130 29 ordningen
696 1022 8 21 i
718 1021 81 22 landet
812 1021 52 22 icke

104 1055 80 23 blifvit
207 1057 119 21 återställd
349 1057 25 21 så
396 1059 41 24 att,
459 1057 76 28 enligt
557 1057 42 21 vår
623 1057 77 26 tanke,
715 1058 35 20 ett
764 1055 101 23 normalt

105 1090 205 29 landtdagsarbete
331 1091 78 23 kunde
427 1099 43 20 ega
493 1099 51 14 rum
568 1091 43 22 och
626 1099 30 14 en
670 1091 77 28 saklig
762 1090 102 23 behand-

105 1124 51 29 ling
171 1125 27 22 af
210 1125 151 22 förevarande
377 1125 85 22 ärende
477 1126 64 21 inom
552 1126 132 21 Ständerna
694 1125 46 27 ske,
753 1125 24 22 få
787 1125 24 22 vi
821 1125 43 22 hos

106 1158 131 23 Ständerna
251 1160 118 22 vördsamt
384 1160 97 21 föreslå:

381 1253 31 18 att
436 1250 132 26 Ständerna,
593 1251 68 20 under
677 1251 130 27 hänvisning
831 1250 34 21 till

313 1285 58 21 hvad
389 1285 8 20 i
413 1284 139 22 Ständernas
575 1285 152 28 underdåniga
751 1284 114 29 skrifvelse

313 1319 31 28 af
355 1319 42 21 den
412 1321 29 19 31
456 1319 117 22 December
591 1321 58 20 1904
656 1319 147 28 framhållits,
815 1319 52 21 ville

313 1353 38 21 hos
375 1353 64 22 Hans
463 1353 127 29 Kejserliga
612 1353 104 28 Majestät
734 1354 8 20 i
756 1353 110 22 underdå-

313 1387 73 28 nighet
409 1388 90 21 anmäla
523 1391 39 24 att,
585 1390 53 19 enär
660 1388 42 21 den
717 1389 83 28 lagliga
815 1387 51 22 ord-

313 1422 80 27 ningen
409 1423 8 20 i
433 1422 76 21 landet
531 1422 47 21 icke
600 1422 75 28 blifvit
698 1422 108 22 återstäld
827 1421 40 22 och

307 1456 226 28 förutsättningarna
540 1456 44 28 för
599 1458 28 19 ett
636 1457 94 21 normalt
737 1456 130 28 landidags-

176 1501 197 23 EGrundlagsutskottets
388 1501 112 18 betänkande
513 1502 37 18 N:o
563 1502 15 18 1.
