1092 1698
116 503 20 15 14
149 501 16 23 8.

117 847 21 16 15
150 846 16 22 8.

213 123 27 20 26
457 121 22 23 U.
496 121 22 23 B.
535 135 26 2 —
578 121 61 28 Prop.
655 121 35 23 N:o
706 122 22 22 6.

282 185 62 22 Från
367 185 261 22 landtmäterikontoret
649 185 61 22 skall
732 185 173 22 landtmätaren
926 183 43 22 ock

216 219 168 29 ofördröjligen
400 220 37 21 till
453 219 152 29 begagnande
620 219 114 29 utbegära
749 219 81 22 kartor
844 219 43 22 och
898 218 71 22 hand-

214 253 83 29 lingar,
313 261 50 14 som
385 254 116 22 erfordras
521 254 38 21 till
574 254 144 29 upplysning
732 254 41 21 vid
788 253 181 28 förrättningen.

215 288 36 21 Få
261 288 66 21 dessa
338 288 73 29 enligt
423 288 100 22 särskild
533 288 124 22 föreskrift
666 289 52 21 icke
728 289 8 21 i
747 287 101 30 original
858 287 111 28 utgifvas,

217 322 43 21 och
275 323 191 22 tillhandahållas
481 323 52 21 icke
548 323 172 21 landtmätaren
735 323 87 28 nödiga
836 322 81 21 kartor
927 321 43 22 och

217 357 140 29 handlingar
379 357 28 22 af
427 359 149 27 sakegarene,
599 357 84 29 begäre
705 357 47 22 han
772 357 30 28 på
816 356 153 28 sakegarenes

214 391 130 22 bekostnad
359 392 153 29 erforderliga
527 392 85 29 utdrag
627 399 28 14 ur
670 392 124 21 desamma.

567 455 48 28 28.

283 495 81 29 Angår
379 495 143 29 förrättning
537 503 78 14 annan
630 499 30 17 än
675 495 81 21 frälse-
767 494 57 22 eller
834 493 135 29 skattejord,

217 529 40 21 bör
273 529 38 21 det
327 530 128 22 allmännas
470 532 47 20 rätt
532 530 82 22 dervid
630 530 26 21 af
670 529 85 22 ombud
770 528 108 23 bevakas,

283 564 12 21 I
304 564 83 22 sådant
396 564 109 22 afseende
515 564 59 22 skall
582 564 172 22 landtmätaren
763 564 72 20 minst
843 565 35 19 tre
885 562 85 22 veckor

215 598 70 28 förut,
301 598 52 22 med
369 600 96 28 uppgift
480 607 36 13 om
533 599 76 29 dagen
624 599 44 21 och
678 598 84 27 stället,
774 598 92 21 anmäla
877 604 38 14 om
925 596 45 22 för-

214 633 137 29 rättningen
366 633 41 22 hos
423 634 45 21 den
483 633 139 29 myndighet
637 633 56 21 eller
707 633 148 28 tjensteman,
872 638 49 15 som
936 638 35 14 sa-

214 666 47 22 ken
281 668 84 28 angår;
381 668 43 22 och
439 668 42 22 bör
497 668 167 28 myndigheten
680 668 8 20 i
704 668 42 21 sitt
761 666 156 22 förordnande
933 665 37 22 för

215 702 110 21 ombudet
347 702 81 29 intaga
450 702 72 29 sagda
544 702 96 29 uppgift
662 704 60 19 samt
740 701 137 22 underrätta
894 700 76 22 landt-

214 739 106 19 mätaren
335 744 37 14 om
388 737 44 21 den
447 737 36 21 till
499 737 85 22 ombud
600 736 102 22 utsedde.

567 800 49 27 38.

285 840 184 22 Landtmätaren
487 848 55 14 vare
560 840 94 29 skyldig
674 841 34 20 att
727 839 41 22 tvä
786 839 94 28 gänger,
897 838 74 21 första

216 875 93 28 gängen
325 875 71 21 minst
411 875 88 28 fjorton
510 875 73 28 dagar
594 875 48 21 förr
652 878 29 17 än
693 874 143 27 förrättning
847 873 123 28 företages,

215 908 79 30 utlysa
309 909 75 29 dagen
399 909 42 22 och
457 910 78 21 stället
551 909 37 22 för
603 909 73 21 första
691 907 183 23 sammanträdet
887 914 83 22 genom

215 943 139 29 kungörelse
363 944 8 21 i
379 944 45 22 den
433 944 271 28 ellerdeförsamlingars
709 943 94 29 kyrkor,
812 942 52 22 inom
878 942 92 21 hvilkas

215 978 94 21 omräde
325 978 28 22 de
363 978 135 29 lägenheter
509 979 70 28 ligga,
591 986 49 14 som
650 978 27 21 af
686 977 173 28 förrättningen
870 976 100 22 beröras.

285 1013 162 28 Kungörelsen
468 1013 59 21 skall
550 1012 118 22 innehålla
688 1012 96 22 kallelse
800 1012 14 20 ä
828 1011 143 28 sakegarene

215 1046 44 22 och
283 1048 71 20 andra
377 1049 128 27 rättsegare
529 1049 35 19 att
586 1047 90 21 infinna
691 1047 36 27 sig
741 1046 41 21 vid
798 1045 173 28 förrättningen

215 1087 61 15 samt
288 1082 125 21 meähafva
423 1082 46 21 alla
479 1082 8 20 i
498 1082 66 21 deras
576 1082 64 28 värjo
651 1081 129 28 befintliga,
791 1080 72 22 saken
873 1079 98 22 rörande

215 1116 82 21 kartor
312 1116 42 21 och
370 1116 190 28 egohandlingar,
572 1116 25 21 sä
608 1116 44 21 ock
662 1116 93 21 erinran
768 1117 34 19 att
812 1114 90 22 inkalla
912 1114 59 28 gode

215 1153 55 18 män
285 1150 37 21 för
337 1152 36 20 att
387 1150 40 22 vid
443 1150 172 29 förrättningen
631 1150 97 22 biträda.

285 1185 49 21 Har
349 1184 113 29 sakegare
477 1185 41 21 sitt
537 1185 100 21 hemvist
652 1185 13 21 å
680 1191 84 20 annan,
781 1185 8 19 i
804 1182 167 28 mantalsläng-

215 1219 47 21 den
284 1219 112 28 angifven
419 1219 56 21 eller
495 1219 136 21 annorledes
647 1219 63 21 känd
726 1220 43 26 ort,
785 1218 71 21 varde
872 1224 37 14 om
925 1216 46 22 för-

215 1253 135 29 rättningen
366 1253 153 22 underrättad
533 1261 84 21 genom
627 1253 112 21 särskildt
748 1252 157 22 kallelsebref.
932 1251 39 21 Sä-

215 1288 47 21 dan
285 1287 169 22 underrättelse
477 1288 66 27 skall,
568 1288 60 21 ändå
650 1290 36 19 att
701 1286 151 22 erkännande
867 1293 37 14 om
920 1285 51 21 dess

215 1322 166 28 emottagande
400 1322 21 29 ej
437 1322 129 28 inkommit,
583 1329 66 14 anses
665 1329 57 14 vara
737 1320 128 29 behörigen
881 1319 90 22 medde-

215 1356 46 28 lad,
285 1357 97 20 säframt
405 1357 92 21 brefvet
519 1357 71 21 minst
608 1359 34 18 tre
658 1356 85 22 veckor
759 1355 51 22 före
825 1355 74 21 första
914 1361 57 14 sam-

214 1391 134 21 manträdet
367 1391 80 21 blifvit
463 1391 36 22 för
513 1391 179 28 postbefordran
708 1390 74 22 under
797 1389 174 22 rekommenda-

214 1425 52 21 tion
281 1425 136 22 inlemnadt.

284 1465 47 23 Lag-
344 1465 31 18 och
387 1465 175 19 ekonomiutskottets
574 1465 110 18 betänkande
696 1465 36 18 N:o
744 1466 17 16 5.
