1098 1739
298 151 28 21 U.
341 151 26 21 B.
384 164 27 3 —
427 150 74 29 Prop.
518 150 44 23 N:o
578 150 20 23 1.
831 152 26 21 31

100 218 117 22 ernäendet
240 220 22 20 af
284 219 76 21 allmän
384 221 87 20 rösträtt
485 219 69 22 under
569 219 125 21 nuvarande
709 219 149 22 förhällanden

99 253 45 26 bör,
160 253 35 21 för
210 253 137 22 undvikande
363 254 23 21 af
401 254 78 22 sociala
495 254 41 21 och
547 254 100 27 politiska
656 254 63 26 faror,
728 254 34 21 för
773 254 86 28 betryg-

100 288 70 28 gande
186 288 22 21 af
223 288 47 21 värt
286 288 57 21 folks
359 289 44 20 inre
419 288 65 21 enhet
499 291 54 19 samt
568 288 34 21 för
622 288 136 21 befästandet
769 288 23 21 af
802 288 56 21 folk-

101 323 208 27 representationens
332 323 101 28 ställning
454 322 41 22 och
518 322 142 27 verksamhet,
678 330 62 13 anses
762 330 50 14 vara
828 324 31 19 ett

100 357 87 28 mycket
195 364 57 14 mera
259 357 118 28 trängande
384 357 41 21 och
434 357 155 21 vidsträcktare
598 356 66 22 kändt
672 356 40 22 och
721 356 90 22 erkändt
819 356 37 22 be-

101 391 45 21 hof.
167 391 43 21 Det
219 398 50 14 vore
278 391 66 22 ocksä
352 391 234 22 öfverensstämmande
597 391 47 21 med
656 391 41 21 den
709 391 105 22 allmänna
825 393 34 19 ut-

102 425 201 29 vecklingsgängen,
321 426 46 21 ifall
382 426 64 21 äfven
469 426 38 22 hos
529 434 35 13 oss
579 434 28 13 nu
624 426 65 28 finges
704 426 32 20 till
752 426 62 21 ständ
830 432 27 14 en

102 460 76 20 allmän
202 462 92 24 rösträtt,
309 460 30 21 lik
355 460 40 21 den
411 468 46 14 som
473 461 66 21 finnes
556 461 6 20 i
578 460 26 21 de
620 460 60 21 flesta
695 459 66 22 andra
776 460 80 21 kultur-

102 494 80 26 länder,
198 494 74 22 medan
288 502 47 14 man
351 494 118 22 tillsvidare
485 495 67 21 måste
568 495 70 21 lemna
650 494 9 21 ä
670 494 48 22 sido
727 494 130 21 kvinnornas

102 528 99 28 politiska
218 530 92 27 rösträtt,
325 529 87 21 hvilken
428 531 55 19 ännn
501 530 6 20 i
524 530 62 27 ingen
598 529 114 28 europeisk
722 531 42 19 stat
779 535 81 21 genom-

102 563 60 21 förts.
192 563 91 22 Särskilt
305 563 103 29 förtjenar
427 566 32 18 att
473 565 130 25 omnämnas,
618 566 29 18 att
664 563 64 21 äfven
744 564 6 20 i
767 562 88 28 Sverige

102 597 36 21 vid
148 597 40 21 den
198 606 27 12 nu
234 598 66 21 under
310 598 128 28 behandling
445 598 94 21 varande
547 598 206 22 rösträttsreformen
762 597 54 21 bäde
825 603 35 14 re-

102 632 75 28 gering
188 632 39 22 och
236 632 87 28 riksdag
332 633 25 21 sä
363 632 54 28 godt
425 640 44 14 som
479 632 103 28 enhälligt
590 632 58 22 ställt
656 633 32 27 sig
699 632 27 28 pä
734 632 41 21 den
784 630 74 22 ständ-

103 666 74 29 punkt,
192 670 32 18 att
239 667 27 21 dä
281 667 86 29 frägans
383 668 148 27 utsträckning
541 667 64 22 äfven
617 667 32 21 till
662 667 131 21 kvinnornas
804 666 55 21 röst-

102 703 42 18 rätt
160 709 50 13 vore
226 701 68 28 egnad
310 705 32 18 att
357 702 96 21 försvära
469 701 117 22 ernäendet
601 701 23 21 af
638 701 77 21 allmän
731 702 92 24 rösträtt,
834 699 25 22 sä

104 735 37 21 bör
157 736 145 21 förstnämnda
322 736 60 28 fråga
397 736 34 21 för
446 736 69 21 denna
531 736 57 28 gång
602 736 80 21 lemnas
698 735 86 21 därhän.
814 734 43 21 Om

102 770 261 22 rösträttsförhällandena
389 772 5 19 i
422 771 48 21 värt
492 771 49 21 land
565 777 76 21 genom
669 770 75 21 allmän
770 770 88 20 rösträtt

102 804 69 21 skulle
186 805 102 21 försättas
304 806 5 19 i
326 808 31 18 ett
372 813 56 14 mera
444 805 156 21 demokratiskt
615 804 67 28 skick,
698 804 68 21 skulle
782 805 6 19 i
801 803 58 21 folk-

103 840 196 27 representationen
322 839 121 28 antagligen
466 839 65 21 äfven
552 839 104 21 kvinnans
671 837 186 22 rösträttsfordran

103 873 23 20 fä
142 873 37 21 allt
194 873 95 22 starkare
305 873 98 22 medhäll.

174 1011 30 21 Af
226 1011 26 22 de
268 1012 28 28 pä
311 1013 46 26 (sid.
372 1014 35 25 47)
421 1013 8 20 i
445 1012 122 22 Utskottets
584 1011 134 21 betänkande
734 1009 126 22 omnämnda

103 1045 46 21 skäl
174 1047 24 20 är
222 1047 5 20 i
254 1047 152 28 sammanhang
429 1047 48 20 med
503 1054 28 13 nu
549 1045 162 28 ifrägavarande
730 1044 129 27 utvidgning

103 1080 23 21 af
145 1082 115 20 rösträtten
282 1081 38 21 full
343 1081 116 28 anledning
480 1080 118 22 förhanden
622 1083 30 18 att
675 1079 63 21 äfven
762 1078 38 21 hos
816 1085 35 14 oss

103 1115 61 20 ställa
180 1115 32 21 till
225 1115 103 28 Borgare-
337 1115 40 22 och
387 1115 168 21 Bondeständen
569 1114 94 22 hörande
674 1113 182 28 landtdagsmäns

103 1149 101 28 aflöning
227 1150 27 28 pä
277 1158 79 13 samma
376 1149 133 29 ståndpunkt
524 1157 44 14 som
584 1150 6 20 i
607 1149 66 21 andra
689 1147 80 26 länder,
784 1146 77 22 nämli-

103 1191 41 21 gen
160 1184 25 21 sä
200 1187 32 18 att
244 1185 122 21 densamma
382 1185 95 27 erlägges
494 1192 25 13 ur
533 1183 130 22 statsmedel.
686 1182 35 21 Då
736 1181 55 22 både
806 1181 56 20 Bor-

103 1225 61 21 gare-
179 1218 40 21 och
235 1219 161 21 Bondeständet
411 1219 95 21 härefter
521 1219 63 20 äfven
601 1218 67 27 enligt
683 1217 123 22 Utskottets
815 1215 47 21 för-

104 1254 45 26 slag
165 1253 84 21 komme
265 1256 31 19 att
311 1253 90 29 utväljas
417 1253 23 21 af
455 1253 99 21 stadsbor
573 1252 40 22 och
628 1251 102 22 landsbor
745 1252 5 20 i
767 1251 87 21 allmän-

103 1288 43 26 het,
168 1288 24 21 sä
212 1290 22 19 är
257 1288 36 22 det
316 1288 110 28 sakenligt,
449 1290 32 19 att
502 1288 61 20 deras
586 1286 118 28 aflöningar
719 1286 95 27 erläggas
830 1292 25 13 ur

104 1323 130 21 statsmedel.
264 1323 128 28 Därigenom
409 1322 68 22 skulle
493 1322 65 21 äfven
574 1321 26 21 de
616 1320 136 28 olägenheter
767 1318 94 28 undgäs,

104 1358 72 21 hvilka
202 1358 101 28 medfölja
328 1357 154 21 kostnadernas
511 1355 138 29 uppbärande
674 1354 22 22 af
712 1354 75 28 många
802 1354 56 20 röst-

104 1392 140 28 berättigade,
274 1392 40 21 och
345 1391 101 21 likaledes
477 1391 68 21 skulle
576 1390 36 21 det
642 1390 7 20 i
679 1388 117 22 smästäder
824 1394 38 14 an-

104 1427 83 21 märkta
210 1426 201 23 missförhällandet,
433 1428 31 18 att
483 1425 88 21 fordran
587 1424 27 28 pä
630 1425 66 20 större
713 1423 51 21 eller
778 1421 83 22 mindre

104 1460 94 29 aflöning
210 1461 41 21 kan
268 1460 94 28 päverka
377 1462 187 26 representantens
580 1458 41 26 val,
636 1457 148 27 undanrödjas.
814 1455 43 22 Om

177 1506 198 22 Grundlagsutskottets
387 1505 112 18 betänkande
511 1505 36 17 N:o
560 1505 15 17 1.
