1092 1750
246 156 27 20 40
461 156 22 22 U.
500 156 22 21 B.
538 169 27 3 —
582 156 61 28 Prop.
660 156 36 22 N:o
712 156 21 22 6.

125 223 39 21 96.
286 217 12 21 I
313 217 234 23 öfverensstämmelse
567 219 52 21 med
642 219 90 21 skiftets
748 219 105 21 ändamål
869 222 32 18 att
917 219 57 21 efter

72 251 30 21 (54
114 250 12 23 S
134 251 6 17 i
150 252 61 22 prop.)
226 251 141 28 möjligheten
381 253 96 28 upplösa
493 253 30 21 all
538 253 171 28 gemensamhet
724 253 7 21 i
742 260 54 21 egor
807 253 43 21 och
861 253 113 22 förmåner

218 286 43 21 och
277 286 94 21 sålunda
385 287 73 21 befria
473 287 139 29 sakegarene
627 288 51 21 från
690 287 112 22 beroende
814 287 25 21 af
847 287 127 22 hvarandra

217 320 125 22 innehåller
358 322 181 27 propositionens
554 322 88 28 förslag
656 322 35 21 till
707 322 37 28 lag
755 322 118 28 angående
885 322 88 21 skiftes-

217 355 109 22 väsendet
342 358 13 19 å
370 363 41 14 ena
433 356 65 21 sidan
521 357 151 28 bestämning,
689 359 33 18 att
745 357 126 26 servituter,
895 356 77 22 hvilka

217 391 72 20 måste
308 397 65 14 anses
395 391 118 21 motverka
537 391 62 21 detta
615 391 110 26 ändamål,
742 391 79 21 endast
837 391 25 20 af
875 391 45 21 viss
936 391 36 21 be-

219 423 128 22 skaffenhet
361 424 24 21 få
399 425 38 21 vid
453 425 107 21 framtida
571 425 85 21 skiften
667 425 73 21 stiftas
752 425 43 22 och
806 427 12 19 å
829 425 70 21 andra
909 425 64 21 sidan

217 458 143 28 stadgandet,
381 462 32 18 att
429 460 6 20 i
451 459 40 22 fall
507 460 6 20 i
530 467 28 14 en
581 459 154 29 samfällighet
752 460 70 21 sedan
839 460 60 21 äldre
915 460 58 21 tider

216 492 140 23 förekomma
376 495 126 24 servituter,
526 494 78 21 hvilka
628 495 70 27 enligt
718 495 43 20 den
779 502 46 20 nya
841 495 66 27 lagen
923 494 49 21 icke

217 527 23 21 få
256 527 81 26 stiftas,
353 528 65 21 dessa
433 529 63 21 skola
512 529 74 21 såvidt
600 529 91 28 möjligt
706 529 80 21 aflösas
798 536 83 21 genom
892 531 33 18 att
935 529 37 20 det

217 562 96 26 område,
334 570 47 14 som
403 565 68 26 utgör
489 563 95 22 föremål
600 563 36 21 för
652 564 130 25 servituten,
800 563 61 21 delas
877 563 94 21 emellan

217 596 44 21 den
277 597 137 22 herrskande
430 598 41 21 och
488 598 108 28 tjänande
612 598 145 28 fastigheten.
781 598 138 27 Förstsagda
935 597 36 21 be-

216 632 115 27 stämning
350 632 65 27 ingår
431 632 7 21 i
454 634 26 20 68
497 632 13 29 $
529 632 26 21 af
575 633 177 27 propositionen,
777 632 142 28 stadganden
935 640 36 13 an-

215 665 88 28 gående
323 665 112 29 aflösning
458 666 26 21 af
505 667 121 20 servituter
641 667 121 21 återfinnas
779 667 6 20 i
801 667 170 28 propositionen

215 699 72 22 under
305 702 34 23 37,
355 703 34 23 53,
405 703 28 18 54
449 701 42 21 och
507 703 26 19 55
549 701 36 28 SS,
602 701 25 21 af
640 701 78 21 hvilka
733 703 26 19 37
777 701 42 21 och
835 703 27 18 55
878 701 28 28 SS
923 701 46 20 afse

215 733 38 22 det
273 734 40 21 fall
331 737 33 18 att
381 735 42 21 den
440 735 106 28 tjänande
563 735 42 22 och
620 735 139 22 herrskande
774 735 138 28 fastigheten
927 735 42 20 till-

214 767 57 22 höra
286 776 85 14 samma
386 769 158 28 samfällighet,
561 770 81 21 medan
658 772 48 19 åter
722 772 25 19 53
764 770 42 21 och
823 771 27 19 54
861 770 28 28 88
900 769 69 22 förut-

215 805 65 23 sätta,
299 806 33 18 att
355 803 44 21 den
420 803 140 22 herrskande
582 804 139 28 fastigheten
744 807 25 18 är
792 804 96 28 belägen
908 806 62 19 utom

215 837 190 28 samfälligheten.
437 838 73 22 Ocksä
530 839 110 20 utskottet
656 839 40 20 har
712 839 7 20 i
734 839 39 20 sitt
789 839 86 27 förslag
891 841 78 25 uppta-

215 871 33 28 git
264 872 63 21 såväl
342 873 136 27 stadoandet
493 873 7 20 i
516 875 26 19 68
559 873 13 28 $
589 873 169 28 propositionen
774 880 49 14 som
834 872 135 21 bestämnin-

213 913 42 20 gar
278 907 117 27 angäende
418 907 131 21 servituters
573 907 118 28 aflösning.
722 907 62 21 Enär
808 907 58 20 dock
887 907 82 20 sädana

213 941 127 25 servituter,
359 948 48 14 som
426 942 94 21 omtalas
535 941 8 21 i
558 943 26 20 37
602 941 42 22 och
663 943 26 19 53
705 942 29 28 $$
750 941 26 21 af
792 941 177 28 propositionen,

212 975 51 20 icke
278 975 78 21 kunna
371 975 141 22 förekomma
526 976 38 21 vid
581 976 116 21 storskifte
713 975 43 22 och
770 976 63 20 deras
845 975 124 21 förekomst

211 1009 40 21 vid
266 1009 103 28 nyskifte
385 1013 24 18 är
424 1010 126 27 begränsad
566 1010 133 28 därigenom
714 1013 33 18 att
763 1010 72 27 enligt
847 1009 121 22 utskottets

211 1043 94 28 mening
320 1044 39 21 vid
375 1044 116 21 storskifte
507 1044 82 21 träffad
605 1044 229 21 öfverenskommelse
850 1051 37 14 om
900 1047 68 18 ömse-

212 1078 69 28 sidigt
297 1078 99 21 mulbete
412 1079 53 20 eller
479 1078 127 28 skogsfäng
616 1079 49 21 icke
676 1079 136 21 tillkommer
824 1078 145 28 egenskapen

212 1112 25 20 af
253 1112 120 21 bestäende
390 1113 95 20 servitut
500 1113 42 21 och
558 1113 104 27 verkliga
675 1113 120 21 servituter
806 1112 51 21 med
870 1112 98 21 innehäll

211 1148 34 18 att
264 1154 28 13 en
311 1146 108 29 lägenhet
437 1154 53 21 eger
510 1147 88 28 åtnjuta
618 1147 99 22 mulbete
736 1147 55 22 eller
809 1146 127 29 skogsfäng
957 1148 12 19 å

211 1187 87 14 annans
321 1181 65 20 mark
409 1181 70 21 sällan
499 1181 64 22 torde
582 1182 96 27 inrymts
696 1182 39 21 vid
755 1181 93 26 skiften,
872 1181 40 21 har
934 1184 33 17 ut-

211 1214 86 21 skottet
312 1217 74 19 ansett
401 1215 38 22 det
450 1215 128 28 betänkligt
588 1218 33 19 att
632 1223 82 20 genom
726 1215 147 29 upptagande
885 1215 25 21 af
919 1223 49 20 pro-

210 1249 140 28 positionens
373 1249 173 28 ifrågavarande
569 1250 169 28 bestämningar
762 1250 137 21 tillerkänna
917 1249 51 21 alle-

210 1283 76 21 handa
297 1283 38 21 vid
346 1283 69 22 skifte
429 1284 95 21 träffade
536 1284 241 22 öfverenskommelser
788 1291 36 14 om
836 1284 132 27 ömsesidigt

209 1317 123 28 nyttjande
348 1318 145 28 egenskapen
508 1321 33 18 att
556 1319 70 20 hafva
641 1319 124 28 grundlagt
781 1326 28 13 en
825 1318 86 28 laggild
925 1325 42 14 ser-

209 1351 66 21 vitut.
305 1351 28 28 Ej
354 1352 70 21 häller
439 1353 41 20 har
496 1353 110 20 utskottet
621 1353 77 21 funnit
714 1353 44 21 den
773 1353 7 20 i
796 1353 171 28 propositionen

209 1385 96 28 angifna
322 1386 79 28 regeln
420 1386 37 22 för
476 1387 112 28 aflösning
608 1394 54 14 vara
681 1387 80 21 rättvis
780 1387 44 21 och
843 1387 70 27 riktig
932 1386 35 21 för

208 1419 45 21 alla
269 1419 45 22 fall.
347 1421 146 21 Beträffande
512 1421 116 21 storskifte
644 1421 69 21 hafva
728 1421 89 21 således
833 1421 134 20 hithörande

208 1453 171 29 bestämningar
396 1455 6 20 i
417 1455 170 28 propositionen
604 1455 54 21 eller
674 1457 26 19 53
716 1455 14 29 S
742 1455 93 21 alldeles
846 1455 120 24 uteslutits,

278 1493 50 24 Lag-
342 1494 33 17 och
389 1495 182 18 ekonomiutskottets
584 1495 116 18 betänkande
712 1495 38 18 N:o
765 1496 17 16 5.
