1095 1739
353 138 28 23 U.
398 138 27 22 B.
441 150 28 3 —
485 138 73 28 Prop.
577 138 39 22 N:o
633 137 22 22 5.
851 136 26 22 87

125 206 63 22 skifte
204 206 22 22 af
240 208 46 26 väg.
316 207 69 21 Sedan
401 206 80 28 plikten
497 208 31 20 att
544 206 84 28 deltaga
643 206 7 21 i
665 206 111 27 byggande
791 206 39 21 och
841 211 38 15 un-

125 240 80 22 derhäll
230 240 23 22 af
277 241 103 27 landsväg
404 241 39 21 och
466 240 55 22 hvad
543 240 87 22 därmed
653 240 44 22 stär
720 240 6 21 i
749 240 130 21 omedelbart

125 275 110 25 samband,
262 275 28 27 pä
311 277 43 19 sätt
380 276 92 26 antydts,
501 275 103 27 reglerats
635 275 39 21 och
699 275 93 24 ordnats,
819 274 60 26 följer

125 309 67 27 enligt
221 310 123 21 Utskottets
381 310 82 26 förslag
490 310 36 21 det
551 310 85 26 kapitel,
667 322 25 2 —
727 309 47 27 kap
804 309 18 20 V
852 320 27 3 —

125 343 61 22 hvari
209 344 147 27 skyldigheten
379 344 40 21 och
442 346 64 19 sättet
528 346 32 19 att
579 346 50 25 taga
645 344 33 21 del
693 344 7 20 i
716 343 110 27 byggande
841 342 39 22 och

127 378 111 22 underhäll
259 378 23 21 af
302 378 68 28 byväg
391 385 117 15 normeras.
544 378 65 22 Först
631 378 98 26 därefter,
747 378 70 21 säsom
832 377 47 27 kap.

127 413 36 25 VI,
178 412 52 28 följa
246 413 145 27 stadgandena
406 419 34 15 om
457 413 168 27 öppenhällande
641 412 101 22 vintertid
751 412 22 21 af
779 412 102 26 landsväg

127 447 39 21 och
189 454 34 14 om
245 447 76 21 allmän
345 447 116 27 vinterväg.
497 448 77 20 Denna
593 447 90 22 sälunda
698 447 75 27 gjorda
788 446 93 22 omkast-

127 482 52 26 ning
201 481 23 21 af
237 482 117 26 ordningen
369 481 33 21 för
418 482 151 21 motsvarande
584 482 47 26 kap.
647 481 31 21 uti
693 481 77 27 nädiga
784 480 97 28 proposi-

128 516 72 21 tionen
223 516 37 21 har
285 516 111 21 Utskottet
421 516 88 27 vidtagit
528 516 32 21 för
576 519 32 18 att
623 516 113 26 tillgodose
751 514 130 27 berättigade

127 550 122 27 fordringar
271 550 13 21 å
308 550 125 27 systematik
449 550 38 22 och
503 550 186 27 öfverskädlighet.
718 550 111 21 Utskottet
844 548 38 21 har

128 585 106 27 nämligen
248 584 58 22 hållit
316 584 51 26 före,
379 586 32 20 att
426 585 36 21 det
472 585 47 27 kap.
530 591 47 15 som
588 584 117 22 innehåller
716 584 167 27 grundsatserna

129 625 34 15 om
178 619 248 27 väghållningsbesväret
446 619 164 21 vidkommande
625 619 74 27 byväg,
718 618 70 21 hvilka
808 620 36 19 äro
862 617 23 21 af

129 653 79 21 allmän
223 653 118 28 principiell
349 654 104 25 karaktär,
462 653 70 22 därför
541 654 38 20 bör
587 653 73 28 föregå
667 654 36 20 det
711 653 47 27 kap.
770 659 45 15 som
824 653 59 20 inne-

129 687 66 22 håller
204 687 163 22 föreskrifterna
375 689 110 26 angående
494 688 168 27 öppenhållande
671 687 102 22 vintertid
783 687 22 22 af
813 686 70 22 lands-

130 724 41 25 väg
179 723 38 20 och
227 729 34 14 om
270 722 78 21 allmän
355 723 116 26 vinterväg,
478 723 71 21 hvilka
556 725 59 24 synts
623 722 112 22 Utskottet
742 729 49 14 vara
796 721 87 28 special-

130 757 132 27 stadganden
268 760 50 18 utan
327 757 64 21 sådan
400 757 114 27 betydelse.
522 757 54 26 Kap.
583 757 42 21 VII
632 756 39 21 och
678 757 55 21 VIII
741 756 98 26 slutligen
846 757 37 19 äro

130 791 22 21 af
166 791 112 22 Utskottet
294 791 120 27 uppgjorda
430 792 48 21 med
493 791 88 27 ledning
595 791 23 21 af
631 791 76 26 nådiga
717 790 167 27 propositionen.

130 826 157 21 Förstnämnda
316 826 47 27 kap.
395 826 116 21 innehåller
536 826 254 26 ansvarsbestämningar,
813 824 70 21 hvilka

130 860 46 21 icke
191 861 51 26 ingå
256 860 6 21 i
280 860 95 27 gällande
391 860 106 21 allmänna
513 860 102 27 strafflag.
631 861 11 20 I
658 860 117 21 detsenare
783 859 47 27 kap.
838 859 45 21 åter

130 894 38 21 har
184 895 151 21 sammanförts
351 895 79 21 sådana
446 895 138 26 stadganden,
593 895 70 20 hvilka
672 896 49 19 röra
729 893 155 28 väghållnings-

130 928 111 22 besvärets
265 929 118 27 utgörande
407 929 27 26 på
455 929 73 21 landet
543 929 39 21 och
597 928 23 21 af
633 929 71 21 hvilka
719 931 30 18 ett
764 927 68 22 flertal
847 929 37 19 äro

131 963 101 21 särskildt
247 963 112 27 betingade
374 962 22 23 af
410 963 40 21 den
467 963 148 27 projekterade
631 963 72 27 lagens
713 961 172 29 genomförande,

131 1003 48 15 men
202 997 70 22 hvilka
293 998 45 21 icke
353 997 114 28 lämpligen
484 998 81 21 kunnat
580 997 79 22 införas
675 998 6 20 i
698 997 64 27 något
777 996 22 22 af
812 997 73 26 lagens

131 1032 91 27 tidigare
237 1032 47 27 kap.

200 1067 10 21 I
234 1067 37 21 och
293 1067 32 21 för
349 1067 106 22 vinnande
478 1067 22 21 af
514 1069 69 19 större
598 1066 179 27 öfverskådlighet
792 1066 37 21 har
846 1065 39 22 Ut-

131 1101 81 21 skottet
222 1101 48 28 uti
262 1097 9 36 $
280 1102 10 21 1
300 1101 21 22 af
328 1102 49 21 dess
386 1101 85 28 förslag,
480 1102 7 21 i
496 1104 90 19 motsats
596 1101 30 22 till
636 1101 78 27 nådiga
724 1101 161 27 propositionen

131 1135 55 22 blott
198 1135 89 28 angifvit
303 1137 25 20 de
344 1137 55 20 olika
408 1136 47 27 slag
461 1136 23 21 af
489 1136 108 27 offentliga
603 1138 70 25 vägar,
685 1136 9 21 å
701 1135 69 22 hvilka
778 1135 61 26 lagen
848 1134 38 21 har

927 1065 41 22 Kap.
984 1064 11 17 1.

948 1093 36 22 $1

893 1122 63 21 (mom.
970 1122 9 16 1
992 1121 13 22 $
1021 1121 9 17 1

893 1157 16 11 0.
922 1155 54 13 mom.
989 1151 18 16 2.
1019 1150 13 22 $

131 1169 106 26 afseende,
248 1170 109 21 äfvensom
373 1171 71 20 hvilka
459 1170 337 27 kommunikationsinrättningar
807 1168 79 28 jämväl
894 1179 24 18 16
932 1179 9 17 ;
961 1184 19 12 n.
994 1179 38 22 pr)

131 1211 51 14 vore
204 1205 31 20 till
258 1207 92 24 vägarna
371 1205 134 26 hänförbara,
528 1211 47 15 men
599 1205 96 21 däremot
709 1206 54 19 först
778 1204 6 21 i
800 1210 25 15 en
841 1205 75 26 sär-/g
932 1208 31 17 1i
981 1207 52 18 1883

131 1239 62 25 skild,
208 1239 94 27 följande
316 1239 103 28 paragraf
432 1241 98 20 närmare
546 1239 165 22 karaktäriserat
726 1239 25 22 de
767 1238 68 22 skilda
845 1237 41 21 sla-

132 1280 40 20 gen
188 1274 23 20 af
225 1276 71 25 vägar.
334 1275 41 21 Vid
391 1274 104 22 sökandet
510 1274 54 21 efter
579 1280 25 15 en
620 1274 87 27 lämplig
722 1274 69 26 grund
806 1272 33 22 för
855 1272 32 20 in-

131 1308 89 27 delning
243 1308 39 22 och
305 1309 129 27 benämning
455 1308 23 22 af
492 1309 26 21 de
533 1308 56 22 olika
604 1308 73 27 slagen
692 1308 23 21 af
728 1308 107 26 offentliga
851 1308 36 19 vä-

132 1348 37 21 gar
194 1342 38 22 har
255 1343 117 25 Utskottet,
395 1343 72 21 såsom
486 1343 64 21 redan
567 1343 31 21 uti
613 1342 154 22 betänkandets
782 1342 107 21 allmänna

131 1376 34 22 del
188 1377 6 20 i
219 1376 138 28 förbigående
379 1378 93 26 antydts,
494 1378 45 20 icke
554 1377 82 21 kunnat
657 1376 58 22 finna
729 1378 70 24 annat,
815 1378 27 18 än
857 1377 32 19 att

131 1411 42 21 den
189 1411 7 21 i
212 1412 58 20 detta
285 1411 55 26 land,
356 1411 66 27 enligt
437 1412 56 21 hvad
509 1418 25 15 ur
550 1412 40 21 den
606 1411 170 21 rättshistoriska
785 1410 104 22 inlednin-

132 1451 40 21 gen
193 1444 100 28 framgår,
308 1446 123 21 häfdvunna
446 1446 142 27 synpunkten,
613 1445 120 22 ändamålet
755 1445 48 21 med
821 1446 69 25 vägen

205 1491 48 23 Lag-
266 1491 32 17 och
311 1490 185 19 Ekonomiutskottets
508 1491 111 18 betänkande
631 1491 37 17 N:o
681 1492 16 16 4.

927 1237 23 18 K.
965 1236 33 23 FJ
