1095 1745
243 157 29 20 66
473 157 29 22 U.
518 157 27 22 B.
561 170 27 2 —
604 157 73 28 Prop.
695 157 40 22 N:o
752 157 20 21 1.

243 239 30 4 —
291 227 78 22 bosatt
387 228 9 21 i
413 229 28 21 N.
460 229 27 21 N.
507 229 84 21 socken
609 229 8 21 i
635 229 28 22 N.
682 229 28 22 N.
729 223 44 39 län,
782 228 79 29 blifvit
870 228 83 23 utsedd
963 228 37 22 till

244 262 180 29 landtdagsman
437 263 8 21 i
457 263 174 22 Presteståndet
646 276 29 3 —
687 263 198 29 Borgareståndet
897 275 28 4 —
937 263 62 22 Bon-

243 296 134 29 deståndet;
396 297 43 22 och
458 297 188 29 befullmäktigas
664 297 146 23 fördenskull
828 298 28 21 N.
869 297 28 23 N.
912 299 35 20 att
958 297 41 22 vid

241 330 48 23 den
307 331 120 30 landtdag,
452 339 47 15 som
527 332 60 22 skall
605 327 83 27 hållas
706 333 9 21 i
733 333 27 21 N.
779 332 28 22 N.
826 332 52 22 stad
900 331 42 22 och
961 334 36 19 ta-

240 373 45 21 ger
319 366 35 21 sin
382 367 83 28 början
486 367 45 21 den
553 379 27 3 —
601 379 40 15 —,
663 367 95 28 deltaga
779 367 8 21 i
809 367 123 29 rådslagen
955 366 43 22 och

243 400 91 22 besluta
344 407 36 15 om
390 401 117 22 derstädes
516 401 187 22 förekommande
714 401 107 22 ärenden.
840 401 42 22 Ort
892 401 42 22 och
941 400 55 23 tid.”

586 483 13 26 8
620 482 37 21 16.

312 538 48 22 Vill
367 539 75 28 någon
454 540 80 21 anföra
547 539 117 29 klagomål
672 540 65 21 öfver
747 539 249 29 landtdagsmannaval

241 573 64 22 inom
311 573 113 29 Borgare-
432 574 55 21 eller
507 565 168 42 Bondeståndet,
685 582 54 21 eger
748 574 46 22 han
802 574 41 22 hos
851 569 144 27 valförrätta-

242 614 43 15 ren
298 607 55 22 äska
366 608 107 29 behörigt
486 608 221 29 protokollsutdrag,
718 609 90 22 hvilket
820 611 78 20 senast
907 609 39 21 två
957 608 38 21 da-

240 649 45 20 gar
304 641 100 23 derefter
419 643 41 22 bör
477 643 37 21 till
532 643 133 28 klaganden
684 644 124 26 utlemnas;
822 643 42 22 och
877 643 59 22 skall
948 642 46 22 han

239 676 43 21 vid
295 677 76 21 talans
384 677 88 28 förlust,
483 678 62 21 inom
559 678 87 28 fjorton
657 677 78 30 dagar,
745 677 103 22 räknade
858 678 51 21 från
919 677 75 28 dagen

240 711 38 21 för
290 711 217 30 valförrättningen,
521 712 90 29 ingifva
623 713 51 21 sina
686 713 84 21 besvär
782 712 38 21 till
829 712 112 29 Kejsaren
951 711 43 22 och

242 745 156 22 Storfurstens
418 746 263 29 befallningshafvande,
701 755 55 19 som,
775 747 7 21 i
799 747 40 21 fall
853 747 50 21 skäl
916 746 79 21 dertill

240 779 159 28 förekommer,
425 789 53 20 eger
500 781 7 21 i
527 781 134 28 embetsväg
685 781 103 22 infordra
811 780 183 23 vederbörandes

240 813 131 30 förklaring
389 815 112 30 deröfver,
520 817 35 20 att
573 816 62 21 inom
654 816 47 21 viss
717 817 52 20 kort
784 815 35 22 tid
832 815 105 30 afgifvas,
951 815 43 22 och

239 848 129 23 sedermera
392 849 117 22 meddelar
533 851 42 20 sitt
599 850 77 28 utslag
701 851 7 20 i
726 850 76 28 målet,
822 852 78 19 senast
919 849 74 29 dagen

241 882 60 22 efter
318 882 52 29 den,
380 884 14 21 å
404 884 94 22 hvilken
517 884 64 22 tiden
595 884 34 22 för
641 884 142 29 förklarings
797 884 135 29 afgifvande
941 884 53 28 gått

239 917 38 21 till
296 917 66 22 ända.
390 918 51 22 Den
461 918 50 22 med
529 919 126 28 Kejsarens
674 918 269 29 befallningshafvandes
957 920 36 20 ut-

239 951 52 30 slag
316 952 124 30 missnöjde
464 960 54 21 eger
537 956 42 24 att,
599 956 77 19 senast
695 954 49 21 åtta
762 953 73 28 dagar
854 953 57 22 efter
930 953 63 22 deraf

239 986 104 22 erhållen
354 987 44 28 del,
405 987 102 22 deremot
519 988 99 29 fullfölja
631 989 51 20 sina
694 989 88 26 besvär,
798 988 80 21 hvilka
890 988 56 21 böra
959 988 34 21 in-

239 1020 89 23 lemnas
352 1022 37 21 till
410 1030 84 14 samme
518 1023 259 28 befallningshafvande
798 1022 43 21 och
861 1022 22 21 af
901 1022 90 27 honom,

237 1055 72 28 jemte
318 1055 105 23 deröfver
432 1057 120 22 infordrad
562 1057 129 28 förklaring
701 1057 42 22 och
753 1059 53 26 eget
814 1056 109 29 yttrande
934 1058 59 19 samt

238 1089 173 30 handlingarna
429 1092 8 21 i
456 1091 100 28 ärendet,
576 1091 163 30 ofördröjligen
761 1091 110 22 insändas
890 1091 37 21 till
945 1091 48 21 lan-

239 1123 51 22 dets
318 1124 83 29 högsta
419 1125 118 29 judiciella
556 1125 143 29 myndighet,
719 1134 48 13 som
786 1125 51 22 dem
857 1125 136 28 skyndsamt

237 1161 117 26 upptager
372 1159 43 22 och
434 1160 71 29 afgör.

308 1194 68 27 Hvar,
400 1202 45 14 som
469 1195 39 21 vill
529 1196 60 27 klaga
614 1196 57 27 öfver
695 1195 124 28 magistrats
837 1195 48 20 eller
903 1195 88 20 härads-

237 1230 54 19 rätts
319 1229 66 20 beslut
414 1230 90 21 rörande
530 1230 112 27 indelning
670 1231 8 20 i
703 1229 142 26 valomräden,
864 1229 74 27 anföre
956 1229 37 21 och

236 1262 94 28 fullfölje
357 1263 73 21 besvär
456 1264 93 27 deröfver
567 1265 9 20 i
593 1265 40 20 den
651 1265 99 27 ordning,
768 1271 46 14 som
834 1264 10 20 i
861 1264 67 27 första
946 1271 45 14 mo-

237 1299 79 19 mentet
341 1298 91 26 stadgas.
474 1299 55 20 Dock
552 1299 54 20 skall
628 1299 41 20 den
693 1299 144 27 öfverklagade
855 1298 138 27 indelmingen

236 1333 55 19 utan
318 1331 78 21 hinder
417 1333 28 27 af
465 1333 98 20 besvären
588 1333 55 27 tjena
669 1334 33 20 till
719 1333 135 27 efterrättelse
872 1332 58 20 intill
947 1332 46 21 dess

237 1365 128 21 densamma
383 1367 76 21 varder
473 1374 76 20 genom
567 1368 82 26 slutligt
659 1364 69 31 åtslag
737 1367 85 21 ändrad
831 1367 49 21 eller
888 1366 104 28 upphäfd.

307 1400 125 28 Klagomäl
450 1401 64 21 öfver
531 1401 40 21 val
584 1401 36 21 till
636 1401 180 28 landtdagsman
829 1401 8 21 i
850 1400 143 21 Prestestän-

238 1432 41 22 det
306 1434 92 22 anföras
426 1435 35 21 för
483 1436 171 28 presterskapet
672 1436 43 21 och
734 1435 128 21 skollärare
880 1435 8 21 i
906 1434 87 28 stiften,

234 1466 43 23 hos
301 1468 175 29 Domkapitlen;
502 1470 43 21 och
569 1470 67 29 följas
660 1470 80 21 dervid
759 1470 8 21 i
786 1469 73 29 öfrigt
876 1468 48 22 lika
943 1468 50 22 ord-

308 1511 197 23 Grundlagsutskottets
518 1513 110 17 betänkande
641 1513 36 18 N:o
692 1513 13 17 1.
