1092 1745
106 806 79 23 Engelsk

122 837 45 16 rätt.

224 155 27 20 52
448 155 29 23 U.
493 155 28 23 B.
537 169 27 2 —
580 157 74 29 Prop.
670 157 41 22 N:o
727 158 22 21 5.

224 223 77 22 ändras
317 224 21 21 af
353 227 141 24 amtmannen,
510 226 54 21 efter
578 226 108 21 inhämtad
700 226 116 27 förklaring
832 226 46 21 frän
893 226 86 21 socken-

224 257 211 30 föreständarskapet.
457 259 131 28 Grannhjälp
604 261 40 20 kan
660 261 7 20 i
684 261 55 20 vissa
754 260 36 21 fall
807 260 86 21 komma
908 263 30 18 att
948 263 32 18 ut-

223 293 62 26 göras
300 293 21 20 af
336 293 26 27 pä
377 296 30 19 ett
422 294 51 21 visst
488 294 82 21 afständ
587 295 45 20 frän
656 295 141 21 arbetsstället
820 294 83 21 boende
925 295 55 20 hart-

223 326 162 23 kornsbrukare.

292 361 39 21 Om
355 361 95 28 bivägars
471 363 181 28 anläggningssätt
674 363 69 22 finnas
765 363 103 21 särskilda
891 363 88 21 bestäm-

224 395 82 21 melser.
336 396 276 29 Underhällsskyldigheten
636 398 80 27 åligger
739 397 69 22 därtill
827 397 87 28 pliktiga
929 397 51 27 köp-

223 430 66 20 stads-
311 431 39 20 och
373 431 211 22 sockenkommuner.
614 432 87 21 Arbetet
724 433 80 20 utföres
827 432 6 20 i
857 432 70 27 regeln
958 432 20 20 in

224 466 76 19 natura
315 465 22 20 af
351 465 218 22 hartkornsbrukarne
590 467 54 21 efter
662 467 157 27 vägindelning,
835 465 54 22 dock
905 469 29 18 att
948 465 31 22 äf-

222 505 41 14 ven
278 499 37 21 här
331 499 39 22 kan
387 500 64 21 blifva
467 501 57 27 fräga
542 507 33 14 om
591 501 125 28 grannhjälp
732 501 21 21 af
769 500 144 27 kringboende
925 501 54 20 hart-

222 533 161 22 kornsbrukare.

290 568 100 22 Förutom
412 569 26 22 de
461 571 107 27 offentliga
590 574 91 24 vägarna
696 570 69 21 ännas
779 570 78 27 jämväl
873 570 107 21 allmänna

223 601 128 29 gångstigar,
373 604 72 21 hvilka
467 605 33 20 för
521 604 83 28 gående
622 605 56 27 tjäna
701 611 45 15 som
770 606 106 19 närmaste
893 606 38 25 väg
947 603 31 21 till

222 637 74 27 kyrka,
312 637 65 28 skola,
393 639 96 26 tingshus
504 639 52 21 eller
570 646 70 14 annan
663 639 147 27 allmänviktig
825 639 59 27 plats.
914 638 65 27 Afgö-

222 671 77 22 randet
313 672 22 21 af
349 672 70 28 frågor
435 680 33 14 om
484 673 78 22 sådana
585 674 76 27 stigars
682 673 139 28 anläggande,
837 673 141 21 förbättrande

222 706 40 21 och
279 706 128 27 utvidgande
425 708 124 21 ankommer
566 708 12 21 å
593 708 230 27 kommunalstyrelsen
845 707 39 22 och
907 708 5 19 i
929 707 49 21 sista

222 741 56 20 hand
301 741 120 22 amtsrådet.
452 742 139 22 Underhållet
616 742 124 22 verkställes
772 743 34 20 för
839 742 140 21 kommunens

220 775 96 28 räkning.

291 809 10 22 I
317 810 155 28 konungariket
487 811 97 28 England
600 812 117 27 upphäfdes
733 817 77 22 genom
827 817 25 14 en
869 811 74 27 väglag
956 810 23 21 år

224 844 56 21 1836
295 844 36 22 det
345 845 7 20 i
368 845 72 22 landet
452 845 97 22 ditintills
564 845 93 22 rådande
672 848 104 25 systemet
792 846 22 20 af
824 845 155 21 naturaarbete.

221 876 48 23 Den
291 878 98 28 gällande
412 879 72 28 lagens
506 880 138 27 grundsatser
666 880 49 21 med
738 879 101 22 afseende
860 879 12 21 å
887 879 92 26 väghåll-

221 912 223 28 ningsskyldighetens
460 914 116 27 utgörande
592 916 36 19 äro
643 914 7 20 i
665 914 121 21 hufvudsak
802 913 104 27 följande:

291 946 194 29 Församlingarnas
495 948 69 28 gamla
576 948 53 28 plikt
644 950 30 19 att
688 948 126 21 underhålla
830 948 26 21 de
872 948 107 27 offentliga

221 983 92 26 vägarna
332 983 23 19 är
373 982 48 21 med
435 982 66 27 några
521 983 121 27 obetydliga
658 983 172 21 modifikationer
847 982 132 25 oförändrad,

219 1022 50 15 men
293 1016 98 27 vägskatt
404 1017 38 20 har
457 1016 55 22 trädt
526 1017 8 20 i
549 1017 71 21 stället
634 1017 32 21 för
682 1017 40 22 den
739 1017 71 28 gamla
831 1016 146 27 skyldigheten

221 1052 30 19 att
273 1051 22 20 in
317 1053 75 19 natura
416 1051 59 27 rödja
498 1053 97 26 vägarna.
624 1051 131 28 Vägskatten
772 1053 109 19 uttaxeras
903 1051 26 27 på
951 1051 27 20 all

220 1084 77 27 synlig,
313 1085 93 21 inkomst
425 1085 99 28 gifvande
548 1086 103 27 egendom
667 1086 58 21 inom
741 1085 159 27 församlingen,
916 1085 6 20 i
937 1085 41 20 den

219 1119 50 20 mån
293 1119 122 21 densamma
430 1122 24 19 är
468 1120 32 21 till
516 1121 116 26 utgörande
653 1121 21 20 af
689 1120 119 27 fattigskatt
818 1119 81 27 pliktig,
910 1119 68 21 däruti

219 1153 63 21 äfven
303 1153 125 28 inbegripna
451 1154 81 27 skogar,
551 1154 102 28 bärgverk
670 1155 38 20 och
724 1154 111 26 stenbrott,
851 1153 23 21 så
889 1153 48 21 vida
953 1153 26 21 de

219 1187 57 21 förut
292 1188 55 21 varit
362 1188 69 21 därtill
446 1189 108 20 taxerade.

287 1221 33 22 De
336 1222 7 20 i
358 1221 97 29 England
471 1223 173 21 förekommande
660 1223 109 27 offentliga
783 1224 98 25 vägarna,
897 1222 82 21 kallade

219 1256 120 27 chausséer,
354 1259 35 18 äro
411 1257 104 28 anlaggda
530 1257 48 21 med
596 1259 67 20 större
686 1258 64 21 konst
764 1259 27 18 än
808 1257 25 21 de
849 1256 84 27 vanliga
948 1257 31 20 of-

219 1290 89 27 fentliga
324 1293 99 25 vägarna,
439 1292 39 20 och
493 1291 90 21 rörande
598 1292 62 20 deras
670 1291 113 21 underhåll
792 1291 55 27 gälla
856 1291 47 20 vida
911 1293 68 18 strän-

218 1331 51 21 gare
284 1325 137 21 föreskrifter.
450 1325 99 21 Likasom
565 1326 26 20 de
607 1326 84 27 vanliga
707 1328 93 24 vägarna
810 1327 36 19 äro
862 1325 116 21 emellertid

219 1359 63 21 äfven
298 1360 141 20 chausséerna
447 1360 135 27 nödvändiga
589 1359 175 22 samfärdsmedel
772 1359 33 21 för
812 1359 148 26 allmänheten,
971 1359 7 20 i

218 1393 53 27 följd
283 1394 74 20 hvaraf
367 1394 98 20 enskilda
474 1394 148 27 församlingar
633 1396 35 18 äro
682 1394 31 20 till
726 1394 62 20 deras
799 1393 112 21 underhåll
920 1393 59 21 med-

218 1428 134 27 förpliktade.
374 1424 13 37 |
388 1428 250 28 Anläggningskapitalet
664 1428 159 21 åstadkommes
845 1428 132 27 gemenligen

219 1462 82 21 medels
313 1462 143 28 subskription
470 1462 52 22 eller
536 1462 162 28 aktieteckning.
718 1462 120 27 Kapitalets
848 1462 131 20 förvaltande

289 1507 48 23 Lag-
350 1508 33 18 och
392 1508 185 19 Ekonomiutskottets
590 1509 111 18 betänkande
713 1508 40 18 N:o
766 1509 17 16 4.
