1095 1739
461 152 41 22 N:o
514 152 13 21 5
830 153 15 19 9

119 221 164 29 skyldigheten
306 223 35 20 att
363 221 108 22 anskaffa
493 221 43 21 och
554 220 139 22 underhälla
709 220 28 22 de
754 220 120 28 anstalter,

119 263 48 14 som
193 256 115 21 erfordras
333 256 38 22 för
387 258 35 19 att
442 256 13 21 &
476 256 87 21 allmän
588 255 124 28 vinterväg
734 254 139 29 möjliggöra

119 290 143 22 öfverfarten
291 291 66 21 öfver
381 291 122 28 fartygens
528 290 112 28 isrännor,
667 297 53 14 men
744 290 77 29 billigt
848 293 25 18 är

119 324 83 28 tillika,
228 328 34 18 att
292 325 39 21 det
360 325 103 21 tillskott
491 325 9 21 i
529 324 264 29 väghällningstungan,
823 332 49 14 som

119 359 98 21 sälunda
238 360 103 28 uppstär,
362 359 37 21 till
419 359 171 29 hufvudsaklig
610 358 37 22 del
670 358 95 29 aflyftas
789 366 83 22 genom

121 393 159 22 bestämmelse
309 401 37 14 om
375 394 141 28 tillräckligt
544 393 129 22 understöd
703 394 27 20 af
757 394 117 21 allmänna

119 428 82 28 medel,
220 428 62 22 helst
301 428 204 29 vintersjöfartens
524 428 208 29 upprätthållande
748 432 25 18 är
788 436 28 14 en
832 428 41 21 all-

119 466 55 18 män
194 463 170 29 angelägenhet
386 463 27 21 af
429 463 120 28 betydelse
564 463 38 21 för
617 462 53 22 hela
685 462 86 22 landet.
798 463 78 21 Inrät-

120 497 70 22 tande
206 498 26 21 af
246 497 75 21 farled
337 498 57 21 eller
416 498 178 28 vägöfvergäng
616 497 67 21 öfver
701 497 94 22 isränna
810 497 65 21 inom

119 532 212 28 fästningsomräde
355 532 47 21 kan
427 539 43 21 ega
494 539 52 14 rum
568 531 84 22 endast
673 532 54 21 med
747 531 127 28 fästnings-

120 567 207 21 kommendantens
352 566 148 30 begifvande.
530 567 13 21 I
558 566 105 28 enlighet
678 566 97 22 härmed
790 570 39 17 äro
845 566 31 21 de

119 602 9 21 i
153 601 270 29 författningsförslaget
453 601 117 29 ingående
595 601 162 29 stadgandena
788 600 88 22 beträf-

121 636 70 22 fande
213 636 192 28 vintersjöfarten
428 635 120 22 affattade.
587 636 36 21 De
648 635 148 22 föreskrifter
818 636 57 26 åter,

121 678 55 21 som,
192 671 8 21 i
215 670 63 29 syfte
297 672 35 20 att
351 670 138 22 säkerställa
508 670 177 29 vägöfvergäng
701 670 65 22 öfver
780 670 96 21 isränna

121 705 43 22 och
174 705 9 21 i
194 705 126 22 allmänhet
335 704 86 22 bereda
436 704 76 29 skydd
528 705 36 21 för
580 704 151 29 vintervägar
745 706 60 20 samt
814 704 61 21 före-

122 740 78 28 bygga
223 739 72 22 andra
315 739 152 28 olägenheter
486 739 26 21 af
530 739 198 28 vintersjöfarten,
749 738 129 22 inskränka

121 773 167 30 vintergäende
307 775 138 27 ängfartygs
468 773 250 29 manövreringsfrihet
733 774 43 21 och
791 773 85 29 älägga

121 808 254 29 fartygsbefälhafvare
397 807 153 30 iakttagande
574 808 26 21 af
618 808 62 21 vissa
703 808 174 28 försigtighets-

122 843 114 29 åtgärder,
262 847 38 18 äro
326 843 98 21 -afsedda
442 844 36 20 att
496 843 9 21 i
525 843 75 21 sinom
616 842 35 22 tid
676 842 9 21 i
704 842 172 22 administrativ

121 881 46 25 väg
189 877 106 22 utfärdas
317 877 100 22 likasom
444 877 70 22 äfven
540 877 113 22 särskilda
676 876 201 29 kompletterande

121 912 147 21 föreskrifter
288 911 9 22 i
319 912 110 21 afseende
451 912 14 21 å
488 911 274 29 väghållningsbesväret
779 911 30 29 på
826 911 51 21 lan-

123 947 45 28 det,
188 946 96 22 hvartill
299 947 88 28 förslag
402 946 72 21 redan
489 946 130 21 utarbetats
635 946 44 21 och
695 945 130 22 Ständerna
840 945 38 22 till

121 981 131 21 kännedom
267 981 85 21 härhos
369 981 112 28 bilägges.

190 1015 66 22 Hans
272 1015 131 28 Kejserliga
418 1014 111 29 Majestät
544 1015 42 21 har
602 1014 69 22 alltså
685 1015 64 21 velat
761 1015 37 21 till
809 1015 68 21 Stän-

123 1049 83 22 dernas
218 1049 131 29 antagande
364 1049 146 22 öfverlemna
522 1049 113 29 närlagda
649 1049 90 29 förslag
754 1049 36 22 till
805 1049 74 28 nådig

123 1083 137 29 förordning
276 1084 119 28 angående
410 1084 286 28 väghållningsbesvärets
707 1083 130 29 utgörande
847 1084 31 27 på

122 1118 87 27 landet,
232 1118 52 22 med
306 1118 155 29 iakttagande
484 1118 73 29 däraf,
574 1121 35 19 att
624 1118 40 21 det
678 1119 36 20 uti
730 1121 19 25 3,
765 1121 18 25 8,
802 1120 31 26 15,
850 1119 27 20 53

123 1152 43 22 och
189 1155 27 19 67
238 1153 26 28 $$
282 1153 25 20 af
321 1153 169 28 förordningen
513 1153 140 22 omnämnda
675 1153 143 27 statsbidrag
840 1151 39 22 till

123 1191 115 25 vägarnas
252 1187 124 22 underhåll
391 1187 62 22 skall
467 1189 58 27 utgå
540 1195 28 14 ur
582 1187 237 29 bevillningsfonden.
