1098 1736
347 163 28 21 U.
391 163 26 21 B.
435 175 28 2 —
478 163 76 27 Prop.
568 162 42 22 N:o
627 162 21 22 1.
871 165 11 19 7

126 240 58 15 vara
202 233 146 29 berättigade
367 236 34 19 att
419 234 9 21 i
447 241 86 14 samma
552 234 53 21 mån
624 233 28 21 de
671 234 77 21 erlade
767 234 63 22 skatt
848 236 36 19 ut-

127 268 55 22 öfva
207 268 114 22 invärkan
346 268 29 28 på
398 268 64 22 valet
485 268 24 22 af
533 268 121 22 städernas
672 271 186 25 representanter
876 268 8 22 i

126 301 132 30 riksdagen.
294 302 12 21 I
324 302 79 29 kongl.
421 302 167 29 förordningen
607 302 44 22 den
666 303 31 21 23
711 303 93 28 augusti
819 303 62 21 1731

126 337 72 28 jämte
216 336 187 29 förklaringarna
421 336 38 22 till
477 337 134 22 densamma
630 337 23 22 af
668 336 44 22 den
727 337 13 22 5
754 337 50 29 juni
820 337 62 21 1739

128 371 43 22 och
201 371 43 21 den
272 372 29 21 16
321 371 96 22 oktober
438 371 72 28 1741,
528 371 82 22 hvilka
628 371 167 29 författningar
812 371 72 22 utfär-

127 405 51 22 dats
197 405 52 22 med
268 405 143 22 Ständernas
428 406 127 28 samtycke,
568 405 125 29 stadgades
706 406 120 29 angående
838 408 46 19 stä-

128 439 82 23 dernas
236 440 235 29 riksdagsmannaval
489 443 41 26 att,
550 440 42 22 där
610 440 68 22 valen
698 440 84 22 skedde
801 447 83 22 genom

127 475 121 27 elektorer,
275 475 168 28 borgerskapet
469 475 70 22 borde
567 475 90 22 indelas
676 475 60 22 efter
754 475 68 22 hvars
841 474 43 23 och

128 516 40 15 ens
196 509 85 22 handel
305 509 42 22 och
375 510 84 27 näring
486 513 60 18 samt
573 509 44 22 den
636 510 8 21 i
663 509 114 22 anseende
805 509 79 22 därtill

127 543 85 22 honom
231 544 97 29 påförda
347 544 70 29 afgift
434 544 9 21 i
462 544 114 21 särskilda
594 544 96 27 klasser,
709 543 28 22 de
752 543 132 23 handlande

128 579 35 21 för
190 579 36 28 sig
253 578 43 22 och
325 578 158 29 ,ämbeterne*
503 579 36 21 för
559 579 41 28 sig,
619 578 52 22 med
690 578 152 29 iakttagande
860 578 24 21 af

128 615 35 19 att
190 614 26 20 så
242 612 52 22 vidt
319 612 40 22 det
376 613 8 21 i
403 613 80 29 hvarje
509 612 123 30 ,societet"
658 613 40 21 ske
721 612 84 26 kunde,
824 612 60 22 klas-

128 655 67 14 serna
222 648 48 21 sins
297 647 98 22 emellan
424 647 76 22 blefve
527 648 49 21 lika
599 647 125 29 ,antingen
743 648 8 20 i
770 646 113 23 anseende

127 682 37 21 till
184 681 66 23 deras
270 682 160 22 kontribution
449 682 38 21 till
505 682 82 22 staden
601 682 56 21 eller
670 682 37 21 till
719 682 97 22 öretalet
828 681 56 22 eller

130 717 43 21 ock
191 716 37 22 till
246 716 62 22 hvad
326 724 76 14 annan
422 717 142 28 proportion,
584 724 48 14 som
650 716 37 22 till
699 716 122 29 jämkning
832 716 52 21 bor-

129 751 125 28 gerskapet
281 751 97 21 emellan
406 751 46 21 kan
477 758 56 15 vara
562 751 122 29 antagen".
720 751 46 21 Vid
792 750 92 22 direkta

129 786 39 21 val
186 785 74 22 skulle
279 787 104 20 rösterna
405 785 113 22 likaledes
536 785 63 28 gälla
618 786 58 21 efter
694 785 69 22 hvars
782 784 43 23 och
843 792 41 14 ens

130 820 68 22 andel
216 820 8 21 i
242 820 159 28 utskylderna.
429 820 123 22 Huruvida
564 820 52 21 med
630 820 170 22 ofvanberörda
811 819 73 29 jämk-

130 855 58 28 ning
214 854 177 28 borgerskapets
418 854 150 22 medlemmar
594 854 98 21 emellan
718 854 67 21 äfven
810 853 74 22 skulle

130 889 82 21 afsetts
237 891 35 19 att
296 889 99 28 tillägga
413 888 28 22 de
461 888 186 29 valberättigade
666 888 112 29 rättighet
798 890 34 19 att
850 887 34 22 öf-

128 923 176 22 verenskomma
330 931 37 14 om
393 923 209 29 röstbegränsning
629 923 40 22 vid
687 923 69 22 valen
774 922 56 22 eller
847 929 37 14 om

129 957 52 22 icke
208 958 118 28 uttrycket
345 958 8 21 i
371 958 66 28 fråga
461 958 60 21 blott
539 957 43 22 har
600 957 108 22 afseende
726 958 30 28 på
774 957 28 21 de
822 957 62 21 olika

129 992 134 28 grunderna
281 993 35 20 för
335 992 164 29 utskyldernas
518 992 148 29 erläggande,
686 999 35 14 om
740 991 80 22 hvilka
832 991 52 22 bor-

129 1027 125 29 gerskapet
272 1027 8 21 i
298 1027 63 21 olika
387 1027 78 21 städer
492 1027 36 28 sig
554 1027 98 27 förenat,
671 1027 101 28 framgår
790 1027 21 28 ej
831 1025 54 22 fullt

129 1061 88 29 tydligt
243 1069 27 14 ur
297 1061 151 22 omförmälda
469 1061 173 29 författningar.
678 1061 48 21 Till
744 1061 83 21 sakens
846 1060 38 21 be-

129 1095 95 30 lysning
242 1103 67 21 synes
328 1095 60 22 dock
405 1096 66 29 tjäna
489 1095 40 22 det
546 1095 146 22 förhållande
711 1098 35 19 att
767 1095 63 22 1810
847 1095 37 21 års

127 1130 246 29 Riksdagsordning
362 1125 16 38 i
395 1130 97 28 Sverige
511 1131 8 21 i
541 1131 35 21 sin
604 1130 165 28 ursprungliga
796 1129 88 28 lydelse

128 1164 52 22 icke
199 1164 75 22 kände
292 1164 37 22 till
347 1165 79 28 någon
445 1164 209 29 röstbegränsning
671 1164 9 22 i
698 1164 66 28 fråga
784 1171 36 14 om
838 1165 46 19 stä-

128 1198 82 22 dernas
238 1199 238 28 riksdagsmannaval.
516 1199 59 21 Häri
602 1198 86 22 skedde
712 1198 129 21 sedermera
859 1198 26 20 år

130 1233 65 22 1858
223 1233 70 22 sådan
323 1233 100 29 ändring
451 1236 35 19 att
508 1233 120 22 städernas
646 1231 185 30 valberättigade
850 1231 34 22 in-

126 1268 86 21 vånare
236 1267 88 22 erhöllo
348 1270 47 19 rätt
420 1270 35 19 att
473 1275 84 22 genom
576 1267 238 26 öfverenskommelse,
836 1273 48 15 som

127 1301 61 22 dock
212 1302 69 21 borde
308 1302 155 22 underkastas
490 1303 146 28 Konungens
663 1301 155 28 fastställelse,
847 1300 37 21 be-

126 1339 99 19 stämma
249 1344 77 14 annan
345 1336 76 29 grund
440 1337 35 21 för
499 1337 161 28 beräkningen
680 1336 24 21 af
721 1338 105 19 rösterna
844 1334 40 22 vid

126 1370 240 30 riksdagsmannaval.
394 1371 12 21 I
423 1371 105 29 enlighet
541 1371 94 22 därmed
648 1373 99 26 antogos
760 1370 35 22 för
808 1368 76 23 skilda

128 1405 77 22 städer
217 1405 168 29 valordningar
403 1405 53 22 med
480 1405 132 29 begränsad
630 1405 186 28 röstberäkning,
835 1410 49 15 som

126 1439 79 28 gällde
223 1439 37 22 till
278 1439 52 22 dess
347 1439 40 22 vid
406 1439 311 29 representationsreformen
742 1439 63 21 1866
826 1439 60 20 röst-

126 1473 83 22 skalan
228 1474 49 21 helt
295 1474 43 21 och
355 1474 74 21 hållet
447 1474 147 22 afskaffades.

196 1516 219 23 Grundlagsutskottets
429 1516 120 19 betänkande
562 1516 38 18 N:o
613 1518 15 16 1.
