1098 1673
213 80 13 20 2
424 80 72 22 Ständ.
512 80 35 22 Sv.
563 92 28 3 —
607 80 61 27 Prop.
686 80 36 22 N:o
738 79 21 22 2.

215 151 207 29 dagsordningen
440 151 40 22 för
500 150 243 24 Storfurstendömet
760 150 114 23 Finland.

284 186 49 22 Vid
370 186 117 22 ärendets
524 186 193 29 handläggning
750 185 46 22 hos
829 184 143 23 Ständerna

214 220 79 22 hafva
312 220 187 28 Ridderskapet
514 220 46 22 och
574 220 81 22 Adeln
669 221 65 21 samt
747 219 224 29 Borgareståndet,

214 255 82 22 under
324 255 153 29 hänvisning
505 254 35 23 till
567 255 69 22 hvad
664 255 7 21 i
701 254 156 23 Ständernas
881 254 90 23 under-

215 289 95 29 dåniga
336 289 131 23 skrifvelse
493 289 25 22 af
540 289 49 23 den
609 290 30 22 31
661 288 131 23 december
813 288 68 23 1904
899 288 73 22 fram-

215 323 92 27 hållits,
328 324 53 22 icke
400 324 81 29 ingått
499 324 7 22 i
526 324 82 29 saklig
626 324 121 28 pröfning
766 323 25 22 af
809 323 50 23 den
878 323 94 29 nådiga

214 359 198 28 propositionen,
436 359 61 21 enär
518 359 49 22 den
586 358 95 29 lagliga
700 358 141 28 ordningen
860 358 8 22 i
886 358 86 22 landet

215 392 55 23 icke
296 393 83 22 blifvit
403 393 129 23 återställd
551 393 46 22 och
616 393 245 28 förutsättningarna
879 392 40 22 för
938 393 34 21 ett

216 428 110 22 normalt
343 428 224 29 landtdagsarbete
587 428 106 22 sålunda
713 427 132 23 saknades.
876 426 96 23 Preste-

215 462 101 23 ståndet
340 463 47 22 har
412 463 80 28 afböjt
516 463 49 22 den
584 463 95 28 nådiga
697 462 198 29 propositionen,
915 467 56 16 men

215 496 193 23 Bondeståndet
443 497 39 22 för
512 497 131 22 bristande
673 497 36 22 tid
740 497 21 28 ej
794 496 90 23 hunnit
915 496 57 22 slut-

214 530 128 24 behandla
362 532 110 22 ärendet.

285 569 36 19 Pä
350 569 82 26 grund
461 569 25 19 af
510 569 42 20 det
577 566 106 22 anförda
707 565 26 23 få
760 565 141 22 Ständerna
925 564 46 22 hos

215 600 83 23 Eders
324 601 140 29 Kejserliga
488 601 117 28 Majestät
623 601 7 22 i
649 600 204 29 underdånighet
873 599 98 22 anmäla

216 636 36 21 att
278 635 123 29 lagenligt
428 635 186 22 ständerbeslut
638 635 7 22 i
670 635 91 29 frågan
787 634 106 22 sålunda
918 634 53 22 icke

216 669 96 23 ernåtts
332 670 46 22 och
398 672 34 20 att
451 671 146 21 densamma
616 670 72 22 alltså
707 669 110 22 förfallit.

284 738 122 23 Finlands
426 739 109 22 Ständer
553 739 146 22 framhärda
719 739 44 22 etc.

285 807 168 30 Helsingfors,
474 808 48 22 den
542 808 31 22 15
595 807 63 29 april
678 807 75 23 1905.

348 1398 116 23 Helsingfors
478 1398 50 18 1905.
552 1397 116 23 Helsingfors
681 1396 160 23 Centraltryckeri.
