1095 1750
346 152 22 22 U.
385 152 22 22 B.
423 165 28 3 —
467 152 60 28 Prop.
545 152 34 22 N:o
596 152 20 22 6.
804 154 27 19 43

175 215 61 21 Enär
251 215 38 21 det
305 215 67 21 skifte
388 214 26 22 af
424 214 59 28 jord,
499 222 49 14 som
563 215 7 21 i
585 215 171 28 propositionen
773 215 87 21 benäm-
916 221 39 21 =5&.

105 256 40 14 nes
170 249 138 29 provisorisk
330 249 100 28 delning,
446 250 7 20 i
469 249 83 28 själfva
574 249 79 21 verket
676 249 50 21 icke
749 252 24 18 är
790 249 213 28 nägot(171$iprop.)

107 287 69 17 annat
192 286 28 18 än
235 283 113 28 klyfning,
368 284 40 20 har
423 284 112 21 utskottet
550 286 79 22 ansett,
646 286 33 18 att
695 284 27 20 de
738 284 122 21 materiella

107 318 154 28 stadgandena
283 318 95 21 rörande
402 318 70 21 sädan
494 318 108 28 klyfning
624 318 55 21 böra
698 318 163 21 förekomma
847 314 18 36 i

107 353 95 27 kapitlet
224 360 36 14 om
283 352 113 29 klyfning.
427 353 12 21 I
454 353 101 28 enlighet
578 353 92 21 härmed
690 352 41 22 har
750 353 111 21 utskottet

107 387 73 21 under
197 389 9 19 1
223 394 66 15 mom.
310 387 25 21 af
352 389 12 19 5
385 388 14 28 S
418 388 106 28 upptagit
547 387 51 21 från
622 389 38 19 171
677 387 37 29 Si
729 387 132 28 propositio-

107 428 45 15 nen
175 421 48 21 däri
245 421 183 22 förekommande
452 422 74 22 vilkor
549 422 36 21 för
607 422 140 28 provisorisk
769 422 93 27 delning

107 455 118 22 äfvensom
247 456 145 21 föreskriften
415 459 33 18 att
473 457 129 20 densamma
624 456 56 21 skall
705 457 60 27 gälla
783 457 79 20 endast

107 490 130 27 tillsvidare,
260 491 81 21 medan
363 493 47 19 åter
436 491 43 21 den
506 491 36 21 del
568 491 25 21 af
615 493 38 18 171
678 491 20 28 8,
722 498 48 14 som
792 491 70 20 hand-

108 525 33 21 lar
156 533 37 13 om
208 525 146 26 förfarandet,
370 525 94 28 intagits
481 525 72 22 under
570 527 24 19 11
611 525 50 28 kap.
693 525 116 28 Därjämte
821 525 41 21 har

108 560 110 21 utskottet
241 561 73 20 såsom
334 562 31 19 ett
384 560 71 21 andra
470 562 100 19 moment
585 560 35 21 till
634 559 150 22 förevarande
798 567 64 21 para-

108 594 50 28 graf
174 595 6 20 i
196 594 147 28 lagförslaget
359 595 70 21 infört
446 595 143 27 bestämning
605 594 76 22 därom
697 597 33 19 att
745 594 117 29 sämjodel-

108 629 57 28 ning
180 629 45 21 kan
240 629 80 21 häfvas
336 629 78 21 endast
430 636 83 21 genom
529 629 69 21 sådan
614 629 114 28 klyfning,
744 629 94 22 hvarom
850 631 10 18 1

108 670 66 15 mom.
191 664 100 20 handlar.

176 698 40 22 Uti
237 700 9 18 1
263 706 65 14 mom.
348 700 26 19 47
395 698 13 28 S
425 698 25 21 af
467 698 169 28 propositionen
655 698 103 28 angifves
774 698 8 21 i
796 698 66 28 fråga
887 694 13 37 =
918 702 39 22 68.

108 740 37 14 om
163 732 116 22 storskifte
298 732 42 22 och
356 733 108 28 klyfning
480 740 28 14 en
524 733 91 28 speciell
631 733 179 28 delningsgrund
826 731 91 23 för(47
906 726 11 39 $
930 731 5 17 i
944 730 61 23 prop.)

109 767 80 21 odlade
209 774 60 21 egor,
285 767 115 28 nämligen
416 767 139 21 innehafvet.
585 767 80 28 Enligt
680 767 121 21 utskottets
816 766 46 22 för-

108 801 50 28 slag
174 804 24 18 är
213 802 124 20 emellertid
352 802 135 21 innehafvet
502 802 45 20 den
563 802 112 21 allmänna
689 801 173 28 delningsgrun-

109 836 44 20 den
172 836 39 21 vid
232 836 121 25 storskifte,
373 836 94 21 hvarför
485 836 43 21 och
544 836 28 21 dä
587 836 39 21 vid
642 836 108 28 klyfning
765 836 43 20 den
824 836 38 20 all-

109 874 83 17 männa
215 870 209 29 delningsgrunden
448 874 24 18 är
496 870 174 22 innehafvarens
693 870 92 22 kvotdel
804 872 58 19 samt

108 904 134 22 innehafvet
261 904 140 22 fortfarande
421 905 41 21 bör
482 905 60 28 gälla
561 907 74 19 säsom
655 912 28 14 en
702 904 95 22 särskild
817 904 45 21 del-

109 938 143 28 ningsgrund
270 939 35 21 för
325 939 38 21 det
381 939 41 21 fall
443 942 33 18 att
495 940 113 28 lägenhet,
624 946 47 15 som
687 939 97 28 klyfves,
800 938 63 22 förut

109 976 24 18 är
149 973 66 21 delad
231 981 81 21 genom
328 974 143 27 sämjoskifte
487 974 54 21 eller
554 974 123 21 tillsvidare
688 974 104 28 gällande
803 973 59 28 klyf-

108 1007 56 28 ning
183 1008 110 21 utskottet
311 1008 120 21 inskränkt
450 1008 124 22 innehållet
594 1008 25 21 af
642 1010 5 19 1
669 1015 66 14 mom.
754 1010 26 19 47
799 1008 13 28 8
828 1007 35 21 till

109 1042 108 28 klyfning
235 1045 58 19 samt
308 1043 105 27 upptagit
429 1043 39 21 det
483 1043 94 21 sälunda
593 1043 96 21 ändrade
705 1042 135 28 stadgandet
855 1042 8 20 i

109 1078 12 19 6
138 1076 13 29 8
167 1078 13 19 2
195 1077 52 28 kap.
259 1077 26 21 af
293 1077 50 21 dess
354 1077 93 28 förslag.
475 1077 122 22 Gentemot
608 1077 180 29 propositionens
800 1076 62 22 orda-

108 1111 88 28 lydelse
211 1111 40 21 har
261 1112 110 21 utskottet
385 1111 79 28 utbytt
478 1112 64 21 ordet
553 1112 96 21 kostnad
661 1114 47 19 mot
718 1111 144 27 förbättring,

109 1148 53 18 enär
181 1146 48 21 icke
252 1146 79 21 värdet
349 1146 25 21 af
396 1146 38 22 det
450 1148 13 19 ä
479 1154 84 21 egorna
578 1146 113 28 nedlagda
706 1146 87 21 arbetet
808 1147 56 19 utan

108 1180 80 21 värdet
207 1180 25 21 af
248 1181 97 21 arbetets
370 1181 95 21 resultat
490 1181 54 21 eller
563 1181 37 21 det
619 1181 76 25 värde,
715 1180 86 21 arbetet
820 1180 43 21 till-

108 1213 47 22 fört
171 1222 90 21 egorna,
277 1218 24 18 är
319 1215 169 22 bestämmande
503 1215 36 22 för
555 1216 44 21 den
613 1215 7 21 i
637 1217 10 19 1
664 1223 66 14 mom.
746 1217 26 19 47
788 1215 14 28 &
818 1221 45 15 om-

109 1249 83 21 nämda
211 1250 133 27 ersättning,
364 1249 129 28 hvarjämte
509 1250 45 21 den
569 1249 155 29 oegentlighet
739 1250 7 20 i
760 1249 104 28 lydelsen

109 1282 130 29 aflägsnats,
259 1286 33 19 att
312 1284 129 21 afträdaren
458 1292 54 13 vore
527 1284 128 28 berättigad
670 1284 34 21 till
720 1283 144 28 godtgörelse

109 1317 80 21 endast
204 1318 35 21 för
255 1318 44 22 den
314 1318 144 28 förbättring,
479 1326 48 14 som
543 1318 71 29 gjorts
629 1319 72 21 under
717 1319 55 21 hans
788 1318 76 21 besitt-

108 1351 108 28 ningstid,
233 1360 52 14 men
300 1353 50 21 icke
365 1353 37 21 för
418 1353 148 21 därförinnan
582 1353 140 21 tillkommen
738 1353 76 21 sädan.

177 1386 35 21 Af
233 1386 27 22 de
282 1387 8 21 i
311 1389 53 19 1848
388 1389 36 19 ärs
447 1387 284 28 landtmäterireglemente
753 1387 111 21 förekom-
921 1391 39 21 78.

108 1420 82 21 mande
211 1422 104 27 speciella
338 1422 197 28 delningsnormer
553 1422 40 21 har
608 1421 169 29 propositionen
792 1414 60 40 under
866 1419 34 22 (48
909 1419 9 23 $
932 1419 6 17 i
946 1418 63 23 prop.)

108 1456 27 18 48
155 1454 13 28 $
189 1456 105 27 upptagit
316 1456 142 28 stadgandet,
483 1458 32 19 att
539 1463 36 14 om
597 1454 267 30 lägenhetsinnehafvare

177 1494 51 24 Lag-
241 1496 32 17 och
287 1496 184 18 ekonomiutskottets
485 1496 115 18 betänkande
613 1495 37 18 N:o
664 1502 17 11 5.
