1098 1745
228 152 26 19 16
451 150 29 22 U.
496 150 27 21 B.
543 163 25 2 —
585 150 74 27 Prop.
676 149 44 22 N:o
736 149 20 22 1.

227 220 60 22 visst
313 221 92 29 belopp,
433 221 49 22 dels
510 221 23 22 af
557 221 153 28 erläggandet
728 221 23 21 af
770 223 34 19 ett
822 221 59 21 visst
898 221 86 22 minsta

226 255 86 29 belopp
343 255 8 22 i
381 255 64 22 skatt
476 255 37 22 till
543 257 77 20 staten
651 255 56 22 eller
734 255 147 28 kommunen,
908 255 48 22 dels
975 255 8 22 i

228 290 102 29 ägande-
347 290 57 21 eller
421 290 191 29 besittningsrätt
630 289 36 22 till
684 289 119 29 fastighet,
827 289 48 22 dels
894 290 7 21 i
920 290 63 21 inne-

227 324 129 22 hafvandet
383 325 22 21 af
433 332 58 22 egen
519 324 77 29 stadig
620 324 84 22 bostad
722 324 36 21 till
776 324 60 22 visst
853 325 130 28 taxerings-

227 359 79 22 värde.
343 359 80 22 Säsom
441 359 104 29 exempel
563 360 31 28 pä
612 359 87 22 sädana
717 358 81 23 länder
816 359 80 22 kunna
918 359 65 28 tjäna

228 393 207 28 Storbrittannien,
453 393 198 28 Nederländerna,
670 401 28 14 en
717 393 37 22 del
774 393 68 28 tyska
861 395 78 26 stater,
954 393 29 22 de

228 427 153 23 österrikiska
402 423 11 37 =
416 428 180 27 kronländerna,
632 428 104 28 Ungarn,
772 427 131 22 Rumänien
939 428 43 22 och

228 462 105 28 Sverige.

296 496 13 22 I
326 497 64 28 regel
418 501 25 17 är
469 496 52 22 med
543 497 45 22 den
607 497 118 21 allmänna
742 499 126 19 rösträtten
885 496 97 22 förenad

227 530 50 23 lika
294 533 96 20 rösträtt
407 532 35 21 för
460 532 46 22 alla
524 532 192 28 valberättigade.
744 531 71 22 Detta
828 532 80 28 plägar
926 538 56 15 vara

227 565 68 23 fallet
312 566 70 22 äfven
400 566 42 22 där
459 569 126 19 rösträtten
605 570 25 18 är
648 574 83 21 genom
750 566 174 28 bestämningar
944 573 38 14 om

227 600 123 22 valcensus
369 600 137 29 begränsad.
543 601 12 21 I
573 601 73 29 några
663 601 82 21 länder
763 600 43 22 har
824 600 59 22 dock
901 600 36 22 för
945 602 37 20 att

226 635 107 29 utjämna
351 635 174 29 värkningarna
545 636 23 21 af
586 635 45 22 den
650 635 117 22 allmänna
794 637 126 20 rösträtten
947 642 34 14 re-

226 668 72 23 lativt
315 672 74 19 större
406 670 130 28 inflytande
555 670 89 28 tillagts
669 670 28 21 de
724 670 100 27 valmän,
842 669 42 22 hos
901 669 81 21 hvilka

228 706 89 19 ansetts
335 704 58 22 böra
411 704 142 28 förutsättas,
576 705 70 28 jämte
674 707 73 19 större
774 704 105 29 förmåga
905 704 8 20 i
941 703 40 22 all-

227 738 102 28 mänhet,
357 739 189 22 kvalifikationer
574 739 88 29 egnade
690 741 34 20 att
747 738 122 22 motvärka
888 738 42 22 allt
948 738 35 22 för

227 775 49 20 stor
302 773 147 28 benägenhet
478 774 37 21 för
541 773 162 23 brådstörtade
722 773 188 28 omhvälfningar
927 773 9 21 i
954 772 28 22 de

226 807 127 22 bestående
372 808 182 22 förhållandena.
591 808 47 22 För
656 808 84 22 sådant
758 807 108 22 ändamål
884 807 66 22 skola
974 807 8 21 i

226 842 123 27 Preussen,
369 842 101 22 Sachsen
489 843 71 28 jämte
580 845 34 19 ett
632 850 42 21 par
701 842 68 29 tyska
797 843 121 21 småstater
939 841 43 22 och

226 876 132 22 Rumänien
377 877 138 21 valmännen
535 877 59 22 efter
612 877 36 22 sin
666 877 64 22 olika
747 875 236 30 förmögenhetsställ-

226 911 59 28 ning
303 910 90 23 indelas
411 911 8 21 i
437 911 95 22 klasser.
568 911 12 22 I
598 911 66 22 dessa
682 911 82 22 länder
782 915 39 17 äro
844 911 67 21 valen
940 910 43 22 ock

226 945 9 22 i
252 945 64 29 regel
337 942 136 26 medelbara.
509 946 109 29 Belgiens
640 945 140 29 valordning
807 945 23 22 af
856 946 26 21 år
911 945 71 27 1894,

226 987 48 14 som
302 980 151 29 synbarligen
475 981 77 28 tjänat
570 981 75 21 såsom
663 980 98 22 förebild
789 980 35 21 för
843 979 39 22 det
900 979 24 22 af
943 979 39 22 Se-

226 1016 72 20 naten
326 1015 25 20 år
382 1015 63 21 1902
472 1015 139 22 utarbetade
643 1014 273 29 propositionsförslaget,
941 1013 41 22 har

226 1051 65 20 utom
310 1049 45 21 den
375 1049 79 29 hvarje
472 1049 93 22 valman
584 1049 176 22 tillkommande
778 1048 131 29 grundröst,
936 1047 47 22 till-

226 1083 52 29 lagt
296 1083 59 28 dem,
375 1091 47 14 som
441 1084 112 28 antingen
572 1085 102 28 uppnått
693 1084 30 22 35
744 1085 36 20 års
799 1083 63 22 ålder
875 1082 43 22 och
931 1082 51 22 där-

226 1118 73 28 jämte
326 1122 40 18 äro
391 1118 211 29 familjeförsörjare
632 1121 60 19 samt
710 1118 96 28 erlägga
824 1118 77 21 direkt
920 1118 63 20 skatt

226 1152 37 22 till
281 1152 60 22 visst
368 1152 90 29 belopp,
485 1153 57 21 eller
568 1153 44 21 ock
639 1157 44 24 äga
702 1161 28 13 en
748 1153 48 21 viss
815 1152 167 28 förmögenhet,

226 1186 120 22 äfvensom
365 1187 59 27 dem,
444 1187 80 22 hvilka
542 1188 86 21 inneha
647 1190 33 19 ett
698 1188 72 28 högre
790 1188 58 20 mått
876 1187 23 21 af
925 1186 58 22 kun-

226 1221 92 29 skaper,
343 1222 62 20 vissa
433 1222 194 22 tillskottsröster.
664 1222 50 22 Mer
740 1226 30 18 än
792 1223 34 19 tre
845 1224 73 18 röster
937 1221 47 21 kan

226 1255 60 22 dock
305 1256 72 28 ingen
395 1256 136 22 tillkomma.

299 1393 81 22 Såsom
399 1393 7 21 i
425 1393 40 21 det
482 1393 139 29 föregående
640 1393 146 28 framhållits,
800 1393 64 21 hvila
876 1392 108 22 valrätts-

226 1426 179 23 förhållandena
424 1428 7 21 i
450 1429 51 20 vårt
520 1428 54 21 land
594 1428 145 29 väsentligen
759 1429 30 28 på
800 1427 127 22 historiska
939 1427 45 21 för-

225 1462 169 29 utsättningar,
422 1469 49 14 som
498 1462 66 22 bestå
592 1463 71 21 sedan
681 1463 67 28 långt
766 1462 100 21 tillbaka
885 1462 9 21 i
912 1461 72 23 tiden.

297 1505 219 23 Grundlagsutskottets
530 1506 121 18 betänkande
664 1507 38 17 N:o
715 1508 15 15 1.
