1095 1742
249 149 27 21 20
562 149 44 22 N:o
618 150 12 21 5

221 216 41 22 der
277 216 55 23 dike
346 217 82 23 blifvit
442 217 74 29 lagdt,
532 217 138 23 underhålla
684 217 43 23 bro
742 217 56 22 eller
812 219 102 20 trumma
924 216 53 22 der-

220 251 73 28 öfver,
309 251 63 22 intill
387 252 52 22 dess
454 254 55 27 nytt
523 252 120 29 vägskifte
657 252 39 22 för
711 259 77 15 annan
808 251 70 22 orsak
891 251 84 22 inträf-

220 286 44 28 far,
281 286 57 22 eller
353 286 44 22 ock
412 286 237 30 vägbyggnadslaget
663 286 133 30 samtycker
810 288 37 20 att
862 285 115 23 derförin-

219 328 48 15 nan
283 321 121 29 öfvertaga
426 321 46 22 slik
494 321 136 29 skyldighet
652 321 57 22 eller
724 321 46 21 kan
785 320 80 22 dertill
879 320 73 22 varda
967 320 9 22 i

219 356 56 28 laga
296 355 101 29 ordning
419 356 146 28 förpliktadt.
595 356 136 22 Uraktlåtes
753 355 91 27 sådant,
859 362 55 14 vare
930 354 45 22 den

220 390 108 28 skyldige
352 390 132 22 förbunden
507 392 36 20 att
565 390 120 22 återställa
707 394 76 25 vägen
805 390 9 21 i
836 389 52 22 dess
910 389 65 22 förra

220 424 73 28 skick,
309 431 37 15 om
362 424 169 30 förändringen
546 425 21 29 ej
583 424 81 23 blifvit
686 432 81 14 senare
781 424 9 22 i
804 424 55 28 laga
874 423 103 29 ordning

219 458 119 30 godkänd.

568 496 27 20 30
612 494 18 28 8.

289 534 87 22 Utmed
397 534 115 28 landsväg
534 534 38 22 må
593 534 21 29 ej
633 536 116 27 upptagas
769 540 59 22 grop
848 532 56 22 eller
920 532 58 28 graf

220 568 27 22 af
259 568 165 22 beskaffenhet
438 570 36 20 att
487 569 39 21 för
539 570 147 26 vägfarande
701 571 56 19 eller
772 571 88 25 vägens
876 566 99 22 bestånd

219 602 107 22 medföra
340 602 68 23 våda.

569 640 22 20 31
610 639 19 26 8.

289 677 126 29 Landsväg
436 678 38 22 må
497 677 20 29 ej
537 678 122 22 inkräktas
680 684 85 22 genom
785 676 89 30 upplag
892 676 27 22 af
934 683 40 14 an-

221 712 43 22 dra
280 716 84 18 ämnen
387 716 30 18 än
439 712 94 29 sådana,
556 720 49 14 som
627 713 38 21 för
685 712 195 30 vägunderhållet
902 711 73 22 ound-

219 746 130 29 gängligen
367 747 126 27 erfordras;
517 747 44 21 och
577 748 37 20 må
629 747 21 29 ej
665 747 74 21 heller
754 746 68 22 dessa
836 746 27 22 så
876 745 100 29 uppläg-

220 788 43 22 gas
279 783 35 19 att
330 781 155 22 samfärdseln
501 781 133 29 derigenom
649 782 124 22 försvåras.

568 846 25 19 32
611 845 18 27 8.

291 883 38 22 Då
343 883 164 30 skyldigheten
524 885 35 20 att
580 883 137 22 underhålla
737 883 114 28 landsväg
866 882 56 21 eller
937 882 38 21 del

220 917 68 22 deraf
304 918 110 28 öfvergår
430 918 53 22 från
501 920 34 19 ett
552 917 211 30 vägbyggnadslag
779 917 38 22 till
832 919 72 20 annat
918 920 57 25 väg-

219 952 164 29 byggnadslag
406 952 57 22 eller
482 953 53 21 från
558 960 29 14 en
609 959 83 22 person
711 952 37 21 till
771 959 83 20 annan,
878 951 60 21 skall
961 951 15 21 å

222 986 80 21 stället
324 986 112 22 förrättas
452 994 42 21 syn
511 987 27 21 af
550 986 227 22 kronolänsmannen
793 985 9 22 i
818 986 39 21 det
872 985 103 28 distrikt,

219 1020 97 22 hvartill
332 1021 147 22 tillträdaren
493 1021 43 22 hör
551 1021 44 22 och
611 1021 81 22 dervid
706 1020 161 29 tilläfventyrs
881 1019 94 29 yppade

221 1055 203 28 bristfälligheter,
439 1056 63 21 inom
518 1055 45 22 den
582 1055 35 22 tid
632 1055 228 22 kronolänsmannen
875 1054 100 21 bestäm-

220 1096 56 21 mer,
293 1089 27 22 af
334 1089 135 22 afträdaren
484 1089 127 29 behörigen
625 1089 124 29 afhjelpas,
765 1089 40 22 vid
816 1088 97 29 påföljd,
924 1095 50 15 som

219 1123 8 22 i
244 1125 26 20 27
293 1125 14 26 &
330 1127 60 25 sägs.
419 1124 48 21 För
489 1124 90 28 brister,
602 1131 49 14 som
673 1123 102 22 derefter
790 1123 14 21 å
819 1126 76 25 vägen
917 1129 58 22 upp-

218 1158 99 28 komma,
334 1165 98 14 ansvare
447 1158 153 22 tillträdaren.

288 1193 52 28 Lag
356 1200 87 14 samma
458 1200 54 14 vare
528 1193 145 21 beträffande
689 1192 41 22 bro
746 1191 44 22 och
800 1191 68 29 färja,
880 1198 48 15 som
939 1191 37 22 öf-

219 1228 109 27 vertages
344 1227 38 21 till
396 1227 123 22 underhåll
534 1227 98 21 medelst
646 1227 138 28 vägkassan.

568 1285 26 20 33
610 1285 19 26 8.

288 1323 48 22 Der
356 1323 63 22 skild
438 1324 69 21 kassa
528 1324 38 21 för
585 1323 124 29 byggande
730 1322 57 23 eller
806 1321 124 23 underhåll
949 1322 29 21 af

219 1357 87 22 allmän
321 1358 42 21 bro
379 1358 57 21 eller
450 1358 67 29 färja,
532 1365 49 14 som
598 1358 133 28 öfvertages
745 1357 37 21 till
794 1356 124 22 underhåll
928 1363 46 14 me-

219 1391 62 22 delst
293 1388 139 33 vägkassan,
446 1393 74 21 finnes
533 1391 95 29 samlad,
646 1392 61 21 skall
725 1391 142 27 densamma,
880 1391 26 21 så
919 1391 56 21 vida

218 1426 46 22 den
279 1427 148 28 uppkommit
437 1434 83 22 genom
530 1426 107 29 uppbörd
647 1426 26 21 af
682 1425 152 29 vägfarande,
850 1424 124 22 öfverläm-

218 1468 43 14 nas
272 1461 38 21 till
320 1461 246 29 vägbyggnadslagets
576 1461 121 29 vägkassa.
720 1458 35 24 Är
766 1459 45 22 den
819 1459 105 22 deremot
933 1459 42 22 bil-
