1092 1742
358 147 27 22 U.
402 148 27 20 B.
447 160 26 2 —
489 146 74 28 Prop.
581 146 41 22 N:o
639 146 22 22 5.
850 146 40 21 119

130 215 219 28 förfullständigande.
379 215 171 21 Vidkommande
569 215 50 21 först
644 214 100 22 rubriken
768 214 65 22 borde
849 214 42 21 den

132 249 95 27 undergä
242 250 149 21 motsvarande
406 250 90 27 ändring
511 256 45 14 som
572 250 100 20 rubriken
691 250 31 20 till
738 249 74 27 själfva
823 249 68 27 lagen.

131 284 91 21 Därnäst
244 285 37 20 har
299 284 112 21 Utskottet
428 284 76 27 funnit,
520 286 32 18 att
574 284 4 27 $
594 284 13 20 2
624 283 71 22 kunde
711 284 45 20 helt
770 284 39 20 och
825 283 64 21 hållet

132 318 56 27 utgä,
199 319 87 21 emedan
299 319 40 25 det,
350 325 44 15 som
406 318 124 28 paragrafen
542 318 56 21 afser
613 320 30 19 att
653 318 118 28 tillgodose,
782 318 106 21 allaredan

133 354 94 20 beaktats
242 360 75 20 genom
335 353 130 27 stadganden
482 353 5 20 i
505 353 24 27 88
545 354 27 20 23
588 353 40 21 och
644 354 26 20 25
687 353 21 21 af
719 352 118 22 Utskottets
848 352 41 21 för-

132 388 51 26 slag.
212 387 63 21 Detta
298 387 85 21 komme
407 389 29 19 att
459 388 85 26 betinga
567 394 25 14 en
614 387 124 26 förändring
752 387 22 21 af
788 387 58 21 säväl
863 386 26 21 de

132 428 74 15 senare
222 422 157 28 paragrafernas
398 422 151 28 nummerföljd
565 429 45 14 som
626 422 39 21 ock
682 422 21 21 af
718 422 41 21 den
775 422 7 20 i
797 428 63 15 mom.
878 422 11 20 1

132 456 12 28 8
160 458 12 20 3
189 456 116 28 åberopade
325 457 135 27 paragrafens
481 463 103 15 nummer.
615 456 49 22 Med
680 457 116 27 anledning
811 457 21 21 af
848 457 12 27 $
877 457 13 19 4

133 492 38 20 har
186 491 107 21 Utskottet
308 493 68 19 ansett
391 492 32 26 sig
438 491 51 21 böra
505 492 65 20 uttala
591 491 171 21 önskvärdheten
778 492 22 20 af
815 498 26 14 en
858 490 32 21 sä-

133 526 40 20 dan
187 526 137 21 redaktionell
337 526 122 27 förändring
475 526 21 20 af
512 532 61 14 mom.
586 526 18 26 1,
615 528 30 18 att
658 526 75 20 orden:
752 524 139 29 »skiljaktiga

133 560 169 27 förhållanden»
320 560 95 26 utbyttes
433 562 44 19 mot
493 560 36 21 det
544 560 133 28 sakenligare
694 560 70 21 ordet:
783 559 106 27 »ortsför-

134 594 153 22 hällandena».
317 594 107 28 Därjämte
447 595 38 21 har
504 595 34 21 det
554 597 60 24 synts
629 594 111 22 Utskottet
755 594 85 28 skäligt,
855 594 37 20 det

134 629 5 19 i
156 635 62 14 mom.
234 630 12 19 2
262 629 143 27 uttryckligen
417 629 147 27 föreskrefves,
580 631 30 19 att
628 629 2 20 i
648 629 40 21 den
705 628 134 28 kungörelse,
855 628 38 20 där

134 665 129 25 omnämnes,
286 664 65 20 borde
373 663 104 28 angifvas
502 663 62 22 säväl
586 664 33 20 tid
633 670 47 14 som
696 664 62 20 ställe
773 664 36 26 för
823 669 67 21 syne-

134 697 165 28 förrättningen
313 698 70 21 säsom
400 698 37 21 ock
452 698 60 21 huru
526 700 46 19 stor
587 698 34 21 del
636 698 29 27 af
676 699 70 26 vägen
761 697 76 27 hvarje
850 697 42 27 dag

135 732 84 21 komme
241 734 32 19 att
297 732 120 28 besiktigas.
447 732 109 28 Därjämte
580 733 37 20 har
640 732 108 21 Utskottet
766 732 60 21 hällit
841 732 52 25 före,

136 767 28 19 att
180 766 64 21 sädan
269 766 126 28 kungörelse
419 767 64 21 borde
499 767 57 21 säväl
573 767 27 21 14
616 767 65 27 dagar
696 767 44 20 före
755 766 138 27 syneförrätt-

136 800 78 27 ningen
230 800 69 22 ansläs
318 801 2 20 i
337 801 184 27 kommunalstuga
536 808 45 14 som
598 801 68 26 äfven,
682 801 38 20 där
730 800 22 21 sä
765 800 37 21 ske
815 800 79 25 kunde,

135 834 11 20 ä
167 834 38 21 två
223 835 26 27 pä
271 835 118 21 hvarandra
411 836 93 26 följande
524 836 104 27 söndagar
650 836 106 27 wppläsas
780 835 9 21 i
820 834 75 28 kyrka,

135 869 6 19 i
167 869 79 20 hvilket
269 869 98 21 afseende
395 869 66 27 enligt
490 869 118 22 Utskottets
640 869 86 28 mening
751 876 62 14 mom.
837 869 56 25 förty

136 903 65 20 borde
218 903 94 27 undergä
327 904 89 27 ändring
431 904 39 21 och
487 904 162 27 förtydligande.
676 904 108 21 Utskottet
799 904 38 21 har
855 903 39 21 ock

135 939 74 23 ansett,
225 939 28 19 att
273 938 2 20 i
292 945 61 14 mom.
369 939 19 25 3,
403 939 30 20 till
450 939 136 20 undvikande
600 939 20 20 af
632 938 144 27 vantolkning,
786 938 65 21 borde
862 940 33 18 ut-

134 971 117 28 tryckligen
266 974 89 26 utsägas,
369 973 34 20 det
414 973 133 27 kungörelse,
554 979 46 14 som
607 973 37 20 där
653 975 129 24 omnämnes,
790 973 39 20 bör
839 979 56 20 upp-

135 1006 59 21 läsas
208 1006 10 20 i
233 1006 72 28 kyrka.
325 1007 49 21 Med
390 1007 116 28 anledning
521 1008 22 20 af
558 1014 80 14 samma
655 1014 61 14 mom.
733 1007 37 21 har
786 1006 111 22 Utskottet

135 1041 58 20 aktat
212 1041 73 27 nödigt
305 1041 86 28 päpeka,
407 1043 30 20 att
453 1041 35 22 det
504 1041 37 21 där
556 1041 118 28 äberopade
690 1041 126 28 lagrummet
833 1041 6 20 i
857 1040 40 21 Ut-

136 1075 89 20 skottets
240 1075 113 28 lagförslag
369 1083 48 14 vore
433 1076 12 28 &
463 1077 32 20 70.
526 1076 48 21 Med
594 1076 78 21 fästadt
695 1076 99 21 afseende
811 1075 12 21 ä
839 1075 57 21 stad-

134 1109 99 29 gandena
249 1110 6 20 i
272 1111 12 26 $
299 1111 14 20 4
329 1111 38 20 och
386 1117 63 14 mom.
465 1112 10 19 1
494 1111 12 26 8
522 1111 12 20 6
551 1111 6 20 i
572 1111 142 27 lagförslaget,
731 1111 37 20 har
784 1111 35 20 det
835 1111 60 26 synts

136 1143 114 28 Utskottet,
273 1146 29 19 att
325 1145 62 20 bland
411 1145 26 21 de
460 1145 136 26 föreskrifter,
619 1151 45 15 som
687 1145 49 28 ingä
759 1145 68 21 under
854 1143 11 28 $
885 1144 12 20 6

136 1177 65 22 borde
217 1180 90 26 utsägas,
317 1179 114 21 huruledes
444 1179 98 28 kunskap
557 1179 53 21 skall
627 1180 75 20 vinnas
719 1186 34 14 om
765 1179 37 21 det
814 1179 85 27 belopp»

135 1212 100 21 hvarmed
253 1213 115 26 vägkassan
387 1214 36 21 bör
437 1213 121 27 förstärkas,
574 1214 27 21 dä
616 1214 58 27 fräga
691 1216 23 19 är
730 1213 109 28 angäende
853 1219 44 15 om-

136 1246 99 27 byggnad
244 1248 21 20 af
275 1247 101 28 landsväg
385 1248 66 27 enligt
461 1250 30 19 ett
500 1249 47 20 med
557 1248 132 28 betydligare
699 1248 89 21 kostnad
799 1247 100 22 förenadt

136 1280 150 28 byggnadssätt
309 1282 52 21 eller
383 1283 38 20 ock
441 1283 112 27 byggande
572 1283 21 20 af
608 1289 28 20 ny
653 1283 52 21 eller
722 1282 136 28 ombyggnad
877 1281 22 21 af

136 1316 93 27 gammal
252 1316 36 21 bro
311 1316 26 27 pä
359 1317 76 20 sädant
450 1318 41 19 sätt
507 1317 51 21 eller
574 1317 21 21 af
610 1317 75 21 sädant
701 1317 103 26 material,
819 1317 30 20 att
867 1316 31 21 bi-

134 1349 61 22 träde
207 1350 22 21 af
243 1351 119 27 sakkunnig
377 1357 76 21 person
471 1357 49 15 vore
536 1351 138 28 erforderligt.
699 1351 11 21 I
727 1351 106 22 anseende
852 1351 48 20 här-

134 1383 33 21 till
191 1384 64 21 borde
277 1385 68 21 ordet:
363 1385 162 28 »anläggning>
543 1386 7 20 i
565 1385 136 28 paragrafens
718 1386 74 27 början
812 1384 87 27 utbytas

135 1419 45 19 mot
202 1419 68 20 ordet:
288 1419 169 28 »ombyggnad».
487 1419 34 22 Då
537 1420 35 21 det
588 1420 108 21 dessutom
712 1422 60 25 synts
791 1419 110 21 Utskottet

135 1454 55 19 mest
200 1453 107 28 egentligt,
323 1456 30 19 att
367 1454 157 27 framställning
534 1455 22 20 af
568 1461 28 14 nu
608 1454 160 28 ifrägavarande
781 1454 46 27 slag
839 1455 61 26 göres

206 1498 50 23 Lag-
268 1499 31 17 och
314 1499 186 18 Ekonomiutskottets
512 1500 111 17 betänkande
636 1500 37 17 N:o
686 1501 16 16 4.
