1092 1748
465 124 43 22 N:o
519 124 14 21 6
821 124 26 20 13

469 193 28 22 20
512 195 18 26 8.

189 233 45 22 För
253 234 59 28 gode
332 237 98 18 männen
451 234 42 21 och
513 234 135 28 delegarene
668 234 58 21 skall
744 233 132 29 ingeniören

122 268 125 29 ordentligt
263 269 42 21 och
315 268 76 29 redigt
401 268 120 29 föredraga
532 269 47 27 allt,
591 275 48 14 som
650 268 36 21 till
697 267 180 29 förrättningens

122 302 120 22 utförande
257 303 46 21 hör.

190 337 141 28 Delegarene
346 337 56 22 böra
416 337 39 21 vid
467 337 202 28 öfverläggningar
680 337 43 21 och
733 337 76 21 beslut
820 338 58 19 samt

122 371 65 28 eljest
203 371 28 22 då
247 372 26 21 de
288 372 63 21 skola
361 374 63 25 yttra
435 372 36 28 sig
481 371 8 21 i
499 371 71 29 fråga,
582 379 48 14 som
642 371 23 21 af
675 371 134 28 ingeniören
820 371 58 21 före-

123 405 86 28 drages,
221 406 89 28 åtnjuta
321 406 75 28 skälig
407 406 179 28 besinningstid;
598 405 42 22 och
651 408 55 26 göre
716 405 162 28 förrättnings-

122 443 97 18 männen
241 441 134 28 delegarene
394 441 200 28 uppmärksamme
613 441 28 28 på
656 441 84 21 sådana
756 440 122 22 anordnin-

123 482 47 21 gar,
187 475 149 28 hvarigenom
352 475 129 22 ändamålet
496 475 50 22 med
562 475 169 28 förrättningen
746 475 133 28 lämpligast

123 509 86 28 vinnes,
231 513 58 18 samt
309 510 54 21 söke
381 510 52 21 med
448 510 116 28 foglighet
578 509 74 22 förmå
667 509 51 22 dem
734 510 35 21 till
786 509 93 28 enighet

123 543 140 22 beträffande
278 544 83 29 frågor,
378 545 7 20 i
401 545 86 28 hvilka,
502 544 57 21 efter
569 545 60 21 hvad
640 544 120 21 framdeles
771 547 59 25 sägs,
841 543 38 22 be-

124 579 179 22 slutanderätten
319 579 52 21 dem
386 579 145 21 tillkommer.

471 643 27 21 21
515 645 18 25 8.

192 683 45 20 Vid
252 683 71 21 första
338 683 178 22 sammanträdet
531 684 95 27 uppläse
641 683 134 28 ingeniören
792 683 38 21 det
845 683 35 21 för

124 716 84 22 honom
223 717 120 22 utfärdade
358 717 154 22 förordnande
527 720 59 19 samt
601 718 110 21 anteckne
722 718 8 21 i
741 717 139 28 protokollet

124 751 78 21 hvilka
218 751 105 28 delegare
339 752 43 21 och
397 752 116 21 allmänna
524 752 84 21 ombud
618 751 219 27 tillstädeskommit;
849 751 31 21 ef-

124 785 99 28 terfråge
243 786 42 21 ock
304 786 113 21 huruvida
435 786 37 29 jäf
489 789 48 19 mot
556 786 248 29 förrättningsmännen
826 786 55 21 eller

124 820 81 21 hinder
225 823 48 18 mot
291 821 169 28 förrättningen
479 821 155 22 förekommer.
664 821 162 21 Förekommer
838 820 41 29 jäf,

125 862 53 14 vare
192 855 39 28 lag
246 862 48 14 som
309 855 8 22 i
333 855 26 21 11
375 857 13 26 &
405 855 42 22 och
463 856 26 21 17
505 857 13 26 8
540 855 6 21 2
562 863 66 14 mom.
644 859 24 18 är
684 855 72 29 sagdt.

193 890 26 28 Ej
237 890 42 27 må,
296 890 69 21 sedan
381 891 24 20 så
421 890 125 28 kungjordt
562 890 43 22 och
620 890 88 22 kalladt
726 893 24 18 är
765 898 49 14 som
830 890 7 21 i
854 890 27 21 15

125 926 13 25 $
154 927 68 25 sagts,
239 924 116 29 delegares
383 927 94 20 utevaro
492 925 122 28 uppehålla
628 924 173 29 förrättningen.
831 925 50 27 Lag

126 966 85 14 samma
233 967 52 13 vare
311 967 37 13 om
367 959 207 29 jäfsanmärkning,
600 967 48 14 som
674 958 22 23 af
720 959 161 28 förrättnings-

126 996 98 19 männen
247 994 102 28 ogillats;
371 994 170 22 vederbörande
565 994 57 22 dock
642 994 106 28 obetaget
768 997 34 18 att
818 994 64 22 öfver

126 1028 55 21 slikt
213 1028 116 28 ogillande
362 1028 42 22 hos
437 1029 152 21 ordföranden
618 1029 8 21 i
656 1028 226 29 egodelningsrätten

126 1062 79 22 anföra
220 1063 85 28 besvär,
322 1063 79 21 hvilka
417 1066 77 18 senast
509 1063 47 22 före
572 1064 98 21 klockan
686 1062 44 22 tolf
744 1064 14 20 å
773 1063 42 21 den
828 1065 54 19 tret-

126 1097 77 21 tionde
219 1097 74 28 dagen
309 1097 97 22 derefter
421 1098 56 21 böra
490 1098 100 28 ingifvas
601 1098 35 21 till
648 1100 142 26 guvernören
802 1098 7 20 i
820 1098 62 20 länet

126 1130 36 22 för
177 1134 34 18 att
225 1132 36 20 till
278 1131 151 23 ordföranden
445 1132 151 22 öfversändas.
623 1128 69 26 Öfver
707 1132 81 28 beslut,
800 1139 48 14 som
860 1131 23 21 af

126 1165 73 22 denne
214 1166 8 20 i
237 1165 125 29 jäfsfrågan
377 1166 82 28 gifves,
476 1168 37 20 må
528 1167 84 28 klagan
628 1166 18 29 ej
664 1167 66 21 föras.

473 1230 28 21 22
516 1231 19 26 8.

195 1270 65 21 Tvist
276 1278 36 13 om
327 1271 98 28 egande-
441 1271 56 20 eller
513 1271 89 21 åborätt
616 1271 37 21 till
666 1271 52 28 jord
734 1271 36 21 må
781 1271 19 28 ej
813 1271 70 21 verka

126 1304 109 27 uppebåll
250 1305 8 21 i
273 1305 176 28 förrättningen,
465 1307 56 19 utan
538 1313 41 20 ege
594 1305 79 22 dervid
688 1305 50 28 den,
750 1313 48 14 som
809 1305 36 21 för
855 1305 29 20 ti-

127 1338 42 21 den
187 1339 74 21 såsom
277 1346 66 21 egare
360 1339 55 21 eller
431 1339 42 21 åbo
490 1339 95 22 innehar
598 1339 87 29 jorden,
701 1339 35 22 för
752 1339 132 22 densamma

126 1372 50 22 föra
193 1373 68 21 talan.
291 1373 49 21 Har
352 1373 52 28 jord
420 1373 73 22 under
508 1373 180 29 förrättningens
703 1373 90 29 förlopp
810 1373 73 22 öfver-

126 1407 52 28 gått
200 1407 36 21 till
258 1415 33 20 ny
313 1415 67 20 egare
400 1408 55 21 eller
475 1408 50 27 åbo,
546 1409 37 20 må
602 1408 74 21 denne
696 1407 18 29 ej
736 1408 72 22 rubba
829 1408 55 21 eller

126 1441 96 22 klandra
238 1442 61 21 hvad
314 1441 59 22 förre
389 1442 164 22 innehafvaren
570 1443 114 28 samtyckt
700 1443 54 21 eller
768 1442 92 29 afgjort.
