1092 1750
231 134 29 20 38
545 135 42 21 N:o
602 134 13 22 6

544 233 40 21 102
601 234 19 26 8.

267 272 106 28 Egobyte
395 280 65 14 anses
475 280 55 14 vara
545 272 116 28 afslutadt,
677 276 41 18 när
734 273 44 21 den
793 280 86 20 genom
894 272 66 28 bytet

198 306 138 28 uppkomna,
357 306 136 22 förändrade
516 308 40 20 rån
579 307 79 21 blifvit
680 307 93 28 rörlagd
793 306 42 22 och
850 306 109 22 vederbö-

198 340 70 22 rande
291 341 101 21 anvisats
416 341 64 22 deras
504 342 113 28 egolotter
639 344 59 19 samt
721 341 166 22 underrättelse
903 340 8 22 i
927 340 32 21 af-

199 375 83 21 seende
297 383 13 13 å
325 376 212 28 ändringssökande
553 376 134 28 delegarene
706 376 133 28 meddelats,
862 376 31 28 på
914 377 45 19 sätt

199 410 7 20 i
223 410 40 20 121
280 411 13 26 8
308 410 8 21 i
332 410 65 28 fråga
413 418 37 14 om
466 410 113 29 egoskifte
595 414 24 18 är
635 411 112 28 stadgadt.

336 526 22 21 4.
388 526 145 27 Förfarandet
547 526 36 22 vid
598 533 87 22 egornas
698 525 121 30 gradering.

542 590 41 21 103
599 591 18 26 8.

267 630 51 22 Den
332 630 9 21 i
356 631 28 21 42
400 632 12 26 8
429 630 136 23 föreskrifna
585 631 123 29 gradering
724 631 65 27 skall,
805 630 72 22 under
893 637 64 21 egor-

197 672 41 13 nas
253 664 135 30 besigtning
404 666 42 21 och
461 666 172 28 undersökning
648 666 13 21 &
676 666 100 27 marken,
788 665 135 21 verkställas
935 664 22 21 af

198 698 251 29 förrättningsmännen
474 700 58 22 efter
555 700 154 28 rådplägning
733 700 53 21 med
811 699 145 28 delegarene;

198 733 43 21 och
256 734 56 21 böra
327 734 80 22 dervid
422 734 259 29 egoskiljaktigheterna
696 736 85 20 åsättas
796 734 84 22 sådana
890 734 67 28 grad-

197 768 39 27 tal,
256 770 34 19 att
312 771 33 19 ett
368 769 82 28 riktigt
471 769 142 21 förhållande
636 769 97 21 emellan
755 768 43 22 den
818 769 75 21 bättre
914 768 42 22 och

200 805 73 18 sämre
285 802 82 28 jorden
383 804 81 21 varder
479 803 108 29 angifvet.

267 837 45 22 Vid
331 837 110 29 klyfning
460 838 23 22 af
503 837 107 29 lägenhet
625 838 43 28 må,
685 838 40 22 der
739 837 217 29 förrättningsmän-

196 878 46 14 nen
267 871 57 22 efter
347 872 71 21 skedd
441 872 172 28 undersökning
635 880 54 14 anse
708 880 33 21 ny
763 872 123 28 gradering
905 872 50 21 icke

197 905 55 21 böra
272 914 42 20 ega
333 914 57 20 rum,
411 907 44 21 den
471 910 76 18 senast
561 906 130 22 verkstälda
706 906 153 29 graderingen
876 906 79 22 endast

198 940 111 28 granskas
326 940 42 22 och
384 942 25 20 så
424 941 50 22 vidt
490 941 81 28 nödigt
587 944 24 18 är
627 944 76 18 rättas.

540 1016 41 22 104
596 1018 18 25 8.

266 1055 30 21 Så
311 1058 62 18 snart
388 1056 114 28 gradtalet
517 1056 34 21 för
567 1064 27 13 en
611 1056 205 28 egoskiljaktighet
829 1055 78 21 blifvit
916 1055 38 21 be-

196 1090 92 28 stämdt,
307 1090 89 28 åligger
419 1091 39 21 det
479 1091 134 27 ingeniören
631 1094 34 18 att
685 1092 29 27 på
729 1091 78 21 stället
822 1090 132 22 underrätta

196 1124 134 28 delegarene
353 1125 59 21 huru
434 1125 92 29 mycket
544 1125 66 21 deraf
630 1125 112 21 erfordras
762 1124 35 22 för
813 1127 34 19 att
861 1125 8 21 i
885 1124 69 22 värde

196 1161 115 19 motsvara
334 1167 26 14 en
385 1160 81 21 hektar
487 1160 25 21 af
532 1160 155 29 skifteslagets
705 1160 67 22 bästa
787 1159 59 29 jord.
876 1159 78 22 Fram-

195 1193 79 22 ställes
290 1193 25 22 af
328 1193 106 29 delegare
450 1195 99 28 erinring
561 1198 60 18 emot
632 1195 159 28 graderingen,
801 1194 68 21 varde
880 1193 73 22 denna

196 1227 23 21 af
235 1227 252 29 förrättningsmännen
502 1229 133 28 ytterligare
650 1228 132 29 öfvervägd.

539 1303 40 22 105
594 1305 19 25 8.

264 1336 32 28 Är
319 1342 105 28 delegare
447 1343 110 29 missnöjd
575 1344 8 20 i
600 1343 65 29 fråga
688 1351 37 14 om
749 1342 202 29 egograderingen,

195 1376 59 22 skall
269 1377 118 21 utlåtande
403 1377 64 22 öfver
485 1378 38 21 det
542 1378 95 28 tvistiga
655 1378 25 21 af
699 1377 252 28 förrättningsmännen

194 1411 116 21 meddelas
332 1412 44 21 och
399 1412 140 22 beträffande
561 1412 92 28 frågans
672 1412 142 28 behandling
832 1411 35 22 för
883 1411 70 28 öfrigt

194 1445 63 27 gälla
272 1446 60 21 hvad
347 1446 8 20 i
371 1446 27 21 93
414 1448 13 25 8
444 1447 11 21 1
472 1446 42 22 och
529 1446 13 22 2
557 1454 66 14 mom.
640 1450 24 18 är
678 1445 153 23 föreskrifvet.
