1092 1700
104 412 40 18 158?
157 412 17 24 8,

107 827 32 17 189
151 826 17 24 8.

106 1170 32 17 190
150 1169 17 24 8.

212 140 27 19 68
456 139 21 23 U.
494 139 22 22 B.
532 152 28 3 —
576 139 60 28 Prop.
653 138 35 23 N:o
705 139 21 22 6.

279 201 185 23 Landtmätaren
480 204 111 27 upprätte
610 202 43 22 ock
672 202 149 29 beskrifning
841 202 66 22 öfver
922 202 46 21 den

210 236 143 28 uppgångna
372 237 43 21 rån
435 236 43 22 och
494 236 28 22 de
537 236 70 30 lagda
622 236 144 28 råmärkena,
782 236 75 28 enligt
872 236 27 22 de
915 240 52 18 när-

210 276 63 14 mare
289 270 153 29 föreskrifter,
452 278 49 14 som
517 271 26 21 af
553 270 182 30 öfverstyrelsen
746 271 37 21 för
793 270 176 22 landtmäteriet

210 304 9 21 i
234 304 85 22 sådant
335 305 110 22 afseende
462 305 123 22 meddelas.

565 369 48 27 98.

281 407 77 23 Sedan
380 408 104 22 afslutad
507 409 89 28 rägäng
619 408 81 23 blifvit
721 408 146 29 lagständen,
883 408 84 22 teckne

211 442 173 22 landtmätaren
400 443 66 22 bevis
477 443 78 22 derom
567 443 14 22 &
591 443 204 28 räbeskrifningen
807 445 59 20 samt
876 443 91 28 kartan,

212 476 40 22 der
267 477 72 21 sädan
354 479 144 27 upprättats;
514 477 44 22 och
573 477 105 30 iakttage
693 477 175 22 landtmätaren
877 477 90 28 härvid,

212 510 62 23 hvad
289 511 9 21 i
314 511 26 22 10
355 511 53 29 kap.
424 512 28 21 58
467 513 13 26 $
496 511 74 22 första
585 519 68 14 mom.
669 512 112 29 stadgats.

536 650 27 22 18
576 650 72 22 KAP.

371 712 35 23 Om
423 712 79 28 delning
518 712 26 23 af
556 714 65 27 vägar
639 713 40 23 och
695 713 113 28 hägnader.

567 782 47 28 18.

282 820 66 22 Skall
364 821 87 22 allmän
466 825 46 26 väg
527 822 9 21 i
551 822 110 22 afseende
672 822 13 21 å
695 822 126 29 byggande
832 821 43 22 och
885 822 83 22 under-

211 854 49 22 håll
275 855 99 21 emellan
390 856 28 21 de
434 856 279 29 vägbyggnadsskyldige
729 856 110 28 fördelas,
850 856 70 22 varde
931 863 37 15 om

211 888 35 22 tid
258 888 42 22 och
311 889 67 22 ställe
390 890 37 22 för
438 890 74 22 första
524 890 180 22 sammanträdet
715 891 72 21 minst
797 890 88 29 fjorton
896 890 73 29 dagar

211 922 65 22 förut
291 923 129 29 kungjordt
435 925 9 21 i
459 925 245 29 vägbyggnadslagets
720 925 93 28 kyrkor.

281 957 79 22 Sådan
383 958 96 30 delning
500 959 59 21 skall
581 959 41 21 ske
645 960 60 20 etter
727 959 101 21 särskild
843 959 126 29 gradering

211 993 61 19 samt
294 992 52 22 med
368 992 153 30 iakttagande
544 994 27 21 af
587 993 45 22 den
647 993 192 29 delningsgrund,
857 1000 48 14 som
920 994 49 28 lag-

210 1025 64 29 ligen
292 1026 80 22 blifvit
387 1027 105 21 bestämd
508 1028 55 21 eller
573 1027 57 29 eljes
641 1027 113 29 måföljas.
778 1027 191 21 Efterenahanda

210 1060 78 28 grund
303 1060 60 22 skall
379 1061 44 21 ock
439 1062 129 21 kostnaden
584 1062 36 22 för
635 1062 175 28 förrättningen
825 1061 109 22 fördelas.

565 1125 48 27 28.

281 1163 46 22 Vid
347 1167 57 26 vägs
424 1165 125 28 gradering
564 1165 59 21 skall
639 1165 92 28 hänsyn
747 1167 67 26 tagas
829 1164 37 21 till
881 1167 88 26 vägens

211 1197 115 28 ändamål,
350 1199 63 21 olika
438 1199 159 22 beskaffenhet
621 1199 26 21 af
665 1199 71 27 mark,
753 1198 126 22 hvaröfver
893 1202 76 25 vägen

210 1231 49 28 går,
283 1231 102 30 tillgång
407 1233 37 21 till
468 1233 42 22 och
532 1233 100 22 kostnad
655 1233 37 22 för
715 1233 136 21 erhållande
866 1233 25 20 af
904 1233 64 26 sand,

210 1273 57 21 grus
284 1266 55 21 eller
354 1270 73 18 annat
443 1271 72 24 ämne,
532 1267 111 22 hvarmed
658 1271 75 25 vägen
750 1267 47 21 kan
814 1267 88 29 byggas
913 1266 56 22 eller

210 1300 158 28 underhållas,
394 1302 110 21 behofvet
523 1302 26 21 af
563 1302 133 28 ledstänger
711 1302 58 20 eller
784 1304 73 18 annat
871 1301 98 28 skydds-

210 1338 64 24 värn,
291 1335 112 22 trafikens
420 1336 144 28 omfattning
579 1336 44 22 och
638 1336 45 21 den
694 1336 69 21 deraf
773 1335 112 22 orsakade
896 1338 73 19 större

210 1368 58 22 eller
284 1369 90 22 mindre
390 1370 100 29 slitning
505 1370 26 21 af
544 1374 82 24 vägen,
642 1371 25 20 så
683 1370 43 22 ock
741 1370 74 21 andra
827 1370 142 28 omständig-

210 1402 72 28 heter,
299 1410 49 14 som
364 1404 74 22 under
454 1412 28 14 en
497 1405 80 28 längre
588 1404 138 28 fortgående
736 1404 37 21 tid
783 1404 80 21 kunna
873 1404 30 28 på
914 1407 55 25 väg-

209 1437 149 22 underhållet
380 1438 109 26 inverka;
512 1439 43 21 och
578 1438 41 22 bör
637 1438 64 29 förty
717 1438 78 28 skälig
810 1438 136 28 minskning
961 1438 8 21 i

279 1477 47 23 Lag-
338 1478 32 18 och
382 1478 174 19 ekonomiutskottets
568 1478 110 18 betänkande
691 1478 35 18 N:o
738 1479 17 17 5.
