1098 1742
334 145 28 23 U.
377 145 27 22 B.
420 158 28 3 —
463 144 73 30 Prop.
552 146 40 22 N:o
605 145 26 23 1.
834 146 27 21 33

315 213 86 23 Valrätt
416 214 129 22 tillkommer
560 215 31 28 ej:

313 248 86 26 kvinna,
414 248 43 28 gift
472 248 51 22 eller
539 249 68 27 ogift;

313 282 48 26 den,
376 290 46 14 som
438 283 72 21 tillhör
524 283 154 22 frälseständet
693 291 18 14 o.
727 292 16 14 s.
758 292 20 14 v.

358 357 12 28 $
386 358 26 21 13
429 365 61 14 mom.
506 360 12 20 3
535 358 41 22 och
591 360 19 20 4.

314 408 139 29 Berättigade
474 413 32 18 att
527 410 86 28 deltaga
635 411 7 21 i
661 411 34 21 val
718 410 23 22 af
755 411 105 21 elektorer

243 444 36 20 äro
302 444 6 20 i
331 443 129 22 kommunen
484 444 175 22 mantalsskrifna
681 444 138 22 medlemmar
841 444 23 22 af

245 477 127 22 densamma.

318 528 88 24 Valrätt
420 530 129 22 tillkommer
565 532 29 28 ej:

316 565 86 26 kvinna,
417 565 42 28 gift
475 565 51 22 eller
541 566 68 28 ogift;

316 599 48 27 den,
379 607 46 14 som
441 600 73 22 tillhör
528 600 153 22 frälseståndet
696 608 18 14 o.
731 608 16 14 s.
762 608 20 14 v.

359 674 13 29 8
389 676 27 20 14
430 682 63 14 mom.
509 676 12 20 3
537 675 41 21 och
594 675 19 21 6.

318 726 75 22 Såsom
410 726 156 28 valberättigad
581 727 35 21 må
631 728 18 27 ej
666 734 74 15 anses:

319 760 47 27 den,
386 768 46 14 som
451 762 18 28 ej
486 762 68 21 under
569 762 27 21 de
611 765 32 18 tre
659 761 140 22 sistförflutna
814 761 51 21 åren

252 796 55 21 varit
321 796 7 20 i
343 796 74 21 landet
432 796 201 27 mantalsskrifven
623 791 12 36 ;

319 830 48 27 den,
397 838 45 14 som
469 832 45 20 står
534 831 69 21 under
625 831 102 21 målsman
751 831 50 21 eller
823 830 44 21 för-

248 864 110 29 myndare;

320 899 47 26 den,
385 907 46 14 som
452 900 81 21 afträdt
548 901 33 20 sin
597 900 104 28 egendom
717 901 31 20 till
765 901 102 27 borgenä-

249 941 44 14 rers
308 934 132 28 förnöjande,
456 934 24 21 så
496 935 62 28 länge
574 935 122 21 konkursen
712 943 71 18 varar;

320 968 48 27 den,
390 976 46 14 som
458 969 71 22 häftar
544 969 34 22 för
593 969 124 26 understöd,
731 969 84 22 hvilket
830 976 39 14 un-

250 1003 38 21 der
308 1003 92 28 löpande
423 1003 52 22 eller
504 1004 141 21 sistförflutna
675 1004 148 21 kalenderåret
848 1003 23 21 af

250 1037 232 28 fattigvårdssamhälle
504 1038 102 21 tilldelats
629 1039 78 21 honom
723 1038 54 29 själf,
792 1038 76 21 hustru

251 1071 51 22 eller
317 1073 139 28 minderärigt
472 1073 65 26 barn;

322 1108 47 27 den,
384 1115 46 14 som
446 1107 28 29 pä
489 1108 69 28 grund
574 1108 23 21 af
612 1109 48 28 laga
675 1108 50 22 dom
741 1115 19 14 o.
775 1115 16 14 s.
807 1115 20 14 v.

322 1177 76 22 Säsom
413 1177 165 28 landtdagsman
593 1177 34 22 fär
642 1178 19 28 ej
676 1177 137 28 godkännas:

323 1211 47 27 den,
385 1219 47 14 som
447 1212 18 27 ej
482 1211 109 22 bekänner
607 1212 81 21 kristna
703 1212 67 26 läran;
786 1219 19 14 o.
820 1219 17 14 s.
853 1218 22 14 v.

418 1287 12 27 $
446 1287 27 20 20
491 1287 10 20 1
518 1294 62 14 mom.

324 1337 250 29 Landtdagsfullmäktig
589 1339 6 20 i
611 1339 104 28 Borgare-
731 1338 41 22 och
786 1337 86 23 Bonde-

254 1373 89 22 ständen
362 1371 141 24 tillkommme
518 1373 119 28 ersättning
652 1373 23 21 af
689 1373 131 26 statsmedel,
835 1372 38 21 be-

253 1409 80 21 räknad
357 1408 55 23 efter
429 1409 83 21 femton
528 1409 61 20 mark
603 1408 35 21 för
653 1408 72 28 hvarje
741 1407 47 29 dag.
821 1406 55 23 Val-

257 1443 144 22 kostnaderna
422 1444 58 20 inom
499 1443 67 28 sagda
589 1442 63 21 ständ
675 1442 61 21 skola
751 1443 85 27 utgöras
852 1441 24 21 af

188 1488 198 24 Grundlagsutskottets
399 1489 112 18 betänkande
522 1488 38 18 N:o
572 1489 15 17 1.
