1036 1620
242 59 27 21 38

213 122 29 21 20
264 122 89 21 Januari
377 123 54 21 1900
446 123 33 20 till
493 123 59 21 Hans
566 123 118 28 Kejserliga
697 123 99 28 Majestät
810 124 82 23 insänd,
906 125 62 20 hvar-

208 156 67 26 jemte
297 156 50 21 und.
361 156 127 22 hemställan
503 157 81 27 gjordes
600 158 32 20 att
654 158 147 21 Sekreteraren
823 158 8 20 i
845 158 87 22 Banken
946 158 21 22 J.

212 190 104 22 Järnefelt
338 190 64 22 måtte
424 191 108 22 förordnas
556 192 30 20 att
608 192 68 21 under
691 192 58 21 tiden
763 192 78 21 förestå
856 193 30 21 ett
901 193 67 21 direk-

212 224 126 22 törsembete
354 225 7 21 i
375 224 94 23 Banken.

280 259 12 21 I
314 260 114 28 anledning
446 260 23 22 af
482 261 139 21 ordföranden
636 261 8 21 i
658 261 143 26 Direktionen,
817 261 151 21 Bankdirektö-

211 300 37 14 ren
264 294 37 20 Th.
316 294 112 28 Wegelius,
444 295 98 21 anmälan
558 296 31 20 att
603 296 49 26 han,
669 292 44 25 som
729 296 76 20 utsetts
821 296 32 20 till
860 302 107 22 represen-

211 328 47 22 tant
280 328 32 21 för
334 328 130 28 Helsingfors
487 330 47 21 stad
549 330 35 21 vid
599 331 83 20 senaste
697 330 102 27 landtdag
814 331 38 20 och
867 331 100 27 derjemte

212 363 83 21 erhållit
316 364 9 20 i
346 364 95 27 uppdrag
463 365 32 20 att
516 370 50 15 vara
584 364 93 21 ledamot
691 365 7 20 i
713 364 85 27 utskott,
815 371 47 15 vore
877 364 88 22 hindrad

211 398 32 19 att
264 398 68 21 under
353 398 58 21 tiden
434 398 46 21 från
502 398 40 21 den
565 399 13 21 5
593 398 101 21 Februari
710 399 55 20 1900
780 399 32 20 till
827 399 140 27 landtdagens

212 431 42 21 slut
268 431 121 23 handhafva
404 433 37 20 sitt
456 433 80 21 embete
551 433 7 20 i
571 432 190 22 Bankdirektionen
773 433 80 27 gjordes
865 433 23 21 af
896 433 71 22 Bank-

210 465 132 28 fullmäktige
365 466 40 21 den
427 467 13 21 3
461 467 8 20 i
492 467 105 27 sistsagda
619 467 83 27 månad:
719 473 34 16 om
771 467 139 22 förhållandet
927 468 37 21 hos

210 500 60 21 Hans
285 500 116 29 Kejserliga
412 501 97 27 Majestät
520 501 49 22 und.
583 502 98 21 anmälan
690 502 63 27 jemte
765 502 126 21 hemställan
899 502 67 21 tillika

211 534 36 21 det
262 531 196 26 Öfverkamreraren
473 536 8 21 i
495 536 87 21 Banken
598 536 102 21 Hofrädet
715 536 22 21 C.
752 537 25 20 R.
791 536 94 27 Ignatius
899 537 65 20 måtte

210 569 109 22 förordnas
335 570 31 21 att
382 571 66 20 under
463 571 41 21 den
519 571 30 20 tid
564 570 180 22 Bankdirektören
760 571 105 27 Wegelius
878 571 86 21 sålunda
977 573 3 4 '

209 610 37 15 var
268 604 91 21 hindrad
381 605 31 21 att
427 605 175 21 omhänderhafva
618 605 32 21 sin
666 605 63 27 tjenst
744 606 93 21 bestrida
853 606 29 21 ett
898 605 66 21 direk-

210 638 127 22 törsembete
351 639 8 21 i
373 639 94 22 Banken.

276 673 140 22 Förestäende
432 674 142 28 underdäniga
586 675 174 27 hemställningar
771 675 68 21 blefvo
847 675 117 21 sedermera

210 707 23 21 af
245 707 117 28 Kejserliga
377 708 91 21 Senaten
482 709 93 21 bifallna.

277 742 12 21 I
311 742 62 27 öfrigt
392 743 39 21 har
449 743 181 22 Bankdirektören
649 744 106 27 Wegelius
774 743 85 28 ätnjutit
872 743 92 27 ledighet

210 778 28 27 pä
252 778 69 27 grund
336 777 23 22 af
371 777 113 28 sjuklighet
499 778 46 21 frän
561 778 40 21 den
618 779 27 21 10
660 779 88 22 Januari
765 778 53 22 1901
835 779 32 20 till
882 778 40 21 den
937 779 27 20 26

208 812 9 21 i
233 818 81 15 samma
328 812 83 26 mänad,
427 812 46 21 frän
489 812 40 22 den
545 813 13 21 5
574 812 153 28 derpäföljande
742 812 101 22 Februari
857 812 65 21 under
933 813 31 20 tre

207 846 113 26 "månader,
343 846 46 22 från
410 846 40 22 den
474 847 25 21 16
515 846 123 28 September
655 847 51 21 1901
725 847 7 21 i
747 847 34 21 två
795 847 99 21 månader
910 847 54 21 samt

209 881 33 21 för
258 880 93 22 enskilda
367 881 175 27 angelägenheter
559 881 47 21 frän
621 881 41 21 den
677 882 28 21 20
719 882 42 26 Maj
779 882 54 20 1902
847 881 33 21 till
894 881 71 21 mäna-

214 916 51 21 dens
286 916 85 26 utgäng,
395 915 45 21 frän
463 915 42 21 den
526 916 28 22 25
569 916 118 21 November
702 922 81 15 samma
797 916 23 20 är
834 916 33 20 till
882 916 40 20 den
937 916 27 21 24

209 950 154 27 derpäföljande
390 950 115 21 December
519 951 56 20 samt
588 950 46 21 frän
650 950 40 21 den
706 951 26 21 27
748 950 7 21 i
771 950 102 27 sistsagda
888 950 76 21 mänad

213 984 67 22 under
302 991 26 15 en
350 985 32 21 tid
397 985 22 21 af
432 986 31 20 tre
478 985 79 21 veckor.
586 984 113 22 Härunder
713 985 39 21 har
767 984 199 22 ordförandebefatt-

212 1019 78 27 ningen
312 1019 8 21 i
339 1018 135 22 Direktionen
489 1019 113 21 handhafts
618 1019 23 21 af
653 1019 180 21 Bankdirektören
849 1019 116 21 Statsrädet

210 1052 106 28 Bergbom
331 1054 54 20 samt
401 1054 30 20 ett
447 1053 183 29 direktörsembete
650 1054 66 20 skötts
732 1052 22 22 af
770 1050 194 25 Öfverkamreraren

211 1087 101 21 Hofrädet
334 1088 94 27 Ignatius
447 1088 59 21 utom
520 1088 68 21 under
603 1088 58 21 tiden
675 1088 47 21 frän
737 1088 41 21 den
794 1088 27 21 10
835 1088 32 20 till
882 1088 39 20 den
937 1087 28 22 26

212 1122 90 21 Januari
324 1122 62 24 1901,
406 1122 26 21 dä
446 1122 69 27 nägon
529 1122 143 27 förstärkning
686 1122 23 21 af
721 1122 135 21 Direktionen
870 1122 44 21 icke
929 1122 36 21 be-

210 1156 84 21 funnits
316 1156 71 27 nödig,
410 1157 55 20 samt
479 1156 46 21 från
541 1157 41 20 den
597 1157 28 21 20
640 1157 32 20 till
687 1157 40 20 den
743 1157 26 21 31
785 1157 41 26 Maj
844 1157 60 26 1902,
920 1157 46 20 der-

210 1191 69 21 under
301 1191 184 21 Ombudsmannen
508 1191 8 21 i
534 1191 88 21 Banken
637 1198 40 15 von
692 1191 113 21 Rehausen
819 1191 54 21 varit
887 1191 79 21 förord-

210 1224 42 22 nad
267 1225 31 21 att
313 1224 118 22 handhafva
447 1226 31 20 ett
493 1225 184 21 direktörsembete
691 1225 8 21 i
713 1225 94 21 Banken.

278 1259 30 21 Pä
330 1259 71 22 derom
416 1260 59 26 gjord
489 1260 98 21 anhällan
602 1260 38 21 har
654 1259 179 22 Bankdirektören
849 1259 116 21 Statsrädet

211 1293 106 27 Bergbom
327 1294 40 20 den
378 1294 12 21 9
398 1294 41 27 Maj
450 1295 53 21 1901
515 1294 31 21 för
556 1294 112 27 sjuklighet
676 1294 23 22 af
703 1294 191 27 Bankfullmäktige
901 1294 64 21 bevil-

207 1328 44 27 jats
272 1328 158 27 tjenstledighet
451 1328 34 21 till
500 1328 65 28 sagda
578 1328 88 22 mänads
680 1328 86 28 utgäng.
789 1328 74 21 Tillika
878 1328 86 27 bemyn-

211 1362 86 27 digades
320 1362 133 22 Direktionen
476 1363 37 26 att,
535 1362 7 21 i
566 1363 100 21 händelse
688 1363 64 21 behof
769 1363 23 21 af
805 1363 65 21 ökade
885 1362 80 22 arbets-

211 1396 77 22 krafter
303 1397 7 20 i
325 1396 134 22 Direktionen
479 1397 70 27 gjorde
565 1397 32 27 sig
613 1397 102 27 gällande,
732 1397 66 21 under
813 1397 57 21 tiden
885 1397 33 27 sig
932 1398 32 20 till
