1050 1625
460 60 25 22 I
794 61 28 21 59

90 129 146 29 utbetalning
256 128 23 22 af
297 129 14 21 2
325 129 108 29 miljoner
446 130 67 20 mark
527 128 105 23 bokförts
648 130 76 21 såsom
737 129 73 29 utgift
824 136 30 14 ur

90 162 173 23 militiefonden.
293 164 62 21 Från
377 171 86 14 samma
485 163 58 22 fond
561 164 43 21 har
621 164 128 21 sedermera
763 164 89 28 ytterli-

90 206 60 21 gare,
166 198 10 21 i
190 198 103 28 enlighet
310 198 54 22 med
375 194 86 37 tvänne
476 198 87 28 nådiga
582 198 100 28 reskript
696 198 38 22 till
749 198 104 28 general-

90 241 145 26 guvernören
246 238 68 22 öfver
328 238 101 22 Finland
444 238 24 22 af
482 238 43 22 den
536 238 28 22 21
576 238 29 29 (8)
616 238 58 29 april
684 238 45 22 och
732 211 16 62 3
763 211 93 62 novombor

91 279 62 28 1904,
168 279 37 21 för
218 278 101 22 militära
338 278 107 23 ändamål
464 279 38 21 till
516 279 257 22 Riksskattkammaren
786 279 67 21 utbe-

90 314 55 21 talts
160 313 14 21 5
188 312 106 29 miljoner
304 313 43 22 och
357 313 116 28 4,230,000
482 313 71 29 mark,
564 313 54 22 med
626 313 90 29 hänsyn
725 313 38 22 till
773 313 81 22 hvilka

89 348 85 28 belöpp
190 347 64 22 Hans
273 347 132 29 Kejserliga
422 347 108 29 Majestät
548 347 111 22 likaledes
676 347 126 29 förordnat,
818 350 35 19 att

91 380 28 23 de
137 382 65 21 skola
220 382 117 22 betraktas
355 382 75 27 såsom
444 381 100 22 förskott
560 383 13 20 &
588 381 44 22 den
648 389 94 21 summa,
757 382 97 21 hvilken

91 416 23 22 af
128 416 74 22 finska
217 416 133 22 statsmedel
364 413 153 26 kommer
479 409 39 41 att
532 417 107 28 erläggas
654 416 38 22 till
706 415 146 23 bestridande

92 450 23 22 af
131 450 184 29 Kejsaredömets
335 450 101 22 militära
457 450 103 29 utgifter.
592 450 175 29 Sammanlagdt
783 450 71 21 hafva

91 485 93 29 således,
208 485 141 22 oberäknadt
367 485 150 22 förenämnda
535 485 36 22 uti
589 485 170 28 statsförslaget
777 485 37 21 för
829 485 26 21 år

91 519 58 22 1904
168 521 121 27 upptagna
309 519 81 29 anslag
409 519 37 22 för
463 519 121 22 underhåll
600 519 22 22 af
637 519 217 29 gardesbataljonen

92 555 41 21 och
157 554 112 22 särskilda
288 554 102 22 militära
410 554 162 29 inrättningar,
594 554 23 22 af
631 554 76 22 finska
721 554 133 22 statsmedel

90 589 39 21 till
151 589 255 22 Riksskattkammaren
427 588 37 22 för
484 589 102 22 militära
612 589 107 27 ändamål
742 588 112 23 utbetalts

92 623 130 29 14,230,000
240 624 70 28 mark,
329 623 96 22 hvilken
444 630 88 15 summa
547 624 89 28 ganska
650 630 62 21 noga
726 624 128 20 motsvarar

93 658 44 22 den
159 658 134 28 minskning
312 658 8 22 i
332 658 86 22 finska
430 658 149 22 statsverkets
598 657 98 29 utgifter
712 657 73 22 under
800 658 54 21 åren

93 692 149 29 1901—1904,
254 700 49 15 som
312 692 126 22 föranledts
452 692 23 22 af
484 692 75 22 finska
568 692 128 22 militärens
706 692 148 28 upplösning.

160 726 69 23 Hvad
243 726 181 23 militiefondens
443 726 115 23 inkomster
576 726 114 29 beträffar,
711 726 73 22 förete
796 726 58 29 jem-

91 762 40 21 väl
146 761 76 22 dessas
237 761 143 29 totalbelopp
398 761 122 29 betydliga
537 741 167 65 Huktuationer
718 761 72 22 under
803 761 52 28 lop-

92 799 40 26 pet
148 795 24 23 af
186 798 88 19 senaste
289 795 160 29 finansperiod.

163 830 40 22 Uti
221 830 85 29 nädiga
326 831 160 27 kungörelsen.
503 829 23 22 af
544 830 43 21 den
607 830 27 21 16
650 831 60 27 april
724 830 56 21 1901
795 829 60 22 hade

92 865 96 22 berörda
202 865 132 28 inkomster,
349 865 10 20 i
374 865 103 28 enlighet
492 864 53 22 med
560 865 44 21 den
620 865 23 22 af
658 865 130 21 Ständerna
797 864 58 29 god-

92 899 77 22 kända
192 899 87 29 kalkyl,
308 899 124 22 beräknats
457 899 36 22 för
517 899 53 22 hela
594 899 200 28 fyraärsperioden
817 899 38 21 till

92 934 116 28 3,834,000
222 934 65 21 mark
303 933 42 22 och
359 933 37 22 för
412 934 54 21 åren
481 933 144 22 1901—1903
637 933 38 22 till
686 933 169 28 sammanlagdt

93 968 115 29 6,700,500
226 968 70 21 mark.
325 968 100 21 Jemlikt
441 968 125 21 boksluten
584 968 121 28 uppgingo
721 967 135 22 militiefon-

94 1003 55 21 dens
159 1002 127 22 inkomster
295 1002 73 22 under
378 1003 54 20 åren
447 1002 55 22 1901
508 1002 82 21 —1903
600 1002 37 21 till
647 1003 82 21 inalles
740 1001 120 30 9,609,042

93 1037 65 22 mark
173 1038 28 21 77
216 1037 77 29 penni.
312 1037 35 22 De
357 1037 130 22 beräknade
498 1037 43 22 och
551 1037 137 22 realiserade
698 1035 158 24 inkomsterna

93 1071 107 29 utgjorde
215 1071 36 23 för
267 1072 27 22 de
309 1071 112 23 särskilda
436 1073 63 21 åren:

415 1131 116 31 Beräknade
606 1134 128 19 Realiserade

198 1170 24 21 år
234 1170 53 21 1901
324 1187 4 3 .
359 1187 4 4 .
393 1170 120 28 2218500:
530 1182 28 3 —
587 1169 122 29 2,887,814:
724 1169 27 21 99

200 1214 12 21 »
235 1204 55 22 1902
326 1221 5 4 .
362 1221 4 4 ,
396 1204 163 29 2,233,500;—
588 1204 122 29 4,077,572:
725 1204 28 21 95

204 1247 10 11 >
235 1238 56 22 1908
326 1249 12 11 ..
361 1255 4 5 .
395 1238 162 29 2,258500:—
588 1238 122 29 2,643,654;
724 1239 29 20 88

162 1301 13 22 I
190 1301 169 29 statsförslaget
376 1301 37 22 för
433 1301 154 22 innevarande
603 1303 25 20 är
643 1305 39 18 äro
700 1302 48 21 åter
763 1300 94 23 militie-

94 1335 97 22 fondens
209 1336 127 22 inkomster
356 1336 129 22 beräknade
504 1336 38 21 till
562 1336 115 29 2,251,100
695 1335 71 23 mark.
797 1335 61 22 Skil-

93 1370 76 23 naden
184 1371 98 21 emellan
298 1371 28 21 de
341 1370 130 22 beräknade
486 1370 43 23 och
543 1370 136 22 realiserade
692 1370 164 28 inkomsterna,
