1031 1614
200 79 15 20 4
295 77 84 23 Ständ.
404 78 54 23 Skr.
474 91 29 4 —
517 79 153 23 Bankfullm.
687 80 45 22 och
748 81 121 22 Bankrev.

272 145 41 22 till
341 147 80 28 tredje
441 146 329 30 bankrevisorssuppleant:
797 147 100 22 lektorn
915 147 45 22 vid

200 179 153 29 reallyceum
371 182 9 21 i
399 181 176 29 Tammerfors,
591 181 248 29 filosofiemagistern
852 181 106 22 Alexan-

202 214 45 22 der
265 215 97 22 Verner
381 216 116 22 Theodor
515 215 89 28 Malin;

274 278 41 22 till
335 278 86 29 fjärde
441 279 327 29 bankrevisorssuppleant:
792 279 167 28 tjänstförrät-

200 312 81 23 tande
308 313 348 23 referendariesekreteraren
680 313 8 22 i
714 313 141 29 Kejserliga
884 313 74 22 Sena-

201 347 44 22 ten
270 347 41 22 för
338 347 115 27 Finland,
485 348 206 29 kyrkoherden
676 343 18 38 i
714 348 122 28 Piippola,
856 349 103 27 prosten

201 381 66 22 Niilo
287 381 149 30 Karlsberg;

382 440 87 22 inom
487 440 292 29 Borgareståndet:

272 497 42 22 till
333 497 235 29 bankfullmäktig
561 493 15 37 :
591 497 162 22 handlanden
772 497 8 22 i
799 497 159 29 Helsingfors

202 531 106 22 Mauritz
328 531 66 22 Emil
412 531 107 23 Fredrik
538 531 136 30 Hallberg;

272 599 41 23 till
332 600 77 22 förste
434 600 382 29 bankfullmäktigssuppleant:
835 600 123 22 handlan-

202 634 51 22 den
271 634 8 22 i
297 634 112 22 nämnda
427 634 57 23 stad
503 634 62 23 Karl
584 634 111 23 Herman
714 634 131 28 Renlund;

273 697 40 22 till
341 698 82 21 andre
459 697 385 29 banktullmäktigssuppleant:
880 697 79 22 förste

201 732 178 22 stadsläkaren
390 732 8 22 i
408 732 177 26 Tammerfors,
597 732 264 22 medicinelicentiaten
869 732 91 22 Gustaf

201 765 96 23 Rudolf
315 766 100 27 Idman;

271 829 40 22 till
338 829 81 29 tredje
445 829 381 29 banktullmäktigssuppleant:
847 829 111 22 sakföra-

201 870 47 15 ren
272 864 8 21 i
302 864 168 28 Helsingfors,
499 864 290 28 vicehäradshöfdingen
814 863 64 23 Axel
901 864 58 22 Fre-

201 898 59 22 drik
279 898 120 22 Salomon
418 898 121 27 Jansson;

271 960 41 22 till
331 960 87 29 fjärde
441 960 383 30 banktullmäktigssuppleant:
851 961 108 22 sekrete-

199 1002 76 15 raren
300 995 43 22 vid
368 995 249 23 Drätselkammaren
635 996 8 21 i
662 995 167 29 Helsingfors,
848 995 111 29 lagman-

200 1036 52 16 nen
270 1030 79 22 Toivo
369 1030 130 22 Johannes
518 1030 133 27 Boisman;

270 1092 42 22 till
326 1092 178 22 bankrevisor:
525 1093 127 27 senatorn,
664 1092 221 24 filosofiedoktorn
898 1092 62 23 Karl

200 1126 69 23 Emil
286 1126 146 23 Ferdinand
451 1127 126 29 Ignatius;

271 1189 41 22 till
338 1189 77 23 förste
443 1190 329 28 bankrevisorssuppleant:
792 1190 67 22 förre
878 1190 82 22 öfver-

199 1224 260 28 direktörsadjointen
488 1224 9 22 i
523 1224 207 29 Forststyrelsen,
755 1224 117 22 hofrädet
902 1223 58 23 Carl

199 1258 85 22 Johan
293 1258 142 22 Nummelin
442 1266 5 19 ;

243 1349 10 4 =
271 1321 42 22 till
331 1321 83 24 andre
433 1321 331 29 bankrevisorssuppleant:
785 1321 175 23 sekreteraren

198 1355 11 22 i
238 1354 204 30 Ofverstyrelsen
469 1355 40 23 för
538 1355 186 27 skolväsendet,
754 1356 206 29 jurisutriusgue-

199 1389 158 22 kandidaten
375 1390 67 22 Juho
462 1390 85 23 Edvin
567 1389 117 28 Caströn;
