1006 1614
224 86 96 18 Antellska
332 86 133 23 samlingarnas
478 87 73 17 tillväxt
562 87 31 17 och
606 86 49 18 vård.
794 87 21 17 37

67 164 49 23 gar,
141 164 56 21 som,
215 157 73 23 ehuru
306 157 53 23 icke
376 157 132 30 utgörande
524 158 114 29 originala
654 157 105 28 föremål,
775 157 42 23 lik-

66 194 60 21 visst
150 194 19 29 ej
191 193 83 23 kunna
289 193 36 23 för
341 193 47 23 den
404 193 161 30 etnografiska
580 193 164 30 vetenskapen
761 193 55 23 und-

66 236 76 15 varas.
173 229 53 23 Den
251 233 26 19 15
299 229 124 23 december
441 233 56 19 1900
514 229 98 23 inlöstes
629 229 35 23 för
680 230 35 21 ett
730 230 48 28 pris
795 229 23 22 af

66 265 62 22 Fmk
144 269 49 19 200:
210 279 29 2 —
256 265 125 23 framlidne
396 265 91 23 lektorn
503 265 104 23 Herman
618 265 72 23 Pauls
701 265 76 23 under
789 272 28 15 en
834 283 2 3 .

66 307 54 16 resa
136 301 39 23 till
186 301 120 29 Lappland
325 304 145 20 1859—1860
488 301 161 30 egenhändigt
660 301 84 30 gjorda
755 301 62 22 teck-

66 337 91 29 ningar,
181 337 36 22 för
241 337 38 22 det
303 337 76 22 mesta
403 337 24 22 af
452 337 158 29 etnografiskt
628 337 82 28 värde;
728 337 45 22 den
791 340 27 19 14

67 372 122 23 december
207 376 56 19 1902
279 373 36 22 för
331 373 61 22 Fmk
409 376 49 19 250:
475 387 30 2 —
521 380 30 15 en
567 373 130 22 kollektion
712 373 105 22 tecknin-

66 415 44 22 gar
133 409 24 22 af
179 409 148 29 mongoliska
351 409 102 27 dräkter,
478 410 92 25 mattor,
592 405 128 37 väfnader,.
740 409 79 22 möbler

66 451 31 16 m:
123 451 36 21 m.,
183 444 94 23 utförda
300 445 8 22 i
323 444 70 23 tusch
409 444 25 23 af
450 451 29 16 en
496 445 135 29 mongolisk
647 445 112 22 tecknare
775 444 43 23 och

66 480 54 23 frän
136 481 127 28 Mongoliet
279 480 121 23 hemförda
416 480 24 23 af
454 481 139 22 licentiaten
610 480 24 23 G.
652 481 20 22 J.
684 480 113 23 Ramsted

68 516 43 22 den
136 519 27 19 27
187 517 46 28 maj
261 520 56 19 1902
335 516 36 23 för
387 516 61 23 Fmk
464 520 50 19 200:
531 530 29 2 —
576 516 126 23 framlidne
720 517 98 22 artisten

68 551 96 23 Severin
182 552 128 22 Falkmans
327 552 243 29 originalteckningar
580 552 36 22 till
626 552 84 22 verket
723 552 22 27 ,I
757 553 62 21 östra

66 587 112 23 Finland*
203 588 136 23 inneslutna
355 588 7 22 i
378 590 35 20 tre
437 588 120 29 portföljer
574 588 53 22 med
644 588 175 29 sammanlagdt

67 626 43 20 324
126 623 63 28 blad,
207 624 23 22 af
245 624 81 22 hvilka
343 627 41 19 211
403 626 38 20 äro
458 624 112 29 outgifna,
588 625 63 21 samt
667 624 111 28 slutligen
795 623 24 23 af

68 660 98 22 artisten
183 659 68 23 Gabr.
269 659 111 29 Engberg
397 659 75 23 den
458 655 20 37 6
488 659 128 23 november
634 663 57 19 1904
708 661 34 21 ett
754 659 63 23 häfte

67 694 55 24 med
146 695 86 29 blyerts
253 695 36 23 för
304 695 64 23 hand
383 695 95 23 utförda
493 696 143 27 teckningar
652 695 52 23 frän
721 695 96 23 Tavast-

65 731 57 23 land
147 731 24 22 af
194 732 195 28 stuguinteriörer
412 731 43 23 och
480 732 124 22 exteriörer
622 733 64 21 samt
701 731 118 23 särskilda

67 767 163 29 etnografiska
246 767 103 28 föremål,
366 767 36 23 för
417 767 61 23 Fmk
494 771 50 19 300:
561 781 35 9 —

138 802 33 24 Af
194 802 73 24 delvis
291 803 70 23 äfven
381 803 159 29 arkeologiskt
556 803 42 23 och
615 802 204 24 kulturhistoriskt

66 838 104 29 innehäll
194 841 25 20 är
242 846 30 16 en
297 839 22 23 af
343 846 20 15 v.
388 839 216 29 häradshöfdingen
628 838 103 24 Rudolf
750 838 70 23 Jack

67 874 45 23 den
136 878 27 19 30
177 875 97 29 januari
291 878 57 20 1904
364 874 36 23 för
415 874 61 23 Fmk
493 878 70 24 1,500:
581 888 29 3 —
625 874 71 23 inlöst
712 876 106 27 etnogra-

66 910 49 23 fisk
130 910 135 28 kollektion,
282 917 51 16 som
350 910 101 30 säljaren
463 911 182 29 sammanbragt
656 910 74 23 under
742 910 77 29 loppet

68 946 24 23 af
114 948 79 21 trettio
217 947 25 22 är
257 948 9 20 i
281 946 122 28 Pielavesi,
420 946 134 28 Viitasaari,
570 946 90 30 Kuopio
678 946 43 22 och
736 946 83 22 närbe-

66 982 73 29 lägna
162 982 147 23 kommuner.
341 982 138 29 Katalogen,
503 982 71 23 hvars
597 982 103 22 kostnad
724 981 69 29 ingår
812 983 7 21 i

66 1019 81 28 priset,
163 1019 118 29 upptager
296 1018 82 23 inalles
394 1021 43 19 446
454 1025 116 15 nummer.
744 1016 4 2 |

56 1052 2 2 |
139 1053 35 23 En
199 1054 100 22 särskild
324 1054 113 28 ställning
452 1055 64 21 inom
534 1054 28 22 de
580 1054 162 29 etnografiska
759 1060 60 16 sam-

65 1089 110 29 lingarna
199 1090 82 28 intaga
305 1090 28 22 de
358 1090 174 22 marockanska
547 1089 164 28 kollektioner,
729 1096 50 16 som
796 1088 24 24 af

67 1125 83 32 doktor
165 1126 110 22 Edvard
291 1126 207 22 Westermarck
514 1126 96 28 inköpts
629 1129 55 19 1901
702 1125 44 23 och
763 1128 56 20 1902

66 1161 76 23 under
158 1161 62 23 hans
236 1161 95 23 vistelse
346 1161 36 23 för
398 1161 180 29 vetenskapliga
594 1161 152 29 forskningar
758 1162 7 21 i
773 1161 46 22 Ma-

66 1197 77 23 rocko.
168 1197 196 27 Kollektionerna,
381 1204 51 15 som
449 1197 136 23 hitkommit
600 1198 9 22 i
624 1197 41 22 två
681 1196 72 23 skilda
766 1196 53 23 .för-

67 1233 147 29 sändningar
229 1233 53 23 från
297 1232 148 24 Casablanca
461 1233 65 22 öfver
541 1233 124 29 Hamburg
681 1232 55 23 med
750 1232 70 29 tyska

65 1269 206 29 riksregeringens
295 1270 60 28 post,
379 1269 47 22 den
447 1269 72 22 första
543 1269 43 22 och
610 1268 211 29 hufvudsakliga
809 1264 15 39 i

63 1305 97 29 januari
186 1309 63 23 1902,
274 1305 45 22 den
343 1311 82 16 senare
442 1306 8 21 i
466 1305 125 22 december
607 1311 18 16 s.
643 1305 27 27 å.,
688 1304 72 23 hafva
775 1304 44 23 för-

65 1341 111 22 tecknats
192 1341 9 22 i
217 1348 29 15 en
262 1341 43 22 och
316 1347 92 17 samma
420 1341 104 28 katalog,
536 1340 153 30 upptagande
702 1343 41 20 187
752 1347 69 15 num-

67 1383 56 16 mer.
155 1376 46 23 Det
223 1376 181 29 sammanlagda
426 1377 74 28 priset
513 1377 75 28 jämte
604 1376 218 29 transportkostna-
