1045 1625
446 63 13 27 i
787 64 15 25 3

76 137 124 29 samlingar
221 137 70 23 hafva
314 138 127 22 Ständerna
464 138 89 28 antagit
575 137 53 21 med
649 138 72 28 några
742 136 90 23 mindre

75 172 129 28 ändringar,
220 172 94 22 hvarom
330 172 127 22 Ständerna
477 172 86 21 anmält
578 172 8 21 i
600 171 145 29 underdånig
764 170 66 23 skrif-

74 206 63 22 velse
153 206 25 21 af
191 206 44 22 den
250 204 27 24 16
292 206 60 22 Mars
369 206 61 22 1900.

143 242 82 21 Denna
239 242 111 21 Finlands
366 242 108 21 Ständers
490 241 159 29 underdåniga
658 240 171 29 framställning

73 276 42 21 har
129 276 65 21 Hans
208 275 107 29 Majestät
329 276 112 28 Kejsaren
456 276 74 22 täckts
545 276 9 21 i
568 276 76 22 Nåder
654 275 123 29 godkänna
788 275 42 21 och

75 310 111 21 stadfästa
200 310 77 28 Nådig
291 310 137 29 förordning
443 311 8 21 i
467 313 76 19 ämnet
559 311 44 21 den
617 310 28 22 22
660 310 67 28 April
739 309 63 23 1901.

143 344 22 28 8)
180 344 46 22 Vid
249 345 71 21 skedd
342 345 142 29 behandling
507 345 25 21 af
551 345 92 29 Nädiga
657 345 172 28 propositionen

74 379 118 29 angående
216 379 281 29 rättegänoesfullmäktige
521 380 43 22 och
583 379 248 28 sakförareföreningar

73 414 42 21 har
131 413 70 22 sådan
216 414 202 29 samstämmighet,
430 422 49 14 som
493 414 36 22 för
539 414 113 29 lagenligt
663 414 167 22 ständerbeslut

75 448 117 28 erfordras,
207 448 52 22 icke
273 448 89 22 kunnat
378 450 71 26 ernäs,
460 449 97 22 hvarom
566 448 128 22 Ständerna
703 448 36 22 uti
747 448 83 21 under-

75 482 70 29 dånig
160 482 119 22 skrifvelse
295 482 25 22 af
333 483 44 22 den
392 484 29 21 20
434 484 61 21 Mars
507 484 56 21 1900
572 484 42 20 hos
624 483 65 21 Hans
699 482 131 29 Kejserliga

73 517 109 29 Majestät
196 518 90 21 anmält.

142 552 12 21 I
169 552 124 29 anledning
308 552 65 22 häraf
387 553 42 21 har
443 553 64 21 Hans
523 552 131 29 Kejserliga
669 550 107 31 Majestät
791 559 39 14 an-

73 586 72 22 befalt
160 586 99 22 Senaten
275 589 34 19 att
322 589 106 26 uppgöra
442 589 54 26 nytt
510 586 87 29 förslag
612 587 38 21 till
665 585 164 30 proposition
817 581 15 39 i

74 623 82 26 ämnet,
173 623 34 19 att
223 621 38 22 till
276 621 128 22 Ständerna
418 621 39 22 vid
473 621 266 22 nästsammanträdande
753 620 77 22 landt-

74 655 45 29 dag
142 655 159 28 öfverlemnas;
318 656 42 21 och
380 656 42 21 har
436 655 144 29 proposition
595 655 8 22 i
619 657 77 20 ämnet
711 655 39 22 vid
764 655 66 21 inne-

73 690 100 21 varande
187 690 111 28 landtdag
313 690 36 21 till
366 690 128 22 Ständerna
510 690 167 21 öfverlemnats.

142 724 20 27 9)
177 724 90 29 Nådiga
284 725 175 28 propositionen
473 725 52 21 med
539 724 88 29 förslag
641 724 38 22 till
693 723 136 29 förordning

75 766 36 14 om
125 759 135 28 inteckning
277 767 12 13 af
313 761 47 20 rätt
374 759 38 22 till
427 759 207 28 skogsafverkning
645 759 14 21 å
669 765 86 15 annans
764 758 66 21 mark

72 793 41 22 har
129 793 25 22 af
167 793 128 22 Ständerna
310 794 101 28 antagits
426 793 53 22 med
494 793 111 22 särskilda
621 793 129 29 ändringar,
761 793 68 21 hvar-

74 835 35 15 om
127 828 126 22 Ständerna
272 828 35 22 uti
321 828 145 29 underdånig
481 822 120 28 skrifvelse
615 828 37 22 för
667 828 44 21 den
726 828 28 21 27
768 828 61 21 Mars

73 862 57 22 1900
145 863 91 21 anmält.

143 897 130 22 Sedermera
295 898 41 21 har
359 898 64 21 Hans
445 897 130 29 Kejserliga
595 897 108 29 Majestät
717 897 53 21 låtit
786 896 44 22 den

74 932 27 21 10
120 932 49 21 Juli
188 932 55 21 1901
263 932 90 21 utfärda
368 932 139 28 författning
521 932 9 22 i
546 934 76 19 ämnet
636 932 9 21 i
661 931 102 29 enlighet
778 930 52 22 med

74 965 138 23 Ständernas
228 966 80 22 beslut.

142 1000 34 28 10)
192 1000 12 22 I
226 1000 102 29 enlighet
350 1001 53 21 med
424 1001 61 22 hvad
508 1001 127 21 Ständerna
654 1001 36 21 uti
709 1000 121 22 skrifvelse

71 1034 36 22 för
123 1034 44 22 den
182 1035 13 21 3
210 1035 67 28 April
294 1035 56 21 1900
364 1036 42 21 hos
421 1036 64 22 Hans
501 1036 131 28 Kejserliga
647 1035 107 29 Majestät
768 1035 10 21 i
787 1042 42 14 un-

73 1068 150 29 derdänighet
239 1070 92 28 anmält,
347 1070 70 23 hafva
432 1070 135 29 Ständerna,
582 1070 9 21 i
605 1069 126 29 anledning
739 1068 25 23 af
778 1069 51 21 dem

71 1103 105 29 förelagd
197 1104 77 29 Nädig
295 1105 145 28 proposition
464 1112 36 15 om
523 1105 124 22 amvisande
666 1103 23 22 af
703 1104 75 21 medel
792 1104 47 21 till-

71 1138 146 22 bestridande
240 1138 25 22 af
284 1139 154 22 kostnaderna
463 1139 36 22 för
521 1139 75 22 finska
617 1139 117 21 militären
755 1138 74 21 under

72 1173 53 21 åren
141 1173 148 28 1901—1904,
304 1173 105 28 godkänt
426 1174 112 21 ordinarie
546 1173 97 29 utgifter
653 1173 38 22 till
701 1175 33 19 ett
744 1173 84 28 belopp

72 1207 23 22 af
114 1208 129 28 26,313,400
265 1208 65 21 mark
344 1211 59 19 samt
419 1211 63 19 extra
496 1208 96 29 utgifter
607 1209 14 20 &
636 1207 114 29 1,475,000
764 1207 66 22 mark

73 1242 54 21 eller
143 1242 167 29 sammanlagdt
324 1243 131 28 27,788,400
469 1243 70 21 mark.

141 1275 138 23 Ständernas
300 1277 78 21 beslut
399 1277 41 21 har
459 1277 84 22 vunnit
557 1277 64 22 Hans
636 1277 131 28 Kejserliga
781 1276 49 21 Ma-

70 1310 83 29 jestäts
175 1310 91 29 Nädiga
289 1311 145 22 stadfästelse
453 1311 43 22 och
510 1311 70 22 hafva
594 1311 8 22 i
618 1311 103 28 enlighet
737 1310 92 22 dermed

71 1344 127 29 utgifterna
212 1344 36 23 för
263 1345 74 22 finska
352 1345 116 22 militären
483 1345 78 22 blifvit
576 1345 9 21 i
599 1345 92 28 Nädiga
705 1345 124 28 kungörel-

71 1385 40 16 sen
127 1379 25 23 af
166 1379 43 22 den
225 1379 26 22 16
267 1379 67 29 April
350 1379 62 29 1901,
428 1379 121 24 faststälda
564 1380 37 21 till
615 1379 131 29 27,788,400
757 1379 72 22 mark.
