1042 1628
244 213 175 17 Kredit.

212 275 77 18 Balans
302 275 47 18 från
362 275 24 18 år
397 275 57 20 1897.

126 322 173 28 Öfverleverering
326 340 4 4 .
349 340 3 4 .
372 340 4 4 .
395 340 4 4 .
418 339 120 5 <...
642 326 62 18 343181

125 355 63 18 Skuld
208 369 4 4 .
233 368 305 5 soccer
419 351 56 32 rr
487 351 54 32 rk
613 355 92 23 10,971|10
769 360 92 24 11,314/91

295 470 77 22 Utgift.

126 516 114 19 Kostnader
257 522 25 12 m.
297 522 26 12 m.
338 515 32 19 för
387 514 152 24 stämpelbevill-

149 544 76 24 mingen.
234 557 305 6 eee
398 540 33 33 es
442 540 58 33 asa
510 540 31 33 nn
603 545 103 23 354,736/76

125 573 38 19 D:o
180 573 31 18 för
226 572 137 25 bevillningen
378 572 20 19 af
408 572 132 25 maltdrycker

149 608 63 12 M.M
235 616 50 4 oka
305 616 26 4 Ka
350 615 190 5 KAKA
486 599 32 31 NN
529 599 14 31 A
615 602 92 23 86,046/49

126 630 89 24 Utgifter
225 630 32 18 för
268 630 196 19 folkskoleväsendet
491 644 49 4 ...|
587 631 120 23 6,539,574/72

126 659 163 23 Resestipendier
300 659 21 18 ät
332 659 162 18 folkskollärare.
514 673 3 4 .
537 672 3 4 .
616 660 92 21 10,800/—

129 687 40 18 För
183 687 75 19 värden
271 688 37 17 och
319 687 126 19 underhället
457 687 19 18 af
488 688 53 18 stän-

152 716 94 19 derhuset
254 716 38 19 och
300 716 116 19 ständernas
424 716 56 19 arkiv
486 722 55 12 m.m.
616 717 63 23 56,000|
688 726 19 3 —|

126 739 133 24 Återstående
283 745 99 18 allmänna
405 745 83 24 utgifter
511 744 31 19 för

150 773 122 24 landtdagen
284 774 22 17 är
318 775 45 17 1897
379 788 1 4 .
401 787 2 5 .
423 788 3 4 .
445 788 4 4 .
469 787 4 4 .
492 787 49 5 0.0.
616 774 91 23 20,000|—

128 802 40 19 För
179 802 122 23 landtdagen
313 802 22 18 är
348 803 45 17 1900
421 816 120 5 ......
584 803 15 24 1)
605 803 104 23 379,000/—|

129 831 40 18 För
187 831 75 19 vården
279 830 22 18 af
310 831 24 18 de
346 831 46 18 utaf
400 831 27 18 H.
438 831 23 18 F.
472 830 71 19 Antell

150 859 167 19 testamenterade
336 860 70 18 konst-
426 859 38 18 och
483 859 60 18 andra

152 888 107 24 samlingar
282 884 15 33 so
304 902 4 4 .
328 901 214 5 ee
617 889 93 23 15,000—1

128 917 40 18 För
194 917 140 23 skulpturverk
358 917 12 18 &
393 917 150 18 ständerhusets

152 945 105 24 gafvelfält
284 959 26 5 0.
330 959 212 5 N
617 947 92 23 21,200|—

129 974 77 24 Anslag
217 974 32 18 för
260 973 168 19 folkskolemöten
447 988 3 4 .
470 988 4 4 .
493 988 4 4 .
516 988 4 4 .
539 987 4 4 .
646 975 64 17 482124]

128 1002 85 20 Diverse
225 1002 83 24 utgifter
331 1016 4 5 .
354 1016 189 5 ......c.cc
618 1004 92 23 21,734/19]
731 998 10 39 —
745 1009 121 24 7,504,574/40

129 1077 140 20 Restituerade
280 1077 67 19 medel.
375 1091 6 4 .
401 1092 3 3 .
424 1091 4 5 .
446 1091 4 5 .
470 1091 73 4 ....
803 1079 64 18 626134!

285 1171 103 21 Afföring.

131 1215 100 20 Särskilda
242 1215 164 24 afföringsposter
425 1229 3 5 .
448 1230 4 4 .
471 1230 4 4 .
494 1230 4 4 .
517 1230 4 4 .
540 1230 4 4 .
775 1216 92 23 47,704/92

432 1240 111 44 Transport
712 1244 5 36 |
746 1257 122 23 7564220l57

183 1307 14 24 1)
214 1307 50 18 Häri
281 1307 48 24 ingå
346 1307 59 19 äfven
420 1307 83 24 utgifter
514 1308 31 18 för
557 1308 150 18 ständerhusets
720 1308 105 18 underhåll
837 1308 37 18 och

114 1330 120 18 Ständernas
247 1330 55 19 arkiv
314 1330 22 18 år
348 1331 45 18 1900,
409 1330 32 19 för
451 1331 67 18 hvilka
529 1330 83 24 utgifter
623 1330 111 20 redovisats
742 1330 132 19 tillsammans

114 1353 46 18 med
171 1353 109 24 utgifterna
291 1353 20 18 fö
333 1340 128 42 landtdagen.

475 1411 42 18 10b
