1034 1620
755 74 13 20 7

40 138 142 27 anbringande
208 137 22 21 af
254 144 26 14 en
305 137 97 21 elektrisk
428 137 251 27 ventilationsinrättning
700 137 8 21 i
730 136 66 28 sagda

39 172 146 21 kontorslokal.

388 229 11 27 3
417 229 32 21 18.

107 281 47 21 Den
176 281 29 22 24
228 280 124 28 September
373 280 62 22 hafva
454 280 192 28 Bankfullmäktige
662 280 70 21 funnit
746 280 51 27 godt

41 316 107 27 samtycka
170 316 33 20 till
221 321 26 15 en
261 315 158 27 framställning
434 315 23 21 af
468 314 137 22 Direktionen
620 314 78 26 derom,
715 315 31 20 att
761 314 36 21 det

39 356 25 15 ur
80 350 95 26 anslaget
189 349 32 21 för
236 349 113 21 aflönande
365 349 23 21 af
400 349 105 27 tillfälliga
520 349 96 21 biträden
631 348 35 22 vid
681 348 25 22 de
714 348 82 21 mindre
820 340 4 4 |

40 384 217 27 afdelningskontoren
279 383 32 21 för
333 384 95 20 kontoret
450 384 7 20 i
477 383 113 22 Sordavala
606 383 101 26 beviljade
723 383 73 26 anslag

38 418 58 27 finge
118 418 47 21 från
186 418 39 21 och
244 417 49 22 med
309 417 154 28 derpåföljande
479 417 91 22 Oktober
584 417 78 22 månad
676 417 59 27 höjas
750 417 46 21 från

40 453 42 22 600
104 453 33 21 till
159 453 42 21 900
222 452 59 21 mark
304 459 34 14 om
360 452 45 21 året
424 452 50 21 eller
489 452 34 21 till
538 451 109 22 enahanda
661 451 74 28 belopp
752 457 44 15 som

39 487 35 21 vid
90 487 65 27 öfriga
169 487 82 21 mindre
265 487 80 26 kontor,
362 487 36 20 der
414 487 31 20 ett
459 486 67 28 dylikt
541 486 73 27 anslag
629 485 113 22 användes.

387 561 12 27 S
417 561 33 21 14.

107 620 29 20 Af
156 619 36 21 det
214 619 12 21 å
248 619 43 21 stat
313 619 109 27 upptagna
437 619 97 27 anslaget
548 618 32 22 för
594 618 118 22 beredande
728 619 23 21 af
764 626 31 14 se-

42 653 171 27 mesterledighet
228 654 20 20 åt
262 653 99 21 Bankens
377 653 89 21 embets-
481 653 38 21 och
535 653 127 27 tjänstemän
676 653 38 21 har
728 654 68 20 under

40 688 22 22 år
86 688 56 22 1904
165 688 102 22 användts
282 688 48 26 Fr
347 688 84 26 16,334:
443 688 34 21 16.
506 687 206 27 Bankfullmäktiges
727 688 70 21 beslut

40 722 130 22 beträffande
186 722 148 28 dispositionen
349 722 23 21 af
389 722 197 27 semesteranslaget
601 722 113 22 återfinnes
728 722 8 21 i
751 728 46 22 pro-

39 757 85 21 tokollet
138 756 32 22 för
185 757 41 21 den
241 757 13 21 5
267 756 50 27 Maj.

106 792 84 21 Jemväl
210 791 67 21 under
297 790 22 21 år
337 791 55 20 1904
406 790 63 22 hafva
484 791 25 20 de
524 791 78 21 tvänne
617 791 176 27 penningeräkna-

39 832 49 15 rene
111 825 38 22 och
171 825 155 22 vaktmästaren
349 825 35 21 vid
402 825 96 21 kontoret
512 825 8 20 i
536 825 32 21 S:t
583 825 128 27 Petersburg
726 825 68 21 såsom

40 859 108 28 sedvanlig
170 859 140 28 gratifikation
332 859 33 21 till
387 859 78 28 påsken
484 859 38 22 och
537 859 74 28 nyåret
626 859 24 22 af
662 859 133 22 diskretions-

28 894 94 24 medlen
144 894 80 27 tillagts
247 893 34 22 vid
303 894 112 21 hvartdera
437 894 92 21 tillfället
552 894 41 21 125
611 894 61 21 rubel
694 894 32 21 för
748 894 48 21 dem

39 929 134 21 tillsamman.

112 962 113 22 Dessutom
250 962 37 21 har
310 962 23 22 af
351 962 158 27 ifrägavarande
532 962 80 28 anslag,
636 962 26 28 pä
684 962 46 22 skäl
752 969 45 15 som

39 997 81 27 framgå
147 997 23 21 af
188 996 202 28 Bankfullmäktiges
413 997 102 27 protokoll
529 997 32 21 för
576 997 42 21 den
634 997 27 21 10
674 997 122 25 December,

40 1032 101 21 tilldelats
163 1031 122 21 Kanslisten
306 1031 7 21 i
335 1031 88 21 Banken
437 1032 82 20 Fröken
535 1031 71 22 Olsoni
621 1032 39 20 och
675 1028 122 25 Ofvervakt-

39 1066 108 21 mästaren
161 1066 27 20 H.
204 1066 20 20 J.
240 1065 77 21 Paulin
333 1065 164 27 gratifikationer
512 1066 33 21 till
559 1066 74 27 belopp
649 1066 23 21 af
684 1072 54 21 resp.
755 1066 42 21 250

42 1100 38 22 och
95 1100 43 22 400
152 1100 65 21 mark.

107 1134 59 22 Efter
188 1134 36 21 det
238 1134 220 21 Bankkommissarien
473 1134 35 22 vid
522 1134 100 21 Finlands
637 1134 72 21 Banks
724 1134 73 21 kontor

38 1169 8 21 i
68 1168 87 28 Kuopio,
171 1168 101 22 Hofrädet
293 1168 72 22 Bruno
387 1168 117 22 Alexander
519 1168 73 26 Niska,
608 1168 26 28 pä
650 1168 71 22 derom
739 1168 58 28 gjord

41 1203 123 27 ansökning,
191 1203 40 20 den
257 1203 26 20 19
309 1202 92 22 Oktober
425 1203 70 21 blifvit
520 1203 22 21 af
566 1203 118 26 Kejserliga
706 1202 92 22 Senaten

40 1237 46 21 från
100 1237 137 21 förenämnda
252 1237 119 26 befattning
387 1237 125 27 entledigad,
524 1237 63 21 hafva
599 1237 198 26 Bankfullmäktige,

41 1271 35 22 vid
92 1271 40 22 den
147 1272 13 21 5
175 1271 117 28 päföljande
308 1271 119 22 November
442 1271 65 22 skedd
522 1271 149 27 föredragning
687 1271 23 21 af
722 1271 75 21 Niskas

42 1306 92 21 ansökan
150 1313 34 15 om
198 1306 86 27 pension
298 1305 33 22 för
345 1305 54 22 hans
414 1306 131 21 äterstäende
549 1301 83 37 lifstid,
645 1305 73 28 tillagt
732 1305 67 22 Niska

42 1346 25 15 en
89 1340 163 28 lifstidspension
275 1340 22 21 af
316 1340 64 26 6,000
398 1341 59 20 mark
473 1347 34 14 om
522 1340 50 27 äret,
586 1339 148 22 motsvarande
750 1339 48 22 hela

40 1375 97 27 beloppet
159 1375 23 20 af
202 1375 40 20 den
263 1374 49 21 med
335 1374 53 21 hans
402 1374 115 22 innehafda
532 1374 267 27 bankkommissarietjenst

37 1408 98 22 förenade
150 1408 36 21 lön
202 1408 64 27 enligt
281 1409 48 20 stat.

813 278 74 23 Anslag
897 278 31 22 för

808 308 52 16 extra
878 306 56 18 biträ-

854 336 39 17 den.

815 616 68 27 Öfriga
895 626 32 12 an-

811 649 120 23 slagsfrågor.

808 678 19 22 1)
840 677 91 18 Semester-

832 706 84 23 anslaget.

816 792 20 22 2)
848 792 70 18 Diskre-

811 820 120 18 tionsmedlen.

815 1140 19 22 3)
850 1139 79 18 Pension.
