1048 1625
374 314 160 32 Innebåll:

143 397 15 17 I.
183 396 101 18 Berättelse
300 402 30 12 om
346 396 104 23 Styrelsens
463 396 123 22 tillgöranden
597 395 7 17 i
616 394 99 24 anledning
727 394 19 18 af
758 394 23 18 de
791 393 42 18 utaf

74 425 105 19 Ständerna
190 424 32 19 vid
235 422 110 26 landtdagen
356 424 23 18 år
391 424 51 18 1900
454 424 69 22 fattade
535 424 62 18 beslut.

144 477 26 18 IL.
194 476 85 19 Relation
297 477 29 18 till
344 476 90 18 Finlands
452 476 80 19 Ständer
553 481 30 13 om
605 476 117 18 Staisverkets
743 474 90 19 tillstånd.

74 505 40 19 Vid
131 505 78 24 lagtima
220 505 115 24 landtdagen
347 506 21 17 år
383 505 46 19 1904
440 505 81 23 afgifven
533 505 20 17 af
564 504 198 24 Finansexpeditionen
773 504 4 17 i
791 503 42 22 Kej-

76 535 68 24 serliga
156 534 79 20 Senaten
246 534 30 19 för
288 534 85 19 Finland.

144 563 128 18 Rättelseblad
285 563 29 18 till
326 562 57 25 sagda
394 563 83 18 relation.

144 591 120 20 Statsfonden
281 592 57 22 jemte
356 592 73 23 Fattig-
447 591 35 18 och
500 591 168 18 arbetshusfonden
679 592 49 17 samt
739 586 42 23 Åbo
793 591 40 17 läns

74 620 159 24 besparingsfond.
259 620 115 24 Ställningen
386 620 31 18 vid
429 621 93 22 utgången
535 620 20 18 af
567 621 21 17 är
599 620 52 18 1903.
665 638 2 3 .

146 649 156 19 Statsutskotteis
315 649 51 19 öfver
378 649 100 18 relationen
490 649 71 23 afgifna
572 648 118 19 betänkande
700 649 36 18 N:o
748 649 39 21 4*).

214 678 91 18 Finlands
324 677 89 19 $tänders
429 679 7 16 i
448 677 99 24 anledning
561 677 54 18 däraf
626 677 71 18 afläina
708 677 127 23 underdäniga

282 707 100 18 skrifvelse.

145 758 91 19 Finlands
258 758 88 19 Ständers
367 759 179 22 Bankfullmäktiges
565 759 92 17 berättelse
675 758 28 18 till
721 757 114 20 Ständernas

73 787 137 22 Bankutskott,
222 787 115 18 omfattande
348 788 45 17 ären
404 787 120 19 1900—1903.

145 815 90 19 Finlands
240 816 88 19 Ständers
334 816 178 22 Bankfullmäkiiges
519 816 94 17 berättelse
619 815 115 18 omfattande
739 816 40 17 året
783 814 51 18 1904.

145 844 155 18 Bankutskottets
310 844 117 18 betänkande
438 844 36 18 N:o
484 845 9 16 1
503 844 7 18 i
518 843 99 24 anledning
627 844 19 18 af
655 843 93 19 verkstäld
756 843 79 24 gransk-

72 873 46 22 ning
136 873 20 17 at
173 870 94 21 Finlands
284 873 62 17 Banks
359 873 75 23 styrelse
446 873 32 17 och
490 872 86 19 tillstånd
587 878 60 12 under
659 873 44 18 åren
715 872 119 23 1900—1904,

144 902 156 18 Bankuiskottets
316 902 71 23 förslag
399 902 28 18 till
440 902 179 23 sammanjämkning
631 902 19 17 af
662 902 87 18 ständens
760 902 75 22 skiljak-

73 931 39 23 tiga
125 930 63 18 beslut
199 930 32 18 vid
242 930 135 24 behandlingen
389 930 20 18 af
421 930 106 19 Utskottets
538 930 118 18 betänkande
667 931 36 17 N:o
716 931 15 17 1.

69 971 3 2 -
214 959 90 18 Finlands
323 959 89 19 Ständers
426 959 132 28 underdäniga
575 959 96 19 skrifvelse
682 960 7 17 i
700 959 99 24 anledning
817 960 19 17 af

243 984 5 3 *—
280 987 96 19 verkstäld
388 988 116 23 granskning
515 988 20 18 af
544 988 91 18 Finlands
644 988 63 18 Banks
717 990 76 21 styrelse
801 988 36 18 och

281 1012 124 33 verksamhet.
540 1037 1 3 N
645 1037 2 3 N

213 1045 89 18 Finlands
322 1045 88 19 Ständers
428 1046 95 18 skrifvelse
535 1046 29 17 till
575 1046 171 23 Bankfullmäktige
756 1046 7 18 i
775 1045 61 19 anled-

281 1074 46 23 ning
338 1074 20 18 af
368 1074 97 18 verkstäld
476 1074 114 24 granskning
599 1074 19 19 af
627 1074 90 19 Finlands
726 1074 63 19 Banks
798 1076 38 22 sty-

281 1103 47 18 relse
340 1103 35 18 och
387 1103 121 18 verksamhet.

143 1131 157 19 Bankutskottets
316 1131 119 19 betänkande
447 1132 36 18 N:o
495 1133 11 17 3
517 1132 8 17 i
536 1131 100 24 anledning
648 1132 19 18 af
678 1133 69 23 förslag
758 1132 79 19 rörande

74 1160 94 18 särskilda
180 1160 99 23 ändringar
291 1161 6 17 i
309 1161 115 22 reglementet
436 1161 32 17 och
480 1162 60 16 staten
551 1161 32 22 för
594 1161 93 18 Finlands
699 1161 60 18 Bank.

213 1189 91 18 Finlands
322 1189 89 19 Ständers
429 1189 128 24 underdäniga
571 1190 96 18 skrifvelse
684 1190 6 17 i
701 1189 99 24 anledning
818 1190 19 17 af

283 1223 70 12 samma
364 1218 122 18 betänkande.

145 1246 160 18 Bankutskottets
323 1247 96 18 skrifvelse
436 1247 42 18 med
490 1247 111 18 hemställan
612 1247 79 18 rörande
702 1247 136 18 tillförsäkradt

74 1275 105 18 understöd
190 1275 21 18 ät
222 1277 53 16 extra
286 1274 105 19 direktören
402 1276 7 17 i
420 1275 90 18 Finlands
522 1276 59 18 Bank.

213 1303 91 18 Finlands
317 1303 88 19 Ständers
418 1304 96 18 skrifvelse
526 1305 28 17 till
565 1305 172 23 Bankfullmäktige
747 1305 7 17 i
766 1303 72 20 samma

282 1332 72 19 ärende.

144 1389 17 24 *)
174 1389 78 20 Sidorna
264 1390 69 18 65—68
345 1390 6 17 i
363 1390 127 18 betänkandet
501 1390 77 23 utbytta
590 1392 40 17 mot
641 1391 123 18 rättelseblad.
