1050 1625
449 49 25 21 I
784 48 27 23 69

150 118 12 21 I
182 118 104 28 enlighet
307 118 55 21 med
382 118 62 21 hvad
457 125 28 14 ur
500 117 103 22 tabellen
617 117 108 29 framgår,
740 116 49 23 blef
804 124 38 14 en-

82 152 51 22 dast
152 160 29 14 en
193 152 170 28 jemförelsevis
377 152 68 28 ringa
461 152 37 21 del
513 152 23 21 af
552 152 39 21 det
605 152 91 28 belopp,
714 152 128 22 Ständerna

81 186 111 22 beräknat
215 188 34 20 att
270 194 28 14 ur
320 186 112 22 Finlands
451 186 78 22 Banks
549 186 139 22 vinstmedel
702 186 72 22 under
788 186 54 22 ifrå-

82 221 129 28 gavarande
229 221 37 21 tid
285 221 76 22 skulle
380 221 79 21 kunna
473 221 19 21 till
526 220 228 29 bevillningsfonden
770 220 73 22 öfver-

81 255 68 27 föras,
165 256 35 21 för
216 255 132 22 ändamålet
363 257 70 27 tagna
447 256 10 21 i
472 256 103 27 anspråk.
599 255 70 22 Detta
684 263 42 14 var
741 263 29 14 en
784 255 59 28 följd

82 290 37 21 till
142 289 170 29 öfvervägande
334 289 38 22 del
393 289 69 29 deraf,
483 294 34 17 att
536 289 27 22 de
581 289 137 22 realiserade
734 289 109 22 skattein-

59 333 2 3 *
82 324 132 22 komsterna
239 323 132 29 öfverstigit
394 324 27 21 de
444 324 135 29 beräknade,
602 331 53 14 men
679 324 72 21 delvis
775 323 68 22 äfven

82 357 70 30 deraf,
176 359 34 20 att
232 358 35 21 uti
284 357 93 30 fonden,
395 361 62 19 tvärt
477 360 60 20 emot
558 358 188 29 beräkningarna,
762 358 41 22 vid
817 358 26 21 fi-

82 392 179 29 nansperiodens
282 392 82 29 början
386 392 101 22 förefans
509 395 34 19 ett
565 393 128 22 öfverskott
707 393 38 21 till
758 393 85 28 belopp

84 427 25 21 af
122 427 106 28 omkring
242 427 115 28 2,113,000
371 428 70 28 mark,
457 427 90 22 hvilket
561 427 75 22 under
645 427 97 22 berörda
752 428 24 21 år
785 427 59 22 min-

83 461 81 22 skades
182 461 52 22 med
254 462 108 28 omkring
376 462 95 29 428,000
484 462 70 21 mark.
585 462 46 22 Vid
646 463 121 28 utgången
782 461 25 22 af
820 463 24 20 år

84 496 57 21 1900
155 496 105 21 utvisade
275 496 229 28 bevillningsfonden
520 496 95 22 sålunda
633 504 29 14 en
675 496 136 29 behållning
822 496 24 21 af

84 531 106 28 omkring
214 530 114 29 1,684,000
347 531 72 28 mark,
439 530 54 22 deraf
525 529 106 31 omkring
651 531 115 29 1,009,000
780 530 66 22 mark

82 565 120 29 utgjordes
225 564 25 22 af
269 565 99 21 kontant
386 565 107 29 tillgång,
513 565 106 29 omkring
634 565 94 29 398,000
741 565 66 21 mark
822 564 26 22 af

85 599 151 29 obligationer
255 599 43 22 och
314 599 107 29 omkring
436 600 95 28 257,000
548 607 66 14 mark
629 600 23 21 af
665 600 180 21 inkomstrester.

152 634 52 21 Den
222 635 60 20 mest
300 634 235 28 anmärkningsvärda
551 634 123 22 företeelse
688 634 54 22 med
756 634 90 29 hänsyn

84 668 37 22 till
143 668 172 29 gestaltningen
338 675 13 14 af
383 667 242 29 bevillningsfondens
645 669 111 28 ställning
774 668 72 22 under

84 711 32 13 nu
137 703 99 28 löpande
258 702 155 29 finansperiod
432 704 41 21 har
491 703 91 29 utgjort
607 703 139 22 förenämnda
760 704 86 21 minsk-

84 738 58 28 ning
157 737 23 22 af
193 737 128 29 utgifterna
335 737 37 22 för
386 738 121 28 militären,
523 739 9 20 i
546 738 53 29 följd
623 738 83 22 hvaraf
720 739 78 28 någon
814 738 33 22 öf-

84 771 118 29 verföring
217 772 25 21 af
254 772 76 21 medel
348 773 53 21 frän
415 773 232 28 bevillningsfonden
661 773 38 22 till
713 772 134 23 militiefon-

86 807 44 21 den
152 806 73 21 under
247 807 71 28 sagda
336 807 36 21 tid
390 807 51 21 icke
456 807 81 22 behöft
553 815 43 21 ega
610 815 57 14 rum.
695 808 38 21 Då
747 807 36 22 uti
796 806 52 23 fon-

86 841 55 21 dens
166 841 129 21 beräknade
320 841 128 22 inkomster
474 849 27 14 en
529 841 161 22 motsvarande
712 841 136 29 förändring

85 875 52 21 icke
161 874 110 29 inträffat,
297 883 53 14 men
372 876 37 21 till
431 875 86 22 fonden
541 878 108 26 tvärtom,
674 876 128 22 oberoende
825 875 25 22 af

86 909 164 28 minskningen
265 910 9 21 i
287 909 135 30 utgifterna,
440 910 92 29 jemlikt
554 910 86 28 nådiga
654 911 156 28 kungörelsen
826 909 22 22 af

86 943 45 22 den
150 944 26 22 16
193 944 67 28 April
276 945 55 21 1901
346 944 53 22 från
414 944 145 23 statsfonden
577 945 89 28 årligen
682 945 122 22 öfverförts
820 944 28 22 de

86 978 15 21 4
114 978 106 29 miljoner
237 979 71 28 mark,
326 979 81 21 hvilka
421 979 122 22 beräknats
560 979 73 22 blifva
649 979 150 29 erforderliga
812 979 36 27 för

86 1013 117 28 reglering
223 1012 25 22 af
264 1013 261 29 bevillningsbudgeten
544 1013 73 22 under
631 1013 176 29 ifrågavarande
822 1013 26 22 fi-

85 1047 144 28 nansperiod,
248 1048 26 21 så
291 1047 42 22 har
348 1047 36 22 uti
399 1047 228 29 bevillningsfonden
643 1047 117 29 sjelffallet
774 1047 75 22 under

86 1081 173 28 ifrågavarande
273 1081 36 22 tid
319 1083 106 27 uppstått
435 1090 31 14 en
475 1082 134 29 betydande
619 1082 230 29 kapitalbehållning-

156 1116 244 28 Bevillningsfondens
423 1117 108 28 samtliga
550 1117 128 21 inkomster
693 1116 156 28 (förenämnda

86 1146 167 32 öfverföringar
274 1150 51 22 från
350 1150 144 22 statsfonden
517 1151 49 21 deri
584 1151 86 28 jemväl
685 1151 164 27 inberäknade)

87 1184 43 22 och
151 1185 96 28 utgifter
268 1184 74 22 under
364 1186 53 20 åren
441 1185 143 22 1901—1903
607 1185 91 29 framgå
716 1193 28 14 ur
763 1185 86 22 nedan-

90 1218 93 23 stående
192 1219 87 22 -tabell:

881 701 91 15 1901—1904.
