1050 1625
249 62 28 21 38
594 64 13 21 I

220 131 44 21 och
278 130 37 23 för
328 132 201 28 planläggningen
544 132 44 22 och
601 132 126 28 ledningen
737 132 26 21 af
771 132 208 22 arbetsstatistiken

220 168 59 19 samt
301 166 150 22 anskaffande
471 166 26 22 af
514 174 75 14 annan
607 166 126 29 utredning
747 167 96 21 rörande
859 166 120 22 arbetsför-

218 200 139 22 hållandena
379 200 99 22 likasom
501 201 43 21 ock
563 200 36 22 för
618 201 43 21 den
676 200 72 23 första
762 201 179 29 utarbetningen
956 200 25 22 af

218 234 179 30 reformförslag,
414 243 51 14 som
478 236 31 28 på
524 236 76 28 grund
615 235 26 21 af
654 236 43 21 den
713 236 102 21 erhållna
825 236 153 28 utredningen

218 269 78 21 kunde
310 269 104 22 befinnas
429 270 93 28 nödiga,
537 270 56 22 ville
608 270 53 21 med
676 270 39 22 det
728 272 101 20 snaraste
841 270 99 22 tillsätta
950 278 29 14 en

219 303 24 21 af
257 304 150 28 kompetenta
421 312 109 20 personer
545 307 150 19 sammansatt
710 305 93 27 komité,
817 305 9 21 i
840 304 95 23 hvilken
944 312 35 14 re-

218 340 159 26 presentanter
394 338 37 22 för
451 339 63 21 såväl
534 338 166 29 arbetsgilvare
719 346 49 15 som
787 340 102 21 arbetare
924 339 54 21 borde

218 372 65 29 ingå;
299 372 118 22 äfvensom

288 414 34 20 att
341 412 134 29 Ständerna,
492 414 76 21 såvidt
585 413 99 29 möjligt,
700 414 71 21 redan
786 414 37 21 till
837 414 141 21 nästinstun-

219 447 74 21 dande
307 447 114 29 landtdag
435 447 63 29 finge
514 450 87 19 emotse
616 448 28 21 de
660 448 208 28 oundgängligaste
883 455 95 14 reform-

218 480 92 29 förslag,
331 488 38 15 om
388 482 91 22 hvilkas
493 482 176 28 nödvändighet
683 482 114 28 tillbörlig
811 482 91 22 klarhet
917 482 61 22 dess-

217 514 108 23 förinnan
339 516 90 22 kunnat
444 517 88 21 vinnas.

286 556 53 22 Den
358 557 28 20 23
405 557 97 21 Januari
518 557 56 21 1902
588 557 43 21 har
645 557 65 21 Hans
724 557 132 28 Kejserliga
871 557 107 21 Majestät

217 591 76 21 täckts
314 591 10 20 i
345 591 77 22 Nåder
445 591 114 22 anbefalla
579 591 100 22 Senaten
698 594 35 19 att
750 591 41 22 vid
806 591 39 22 det
859 591 119 22 definitiva

217 625 63 22 valet
303 625 23 21 af
345 625 173 28 förfaringssätt
537 625 36 22 för
592 625 173 28 undersökning
780 625 23 22 af
818 625 160 22 arbetsförbål-

217 659 98 21 landena
337 662 56 26 taga
414 659 91 29 hänsyn
526 660 38 21 till
585 659 138 22 Ständernas
743 659 149 22 förenämnda
909 667 69 14 fram-

218 690 117 36 ställning.
536 713 3 2 N

287 734 36 27 20)
345 734 42 22 Uti
408 734 146 29 underdänig
574 734 120 22 skrifvelse
713 735 23 21 af
754 735 44 21 den
816 735 28 21 28
858 734 46 29 Maj
921 735 57 21 1900

216 767 71 23 hafva
310 768 128 22 Ständerna
460 764 97 26 anhållit
579 771 35 19 att
634 769 64 22 Hans
721 769 131 28 Kejserliga
870 769 108 21 Majestät

217 803 71 21 måtte
302 802 107 22 nedsätta
420 810 28 14 en
459 803 99 21 särskild
567 803 152 22 kommission
728 803 36 22 för
775 803 203 21 åstadkommande

217 836 26 22 af
255 836 126 29 utredning
395 837 120 28 angående
531 836 266 30 odlingsförhållandena
812 837 43 21 och
868 838 110 27 boskaps-

217 871 103 21 skötseln
342 871 9 21 i
373 871 174 29 Lappmarkens
565 871 72 22 härad
656 872 119 22 äfvensom
790 872 95 28 vidtaga
901 879 28 14 de
944 872 33 20 åt-

216 904 89 29 gärder,
329 906 37 20 till
380 905 89 22 hvilka
490 906 166 28 utredningens
676 907 97 21 resultat
791 906 45 21 kan
855 905 65 29 gifva
938 913 40 14 an-

215 939 104 29 ledning.

286 980 77 22 Sedan
378 980 101 22 Senaten
493 981 36 21 uti
544 981 45 21 den
604 982 27 20 21
647 982 61 21 Mars
720 981 56 22 1901
787 980 99 30 afgifvet
895 980 82 22 under-

217 1014 82 29 dånigt
312 1014 120 22 utlåtande
448 1014 64 22 öfver
526 1015 130 28 petitionen
671 1016 88 21 anmält
772 1017 35 20 att
817 1015 101 22 Senaten
928 1015 49 21 der-

215 1048 108 22 förinnan
343 1049 85 21 tillsatt
447 1056 29 14 en
491 1050 88 21 komité
593 1049 36 22 för
644 1050 203 22 åstadkommande
863 1049 24 22 af
900 1049 77 22 utred-

215 1083 58 29 ning
293 1083 20 29 ej
335 1084 97 21 allenast
448 1091 37 14 om
500 1083 178 30 befolkningens
694 1084 149 22 ekonomiska
859 1084 117 28 ställning,

216 1117 267 29 odlingsförhållandena
499 1122 59 18 samt
572 1119 110 28 boskaps-
698 1119 43 22 och
756 1119 145 21 renskötseln
913 1119 63 21 inom

214 1151 174 29 Lappmarkens
401 1152 74 21 härad
484 1150 57 24 utan
552 1152 69 22 äfven
631 1153 118 28 angående
759 1153 145 22 renskötseln
913 1153 62 21 inom

215 1185 29 22 de
263 1186 135 22 kommuner
413 1186 24 22 af
451 1187 69 21 Kemi
535 1187 43 21 och
593 1187 59 21 Uleå
665 1187 102 28 härader,
784 1187 9 22 i
807 1187 80 22 hvilka
903 1187 74 21 denna

215 1220 87 21 skötsel
323 1220 122 29 bedrifves,
469 1223 60 19 samt
551 1221 36 22 för
609 1221 134 28 afgifvande
761 1221 24 22 af
799 1224 104 19 närmare
917 1221 60 22 utlå-

214 1255 70 22 tande
304 1256 43 21 och
364 1255 89 29 förslag
467 1256 9 21 i
491 1256 77 28 saken,
587 1256 42 21 har
643 1257 65 21 Hans
723 1256 132 28 Kejserliga
869 1256 108 27 Majestät

215 1289 44 22 den
283 1290 26 21 16
329 1289 132 29 påföljande
483 1286 46 33 Maj
546 1291 75 21 täckts
641 1291 4 21 i
659 1291 78 21 Nåder
751 1290 141 29 bemyndiga
907 1290 70 22 Sena-

214 1326 41 28 ten
277 1326 40 26 att,
335 1324 70 22 sedan
427 1325 98 21 berörda
546 1325 87 21 komité
653 1325 107 28 fullgjort
781 1324 155 28 omförmälda,
953 1325 24 20 åt

215 1357 132 23 densamma
363 1359 106 21 lemnade
483 1359 113 28 uppdrag,
612 1359 38 21 till
663 1359 65 22 Hans
741 1359 108 29 Majestät
859 1359 117 21 inkomma
