1050 1625
234 59 29 21 42
574 59 25 22 I

274 128 81 22 Såsom
371 128 23 22 af
409 128 164 22 ofvanstående
588 128 73 22 tabell
674 128 108 29 framgår,
792 136 42 14 var
848 128 117 28 ökningen

206 162 23 22 af
245 162 128 28 utgifterna
390 163 63 21 inom
471 162 176 29 ifrågavarande
667 170 83 21 grenar
768 162 23 22 af
806 162 158 22 statshushåll-

204 196 86 28 ningen
306 197 110 21 särskildt
430 197 73 21 under
517 197 186 28 finansperioden
718 196 143 22 1898—1900
871 204 94 21 synner-

204 231 65 28 ligen
287 231 228 29 anmärkningsvärd,
533 231 10 21 i
561 231 39 22 det
621 233 33 19 att
673 231 44 22 den
737 231 28 22 då
783 231 104 29 uppgick
905 230 59 23 ända

204 265 39 21 till
262 266 30 28 7,3
301 267 27 26 9/,
348 265 4 21 i
368 266 108 21 medeltal
491 273 38 16 om
545 266 53 21 året.
629 266 113 21 Särskildt
757 265 136 22 framträder
908 268 56 19 stor-

204 299 69 22 leken
288 299 22 22 af
324 299 63 22 detta
397 300 34 21 tal
441 307 37 14 om
488 300 127 21 detsamma
624 299 107 29 jemföres
740 299 54 22 med
805 299 159 23 motsvarande

205 334 211 28 stegringsprocent
425 333 73 23 under
508 333 139 30 föregående
654 334 153 28 treårsperiod
815 334 149 28 1895—1897,

204 367 96 22 hvilken
314 370 96 26 procent
419 368 108 29 utgjorde
538 369 80 21 endast
629 369 37 28 2,7.
688 369 55 21 Men
754 368 67 22 äfven
830 369 73 21 under
914 368 50 22 sist-

204 401 100 23 förlidna
318 402 156 29 finansperiod
489 403 144 22 1901—1904
647 403 76 28 hafva,
734 403 9 21 i
752 403 74 21 likhet
841 403 53 21 med
903 402 63 22 hvad

204 436 102 22 tabellen
320 436 87 29 jemväl
420 437 93 28 utvisar,
530 437 149 22 statsverkots
694 437 98 28 utgifter
806 437 36 22 för
856 437 109 28 tillgodo-

206 471 82 22 seende
308 471 23 21 af
346 471 45 22 den
404 471 119 22 materiela
538 471 43 22 och
597 471 93 29 andliga
705 471 165 28 utvecklingen
884 471 81 29 betyd-

205 505 45 28 ligt
270 505 66 29 stigit
357 506 55 21 eller
432 506 4 21 i
449 506 109 21 medeltal
575 506 54 21 med
644 506 68 28 6,4%/,
728 513 37 14 om
781 507 52 20 året.
864 506 44 21 Om
923 506 43 21 ock

206 540 133 28 stegringen
359 540 87 22 säledes
465 541 31 27 pä
515 540 64 22 detta
599 540 91 22 omräde
708 540 74 22 under
798 541 80 28 loppet
897 539 23 23 af
938 540 27 22 de

206 576 89 20 senaste
313 574 53 29 fyra
381 575 55 21 åren
451 575 19 29 ej
487 575 61 21 varit
563 574 54 22 fullt
632 575 48 21 lika
695 577 47 20 stor
757 582 49 15 som
820 575 73 21 under
907 575 58 21 före-

205 608 89 29 gående
308 608 161 30 finansperiod,
484 609 42 21 har
541 609 45 21 den
600 609 73 22 likväl
687 610 61 21 varit
762 617 48 13 mer
826 612 30 19 än
871 609 95 22 dubbelt

206 645 72 19 större
293 646 31 18 än
337 643 74 22 under
427 644 53 21 ären
496 643 149 23 1895—1897.
669 644 54 21 Med
737 644 91 28 hänsyn
842 644 38 21 till
890 652 29 13 en
929 644 37 21 del

205 677 119 29 uppgifter
338 678 10 21 i
362 678 102 22 tabellen
478 679 38 21 mä
529 678 43 22 här
588 681 62 19 ännu
663 678 111 28 tilläggas
788 679 72 27 några
876 678 46 22 ord.

274 711 32 22 Af
322 712 45 22 den
382 712 93 29 ökning,
492 720 50 14 som
556 712 73 22 under
644 713 54 21 åren
713 712 144 22 1901—1904
867 714 39 26 egt
915 720 51 14 rum

205 746 9 21 i
229 746 128 28 utgifterna
376 746 37 22 för
430 746 149 30 fängvärden,
595 747 94 28 belöper
708 747 36 28 sig
758 747 39 21 väl
812 755 30 13 en
855 746 111 29 tredjedel

206 781 30 27 pä
246 780 301 29 uppfostringsanstalterna
557 781 36 22 för
603 781 153 29 minderåriga
766 781 200 28 lagöfverträdare,

206 827 27 3 —
248 815 54 21 Med
316 815 93 29 hänsyn
423 815 37 21 till
475 815 134 29 stegringen
620 815 25 22 af
652 815 127 28 utgifterna
788 815 36 22 för
834 815 132 22 medicinal-

205 849 81 22 verket
304 849 74 22 under
397 850 55 21 ären
470 849 149 29 1898—1900,
633 849 58 22 böra
709 849 28 22 de
752 849 72 22 ökade
838 849 128 29 utgifterna

205 883 37 22 för
256 883 87 22 vården
359 883 22 22 af
397 883 142 34 sinnessjuko
554 863 95 53 (insmot
663 884 94 28 300,000
771 884 73 27 mark)
858 884 108 21 särskildt

206 917 137 22 observeras.
368 931 25 2 —
414 913 124 33 Ökningen
560 918 23 21 af
604 897 128 54 utgifterna
753 918 36 22 för
810 917 157 29 fattigvården.

205 951 73 22 under
292 953 24 20 år
326 952 58 22 1904
393 953 42 21 har
444 952 139 22 förorsakats
593 952 196 29 hufvudsakligen
799 952 23 22 af
832 953 28 21 de
869 952 98 29 nyligen

205 986 112 29 vidtagna
332 986 138 29 åtgärderna
484 986 36 22 för
534 986 167 29 undervisning
716 987 9 21 i
739 987 133 28 fattigvård.
884 1000 26 2 —
925 986 42 22 Ut-

206 1020 164 29 giftsgruppen
390 1021 160 22 »läroverken«
569 1021 85 22 företer
674 1029 29 14 en
722 1021 89 28 årligen
828 1021 138 28 tilltagande

206 1055 223 29 stegringstendens:
444 1055 73 22 under
533 1057 53 20 åren
603 1055 142 22 1895—1897
762 1063 28 14 en
805 1056 59 28 årlig
879 1055 88 29 ökning

207 1089 23 22 af
245 1090 31 29 3,1
285 1091 34 28 9/,,
335 1090 73 22 under
423 1090 28 22 de
465 1090 103 29 följande
582 1092 35 20 tre
634 1091 54 21 åren
703 1090 23 22 af
740 1090 32 29 4,7
788 1091 43 21 och
845 1085 62 38 under
924 1097 43 15 se-

206 1126 66 21 naste
290 1124 171 30 fyraårsperiod
479 1125 24 22 af
518 1126 59 21 ända
592 1126 38 21 till
645 1126 31 28 7,3
686 1126 33 28 %.
748 1126 37 21 En
799 1125 169 22 beaktansvärd

209 1172 25 2 —
253 1160 112 21 likaledes
387 1160 141 22 fortfarande
547 1160 10 22 i
574 1160 94 22 tillväxt
690 1160 100 28 varande
808 1173 28 3 —
856 1160 67 22 andel
945 1159 23 22 af

207 1193 75 22 denna
297 1194 89 28 ökning
400 1189 93 33 belöper
509 1194 37 29 sig
560 1195 31 28 pä
606 1194 163 29 statsbidraget
783 1194 37 22 för
834 1194 28 22 do
877 1194 91 28 privata

206 1228 136 22 läroverken
357 1229 126 29 (ökningen
497 1229 105 29 uppgick
616 1229 72 22 under
704 1230 54 21 åren
773 1229 142 22 1895—1897
930 1228 39 22 till

208 1262 92 29 166,000
310 1264 66 20 mark
387 1264 43 21 och
439 1263 72 22 under
522 1264 54 21 åren
587 1263 144 22 1901—1904
739 1263 38 22 till
787 1263 93 28 287,000
889 1263 79 27 mark).

208 1296 43 22 Om
265 1298 110 28 samtliga
390 1298 153 28 statsutgifter
558 1298 36 22 för
610 1298 80 28 kyrka,
706 1298 70 28 skola,
787 1298 127 28 vetenskap
925 1297 44 21 och

206 1331 70 22 konst
299 1334 143 26 gemensamt
464 1332 9 21 i
494 1332 151 22 betraktande
667 1333 72 28 tagas,
762 1332 74 22 finner
858 1339 54 14 man
935 1332 34 21 att
