1023 1614
266 55 27 22 U.
309 55 28 22 B.
353 67 28 3 —
396 54 225 29 Postsparbanken.

340 358 275 24 Statsutskottets
631 358 194 23 betänkande

292 399 23 17 :0
339 393 13 23 2
375 394 10 22 i
407 394 137 27 anledning
569 393 28 23 af
621 392 205 30 Postsparbanks-

273 428 135 28 styrelsens
417 428 42 22 till
467 428 139 23 Ständerna
615 427 94 29 afgifna
715 427 109 24 relation

274 468 40 16 om
332 462 231 28 Postsparbankens
584 462 116 22 tillstånd
716 462 47 22 och
777 462 49 22 för-

273 496 113 28 valtning
401 496 80 23 under
497 496 61 23 åren
572 496 157 23 1899—1903.

135 574 47 22 Till
202 574 143 22 Ständerna
363 574 47 22 har
429 574 8 22 i
456 574 112 29 enlighet
586 574 58 22 med
663 574 164 25 däronr
760 570 12 37 i
785 574 42 25 nå-

66 609 60 29 diga
151 606 173 32 kungörelsen
349 608 25 23 af
398 608 50 23 den
475 609 34 22 24
534 609 50 29 maj
614 608 67 23 1886
700 608 125 30 ingående

66 643 161 29 bestämning
252 643 181 22 öfverlämnats
459 650 32 15 en
509 643 108 23 relation
636 650 40 15 om
694 643 133 29 Postspar-

66 678 116 22 bankens
205 678 8 22 i
234 677 109 23 Finland
366 678 114 22 tillständ
504 678 48 22 och
569 678 158 29 förvaltning
745 677 82 23 under

67 712 216 28 femärsperioden
315 712 184 27 1899—19083,
528 712 106 22 hvilken
663 712 108 23 relation
803 712 25 22 af

68 747 118 29 samtliga
213 746 79 23 Ständ
311 746 7 22 i
338 746 119 23 afseende
477 747 15 22 ä
510 746 187 23 förberedande
716 747 112 22 behand-

67 781 53 29 ling
138 782 152 22 remitterats
309 781 36 22 till
365 781 202 23 Statsutskottet.

137 816 128 22 Utskottet
288 816 47 22 har
357 816 58 22 med
435 816 137 29 anledning
591 816 75 22 häraf
683 816 90 22 främst
793 816 36 22 att

70 850 105 27 anmäla,
195 851 36 21 att
248 850 153 22 relationens
421 850 202 30 sifferuppgifter
640 850 42 22 vid
696 850 132 23 värkstäld

68 884 160 30 granskning
254 884 129 23 befunnits
408 885 228 23 öfverensstämma
660 885 57 22 med
741 885 88 22 räken-

69 919 133 29 skaperna,
220 919 87 22 hvilka
327 919 78 29 enligt
424 919 88 23 därom
526 920 15 21 ä
554 919 129 23 desamma
695 919 138 29 befintliga.

70 954 182 28 anteckningar
284 953 168 23 härförinnan
485 954 97 29 jämväl
614 954 138 29 undergätt
774 954 55 28 lag-

70 988 109 29 stadgad
197 988 120 22 revision.
346 988 71 22 Enär
435 988 9 22 i
463 988 50 22 den
534 988 143 23 Ständerna
696 988 133 29 förelagda

68 1022 141 23 relationen
235 1022 78 23 sedan
339 1024 100 21 senaste
463 1023 126 29 landtdag
611 1023 130 29 upptagits
761 1023 70 22 ännu

67 1056 63 23 flere
155 1057 25 22 af
205 1057 30 22 de
254 1057 187 29 upplysningar
460 1058 111 22 rörande
590 1057 239 29 Postsparbankens

68 1091 120 29 ställning
214 1092 46 22 och
284 1091 154 29 utveckling,
462 1092 90 22 hvilka
570 1092 109 28 tidigare
697 1092 89 29 plägat
805 1092 26 22 af

70 1125 192 24 Statsutskottet
289 1126 211 27 sammanställas,
525 1126 85 23 finner
637 1126 130 23 Utskottet
791 1125 40 24 sin

68 1161 103 28 uppgift
190 1161 84 22 denna
293 1161 68 28 gång
380 1161 150 29 ytterligare
548 1161 142 22 förenklad.

140 1194 193 23 Statsutskottet
345 1195 47 22 har
406 1195 88 23 därför
508 1196 36 22 att
556 1196 115 22 närmast
682 1196 149 22 konstatera

69 1229 42 22 det
142 1229 181 30 uppåtgående
346 1228 10 24 i
379 1230 238 29 postsparbankens
646 1230 103 27 rörelse,
769 1236 62 16 -som

69 1263 79 30 enligt
173 1264 31 22 de
223 1264 8 22 i
248 1264 59 29 kap.
333 1264 26 23 II
384 1264 26 23 af
432 1265 142 22 relationen
598 1265 150 22 meddelade
769 1271 63 22 upp-

68 1297 76 30 gifter
170 1299 106 28 alltjämt
301 1305 75 22 synes
396 1299 50 29 äga
465 1305 64 21 rum,
550 1305 41 16 om
610 1299 46 22 ock
675 1305 31 16 en
724 1299 108 28 tillfällig

68 1332 177 30 tillbakagång
278 1333 81 22 under
390 1333 62 23 åren
485 1333 173 23 1901—1902
687 1334 67 22 visat
784 1333 46 29 sig,

68 1366 129 23 beroende
210 1367 34 29 pä
258 1367 31 23 de
301 1368 206 29 proportionsvis
520 1369 82 22 större
614 1368 219 29 uttagningarna
821 1362 16 40 i

140 1411 164 18 Statsutskoitets
318 1411 121 18 betänkande
452 1412 40 18 N:o
504 1413 17 16 2.
