1034 1623
229 60 24 23 U.
269 60 24 23 B.
310 73 26 3 —
355 59 209 30 Bankfullmäktiges
579 60 122 23 berättelse.
799 63 29 20 33

144 126 113 29 Slutligen
271 126 42 22 har
327 126 120 22 Utskottet
461 126 64 22 velat
540 126 84 22 bereda
638 133 52 15 rum
704 126 37 22 för
752 127 32 21 ett
794 127 66 21 önsk-

70 163 115 28 ningsmäl
200 161 141 23 beträffande
356 162 111 22 Finlands
482 162 80 21 Banks
576 163 10 21 i
601 169 95 22 pressen
710 162 147 29 publicerade

72 199 43 22 och
137 198 36 23 -för
189 199 45 22 den
252 200 61 20 stora
328 198 156 22 allmänheten
499 198 94 22 afsedda
608 198 251 23 halfmänadsbilanser.

70 235 35 22 På
129 235 39 22 det
186 236 34 20 att
235 236 64 20 arten
314 235 24 21 af
353 234 102 23 bankens
470 233 37 23 för
522 242 29 14 en
566 234 47 23 viss
629 234 110 29 tidpunkt
754 234 106 29 gällande

72 271 142 22 återstående
236 270 218 29 utläningsförmäga
476 272 72 20 måtte
563 271 125 21 framträda
702 271 9 21 i
725 272 47 20 rätt
788 271 71 28 belys-

71 308 57 28 ning
151 307 69 22 äfven
242 308 35 21 för
300 307 45 21 den
366 307 35 21 uti
425 307 213 28 bankreglementet
660 307 51 22 icke
733 307 126 24 initierade,

72 350 69 21 synes
160 343 38 21 det
216 350 55 15 vara
287 343 131 25 önskvärdt,
435 344 34 20 att
484 343 36 21 till
534 343 100 22 nämnda
649 343 100 22 bilanser
765 343 95 28 fogades

72 387 29 14 en
121 379 52 22 kort
192 379 211 28 sammanställning
422 380 25 21 af
463 379 28 22 de
509 381 84 27 poster,
608 381 31 27 pä
654 379 75 28 grund
745 380 25 21 af
782 379 79 22 hvilka

72 415 102 22 bankens
192 415 160 28 ,obegagnade
368 415 248 28 sedelutpifningsrätt*
633 415 130 22 beräknats.

144 553 107 22 Rörande
274 553 53 22 dei
341 553 224 29 Bankfullmäktiges
585 553 122 22 berättelse
726 553 134 22 framstälda

73 590 86 28 förslag
174 589 118 23 äfvensom
306 589 162 28 fördelningen
483 589 27 22 af
522 589 109 22 Finlands
642 589 78 22 Banks
731 589 130 29 disponibla

73 626 63 22 vinst
158 626 58 22 skall
238 625 119 23 Utskottet
379 625 70 22 hafva
472 629 56 19 äran
543 625 121 22 framdeles
680 625 89 29 afgifva
783 625 78 22 betän-

73 662 96 31 kanden.

144 764 14 22 I
172 764 167 28 behandlingen
355 764 24 22 af
395 764 62 22 detta
473 764 85 22 ärende
573 763 70 23 hafva
658 764 96 28 deltagit
768 763 93 23 Utskot-

52 797 4 3 *
72 802 46 21 tets
126 801 136 22 ordförande
269 800 155 30 Charpentier,
433 800 155 23 ledamöterne
597 800 37 23 W.
641 800 125 25 Hackman,
774 799 88 22 Rosen-

72 838 50 26 lew,
138 837 121 29 Bergroth,
274 837 115 26 Auvinen,
405 837 129 26 Petterson,
550 837 27 22 E.
593 837 140 26 Dahlström,
744 843 23 15 v.
777 835 84 26 Pfaler,

72 874 120 28 Rengvist,
215 873 142 29 Thuneberg,
381 873 106 22 Brander
509 873 42 22 och
573 872 111 23 Candelin
707 873 59 21 samt
789 871 73 23 delvis

74 911 175 28 suppleanterna
257 910 26 22 L.
291 909 138 27 Ehrnrooth,
439 909 135 28 Svanljung,
584 909 123 26 Snellman,
714 908 148 25 Stockmann,

73 947 82 22 Gädda
170 947 44 22 och
228 947 54 22 Näs.

144 986 144 48 Helsingfors
304 1000 44 22 den
365 1003 28 19 15
409 1007 60 14 mars
487 1002 64 20 1905.
