1034 1620
104 978 96 22 Bankfull-

109 1007 89 23 mäkiiges

88 1035 126 23 tjenstgöring.

263 59 27 21 10

301 122 8 20 i
331 121 130 27 Björneborg
479 121 102 21 Hofrädet
599 121 26 21 K.
643 121 23 21 F.
680 121 110 23 Levonius,
806 121 84 21 hvilken
905 121 89 27 tidigare

231 156 86 21 undfätt
339 155 157 27 tjenstledighet
517 155 46 21 från
586 155 41 21 den
646 156 26 19 26
692 155 90 21 Oktober
804 156 52 20 1903
877 156 31 20 till
924 156 40 21 den
980 156 11 19 7

230 190 53 22 Juni
302 190 59 27 1904,
379 190 38 21 och
439 189 90 21 derefter
544 189 86 27 ätnjutit
648 196 26 14 en
688 189 87 22 månads
791 190 199 27 semesterledighet,

230 224 123 28 ytterligare
369 224 55 21 ända
438 224 33 20 till
485 224 55 21 ärets
555 224 90 27 utgäng;

300 259 8 20 i
323 258 94 22 Joensuu
431 258 24 21 E.
471 258 75 21 Broms
560 258 46 21 frän
622 258 40 22 den
678 259 9 19 4
698 258 88 22 Januari
794 258 67 22 under
869 265 26 15 en
902 258 83 25 mänad;

299 293 8 21 i
329 293 82 27 Kuopio
435 292 101 22 Hofrädet
556 292 26 21 B.
606 293 24 21 A.
651 292 67 22 Niska
740 292 67 22 under
829 292 45 22 Juli
895 292 38 22 och
948 292 44 21 Au-

231 328 57 27 gusti
302 327 113 25 mänader;

299 362 8 21 i
321 361 131 22 Nikolaistad
467 361 24 21 V.
506 361 24 21 O.
546 360 98 28 Gadding
662 361 66 21 under
743 361 91 27 Augusti
847 361 87 25 mänad;

299 396 8 21 i
329 396 139 21 Tammerfors
490 396 24 20 E.
537 395 92 22 Grönvik
645 395 46 21 frän
706 396 42 20 den
764 396 25 20 29
805 395 52 21 Juni
871 396 33 20 till
919 396 40 21 den
975 396 12 19 3

230 430 45 22 Juli
291 431 56 20 samt
361 430 47 21 frän
424 430 40 21 den
480 430 11 21 1
508 429 33 22 till
556 429 40 21 den
614 430 24 19 17
654 429 100 27 Augusti;

299 465 7 20 i
329 465 129 21 Tavastehus
479 464 26 21 B.
529 464 111 27 Sundgren
663 463 47 22 frän
733 463 40 22 den
793 464 25 19 15
834 464 51 21 Juni
900 464 33 21 till
948 464 41 21 den

232 501 9 17 1
261 499 60 24 Juli;

299 533 7 21 i
329 533 105 27 Uleåborg
456 532 23 22 O.
502 533 116 21 Rehnbäck
633 532 47 22 från
695 532 40 22 den
752 533 25 19 15
793 532 33 21 till
840 532 40 22 den
897 533 25 20 25
937 533 54 21 Feb-

229 568 58 21 ruari
302 568 39 20 och
356 567 46 21 frän
418 568 41 20 den
477 568 24 19 15
517 567 45 21 Juli
577 568 33 20 till
625 567 41 21 den
684 568 10 19 1
710 567 92 27 Augusti
817 568 56 20 samt

277 624 2 2 +
298 602 8 20 i
327 596 45 27 Åbo
394 602 148 21 Hofrädet.A.
566 601 130 28 Gripenberg
718 601 45 21 från
787 601 40 21 den
848 602 24 19 15
888 602 99 21 Februari

229 636 68 21 under
312 642 26 15 en
353 636 77 21 mänad
445 636 55 21 samt
514 636 45 21 frän
576 636 41 21 den
633 636 11 19 9
660 636 33 20 till
708 636 40 21 den
764 636 26 20 23
806 636 96 26 Augusti.

299 670 73 22 Under
389 670 131 21 förestäende
538 670 117 27 ledigheter
673 670 63 21 hafva
751 670 65 26 enligt
830 670 158 22 Bankfullmäk-

229 705 54 27 tiges
306 704 154 22 förordnanden
481 704 318 27 bankkommissarietjensterna
823 704 7 21 i
850 704 72 27 regeln
936 704 53 22 före-

229 739 62 21 stätts
307 738 23 22 af
342 739 122 21 kassörerne
479 739 35 21 vid
528 739 117 27 respektive
660 739 80 21 kontor.

298 774 42 21 För
363 773 62 27 öfrigt
446 774 39 20 har
499 774 67 21 under
583 780 119 15 sommaren
716 773 193 27 semesterledighet
923 774 65 21 bevil-

227 808 42 27 jats
294 808 169 21 föreständarene
486 808 32 21 för
532 808 103 21 kontoren
650 808 26 27 pä
692 814 26 15 en
732 808 84 25 månad,
831 808 115 26 hvarjemte
962 814 25 15 en

228 842 35 21 del
287 841 23 22 af
330 842 97 21 bemälda
449 842 143 21 föreståndare
611 842 23 21 af
646 841 136 22 Direktionen
797 841 26 28 pä
838 842 92 21 ansökan
945 842 43 21 till-

228 877 68 20 delats
308 877 82 20 kortare
402 876 30 21 tid
444 876 100 27 ledighet,
553 876 53 21 dock
612 876 46 21 icke
665 876 82 21 utöfver
756 882 26 15 en
789 876 64 21 vecka
860 876 32 21 för
899 877 89 26 gängen.

578 933 12 27 8
609 935 33 18 17.

298 979 163 21 Undertecknad
481 978 86 22 Donner
589 979 39 21 har
650 978 32 22 för
704 985 47 15 resa
770 979 31 21 till
819 979 94 21 utlandet
927 979 8 21 i
949 985 36 15 en-

230 1013 67 21 skilda
320 1013 175 27 angelägenheter
517 1013 86 27 ätnjutit
620 1013 94 27 ledighet
728 1013 66 21 under
809 1013 58 21 tiden
881 1013 47 22 frän
943 1013 41 21 den

230 1048 25 20 18
281 1048 58 20 Mars
364 1048 33 20 till
423 1047 40 21 den
489 1048 26 19 25
541 1048 49 26 Maj.
623 1048 110 20 Derunder
760 1047 106 22 äfvensom
888 1047 34 22 vid
945 1048 42 20 till-

228 1082 73 27 fälliga
315 1082 70 21 förfall
407 1082 62 21 hafva
485 1082 68 21 såsom
568 1082 188 27 bankfullmäktige
772 1082 118 27 tjenstejort
904 1082 82 28 supple-

228 1117 87 21 anterne
338 1116 95 22 Friherre
456 1116 88 22 Palmén
567 1117 55 21 samt
643 1116 79 22 Herrar
744 1116 106 27 Boisman,
867 1116 119 28 Stählberg,

227 1151 100 21 Renlund
343 1151 38 21 och
397 1150 106 28 Almberg.

226 1185 139 28 Helsingfors,
381 1185 40 21 den
439 1186 26 20 17
480 1185 101 21 Februari
598 1186 62 21 1905.

542 1242 20 21 0.
584 1243 87 20 Donner.

285 1299 19 22 F.
321 1299 115 27 Stjernvall.
507 1299 83 22 Mauritz
606 1299 101 27 Hallberg.
777 1299 21 21 A.
815 1299 110 21 Meurman.

720 1379 64 28 Filip
800 1379 114 21 Grönvall.
