1167 1756
227 120 29 20 38
632 118 25 21 IT

809 207 135 37 Reserverade
954 204 46 50 1008
1016 208 69 42 100

210 268 21 19 H.
245 268 82 25 T.|Kap
348 252 17 34 8
813 244 49 47 =
904 243 35 49 W
960 255 37 18 och
1009 254 73 19 arbets-

232 284 4 4 »
329 284 30 22 "IB
986 278 70 24 anslag

843 332 41 21 Fig
922 332 22 21 NEN
988 332 40 20 Fig
1066 332 22 21 VE

688 405 107 24 Transport
803 394 8 39 |
825 405 119 24 1,249,837/52]
968 406 120 23 9,205,952/79

204 464 22 19 E.
232 470 40 13 0.u.|
282 464 50 20 VIII|
353 466 11 17 6|
382 463 148 25 Nybyggnader
541 463 34 19 vid
587 463 189 24 statsjernvägarne:

405 492 198 24 Jernvägsstyrelsen
629 506 4 4 .
653 506 26 4 ..
698 506 96 4 0.0.
823 493 121 23 2,795,730/90]
968 494 120 22 2,723,390|—

233 530 9 8 »
303 530 8 8 »
332 516 11 33 |
354 524 10 16 7
382 521 40 18 För
449 520 210 24 Helsingfors-Karis
693 520 101 24 jernvägs-

427 550 103 24 byggnad:

406 574 160 28 Öfverstyrelsen
577 578 32 18 för
616 580 47 22 väg-
672 578 37 18 och
717 579 77 18 vatten-

427 607 142 24 byggnademna
583 621 2 3 .
604 621 28 3 cs
651 621 142 4 «0
824 608 120 23 1,933,322/28]
964 604 14 31 —
984 608 105 23 410,000(—

233 644 8 9 »
302 644 9 8 »
328 631 14 33 |
353 638 11 17 8]
381 636 40 18 För
443 635 178 23 lisalmi—-Kajana
639 635 155 24 jernvägsbygg-

427 664 48 18 nad:

405 689 161 27 Öfverstyrelsen
577 692 31 19 för
615 695 48 21 väg-
672 693 37 18 och
717 694 77 18 vatten-

427 722 142 24 byggnaderna
583 736 4 4 .
606 736 188 4 0
841 724 103 23 683,068/46]
968 724 120 23 3,030,000|—

199 749 2 24 |
233 760 9 8 »
302 760 8 8 »
342 753 22 17 110
381 752 40 35 För
432 750 193 24 vegleringsarbeten
636 750 8 18 i
655 750 97 19 Wanda
745 756 20 12 ä:

208 780 60 25 (1902)
385 785 2 2 >
405 775 161 28 Öfverstyrelsen
576 779 32 18 för
615 781 48 21 väg-
672 779 37 38 och
716 780 78 18 vatten-

199 803 1 12 |
428 808 141 24 byggnaderna
583 822 4 4 .
606 822 4 4 .
630 822 3 4 .
652 822 4 3 .
675 822 4 3 «
841 810 103 22 235,000—

199 836 71 21 IE.o.u.|
282 838 49 19 VIII
342 839 22 17 13)
381 838 40 18 För
433 836 122 20 slutförande
567 836 20 18 af
590 810 127 55 Ulsäborg-
720 822 75 32 Torneå

425 865 197 24 jernvägsbyggnad:

405 890 161 28 Öfverstyrelsen
576 894 32 18 för
615 895 48 22 väg-
672 893 37 18 och
717 895 77 17 vatten-

427 922 142 25 byggnaderna
583 936 4 4 .
606 936 4 4 .
629 936 165 4 n
840 924 104 23 379,719150]
968 924 120 23 1,527,000/—|

232 961 9 8 »
293 952 31 18 IX
329 947 14 32 |
352 954 12 17 4
381 952 40 18 För
438 951 121 24 uppförande
572 951 19 18 af
602 951 147 24 tillbyggnader
760 951 34 19 vid
1061 970 2 8 |

208 982 60 24 (1902)
426 980 145 24 Polytekniska
582 980 109 18 institutet:

404 1009 188 23 Industristyrelsen
605 1023 4 3 .
628 1023 3 3 .
651 1023 4 4 .
674 1023 3 4 .
697 1023 96 4 «0.
840 1010 104 23 578,171]64;

202 1039 68 19 E.o.u|
302 1047 8 8 »
331 1033 14 32 |
353 1039 10 18 35/
380 1038 40 18 För
437 1037 122 24 uppförande
577 1037 20 18 af
614 1037 94 24 byggnad
718 1037 32 18 för
760 1037 33 18 In-

208 1068 59 24 (1902)
409 1091 8 3 —
427 1066 135 19 dustriskolan
573 1066 7 17 i
592 1066 90 23 Kuopio:

405 1094 160 24 Öfverstyrelsen
577 1094 32 18 för
621 1094 99 18 allmänna
733 1094 60 24 bygg-

426 1123 87 18 naderna.
515 1137 278 4 ae
840 1125 103 23 227,505/96

225 1164 23 3 —
265 1147 20 33 |
294 1164 23 2 —
340 1163 23 3 |]
379 1152 78 23 Anslag
474 1152 31 18 för
522 1151 143 24 nybyggnader
683 1151 34 19 vid
735 1152 58 18 stats-

425 1180 131 24 jernvägarne
568 1180 44 18 frän
624 1181 21 17 är
658 1181 53 18 1900:

403 1209 199 24 Jernvägsstyrelsen.
625 1223 6 4 .
652 1223 1 4 .
674 1223 3 4 .
696 1223 3 4 .
719 1223 4 4 .
764 1223 5 4 .
789 1223 3 3 +
839 1211 103 22 542,024/85

381 1315 43 16 Här
431 1316 49 15 icke
487 1314 105 16 särskildt
599 1315 112 18 upptagna
717 1315 76 17 anslag
797 1308 12 33 |
822 1313 120 23 2,791,963/49]
966 1313 120 24 4,710,619/31

727 1423 66 17 Summa
793 1418 10 34 |
811 1423 103 23 11,366,344
920 1407 28 45 60]
954 1423 132 22 21,606,962/10]

633 1469 24 18 28
