1039 1620
112 172 112 18 Utverkande

108 202 25 22 af
141 201 88 23 förlängd

121 230 94 18 återbetal-

102 259 87 23 ningstid
200 258 30 23 för

111 287 29 18 det
147 287 78 18 Banken

104 316 25 22 af
138 316 89 18 Statsver-

103 345 33 17 ket.
144 344 86 23 beviljade

147 373 38 18 lån.

113 951 109 18 Inrättande

105 1038 123 23 ningskontor

102 1066 25 22 af
135 1066 95 18 Finlands

103 1094 54 19 Bank
172 1095 10 18 i
195 1095 35 18 Ta-

274 63 26 21 16

593 128 12 26 8
622 128 32 21 11.

312 172 76 22 Sedan”
402 172 130 22 Statsverket
550 174 26 27 pä
595 174 23 21 af
635 174 191 27 Bankfullmäktige
845 174 32 21 uti
896 174 106 22 skrifvelse

242 206 32 22 för
290 207 40 21 den
346 207 28 21 28
390 207 90 22 Oktober
496 208 55 22 1899
567 208 59 27 gjord
641 208 160 28 framställning,
820 208 109 22 hvaröfver
944 208 59 22 redo-

243 241 81 27 görelse
343 241 69 27 ingätt
430 242 31 21 uti
480 242 204 28 Bankfullmäktiges
701 244 70 20 senast
789 242 33 22 till
840 242 163 22 Bankutskottet

243 276 78 21 afläina
340 276 117 25 berättelse,
476 276 67 22 under
562 277 89 21 Januari
666 278 38 28 och
719 278 56 20 Mars
792 277 99 22 månader
907 277 22 21 är
947 277 57 21 1900

243 310 33 21 till
286 310 144 22 förstärkande
443 311 23 21 af
473 308 101 24 Finlands
585 312 72 21 Banks
668 312 119 21 metalliska
797 312 61 21 kassa
867 312 38 21 hos
915 311 88 21 Banken

243 345 93 27 placerat
350 345 113 21 utländska
478 346 81 21 valutor
574 346 34 20 till
623 346 30 21 ett
669 346 82 28 belopp,
761 346 146 22 motsvarande
920 346 6 21 i
939 346 65 20 finskt

242 380 62 26 mynt
317 380 49 26 my
381 380 119 27 6,999,802:
516 380 27 21 47
563 380 32 21 att
613 380 33 21 till
662 380 130 22 Stätsverket
807 380 117 27 ätergäldas
937 380 65 27 jämte

242 414 44 27 4!/2
300 414 97 27 procents
412 414 61 21 ränta
488 414 71 21 senast
573 414 58 21 inom
641 414 107 27 utgången
758 414 23 21 af
788 414 57 21 Mars
854 414 77 21 månad
941 414 61 27 1901,

244 447 62 22 hafva
328 447 199 28 Bankfullmäktige,
550 449 7 20 i
579 449 138 21 betraktande
736 449 23 21 af
773 449 183 26 nödvändigheten
971 449 32 20 att

244 482 64 21 skona
323 482 99 30 Bankens
436 483 119 21 metalliska
570 483 71 21 valuta
657 483 38 21 och
711 483 26 21 dä
747 489 26 15 en
784 483 152 27 äterbetalning
945 483 57 21 inom

242 516 94 21 nämnda
362 516 76 21 termin
466 516 23 22 af
510 516 159 28 ifrågavarande
691 517 42 25 län,
756 517 49 21 derä
830 518 57 20 ännu
911 516 91 22 återstod

242 550 86 27 oguldet
342 550 48 28 ry
406 551 122 27 6,631,207:
545 552 34 25 54,
595 551 67 21 skulle
677 551 7 21 i
702 551 106 27 betänklig
827 551 51 27 grad
893 551 110 21 reducerat

242 584 99 22 Bankens
362 585 135 27 obegagnade
517 585 219 27 sedelutgifningsrätt
754 586 55 20 samt
825 586 119 26 derigenom
960 586 42 20 stö-

242 619 65 21 rande
325 619 95 21 inverkat
437 620 27 27 pä
483 619 223 22 affärsverksamheten
723 620 8 20 i
749 620 79 27 landet,
847 620 32 20 uti
895 619 106 22 skrifvelse

242 654 34 21 till
289 654 223 28 Finansexpeditionen
527 654 7 21 i
549 654 118 27 Kejserliga
683 654 92 22 Senaten
791 654 22 22 af
826 654 40 21 den
877 654 27 22 10
913 654 89 21 Januari

244 688 53 21 1901
317 688 88 21 anhällit
424 695 34 15 om
477 689 134 27 förlängning
629 689 24 21 af
664 689 59 21 tiden
739 689 31 21 för
787 688 179 28 äterbetalningen
982 688 23 22 af

243 722 88 22 berörda
345 723 79 25 medel;
442 723 38 21 och
495 723 124 21 förordnade
638 723 92 21 Senaten
744 723 8 21 i
767 723 113 27 anledning
899 722 59 22 deraf
971 723 31 21 att

242 756 24 22 af
279 757 120 21 ännämnda
414 757 34 21 län
464 757 115 26 2,000,000
593 758 60 20 mark
669 757 63 21 borde
747 757 118 27 ätergäldas
881 757 70 21 senast
961 757 41 21 den

244 792 9 20 1
272 791 90 21 Oktober
378 798 81 14 samma
474 792 28 27 är,
519 791 111 21 enahanda
644 792 75 27 belopp
735 792 38 20 sist
788 792 40 20 den
846 793 8 19 1
872 791 58 27 April
947 792 55 20 1902

243 825 39 22 och
297 826 119 21 återstoden
432 826 73 21 senast
521 826 41 21 den
579 827 10 20 1
607 825 90 22 Oktober
713 825 132 22 sistnämnda
859 825 28 21 är.

592 907 11 27 5
622 907 32 21 12.

312 953 95 21 Emedan
415 953 77 27 nädiga
502 953 150 26 förordningen
664 953 22 21 af
695 953 40 21 den
746 953 13 20 3
769 952 42 26 Maj
825 952 61 25 1899,
895 952 107 27 angäende

97 980 24 32 af
135 982 24 16 ett
171 980 64 23 provi-
242 987 175 27 omorganisation
437 987 23 21 af
478 987 135 21 statsverkets
632 987 69 21 kassa-
721 986 38 22 och
778 986 223 28 räkenskapsväsende,

96 1010 68 17 sionelt
177 1009 58 23 afdel-

242 1021 124 21 förutsätter
382 1022 31 20 att
427 1021 100 21 Finlands
542 1021 61 21 Bank
615 1021 53 21 skall
678 1020 124 29 öppenhälla
812 1020 190 28 afdelningskontor

241 1056 8 20 i
268 1056 83 21 landets
370 1056 42 21 alla
430 1056 173 27 residensstäder,
622 1056 117 21 hemstälde
760 1055 191 27 Bankfullmäktige
970 1055 32 21 uti

242 1090 33 21 sin
294 1090 34 21 till
346 1090 164 21 Bankutskottet
528 1090 35 21 vid
583 1090 82 22 senaste
681 1090 101 27 landtdag
797 1089 79 27 afgifna
890 1089 114 21 berättelse.

96 1124 83 18 vastehus
191 1124 44 18 stad.
242 1131 35 15 om
299 1124 120 22 inrättande
438 1124 24 22 af
478 1125 31 21 ett
526 1124 99 22 Bankens
646 1124 191 27 afdelningskontor
852 1124 7 20 i
867 1124 134 21 Tavastehus

242 1159 58 27 stad;
317 1159 39 21 och
371 1166 46 14 som
431 1158 63 22 häraf
508 1158 109 28 päkallade
628 1158 113 28 ändringar
750 1158 8 21 i
766 1158 99 21 Bankens
874 1158 127 27 reglemente

242 1193 38 21 och
300 1193 42 21 stat
364 1193 87 26 ansägos
466 1193 72 21 kunna
553 1193 151 26 ävägabringas
719 1193 44 21 före
777 1192 74 27 början
866 1192 22 21 af
901 1192 22 21 är
939 1192 61 27 1901,

242 1227 26 21 dä
286 1227 144 27 ifrägakomna
449 1227 205 28 räkenskapsreform
673 1233 38 15 var
730 1227 72 20 afsedd
818 1227 31 20 att
864 1226 137 27 genomföras,

241 1261 103 28 föreslogo
367 1261 192 27 Bankfullmäktige
582 1261 68 21 tillika
672 1261 31 21 att
725 1261 94 21 nämnda
840 1261 73 20 kontor
935 1261 66 21 skulle

242 1295 130 22 omedelbart
390 1296 72 21 ställas
478 1295 26 28 pä
524 1295 103 22 ordinarie
643 1295 36 22 fot.
710 1295 75 21 Denna
800 1295 202 27 Bankfullmäktiges

241 1329 158 28 framställning
414 1336 54 15 vann
480 1330 80 27 jemväl
576 1329 129 22 Ständernas
721 1329 150 28 godkännande
887 1329 38 21 och
935 1329 67 21 föran-

241 1364 61 21 ledde
323 1364 118 21 Ständerna
460 1364 34 21 till
511 1363 127 28 vidtagande
654 1363 23 22 af
690 1364 60 21 deraf
762 1363 112 27 betingade
890 1363 112 28 ändringar

242 1398 7 20 i
273 1398 99 21 Bankens
395 1398 128 27 reglemente
546 1398 38 21 och
609 1399 48 20 stat.
686 1398 33 21 Då
739 1397 116 22 emellertid
874 1397 127 21 Ständernas
