1025 1620
181 81 43 20 116
485 81 29 22 U.
530 82 72 22 B.—
617 83 28 21 11.

253 143 142 28 Återstående
413 151 63 21 delen
491 151 22 21 af
527 151 93 21 fondens
635 151 114 28 tillgängar
764 158 38 14 var
816 151 132 22 hufvudsak-

181 184 59 28 ligen
257 184 98 27 placerad
370 185 8 20 i
394 185 147 28 obligationer,
556 187 55 20 samt
626 186 49 21 dess
690 185 119 28 tillgångar,
817 185 49 21 med
873 185 75 28 afdrag

183 219 22 20 af
220 218 60 25 lånet
294 225 26 14 ur
335 219 133 22 statsfonden
484 220 11 21 1
512 220 51 27 milj.
579 220 42 27 mk,
637 220 36 21 vid
689 220 87 27 angifna
786 220 99 27 tidpunkt
895 220 52 21 bok-

183 253 64 21 förda
261 252 32 21 till
308 252 54 22 Fmk
378 253 118 28 2,953,967:
513 254 34 21 92.

367 333 389 29 Slöjäundervisningsfonderna

183 391 100 27 utgjorde
299 392 163 27 ursprungligen
479 398 27 15 en
523 392 55 21 enda
592 393 59 26 fond,
665 392 89 20 hvilken
766 392 67 27 enligt
843 391 104 22 Senatens

183 425 144 21 förordnande
350 426 42 20 den
412 426 12 21 3
439 426 52 21 febr.
509 426 54 22 1887
579 426 121 21 fördelades
714 427 8 20 i
736 428 85 24 tvänne,
838 426 21 21 af
874 426 71 21 hvilka

185 459 43 21 den
244 466 45 18 ena,
304 459 49 23 Litt.
368 461 30 26 A.,
414 462 23 19 är
452 460 74 22 afsedd
542 461 33 20 för
590 460 43 22 den
648 460 140 22 ekonomiska
798 460 83 28 slöjden
891 462 56 20 samt

184 494 167 28 ursprungligen
365 495 92 27 uppgick
474 495 32 21 till
522 496 91 27 300,000
630 496 66 26 mark,
713 496 41 20 den
770 495 72 26 andra,
856 495 48 21 Litt.
915 495 31 27 B.,

183 528 34 21 för
242 528 247 28 slöjdundervisningen
513 529 10 21 i
547 529 151 28 folkskolorna
722 531 55 19 samt
800 529 91 28 uppgick
913 529 32 21 till

183 563 92 27 200,000
290 563 66 21 mark.
385 562 33 22 De
434 563 103 22 bokförda
553 564 142 27 tillgångarna
707 564 8 20 i
725 564 62 20 dessa
797 564 76 20 fonder
882 564 63 20 hafva

183 596 68 22 sedan
267 596 47 22 dess
329 597 8 21 i
352 597 41 21 den
409 597 65 21 första
489 598 80 21 fonden
586 598 120 21 bibehällits
722 598 65 27 nägot
801 598 23 20 sä
839 599 39 19 när
891 598 54 20 oför-

183 630 101 27 ändrade,
299 632 8 20 i
323 632 42 20 den
380 638 74 15 senare
471 632 95 21 däremot
581 632 93 27 nedgätt.
699 631 33 22 De
747 632 98 27 utgjorde
861 632 41 21 den
918 632 26 20 30

183 671 50 15 nov.
256 666 56 20 1904
326 666 8 20 i
349 666 81 21 fonden
444 667 43 21 Litt
502 667 26 21 A.
544 666 53 22 Fmk
614 667 98 26 300,273:
729 666 33 27 26,
777 666 8 21 i
799 666 80 22 fonden
893 666 50 22 Litt.

183 699 24 21 B.
223 699 54 21 Fmk
294 700 96 26 150,809:
408 701 37 26 92;
462 702 76 20 största
551 701 104 27 beloppen
671 701 22 21 af
708 701 62 21 dessa
785 701 86 21 fonders
881 701 64 27 utgif-

183 735 34 19 ter
232 734 61 21 torde
308 734 54 22 dock
378 734 99 22 bokföras
492 735 53 21 först
560 735 35 21 vid
611 735 105 21 ärsslutet.
730 747 28 3 —
774 735 38 21 Att
827 735 83 21 märkas
922 736 24 20 är

183 769 32 20 att
235 768 91 22 Senaten
343 769 84 21 utöfver
441 770 147 20 inkomsterna
603 769 55 21 ifrän
675 769 61 21 dessa
751 769 76 21 fonder
848 770 98 27 dispone-

183 809 35 14 rar
233 802 104 21 särskilda
352 803 74 27 anslag
441 804 32 21 till
484 804 181 27 understödjande
676 804 22 20 af
708 804 64 27 slöjd-
783 804 39 21 och
833 804 111 20 väfskolor.

441 883 245 28 Mejerilänefonden.

253 940 41 21 För
309 940 71 21 dennä
394 941 52 21 fond
461 941 114 28 redogöres
591 941 31 21 uti
632 941 140 27 inledningen
784 941 31 21 till
827 941 117 21 relationen
965 963 6 5 .

184 981 27 14 ss.
228 975 119 21 111—112.
373 975 73 21 Såsom
457 975 66 22 redan
535 976 36 20 vid
582 975 159 28 behandlingen
752 975 22 21 af
780 975 165 27 Undsättnings-

183 1009 81 21 fonden
283 1009 91 28 antydts,
390 1010 38 21 har
442 1009 218 28 Mejerilånefondens
675 1009 64 22 skuld
754 1009 32 22 till
801 1009 77 22 nämda
893 1009 52 21 fond

183 1043 70 22 under
269 1043 22 21 år
311 1044 57 21 1904
383 1044 85 27 guldits.
498 1043 41 22 För
554 1044 98 27 utlåning
668 1044 33 21 till
716 1043 83 22 förmån
814 1044 33 21 för
861 1044 84 27 mejeri-

183 1077 156 28 handteringen
354 1078 39 21 har
408 1078 67 27 enligt
491 1078 103 21 Senatens
609 1078 157 27 framställning
777 1078 68 21 under
855 1078 24 21 år
889 1078 57 21 1904

183 1112 22 21 af
220 1113 123 20 statsmedel
358 1115 129 19 reserverats
503 1115 29 19 ett
547 1113 76 27 belopp
637 1113 22 20 af
669 1113 12 20 2
693 1113 51 27 milj.
755 1113 66 27 mark,
833 1113 39 21 och
881 1113 64 21 hafva

183 1146 97 21 vilkoren
295 1147 32 20 för
344 1147 60 21 dessa
419 1147 36 20 lån
470 1147 102 22 faststälts
587 1147 7 20 i
610 1148 29 20 ett
654 1147 47 21 bref
714 1147 33 21 till
760 1146 154 22 Statskontoret
924 1147 22 21 af

183 1181 43 20 den
249 1181 28 20 24
299 1181 42 22 okt.
363 1181 61 21 1904.
454 1181 58 27 Nyss
531 1181 94 28 antydda
640 1181 71 22 medel
726 1181 85 21 komma
827 1181 118 21 emellertid

182 1215 49 21 icke
247 1217 29 19 att
291 1216 116 20 öfverföras
422 1216 33 21 till
470 1216 206 27 Mejerilånefonden
687 1217 52 19 utan
755 1216 92 27 utgifvas
863 1215 83 21 direkte

183 1250 22 20 af
220 1250 107 21 allmänna
343 1250 123 21 statsmedel
482 1250 39 21 och
537 1250 100 21 bokföras
652 1250 70 21 under
737 1250 137 21 statsfonden.
899 1249 47 21 Me-

181 1284 177 28 jerilånefonden,
380 1284 61 21 torde
460 1284 71 21 därför
545 1284 121 28 lämpligast
683 1284 71 21 kunna
770 1284 69 21 såsom
855 1284 89 21 särskild

182 1318 53 21 fond
258 1318 100 28 upphöra,
375 1318 67 22 sedan
457 1318 94 22 därifrån
565 1318 85 28 utgifna
664 1318 37 22 lån
717 1319 45 21 åter
776 1318 73 28 ingått,
863 1318 82 22 hvilket

181 1353 80 27 jämväl
276 1359 64 21 synes
356 1353 54 21 varit
420 1353 138 28 regeringens
566 1353 68 21 afsikt.
659 1352 56 22 Dess
726 1352 112 29 tillgångar
847 1353 99 27 utgjorde

182 1387 77 21 ultimo
274 1394 48 14 nov.
339 1388 57 20 1904
409 1387 55 21 Fmk
480 1388 98 26 389,501:
595 1388 33 21 29.

253 1432 146 18 Statsutskottets
411 1433 114 18 betänkande
536 1433 38 18 N:o
587 1434 18 17 4.
