1034 1623
200 98 13 15 2
420 82 176 32 Bankutskottets
613 84 132 30 hemställan.

201 161 83 25 därom,
308 164 32 18 att
362 160 146 22 innehafvare'
524 162 24 20 af
563 165 62 17 extra
641 162 211 25 direktörsembetet,
869 168 48 14 som
932 161 30 21 till

200 194 127 22 belätenhet
344 195 95 27 fullgjort
454 196 46 20 sina
516 196 136 26 äligganden,
668 195 57 21 hade
741 195 66 22 utsikt
823 199 32 18 att
869 195 37 21 vid
921 196 42 20 för-

200 232 35 18 sta
257 229 97 27 ledighet
376 231 65 19 vinna
460 229 116 21 befordran
598 230 32 20 till
652 230 107 20 ordinarie
782 230 102 24 direktör,
905 230 58 20 hade

200 263 90 21 sälunda
305 263 49 21 icke
368 264 118 21 besannats
502 264 42 20 och
559 271 20 13 v.
596 263 81 26 Collan,
689 271 47 14 som
746 264 51 20 med
808 264 155 21 föranledande

200 298 24 20 af
244 298 61 21 detta
319 298 112 21 uttalande
448 298 41 21 och
504 298 181 22 Bankutskottets
700 299 103 27 yttrande
819 300 6 20 i
840 299 75 27 frägan
929 298 34 21 för

200 332 67 28 öfrigt
281 333 71 27 afgätt
367 332 46 22 från
428 332 230 27 sekreteraretjänsten
673 334 6 20 i
695 333 91 27 banken,
803 333 33 21 tör
849 336 32 18 att
892 334 70 20 denna

200 366 49 29 icke
264 367 74 21 vidare
354 368 68 20 mätte
438 367 95 21 behöfva
547 367 159 27 upprätthällas
722 367 25 21 af
757 367 88 25 vikarie,
861 374 54 14 vore
929 367 33 21 sä-

199 400 66 22 lunda
280 401 133 21 fortfarande
428 403 7 19 i
450 401 105 29 afsaknad
571 401 24 21 af
607 401 43 21 den
665 402 43 20 rätt
723 400 32 22 till
769 402 93 26 pension
877 401 42 21 och
930 401 32 21 öf-

198 436 48 26 riga
268 435 114 26 förmäner,
406 442 49 14 som
473 436 92 26 tidigare
581 435 124 21 tillkommit
720 435 82 21 honom
817 436 73 20 säsom
905 436 56 20 ordi-

198 471 61 19 narie
274 470 130 26 tjänsteman
416 471 7 19 i
438 470 91 20 banken.

269 504 53 21 Med
340 504 104 21 afseende
463 504 52 21 härä
531 504 42 21 och
585 504 32 28 dä
622 504 205 28 'Bankfullmäktige
843 504 64 21 funno
924 504 38 21 det

198 545 53 14 vara
274 538 50 21 med
346 538 98 22 bankens
464 546 67 13 sanna
547 540 91 19 intresse
653 538 42 21 och
710 538 70 21 fördel
795 538 167 22 öfverensstäm-

198 572 86 26 mande,
302 580 36 13 om
356 580 21 13 v.
394 572 75 22 Collan
484 573 168 27 kundejförmäs
669 576 32 18 att
715 573 132 21 kvarstanna
862 574 7 20 i
883 573 78 21 Direk-

198 608 82 24 tionen,
303 607 89 21 hvarest
413 607 54 21 hans
490 614 46 14 mer
558 607 27 21 än
602 607 83 27 vanligt
700 607 135 21 omfattande
850 607 89 21 insikter
954 608 7 20 i

199 641 135 21 främmande
356 641 66 28 språk
443 649 54 13 vore
520 641 33 21 för
575 642 217 26 bankförvaltningen
811 642 25 20 af
852 642 110 27 synnerlig

198 674 54 27 vikt,
268 676 86 21 beslöto
373 676 140 27 fullmäktige,
530 676 50 21 med
595 676 51 21 stöd
661 676 26 21 af
698 678 52 18 sista
765 683 66 14 mom.
847 678 6 19 i
868 676 27 26 63
911 676 12 28 &
940 676 25 21 af

198 710 143 27 reglementet
361 710 33 21 för
415 710 102 21 Finlands
535 710 67 26 Bank,
619 710 139 28 tillförsäkra
773 710 154 21 bankdirektör
940 718 19 13 v.

201 744 81 26 Collan,
298 744 76 22 därest
393 744 44 22 han
457 744 164 22 kvarstannade
639 745 10 20 i
661 745 34 21 sin
710 744 161 28 innehafvande
886 745 75 27 befatt-

198 778 58 28 ning,
275 781 33 19 att
324 778 44 22 han
378 779 49 21 vid
432 779 125 27 framdeles
571 779 88 21 skeende
675 779 189 28 afskedstagande,
881 782 58 18 utom
954 779 10 21 i

198 813 38 21 det
250 814 51 27 fall
319 816 34 18 att
366 813 44 21 han
426 813 69 28 blefve
510 815 31 26 af
551 813 53 28 laga
620 814 93 21 domstol
727 813 68 21 dömd
808 814 94 27 tjänsten
912 815 49 26 för-

198 848 72 27 lustig,
287 849 31 25 af
335 847 94 22 bankens
451 848 71 21 medel
537 848 82 21 komme
639 848 9 21 i
664 848 130 28 åtnjutande
809 849 31 26 af
850 851 30 18 ett
894 849 69 26 årligt

198 881 120 22 understöd
325 883 46 26 för
382 882 34 21 sin
432 882 137 21 återstående
584 882 74 27 lifstid
670 883 37 20 till
718 889 86 14 samma
819 882 78 28 belopp,
913 889 49 14 som

198 917 68 26 enligt
282 923 63 14 mom.
360 923 13 14 I
392 917 10 20 i
418 917 98 20 nämnda
532 918 19 25 $
568 918 31 26 af
609 917 136 27 reglementet
758 917 69 21 skulle
843 917 118 21 tillkomma

197 950 77 22 honom
294 951 73 20 såsom
382 951 96 27 pension,
495 951 54 28 ifall
566 951 45 21 han
631 951 40 21 vid
686 952 125 27 tidpunkten
823 953 46 26 för
881 952 32 21 sin
929 953 32 26 af

194 986 67 27 gång
272 986 105 21 innehade
392 986 110 21 ordinarie
516 986 185 21 direktörsembete
716 987 10 20 i
739 986 89 21 banken.
918 998 4 2 ä

267 1020 123 25 Utskottet,
408 1027 49 14 som
479 1020 33 21 för
527 1022 32 19 sin
575 1021 36 21 del
625 1021 69 21 funnit
709 1020 42 21 den
767 1021 24 21 af
803 1021 158 21 Bankfullmäk-

197 1056 45 26 tige
258 1054 49 22 herr
322 1062 44 14 von
382 1054 75 22 Collan
472 1054 160 22 tillförsäkrade
649 1055 112 21 förmånen
776 1062 52 14 vara
843 1056 50 20 med
909 1056 52 21 rätt-

197 1090 47 20 visa
260 1089 42 21 och
316 1089 99 27 billighet
430 1089 238 21 öfverensstämmande
681 1090 43 20 och
739 1090 25 20 af
777 1089 96 22 bankens
890 1090 70 21 tördel

198 1123 110 28 päkallad,
325 1123 32 21 fär
372 1123 113 21 vördsamt
500 1123 85 26 föreslä,

475 1177 34 18 att
532 1175 125 21 Ständerna
677 1176 50 20 ville
743 1182 78 20 genom
839 1176 36 21 till
886 1176 75 21 Bank-

405 1209 139 27 fullmäktige
569 1210 112 28 aflåtande
705 1210 114 27 skrifvelse
841 1210 120 27 godkänna

399 1243 155 28 fullmäktiges
569 1244 148 28 omförmälda
733 1244 88 27 åtgärd.

265 1376 10 21 I
296 1376 160 28 behandlingen
479 1376 25 21 af
519 1377 70 20 denna
604 1377 61 27 fråga
680 1376 65 21 hafva
761 1376 92 27 deltagit
867 1376 93 21 Utskot-

196 1414 44 18 tets
256 1411 134 29 ordförande
404 1410 143 28 Charpentier
561 1415 57 17 samt
633 1411 149 21 ledamöterna
793 1410 35 21 W.
839 1410 120 26 Hackman,
