1031 1617
186 49 27 21 26
480 50 29 22 U.
525 50 27 22 B.
566 63 28 8 —
609 50 29 22 IL

187 118 96 21 orkester
306 119 62 26 6,000
380 118 69 22 mark.
479 118 43 22 Det
543 119 41 21 kan
607 119 48 21 icke
678 119 67 21 väcka
766 118 182 22 tillfredsställelse

186 154 32 20 att
238 152 74 28 anslag
334 153 34 21 för
390 152 80 22 sådana
489 153 124 28 bildningen
630 152 119 29 främjande
764 153 81 27 företag
860 159 45 15 som
922 153 26 21 de

187 187 95 26 anförda,
297 187 100 28 indragas
419 188 77 20 medan
512 190 56 19 stora
584 187 113 28 tillgångar
712 187 109 21 användas
836 187 33 21 för
884 188 66 20 ända-

186 220 44 22 mål
246 221 22 20 af
282 221 83 21 mindre
380 221 100 28 gagnelig
494 223 37 19 art.

421 318 93 23 Tionde
533 318 184 23 hufvudtiteln.

429 382 281 28 Jordbruksexpeditionen.

256 445 161 22 Totalsumman
432 445 90 28 utgifter
536 445 69 21 under
620 445 72 21 denna
705 445 29 22 H.
751 445 21 21 T.
787 443 93 29 uppgick

362 480 22 21 är
399 480 55 21 1898
527 479 33 22 till
590 475 11 37 =
607 479 54 22 Fmk
678 479 116 27 2,031,612:
804 479 26 21 36

371 521 9 12 »
398 514 54 21 1900
536 523 10 10 »
627 523 9 11 »
676 513 154 27 —3,156,981:30

372 557 8 10 »
399 549 54 20 1902
538 557 9 11 »
627 557 9 11 »
675 548 117 28 —5,660,833:
802 548 26 21 21
838 548 39 21 och
888 549 22 19 är
917 547 33 21 uti

188 583 278 27 statsförslagetförär1904
474 583 100 21 beräknad
583 583 33 21 till
630 592 4 11 »
659 579 13 35 =
678 583 115 26 5,128,973:
803 583 33 20 80.

259 640 69 21 Dessa
351 640 139 21 slutsummor
512 646 55 22 egna
588 640 33 27 sig
642 640 56 21 dock
720 639 48 22 icke
783 639 32 21 för
829 638 122 28 jämförelse

187 674 50 21 med
260 674 125 22 hvarandra.
422 674 41 22 För
485 677 32 19 att
540 675 65 21 vinna
628 681 26 15 en
674 674 102 27 öfversigt
791 674 21 21 af
827 673 26 21 de
869 673 79 27 anslag,

189 715 45 15 som
258 708 64 22 hafva
339 708 237 28 landthushällningens
596 709 119 27 främjande
730 708 34 22 till
779 708 104 27 ändamäl,
899 707 51 21 böra

189 743 76 21 främst
286 743 119 27 utgifterna
420 743 32 21 för
466 743 162 22 landtmäteriet
642 744 39 20 och
698 743 40 21 den
755 742 87 28 mycket
857 742 93 21 variabla

189 780 76 25 posten
290 778 41 20 ref-
353 778 39 20 och
414 777 287 28 skattlägeningskostnader
723 776 111 22 uteslutas.
871 776 79 21 Vidare

189 812 51 21 böra
255 810 48 22 frän
318 811 24 22 är
357 812 56 21 1901
429 812 98 28 afdragas
542 812 27 21 de
588 812 124 27 betydande
728 811 76 27 belopp
819 816 45 15 som
880 816 71 21 repre-

189 848 95 19 senteras
300 846 22 21 af
336 846 118 27 utgifterna
469 846 33 21 för
517 845 115 22 ekonomin
648 846 13 21 å
675 846 26 21 de
712 845 133 28 egendomar,
856 844 12 21 ä
878 843 72 22 hvilka

189 882 81 19 statens
285 880 228 21 landtbruksläroverk
528 882 36 19 äro
580 880 102 28 förlagda,
697 882 26 24 ty
734 880 60 20 dessa
802 878 89 28 utgifter
899 884 53 15 voro

188 914 91 28 tidigare
294 914 48 21 icke
358 914 104 28 uppförda
476 914 8 21 i
500 914 168 28 statsbudgeten,
681 917 52 18 utan
746 913 110 21 bestredos
867 912 83 22 direkte

188 948 49 22 med
260 948 161 28 ifrägavarande
444 948 140 28 egendomars
605 948 133 28 afkastning;
762 947 27 21 dä
803 946 93 22 tillskott
918 953 32 14 er-

188 982 116 28 fordrades,
327 983 112 21 anvisades
455 983 62 21 dessa
531 982 65 22 bland
612 984 62 20 extra
686 982 107 22 ordinarie
808 980 143 28 statsutgifter

189 1017 52 21 eller
262 1016 49 21 frän
334 1017 40 21 den
396 1017 66 21 skildt
483 1016 104 22 bokförda
609 1015 214 23 landtbruksfonden.
852 1015 55 20 Frän
924 1021 26 14 en

189 1051 91 21 särskild
299 1051 53 21 fond
367 1051 89 28 utgingo
471 1051 91 28 tidigare
577 1051 79 28 jämväl
672 1051 26 21 de
716 1056 89 15 numera
819 1050 8 20 i
843 1049 107 27 budgeten

188 1087 110 26 upptagna
320 1085 101 28 anslagen
442 1085 35 22 till
496 1086 66 21 sanka
586 1085 96 22 markers
707 1084 117 28 uppodling
846 1083 33 28 (är
894 1083 56 21 1904

188 1119 55 22 Fmk
258 1120 105 27 600,000).
393 1120 39 21 Uti
447 1120 139 27 inledningen
602 1119 34 22 till
650 1119 188 22 finansrelationen
850 1124 15 14 s.
876 1117 28 21 43
912 1117 39 21 har

189 1154 109 21 dessutom
320 1153 136 22 fränräknats
476 1154 97 27 anslaget
586 1154 34 21 för
635 1152 248 27 Landtbruksstyrelsen,
898 1151 53 21 hvil-

188 1188 39 21 ket
249 1189 69 21 under
333 1189 124 21 förenämda
473 1189 23 20 är
512 1190 60 20 ökats
587 1188 47 21 frän
651 1188 76 27 56,000
743 1187 33 22 till
792 1187 76 25 84,400
884 1185 66 28 mark,

189 1223 110 21 äfvensom
315 1223 41 21 den
372 1223 44 21 före
434 1223 23 21 är
468 1223 55 21 1901
534 1225 52 19 utan
598 1222 148 29 specifikation
757 1223 107 26 upptagna
874 1223 76 24 posten

177 1273 3 3 .
191 1257 101 28 sutgifter
314 1257 61 21 öfver
389 1259 63 20 stats.
484 1256 96 22 Sålunda
596 1257 70 21 skulle
680 1256 154 22 totalsumman
850 1255 22 20 af
887 1254 66 27 utgif-

188 1294 62 19 terna
272 1291 34 22 för
326 1291 138 28 jordbrukets
485 1291 119 28 främjande
626 1291 28 21 ha
675 1291 83 27 utgjort
780 1290 23 21 är
826 1289 55 21 1900
897 1287 54 22 Fmk

189 1326 118 26 1,496,000,
330 1325 24 21 är
377 1326 56 21 1904
454 1325 56 22 Fmk
525 1325 117 28 2,523,000.
673 1325 69 21 Dessa
757 1325 21 20 af
793 1323 111 23 Utskottet
918 1322 34 21 till

188 1359 132 29 riktigheten
343 1359 159 22 kontrollerade
524 1359 192 28 jämförelsesiffror
738 1361 35 18 äro
797 1357 54 22 dock
874 1357 19 27 ej
920 1363 32 14 er-

261 1405 146 18 Statsutskottets
418 1405 114 17 betänkande
542 1404 39 18 N:o
592 1405 18 17 4.
