1031 1631
247 50 33 28 20

281 113 24 29 Ä
328 119 217 31 postanstalterna
569 119 133 29 äfvensom
719 119 47 26 hos
784 119 115 27 bankens
920 127 53 19 om-

210 154 125 24 budsmän
354 153 47 24 och
419 153 278 32 sparmärksförsäljare
716 154 49 28 den
780 154 31 24 16
826 153 147 32 September

213 188 67 28 1902
304 187 155 33 förefintliga
481 188 127 24 oförsålda
626 188 165 32 sparmärken
810 188 15 24 å
843 188 34 24 tio
895 188 78 32 penni

211 222 28 24 af
263 222 48 24 den
334 222 68 24 äldre
422 222 98 24 formen
539 222 79 29 hafva
634 222 84 24 blifvit
734 222 39 24 till
791 222 181 33 postsparban-

210 257 66 31 kens
294 256 176 32 hufvudkassa
488 257 207 31 återlevererade.

280 291 12 24 I
311 291 182 32 sammanhang
510 291 58 32 med
584 291 145 31 införandet
747 291 27 24 af
790 291 182 32 ofvanberörda

211 326 164 32 sparmärken
400 326 15 23 å
437 326 51 25 fem
509 325 77 32 penni
610 328 67 22 samt
698 326 136 30 förändrad
851 325 65 25 form
933 325 39 31 för

210 360 124 24 märkena
360 360 27 24 af
413 360 34 24 tio
469 358 90 34 pennis
581 360 78 30 valör,
679 360 140 24 anmodade
837 360 135 34 Postspar-

210 394 211 32 banksstyrelsen
443 394 189 24 vederbörande
649 394 184 32 postanstalter
852 397 44 27 att,
916 394 56 24 vid-

210 428 151 25 kommande
379 428 319 32 sparmärksförsäljarene,
717 429 111 24 utsända
841 429 26 24 af
878 428 94 32 ifråga-

210 463 114 24 varande
343 464 163 30 sparmärken
525 463 91 25 endast
632 464 40 24 till
688 464 30 23 de
731 463 140 32 försäljare,
885 463 87 25 hvilka

209 497 82 25 under
309 498 30 24 de
357 498 96 24 tvänne
472 497 170 25 sistförflutna
660 498 61 24 åren
739 498 91 24 försålt
846 499 125 31 sparmär-

210 532 52 25 ken
280 532 39 27 till
337 534 36 24 ett
392 532 184 32 sammanlagdt
592 532 91 32 belopp
702 532 26 24 af
741 532 78 27 minst
831 532 51 27 fem
894 532 77 27 mark.

210 566 13 24 I
240 568 105 24 motsatt
362 566 46 26 fall
426 566 82 28 skulle
527 566 127 32 slutliqvid
669 566 28 24 af
709 566 262 32 sparmärksförsälja-

209 608 48 16 ren
274 600 124 25 infordras
418 603 66 22 samt
501 601 184 32 försäljningen
703 601 27 24 af
748 601 164 31 sparmärken
925 601 45 24 hos

210 635 93 27 honom
322 635 108 24 derefter
447 635 124 32 indragas.
597 636 92 27 Denna
707 635 89 32 åtgärd
811 635 159 27 föranleddes

210 670 55 24 dels
293 669 76 30 deraf,
398 672 38 22 att
458 670 30 24 de
512 670 62 25 allra
596 670 78 24 flesta
693 670 277 32 sparmärksförsäljare

210 704 81 24 under
309 703 62 28 flere
390 704 42 24 års
450 704 97 32 förlopp
566 704 55 24 icke
640 704 109 32 afyttrat
767 706 37 22 ett
823 704 64 25 enda
900 712 72 24 spar-

209 738 96 30 märke,
325 738 53 26 dels
398 738 77 25 äfven
494 738 71 24 deraf
583 741 38 22 att
640 739 43 24 det
701 739 54 24 ofta
773 746 50 24 nog
841 738 67 25 varit
918 739 53 24 för-

211 772 77 24 enadt
305 772 57 24 med
380 775 70 22 stora
468 772 156 32 svårigheter
642 773 47 28 och
707 774 85 31 någon
810 773 66 32 gång
893 773 78 32 omöj-

209 807 46 31 ligt
282 809 38 22 att
346 807 26 24 af
399 808 277 31 sparmärksförsäljare
700 808 97 24 erhålla
818 808 154 24 föreskrifna

209 841 191 32 redovisningar
427 841 71 25 öfver
524 842 38 24 till
589 842 56 24 dem
668 842 9 23 i
699 842 110 25 förskott
826 842 144 24 utlemnade

209 876 112 24 märken.
348 875 331 33 Sparmärksförsäljarenas
698 876 79 30 antal,
797 884 53 16 som
869 876 43 24 vid
928 879 42 22 ut-

209 910 101 32 gången
328 910 26 24 af
373 910 27 24 år
420 910 64 25 1901
505 911 113 31 utgjorde
638 910 57 31 119,
712 911 147 24 minskades
871 911 99 32 härige-

210 952 60 16 nom
287 944 39 24 till
345 944 31 25 18
394 944 42 25 vid
456 952 96 17 samma
570 946 35 23 tid
624 946 29 23 år
673 946 72 24 1902.

279 979 157 32 Försäljning
464 979 26 24 af
517 980 164 32 sparmärken
704 988 47 17 var
774 980 41 25 vid
840 980 64 24 1903
929 980 41 24 års

209 1013 96 32 utgång
324 1014 138 24 anordnad:

195 1090 2 2 -
209 1070 43 25 vid
271 1071 115 31 samtliga
404 1072 182 31 postanstalter
614 1091 3 5 .
654 1092 4 4 .
694 1092 4 4 .
735 1092 4 4 .
776 1091 4 5 .
816 1091 4 5 .
862 1091 4 5 .
920 1072 47 25 801

209 1105 48 24 hos
275 1105 115 25 bankens
409 1106 172 24 ombudsmän:

279 1140 42 24 vid
329 1139 111 25 fabriker
449 1140 47 24 och
508 1140 78 24 andra
599 1141 182 32 arbetsplatser
803 1135 15 42 —
836 1141 29 25 17

279 1174 8 24 i
305 1174 191 25 läroanstalter.
533 1194 4 5 .
572 1194 4 5 .
613 1194 4 5 .
654 1194 4 6 .
697 1194 1 6 .
735 1194 4 5 .
776 1194 4 5 .
819 1175 48 24 164
922 1181 45 25 181

209 1214 47 24 hos
275 1214 276 32 sparmärksförsäljare
576 1234 1 6 .
613 1234 4 5 .
653 1235 4 4 .
694 1235 3 5 .
735 1235 4 4 <
776 1235 4 5 .
818 1235 2 5 <
862 1234 17 18 <
939 1216 29 24 19

210 1254 61 24 eller
289 1254 90 24 inalles
397 1255 33 31 pä
452 1274 4 5 .
492 1274 4 5 .
532 1274 4 5 .
572 1275 4 4 <
612 1275 4 5 0
735 1275 131 5 LR
895 1256 72 30 1,001

209 1288 68 24 olika
295 1288 92 25 ställen
405 1289 9 23 i
431 1290 91 24 landet.

278 1322 180 26 Motsvarande
486 1324 71 24 antal
582 1324 42 25 vid
645 1325 131 31 utgången
795 1324 26 24 af
839 1325 28 23 är

211 1356 67 25 1898
296 1357 124 32 utgjorde.
456 1378 4 4 .
496 1377 4 5 <
536 1378 249 5 «s
920 1359 48 25 751
