1036 1617
193 81 21 21 '8
359 68 2 3 —
382 81 25 23 U.
425 81 21 22 Bi
461 83 28 14 —
506 76 146 32 Längmanska
666 79 113 24 fonderna.

200 150 130 21 Utskottets
345 150 70 22 flertal
436 152 7 19 i
465 150 76 21 sådant
554 148 62 29 syfte
637 150 113 28 föreslagit
769 158 26 14 en
810 150 115 22 reduktion
940 150 25 22 af

201 184 101 27 anslaget
318 184 41 21 'för
385 184 81 22 Finska
489 184 321 28 Folkupplysningssällskapet
832 185 45 21 från
898 191 65 21 9,000

200 218 34 21 till
248 223 65 22 7,000
328 218 67 26 mark,
411 218 88 22 hvilken
514 226 82 14 summa
610 219 132 21 fortfarande
752 219 88 21 komme
851 222 32 18 att
893 219 71 21 öfver-

200 250 59 30 stiga
282 252 104 28 anslagen
408 252 33 22 för
463 253 42 21 alla
523 253 67 21 andra
605 254 7 20 i
627 253 126 21 Utskottets
770 253 81 28 förslag
865 254 98 27 inrymda

201 282 107 37 sämfund.
957 308 2 3 i

225 317 3 3 ">
271 322 51 20 Den
345 321 98 21 ansökan
468 322 46 20 åter
540 328 36 14 om
605 325 32 18 ett
660 322 75 27 anslag
759 322 26 21 af
809 327 61 22 1,500
895 322 69 26 mark,

202 362 49 14 som
266 356 32 21 till
313 356 118 22 Utskottet
446 356 70 27 ingätt
530 356 47 21 frän
592 356 127 27 föreningen
733 356 108 22 Luonnon
856 356 107 22 Ystäväin

202 390 109 26 Yhdistys
331 392 7 19 i
356 390 97 27 Kuopio,
470 390 64 21 hvars
550 390 127 27 betydande
691 390 117 28 samlingar
823 391 91 20 omfatta
929 391 34 20 sä-

200 424 39 21 väl
250 434 2 2 -
264 424 179 27 naturhistoriska
468 431 48 14 som
542 424 151 27 arkeologiska
717 424 96 27 föremål,
835 425 39 21 har
897 425 67 27 enligt

201 457 129 22 Utskottets
347 459 142 27 uppfattning
503 458 125 28 lämpligast
640 458 81 21 kunnat
731 460 8 19 i
749 459 121 21 hufvudsak
880 459 83 21 bifallas

203 492 97 26 sålunda,
317 496 32 18 att
371 493 32 21 till
424 493 84 20 förmån
522 493 34 20 för
571 492 94 21 nämnda
680 493 99 28 förening
794 501 27 13 en
836 493 82 22 mindre
933 494 32 20 at-

202 528 104 25 prutning
328 526 58 22 skett
408 529 7 19 i
438 527 27 21 de
486 527 33 21 för
540 527 105 27 Kuopion
660 527 164 22 Isänmaallinen
839 527 67 22 Seura
922 527 43 21 och

202 561 164 38 Arkeologiska
381 561 177 21 Kommissionen
574 561 123 28 föreslagna
712 562 204 27 anslagsbeloppen.

272 595 44 21 För
339 595 80 21 Finska
434 595 268 28 Vetenskapssocieteten,
719 596 88 21 hvilken
822 597 24 20 af
860 602 54 21 1900
929 597 37 20 års

202 625 95 25 Ständer
307 644 3 3 -
316 629 68 21 erhöll
406 630 75 27 anslag
496 630 33 21 för
544 630 106 27 perioden
667 635 147 22 1900-—1903,
830 630 89 21 föreslås
935 637 28 14 nu

204 667 31 17 ett
251 663 88 28 anslag,
356 667 32 18 att
411 664 84 21 utdelas
517 664 68 21 under
607 665 106 26 perioden
734 668 146 23 1905—1907.
910 664 53 21 Med

202 698 104 30 afseende
321 698 53 21 härå
389 699 37 20 vill
441 698 121 26 Utskottet,
577 698 33 21 för
624 699 139 20 undvikande
777 699 26 21 af
814 699 149 21 missförstånd

202 733 94 20 rörande
319 733 37 21 det
377 740 24 13 ur
424 733 216 27 anslagsperioderna
661 733 109 21 uteslutna
785 734 46 20 året
849 739 59 21 1904,
924 733 42 27 på-

201 767 65 27 peka,
282 770 33 18 att
330 767 210 27 tidsbestämningen
556 767 78 21 endast
649 767 57 20 afser
721 767 127 21 utdelandet
859 767 21 21 af
889 769 74 26 prisen

201 807 51 14 men
272 801 18 26 ej
306 804 32 18 att
353 801 46 22 från
414 801 66 22 täflan
495 801 94 21 utesluta
604 801 82 26 arbete,
702 808 49 14 som
765 801 115 21 utkommit
894 801 70 21 under

202 836 23 20 år
242 841 62 21 1904.

270 870 36 21 Då
320 871 31 20 uti
367 870 207 27 Bankfullmäktiges
585 870 25 21 af
617 870 116 21 Utskottet
744 871 6 20 i
761 870 38 21 allt
809 870 65 27 öfrigt
886 869 78 22 omfat-

201 904 53 21 tade
268 904 216 27 fördelningsförslag
499 912 27 13 en
538 905 84 21 mindre
636 905 91 27 ändring
736 905 51 20 med
797 905 103 20 afseende
910 905 13 20 å
934 905 28 20 de

200 939 39 20 vid
253 933 134 33 föregående
401 939 180 27 vinstfördelning
596 939 114 21 faststälda
721 939 104 27 anslagen
835 939 32 21 för
876 939 88 21 landets

200 973 59 21 båda
274 973 201 28 litteratursällskap
491 981 28 13 nu
534 973 113 27 vidtagits,
662 980 63 14 anser
738 975 34 26 sig
782 973 116 22 Utskottet
908 973 55 22 böra

200 1007 118 26 framhålla,
336 1011 32 18 att
384 1008 38 21 det
436 1008 78 21 villkor
530 1015 35 13 om
582 1008 109 27 anslagets
707 1008 144 21 användande
866 1007 33 21 för
915 1014 47 21 gra-

200 1043 39 20 tis:
252 1042 112 27 utdelning
388 1042 25 21 af
429 1042 91 25 skrifter,
536 1042 106 21 hvarmed
657 1042 99 27 anslaget
771 1049 37 14 om
823 1047 63 21 2,000
901 1042 62 21 mark

200 1074 34 23 för
256 1076 81 21 Finska
358 1076 238 28 Litteratursällskapet
618 1077 38 20 vid
680 1082 55 21 1900
750 1077 34 20 års
800 1077 104 26 landtdag
919 1076 45 21 för-

198 1105 133 33 knippades,
348 1110 67 28 enligt
438 1109 128 22 Utskottets
586 1111 141 21 förmenande
745 1111 49 21 icke
809 1111 24 20 är
848 1111 24 20 af
884 1110 81 21 förhål-

200 1142 92 23 landena
309 1145 118 27 päkalladt,
443 1145 51 20 enär
509 1145 57 20 båda
581 1145 125 27 sällskapen
721 1151 66 28 synas
803 1145 69 21 böra
864 1141 12 36 i
884 1145 80 26 antydt

200 1177 114 23 afseende
304 1173 8 37 :
321 1179 79 21 erhålla
416 1179 43 21 lika
475 1179 192 27 dispositionsrätt.

269 1213 10 20 I
302 1212 105 28 förslaget
425 1220 37 14 om
477 1213 76 27 anslag
568 1213 24 21 af
604 1218 64 22 7,000
682 1213 62 21 mark
759 1213 32 21 för
806 1212 158 22 litteratursäll-

200 1247 91 28 skapen,
302 1250 39 18 :att
356 1247 85 21 utdelas
456 1248 73 20 såsom
544 1247 95 21 litterära
655 1249 50 26 pris,
721 1248 66 21 hafva
802 1247 163 21 Bankfullmäk-

197 1283 55 26 tige,
273 1283 3 19 i
296 1284 93 18 motsats
412 1285 47 17 mot
480 1282 59 20 hvad
557 1282 57 21 förut
629 1283 56 20 varit
700 1282 65 26 fallet,
781 1282 86 27 inryckt
883 1289 26 13 en
925 1282 39 21 be-

200 1316 109 27 stämning
330 1316 83 26 därom,
429 1319 33 18 att
482 1317 73 26 prisen
570 1316 69 21 borde
654 1316 95 28 utgifvas
764 1318 7 19 i
785 1316 83 28 belopp
884 1316 78 21 mellan

202 1356 63 20 1,000
280 1350 43 21 och
338 1356 67 20 2,000
419 1350 67 21 mark.
516 1350 34 21 En
565 1351 68 20 sådan
648 1350 147 28 begränsning
810 1350 25 22 af
847 1350 117 22 litteratur-

197 1381 138 31 sällskapens
351 1384 164 28 afgöranderätt
529 1385 35 20 vid
574 1385 203 27 'prisfördelningen
793 1385 38 21 har
838 1384 125 22 Utskottet

268 1430 140 16 Bankutskottets
421 1431 103 15 betänkande
536 1431 34 16 N:o
583 1436 16 12 2,
636 1435 32 7 vc
