1025 1623
191 44 14 20 2
297 42 85 22 Ständ.
400 42 54 23 Skr.
470 54 28 3 —
514 41 29 22 H.
559 41 26 22 F.
602 41 94 22 Antelis
712 41 141 27 samlingar.

263 113 90 23 Tillika
371 112 79 23 hafva
470 112 142 23 Ständerna
630 112 116 22 beslutit:

265 181 24 30 1)
310 183 36 21 att
364 182 105 22 tillsätta
492 188 32 15 en
542 181 158 29 Delegation,
720 180 139 23 bestående
879 180 25 22 af
923 186 31 16 en

193 216 109 23 medlem
320 216 48 23 och
392 217 38 21 tre
448 216 163 28 suppleanter
629 216 40 22 för
687 216 91 28 hvarje
798 214 81 28 stånd,
897 214 58 22 med

192 251 121 29 uppdrag
333 252 37 21 att
387 250 40 22 för
441 250 61 22 åren
514 249 174 23 1905—1907
698 249 150 23 handhafva
857 249 98 22 vården

194 292 43 16 om
255 286 32 22 de
305 285 133 23 Antellska
457 285 173 29 samlingarna
649 285 46 21 och
715 284 198 29 användningen
931 283 25 22 af

193 320 176 22 räntemedlen
396 326 31 16 ur
446 319 193 23 Kammarrådet
661 318 113 23 Herman
793 318 162 28 Rosenbergs

193 354 73 28 fond,
295 355 65 22 samt
386 354 58 22 med
462 354 51 22 rätt
531 354 40 22 för
589 354 182 28 Delegationen
792 354 42 26 att,
854 353 47 22 där
920 352 37 22 till

194 389 133 29 äfventyrs
346 389 40 22 för
404 389 78 29 något
502 388 74 23 stånd
594 388 85 22 förfall
697 387 115 23 inträffat
829 388 40 22 för
883 388 73 21 samt-

193 424 55 28 liga
271 424 147 25 ledamöter,
438 424 8 21 i
466 423 83 23 stället
572 422 95 23 inkalla
687 422 25 22 af
731 424 78 20 annat
828 421 74 23 stånd
920 422 37 22 ut-

194 458 67 23 sedd
279 458 136 28 suppleant
432 457 40 23 för
491 458 50 22 den
560 457 36 23 tid
615 457 121 23 behofvet
754 463 89 21 varar;

267 526 25 30 2)
312 528 36 21 att
373 526 49 23 den
450 526 81 29 årliga
556 526 141 22 inkomsten
721 526 25 22 af
766 525 192 23 Kammarrådet

196 562 115 22 Herman
339 560 163 30 Rosenbergs
529 560 64 23 fond
617 560 65 22 skall
700 560 65 22 intill
782 560 132 29 utgången
933 559 26 23 af

197 596 199 29 Delegationens
424 595 120 29 uppdrag
571 595 108 22 sålunda
710 595 117 26 fördelas,
856 595 35 21 att
921 595 37 21 tre

196 630 151 22 femtedelar
372 630 73 22 däraf
471 630 132 22 användas
622 630 37 22 till
676 629 79 29 inköp
776 629 25 22 af
819 628 139 23 konstverk

197 665 49 23 och
273 664 235 23 konstindustriella
533 664 105 22 föremål
663 664 132 22 äfvensom
814 664 36 22 till
868 663 91 22 numis-

197 700 110 22 matiska
325 699 79 28 inköp
424 699 46 22 och
490 705 32 16 en
539 698 119 23 femtedel
677 698 36 22 till
732 698 31 22 de
773 698 186 22 kulturhistori-

197 734 56 26 ska,
283 734 174 28 etnografiska
484 734 48 22 och
565 733 177 29 arkeologiska
773 732 186 29 samlingarnas

198 768 141 23 förökande
368 769 65 21 samt
460 768 50 22 den
539 768 160 22 återstående
722 767 157 26 femtedelen,
897 768 62 20 utan

197 803 35 28 på
251 802 110 23 förhand
384 802 130 23 faststäldt
533 802 123 27 ändamål,
674 802 9 22 i
701 802 59 22 mån
779 801 26 23 af
822 800 78 24 behof
919 808 41 15 an-

198 837 59 23 litas
276 838 37 22 till
330 837 180 22 förstärkande
531 837 25 22 af
574 837 41 22 det
634 843 48 16 ena
702 837 60 22 eller
781 836 80 23 andra
881 835 25 23 af
919 835 41 23 be-

198 872 78 23 rörda
295 872 102 29 anslag;

270 940 25 30 3)
315 941 37 22 att
374 940 41 23 för
439 941 183 29 Delegationen
645 939 127 24 fastställa
793 939 114 30 följande
925 939 35 22 in-

199 975 140 23 struktion
327 971 16 37 :

270 1044 48 22 Det
336 1044 85 22 tillhör
439 1044 183 28 Delegationen

271 1107 24 29 a)
315 1108 36 21 att
369 1107 141 22 bestämma
529 1113 40 15 om
589 1106 31 23 de
633 1106 129 23 donerade
775 1105 187 23 räntemedlens

201 1142 167 29 användning
395 1142 58 22 med
479 1141 105 29 ledning
604 1141 25 22 af
647 1142 31 22 de
697 1140 193 30 upplysningar,
909 1146 53 16 som

200 1176 138 22 inhämtats
367 1176 25 22 af
412 1176 185 28 samlingarnas
621 1176 118 26 vårdare,
760 1175 46 23 och
825 1174 58 23 med
901 1174 62 22 iakt-

201 1210 112 30 tagande
342 1211 25 22 af
392 1210 31 22 de
450 1210 221 29 hufvudgrunder,
701 1216 54 16 som
779 1210 9 22 i
810 1209 91 23 sädant
929 1209 34 22 af-

201 1245 94 23 seende
315 1245 26 22 af
361 1245 144 23 Ständerna
523 1244 137 28 faststälts
650 1240 12 36 ;

271 1314 26 29 b)
319 1315 36 21 att
372 1314 90 22 utöfva
480 1314 86 28 tillsyn
585 1314 51 22 och
650 1313 112 23 kontroll
781 1313 72 23 öfver
866 1312 98 23 vården

202 1349 27 22 af
248 1348 31 23 de
298 1349 132 22 Antellska
458 1348 172 29 samlingarna
649 1348 46 22 och
714 1348 44 22 vid
777 1347 186 23 räntemedlens
