<?xml version="1.0" encoding="UTF-8"?>
<alto xmlns="http://www.loc.gov/standards/alto/ns-v3#" xmlns:xlink="http://www.w3.org/1999/xlink" xmlns:xsi="http://www.w3.org/2001/XMLSchema-instance" xsi:schemaLocation="http://www.loc.gov/standards/alto/ns-v3# http://www.loc.gov/alto/v3/alto-3-0.xsd">
	<Description>
		<MeasurementUnit>pixel</MeasurementUnit>
		<sourceImageInformation>
			<fileName>/tmp/tess__5yj4cxf_input.PNG</fileName>
		</sourceImageInformation>
		<OCRProcessing ID="OCR_0">
			<ocrProcessingStep>
				<processingSoftware>
					<softwareName>tesseract 5.3.4</softwareName>
				</processingSoftware>
			</ocrProcessingStep>
		</OCRProcessing>
	</Description>
	<Layout>
		<Page WIDTH="1050" HEIGHT="1625" PHYSICAL_IMG_NR="0" ID="page_0">
			<PrintSpace HPOS="0" VPOS="0" WIDTH="1050" HEIGHT="1625">
				<ComposedBlock ID="cblock_0" HPOS="462" VPOS="59" WIDTH="357" HEIGHT="22">
					<TextBlock ID="block_0" HPOS="462" VPOS="59" WIDTH="357" HEIGHT="22">
						<TextLine ID="line_0" HPOS="462" VPOS="59" WIDTH="357" HEIGHT="22">
							<String ID="string_0" HPOS="462" VPOS="59" WIDTH="13" HEIGHT="21" WC="0.96" CONTENT="I"/><SP WIDTH="316" VPOS="59" HPOS="475"/>
							<String ID="string_1" HPOS="791" VPOS="60" WIDTH="28" HEIGHT="21" WC="0.94" CONTENT="23"/>
						</TextLine>
					</TextBlock>
				</ComposedBlock>
				<ComposedBlock ID="cblock_1" HPOS="89" VPOS="128" WIDTH="773" HEIGHT="1271">
					<TextBlock ID="block_1" HPOS="89" VPOS="128" WIDTH="773" HEIGHT="922">
						<TextLine ID="line_1" HPOS="90" VPOS="128" WIDTH="758" HEIGHT="29">
							<String ID="string_2" HPOS="90" VPOS="129" WIDTH="34" HEIGHT="20" WC="0.78" CONTENT="ett"/><SP WIDTH="21" VPOS="129" HPOS="124"/>
							<String ID="string_3" HPOS="145" VPOS="128" WIDTH="169" HEIGHT="28" WC="0.91" CONTENT="sammanlagdt"/><SP WIDTH="21" VPOS="128" HPOS="314"/>
							<String ID="string_4" HPOS="335" VPOS="128" WIDTH="85" HEIGHT="28" WC="0.96" CONTENT="belopp"/><SP WIDTH="25" VPOS="128" HPOS="420"/>
							<String ID="string_5" HPOS="445" VPOS="128" WIDTH="23" HEIGHT="21" WC="0.93" CONTENT="af"/><SP WIDTH="19" VPOS="128" HPOS="468"/>
							<String ID="string_6" HPOS="487" VPOS="128" WIDTH="130" HEIGHT="29" WC="0.91" CONTENT="82,095,205"/><SP WIDTH="23" VPOS="128" HPOS="617"/>
							<String ID="string_7" HPOS="640" VPOS="129" WIDTH="65" HEIGHT="21" WC="0.96" CONTENT="mark"/><SP WIDTH="20" VPOS="129" HPOS="705"/>
							<String ID="string_8" HPOS="725" VPOS="129" WIDTH="29" HEIGHT="21" WC="0.96" CONTENT="80"/><SP WIDTH="17" VPOS="129" HPOS="754"/>
							<String ID="string_9" HPOS="771" VPOS="128" WIDTH="77" HEIGHT="29" WC="0.96" CONTENT="penni,"/>
						</TextLine>
						<TextLine ID="line_2" HPOS="90" VPOS="161" WIDTH="759" HEIGHT="31">
							<String ID="string_10" HPOS="90" VPOS="164" WIDTH="59" HEIGHT="19" WC="0.96" CONTENT="samt"/><SP WIDTH="14" VPOS="164" HPOS="149"/>
							<String ID="string_11" HPOS="163" VPOS="161" WIDTH="36" HEIGHT="23" WC="0.96" CONTENT="för"/><SP WIDTH="20" VPOS="161" HPOS="199"/>
							<String ID="string_12" HPOS="219" VPOS="169" WIDTH="86" HEIGHT="15" WC="0.96" CONTENT="samma"/><SP WIDTH="19" VPOS="169" HPOS="305"/>
							<String ID="string_13" HPOS="324" VPOS="162" WIDTH="127" HEIGHT="28" WC="0.92" CONTENT="tidsperiod"/><SP WIDTH="14" VPOS="162" HPOS="451"/>
							<String ID="string_14" HPOS="465" VPOS="162" WIDTH="92" HEIGHT="30" WC="0.91" CONTENT="utöfver"/><SP WIDTH="15" VPOS="162" HPOS="557"/>
							<String ID="string_15" HPOS="572" VPOS="162" WIDTH="112" HEIGHT="22" WC="0.96" CONTENT="särskilda"/><SP WIDTH="15" VPOS="162" HPOS="684"/>
							<String ID="string_16" HPOS="699" VPOS="163" WIDTH="72" HEIGHT="21" WC="0.96" CONTENT="andra"/><SP WIDTH="13" VPOS="163" HPOS="771"/>
							<String ID="string_17" HPOS="784" VPOS="163" WIDTH="10" HEIGHT="21" WC="0.93" CONTENT="i"/><SP WIDTH="16" VPOS="163" HPOS="794"/>
							<String ID="string_18" HPOS="810" VPOS="170" WIDTH="39" HEIGHT="14" WC="0.91" CONTENT="an-"/>
						</TextLine>
						<TextLine ID="line_3" HPOS="89" VPOS="196" WIDTH="761" HEIGHT="30">
							<String ID="string_19" HPOS="89" VPOS="196" WIDTH="66" HEIGHT="22" WC="0.92" CONTENT="förda"/><SP WIDTH="25" VPOS="196" HPOS="155"/>
							<String ID="string_20" HPOS="180" VPOS="196" WIDTH="120" HEIGHT="22" WC="0.92" CONTENT="skrifvelse"/><SP WIDTH="26" VPOS="196" HPOS="300"/>
							<String ID="string_21" HPOS="326" VPOS="196" WIDTH="149" HEIGHT="23" WC="0.89" CONTENT="omförmälda"/><SP WIDTH="25" VPOS="196" HPOS="475"/>
							<String ID="string_22" HPOS="500" VPOS="198" WIDTH="81" HEIGHT="28" WC="0.94" CONTENT="anslag"/><SP WIDTH="23" VPOS="198" HPOS="581"/>
							<String ID="string_23" HPOS="604" VPOS="198" WIDTH="90" HEIGHT="21" WC="0.93" CONTENT="anvisat"/><SP WIDTH="25" VPOS="198" HPOS="694"/>
							<String ID="string_24" HPOS="719" VPOS="197" WIDTH="131" HEIGHT="29" WC="0.90" CONTENT="26,784,000"/>
						</TextLine>
						<TextLine ID="line_4" HPOS="90" VPOS="231" WIDTH="758" HEIGHT="29">
							<String ID="string_25" HPOS="90" VPOS="231" WIDTH="65" HEIGHT="22" WC="0.93" CONTENT="mark"/><SP WIDTH="29" VPOS="231" HPOS="155"/>
							<String ID="string_26" HPOS="184" VPOS="231" WIDTH="37" HEIGHT="21" WC="0.93" CONTENT="till"/><SP WIDTH="29" VPOS="231" HPOS="221"/>
							<String ID="string_27" HPOS="250" VPOS="231" WIDTH="249" HEIGHT="29" WC="0.55" CONTENT="nybyggnadsarbeten"/><SP WIDTH="32" VPOS="231" HPOS="499"/>
							<String ID="string_28" HPOS="531" VPOS="232" WIDTH="40" HEIGHT="21" WC="0.93" CONTENT="vid"/><SP WIDTH="30" VPOS="232" HPOS="571"/>
							<String ID="string_29" HPOS="601" VPOS="231" WIDTH="90" HEIGHT="29" WC="0.91" CONTENT="färdiga"/><SP WIDTH="27" VPOS="231" HPOS="691"/>
							<String ID="string_30" HPOS="718" VPOS="232" WIDTH="130" HEIGHT="28" WC="0.92" CONTENT="jernvägar,"/>
						</TextLine>
						<TextLine ID="line_5" HPOS="90" VPOS="265" WIDTH="759" HEIGHT="29">
							<String ID="string_31" HPOS="90" VPOS="265" WIDTH="130" HEIGHT="29" WC="0.92" CONTENT="26,770,000"/><SP WIDTH="17" VPOS="265" HPOS="220"/>
							<String ID="string_32" HPOS="237" VPOS="266" WIDTH="65" HEIGHT="21" WC="0.96" CONTENT="mark"/><SP WIDTH="19" VPOS="266" HPOS="302"/>
							<String ID="string_33" HPOS="321" VPOS="266" WIDTH="38" HEIGHT="21" WC="0.93" CONTENT="till"/><SP WIDTH="18" VPOS="266" HPOS="359"/>
							<String ID="string_34" HPOS="377" VPOS="266" WIDTH="87" HEIGHT="28" WC="0.93" CONTENT="ökning"/><SP WIDTH="21" VPOS="266" HPOS="464"/>
							<String ID="string_35" HPOS="485" VPOS="266" WIDTH="23" HEIGHT="21" WC="0.93" CONTENT="af"/><SP WIDTH="14" VPOS="266" HPOS="508"/>
							<String ID="string_36" HPOS="522" VPOS="266" WIDTH="164" HEIGHT="28" WC="0.90" CONTENT="jernvägarnas"/><SP WIDTH="16" VPOS="266" HPOS="686"/>
							<String ID="string_37" HPOS="702" VPOS="266" WIDTH="86" HEIGHT="28" WC="0.90" CONTENT="rörliga"/><SP WIDTH="15" VPOS="266" HPOS="788"/>
							<String ID="string_38" HPOS="803" VPOS="274" WIDTH="46" HEIGHT="14" WC="0.92" CONTENT="ma-"/>
						</TextLine>
						<TextLine ID="line_6" HPOS="90" VPOS="300" WIDTH="758" HEIGHT="30">
							<String ID="string_39" HPOS="90" VPOS="300" WIDTH="66" HEIGHT="21" WC="0.89" CONTENT="teriel"/><SP WIDTH="16" VPOS="300" HPOS="156"/>
							<String ID="string_40" HPOS="172" VPOS="302" WIDTH="58" HEIGHT="18" WC="0.96" CONTENT="samt"/><SP WIDTH="15" VPOS="302" HPOS="230"/>
							<String ID="string_41" HPOS="245" VPOS="300" WIDTH="37" HEIGHT="21" WC="0.96" CONTENT="till"/><SP WIDTH="9" VPOS="300" HPOS="282"/>
							<String ID="string_42" HPOS="291" VPOS="308" WIDTH="47" HEIGHT="20" WC="0.93" CONTENT="nya"/><SP WIDTH="8" VPOS="308" HPOS="338"/>
							<String ID="string_43" HPOS="346" VPOS="300" WIDTH="281" HEIGHT="29" WC="0.89" CONTENT="jernvägsanläggningar"/><SP WIDTH="10" VPOS="300" HPOS="627"/>
							<String ID="string_44" HPOS="637" VPOS="300" WIDTH="131" HEIGHT="29" WC="0.91" CONTENT="31,853,000"/><SP WIDTH="9" VPOS="300" HPOS="768"/>
							<String ID="string_45" HPOS="777" VPOS="301" WIDTH="71" HEIGHT="29" WC="0.96" CONTENT="mark,"/>
						</TextLine>
						<TextLine ID="line_7" HPOS="90" VPOS="333" WIDTH="758" HEIGHT="30">
							<String ID="string_46" HPOS="90" VPOS="333" WIDTH="137" HEIGHT="29" WC="0.95" CONTENT="uppgående"/><SP WIDTH="16" VPOS="333" HPOS="227"/>
							<String ID="string_47" HPOS="243" VPOS="334" WIDTH="38" HEIGHT="21" WC="0.95" CONTENT="det"/><SP WIDTH="14" VPOS="334" HPOS="281"/>
							<String ID="string_48" HPOS="295" VPOS="334" WIDTH="9" HEIGHT="21" WC="0.93" CONTENT="i"/><SP WIDTH="15" VPOS="334" HPOS="304"/>
							<String ID="string_49" HPOS="319" VPOS="334" WIDTH="117" HEIGHT="28" WC="0.95" CONTENT="budgeten"/><SP WIDTH="15" VPOS="334" HPOS="436"/>
							<String ID="string_50" HPOS="451" VPOS="336" WIDTH="120" HEIGHT="26" WC="0.95" CONTENT="upptagna"/><SP WIDTH="14" VPOS="336" HPOS="571"/>
							<String ID="string_51" HPOS="585" VPOS="334" WIDTH="110" HEIGHT="29" WC="0.93" CONTENT="beloppet"/><SP WIDTH="9" VPOS="334" HPOS="695"/>
							<String ID="string_52" HPOS="704" VPOS="334" WIDTH="98" HEIGHT="29" WC="0.96" CONTENT="utgifter"/><SP WIDTH="10" VPOS="334" HPOS="802"/>
							<String ID="string_53" HPOS="812" VPOS="334" WIDTH="36" HEIGHT="22" WC="0.96" CONTENT="för"/>
						</TextLine>
						<TextLine ID="line_8" HPOS="90" VPOS="368" WIDTH="772" HEIGHT="30">
							<String ID="string_54" HPOS="90" VPOS="368" WIDTH="140" HEIGHT="28" WC="0.54" CONTENT="nyssnämda"/><SP WIDTH="5" VPOS="368" HPOS="230"/>
							<String ID="string_55" HPOS="235" VPOS="368" WIDTH="209" HEIGHT="28" WC="0.54" CONTENT="budgetperiod"/><SP WIDTH="-42" VPOS="368" HPOS="444"/>
							<String ID="string_56" HPOS="402" VPOS="364" WIDTH="45" HEIGHT="38" WC="0.91" CONTENT="till"/><SP WIDTH="5" VPOS="364" HPOS="447"/>
							<String ID="string_57" HPOS="452" VPOS="368" WIDTH="394" HEIGHT="30" WC="0.78" CONTENT="sammanlagdt113,196,800"/><SP WIDTH="-64" VPOS="368" HPOS="846"/>
							<String ID="string_58" HPOS="782" VPOS="364" WIDTH="61" HEIGHT="38" WC="0.91" CONTENT="mark;"/><SP WIDTH="16" VPOS="364" HPOS="843"/>
							<String ID="string_59" HPOS="859" VPOS="373" WIDTH="3" HEIGHT="2" WC="0.45" CONTENT="&#39;"/>
						</TextLine>
						<TextLine ID="line_9" HPOS="91" VPOS="402" WIDTH="759" HEIGHT="30">
							<String ID="string_60" HPOS="91" VPOS="402" WIDTH="42" HEIGHT="22" WC="0.93" CONTENT="och"/><SP WIDTH="15" VPOS="402" HPOS="133"/>
							<String ID="string_61" HPOS="148" VPOS="402" WIDTH="70" HEIGHT="22" WC="0.78" CONTENT="hafva"/><SP WIDTH="16" VPOS="402" HPOS="218"/>
							<String ID="string_62" HPOS="234" VPOS="402" WIDTH="127" HEIGHT="22" WC="0.92" CONTENT="Ständerna"/><SP WIDTH="10" VPOS="402" HPOS="361"/>
							<String ID="string_63" HPOS="371" VPOS="403" WIDTH="8" HEIGHT="21" WC="0.93" CONTENT="i"/><SP WIDTH="11" VPOS="403" HPOS="379"/>
							<String ID="string_64" HPOS="390" VPOS="403" WIDTH="124" HEIGHT="29" WC="0.96" CONTENT="anledning"/><SP WIDTH="15" VPOS="403" HPOS="514"/>
							<String ID="string_65" HPOS="529" VPOS="403" WIDTH="66" HEIGHT="21" WC="0.91" CONTENT="häraf"/><SP WIDTH="9" VPOS="403" HPOS="595"/>
							<String ID="string_66" HPOS="604" VPOS="403" WIDTH="95" HEIGHT="22" WC="0.79" CONTENT="boslutit"/><SP WIDTH="11" VPOS="403" HPOS="699"/>
							<String ID="string_67" HPOS="710" VPOS="406" WIDTH="34" HEIGHT="19" WC="0.93" CONTENT="att"/><SP WIDTH="10" VPOS="406" HPOS="744"/>
							<String ID="string_68" HPOS="754" VPOS="404" WIDTH="96" HEIGHT="28" WC="0.74" CONTENT="bemyn-"/>
						</TextLine>
						<TextLine ID="line_10" HPOS="92" VPOS="436" WIDTH="758" HEIGHT="31">
							<String ID="string_69" HPOS="92" VPOS="436" WIDTH="54" HEIGHT="29" WC="0.91" CONTENT="diga"/><SP WIDTH="21" VPOS="436" HPOS="146"/>
							<String ID="string_70" HPOS="167" VPOS="436" WIDTH="89" HEIGHT="23" WC="0.96" CONTENT="landets"/><SP WIDTH="24" VPOS="436" HPOS="256"/>
							<String ID="string_71" HPOS="280" VPOS="437" WIDTH="102" HEIGHT="29" WC="0.95" CONTENT="Styrelse"/><SP WIDTH="23" VPOS="437" HPOS="382"/>
							<String ID="string_72" HPOS="405" VPOS="440" WIDTH="34" HEIGHT="19" WC="0.96" CONTENT="att"/><SP WIDTH="19" VPOS="440" HPOS="439"/>
							<String ID="string_73" HPOS="458" VPOS="438" WIDTH="29" HEIGHT="28" WC="0.96" CONTENT="pä"/><SP WIDTH="15" VPOS="438" HPOS="487"/>
							<String ID="string_74" HPOS="502" VPOS="438" WIDTH="97" HEIGHT="29" WC="0.93" CONTENT="lämplig"/><SP WIDTH="15" VPOS="438" HPOS="599"/>
							<String ID="string_75" HPOS="614" VPOS="438" WIDTH="110" HEIGHT="28" WC="0.96" CONTENT="tidpunkt"/><SP WIDTH="16" VPOS="438" HPOS="724"/>
							<String ID="string_76" HPOS="740" VPOS="438" WIDTH="43" HEIGHT="22" WC="0.95" CONTENT="och"/><SP WIDTH="15" VPOS="438" HPOS="783"/>
							<String ID="string_77" HPOS="798" VPOS="438" WIDTH="52" HEIGHT="22" WC="0.96" CONTENT="med"/>
						</TextLine>
						<TextLine ID="line_11" HPOS="92" VPOS="471" WIDTH="758" HEIGHT="30">
							<String ID="string_78" HPOS="92" VPOS="471" WIDTH="116" HEIGHT="21" WC="0.91" CONTENT="anlitande"/><SP WIDTH="22" VPOS="471" HPOS="208"/>
							<String ID="string_79" HPOS="230" VPOS="472" WIDTH="161" HEIGHT="28" WC="0.88" CONTENT="förnämligast"/><SP WIDTH="19" VPOS="472" HPOS="391"/>
							<String ID="string_80" HPOS="410" VPOS="472" WIDTH="25" HEIGHT="22" WC="0.96" CONTENT="af"/><SP WIDTH="17" VPOS="472" HPOS="435"/>
							<String ID="string_81" HPOS="452" VPOS="472" WIDTH="44" HEIGHT="22" WC="0.96" CONTENT="den"/><SP WIDTH="18" VPOS="472" HPOS="496"/>
							<String ID="string_82" HPOS="514" VPOS="472" WIDTH="124" HEIGHT="22" WC="0.93" CONTENT="utländska"/><SP WIDTH="17" VPOS="472" HPOS="638"/>
							<String ID="string_83" HPOS="655" VPOS="473" WIDTH="195" HEIGHT="28" WC="0.91" CONTENT="kapitalmarkna-"/>
						</TextLine>
						<TextLine ID="line_12" HPOS="92" VPOS="506" WIDTH="758" HEIGHT="29">
							<String ID="string_84" HPOS="92" VPOS="506" WIDTH="44" HEIGHT="21" WC="0.93" CONTENT="den"/><SP WIDTH="17" VPOS="506" HPOS="136"/>
							<String ID="string_85" HPOS="153" VPOS="510" WIDTH="104" HEIGHT="24" WC="0.92" CONTENT="upptaga"/><SP WIDTH="19" VPOS="510" HPOS="257"/>
							<String ID="string_86" HPOS="276" VPOS="508" WIDTH="33" HEIGHT="19" WC="0.93" CONTENT="ett"/><SP WIDTH="18" VPOS="508" HPOS="309"/>
							<String ID="string_87" HPOS="327" VPOS="507" WIDTH="192" HEIGHT="28" WC="0.92" CONTENT="amorteringslän"/><SP WIDTH="18" VPOS="507" HPOS="519"/>
							<String ID="string_88" HPOS="537" VPOS="507" WIDTH="32" HEIGHT="21" WC="0.93" CONTENT="till"/><SP WIDTH="22" VPOS="507" HPOS="569"/>
							<String ID="string_89" HPOS="591" VPOS="507" WIDTH="70" HEIGHT="28" WC="0.92" CONTENT="högst"/><SP WIDTH="15" VPOS="507" HPOS="661"/>
							<String ID="string_90" HPOS="676" VPOS="506" WIDTH="52" HEIGHT="29" WC="0.92" CONTENT="fyra"/><SP WIDTH="14" VPOS="506" HPOS="728"/>
							<String ID="string_91" HPOS="742" VPOS="510" WIDTH="108" HEIGHT="25" WC="0.90" CONTENT="procents"/>
						</TextLine>
						<TextLine ID="line_13" HPOS="91" VPOS="535" WIDTH="758" HEIGHT="35">
							<String ID="string_92" HPOS="91" VPOS="542" WIDTH="65" HEIGHT="19" WC="0.90" CONTENT="ränta"/><SP WIDTH="16" VPOS="542" HPOS="156"/>
							<String ID="string_93" HPOS="172" VPOS="540" WIDTH="44" HEIGHT="22" WC="0.96" CONTENT="och"/><SP WIDTH="14" VPOS="540" HPOS="216"/>
							<String ID="string_94" HPOS="230" VPOS="540" WIDTH="52" HEIGHT="22" WC="0.96" CONTENT="med"/><SP WIDTH="15" VPOS="540" HPOS="282"/>
							<String ID="string_95" HPOS="297" VPOS="540" WIDTH="27" HEIGHT="22" WC="0.93" CONTENT="56"/><SP WIDTH="17" VPOS="540" HPOS="324"/>
							<String ID="string_96" HPOS="341" VPOS="535" WIDTH="35" HEIGHT="27" WC="0.91" CONTENT="&amp;rs"/><SP WIDTH="17" VPOS="535" HPOS="376"/>
							<String ID="string_97" HPOS="393" VPOS="541" WIDTH="186" HEIGHT="28" WC="0.91" CONTENT="amorteringstid"/><SP WIDTH="15" VPOS="541" HPOS="579"/>
							<String ID="string_98" HPOS="594" VPOS="541" WIDTH="38" HEIGHT="21" WC="0.96" CONTENT="till"/><SP WIDTH="15" VPOS="541" HPOS="632"/>
							<String ID="string_99" HPOS="647" VPOS="542" WIDTH="24" HEIGHT="21" WC="0.96" CONTENT="sä"/><SP WIDTH="18" VPOS="542" HPOS="671"/>
							<String ID="string_100" HPOS="689" VPOS="543" WIDTH="59" HEIGHT="20" WC="0.93" CONTENT="stort"/><SP WIDTH="9" VPOS="543" HPOS="748"/>
							<String ID="string_101" HPOS="757" VPOS="542" WIDTH="92" HEIGHT="28" WC="0.93" CONTENT="belopp,"/>
						</TextLine>
						<TextLine ID="line_14" HPOS="91" VPOS="575" WIDTH="759" HEIGHT="29">
							<String ID="string_102" HPOS="91" VPOS="582" WIDTH="48" HEIGHT="14" WC="0.96" CONTENT="som"/><SP WIDTH="15" VPOS="582" HPOS="139"/>
							<String ID="string_103" HPOS="154" VPOS="577" WIDTH="128" HEIGHT="20" WC="0.96" CONTENT="motsvarar"/><SP WIDTH="15" VPOS="577" HPOS="282"/>
							<String ID="string_104" HPOS="297" VPOS="583" WIDTH="28" HEIGHT="14" WC="0.93" CONTENT="en"/><SP WIDTH="16" VPOS="583" HPOS="325"/>
							<String ID="string_105" HPOS="341" VPOS="575" WIDTH="105" HEIGHT="22" WC="0.92" CONTENT="annuitet"/><SP WIDTH="16" VPOS="575" HPOS="446"/>
							<String ID="string_106" HPOS="462" VPOS="575" WIDTH="23" HEIGHT="22" WC="0.93" CONTENT="af"/><SP WIDTH="9" VPOS="575" HPOS="485"/>
							<String ID="string_107" HPOS="494" VPOS="576" WIDTH="69" HEIGHT="28" WC="0.91" CONTENT="högst"/><SP WIDTH="16" VPOS="576" HPOS="563"/>
							<String ID="string_108" HPOS="579" VPOS="575" WIDTH="115" HEIGHT="29" WC="0.75" CONTENT="1,575,000"/><SP WIDTH="10" VPOS="575" HPOS="694"/>
							<String ID="string_109" HPOS="704" VPOS="576" WIDTH="70" HEIGHT="28" WC="0.96" CONTENT="mark,"/><SP WIDTH="17" VPOS="576" HPOS="774"/>
							<String ID="string_110" HPOS="791" VPOS="578" WIDTH="59" HEIGHT="19" WC="0.96" CONTENT="samt"/>
						</TextLine>
						<TextLine ID="line_15" HPOS="92" VPOS="609" WIDTH="758" HEIGHT="29">
							<String ID="string_111" HPOS="92" VPOS="611" WIDTH="34" HEIGHT="19" WC="0.93" CONTENT="att"/><SP WIDTH="20" VPOS="611" HPOS="126"/>
							<String ID="string_112" HPOS="146" VPOS="609" WIDTH="38" HEIGHT="21" WC="0.93" CONTENT="till"/><SP WIDTH="22" VPOS="609" HPOS="184"/>
							<String ID="string_113" HPOS="206" VPOS="609" WIDTH="147" HEIGHT="22" WC="0.92" CONTENT="bestridande"/><SP WIDTH="23" VPOS="609" HPOS="353"/>
							<String ID="string_114" HPOS="376" VPOS="609" WIDTH="25" HEIGHT="22" WC="0.93" CONTENT="af"/><SP WIDTH="16" VPOS="609" HPOS="401"/>
							<String ID="string_115" HPOS="417" VPOS="612" WIDTH="81" HEIGHT="19" WC="0.92" CONTENT="räntan"/><SP WIDTH="17" VPOS="612" HPOS="498"/>
							<String ID="string_116" HPOS="515" VPOS="610" WIDTH="42" HEIGHT="21" WC="0.93" CONTENT="och"/><SP WIDTH="15" VPOS="610" HPOS="557"/>
							<String ID="string_117" HPOS="572" VPOS="611" WIDTH="170" HEIGHT="27" WC="0.92" CONTENT="amorteringen"/><SP WIDTH="16" VPOS="611" HPOS="742"/>
							<String ID="string_118" HPOS="758" VPOS="611" WIDTH="13" HEIGHT="20" WC="0.92" CONTENT="&amp;"/><SP WIDTH="16" VPOS="611" HPOS="771"/>
							<String ID="string_119" HPOS="787" VPOS="611" WIDTH="63" HEIGHT="21" WC="0.83" CONTENT="detta"/>
						</TextLine>
						<TextLine ID="line_16" HPOS="91" VPOS="644" WIDTH="759" HEIGHT="29">
							<String ID="string_120" HPOS="91" VPOS="644" WIDTH="40" HEIGHT="21" WC="0.93" CONTENT="län"/><SP WIDTH="23" VPOS="644" HPOS="131"/>
							<String ID="string_121" HPOS="154" VPOS="644" WIDTH="79" HEIGHT="21" WC="0.96" CONTENT="anvisa"/><SP WIDTH="23" VPOS="644" HPOS="233"/>
							<String ID="string_122" HPOS="256" VPOS="646" WIDTH="34" HEIGHT="19" WC="0.94" CONTENT="ett"/><SP WIDTH="17" VPOS="646" HPOS="290"/>
							<String ID="string_123" HPOS="307" VPOS="644" WIDTH="70" HEIGHT="28" WC="0.96" CONTENT="årligt"/><SP WIDTH="18" VPOS="644" HPOS="377"/>
							<String ID="string_124" HPOS="395" VPOS="645" WIDTH="80" HEIGHT="28" WC="0.96" CONTENT="anslag"/><SP WIDTH="16" VPOS="645" HPOS="475"/>
							<String ID="string_125" HPOS="491" VPOS="644" WIDTH="23" HEIGHT="21" WC="0.93" CONTENT="af"/><SP WIDTH="15" VPOS="644" HPOS="514"/>
							<String ID="string_126" HPOS="529" VPOS="647" WIDTH="59" HEIGHT="19" WC="0.96" CONTENT="ända"/><SP WIDTH="14" VPOS="647" HPOS="588"/>
							<String ID="string_127" HPOS="602" VPOS="645" WIDTH="38" HEIGHT="21" WC="0.93" CONTENT="till"/><SP WIDTH="15" VPOS="645" HPOS="640"/>
							<String ID="string_128" HPOS="655" VPOS="645" WIDTH="115" HEIGHT="28" WC="0.84" CONTENT="1,575,000"/><SP WIDTH="15" VPOS="645" HPOS="770"/>
							<String ID="string_129" HPOS="785" VPOS="645" WIDTH="65" HEIGHT="22" WC="0.96" CONTENT="mark"/>
						</TextLine>
						<TextLine ID="line_17" HPOS="90" VPOS="678" WIDTH="760" HEIGHT="29">
							<String ID="string_130" HPOS="90" VPOS="678" WIDTH="53" HEIGHT="21" WC="0.90" CONTENT="från"/><SP WIDTH="14" VPOS="678" HPOS="143"/>
							<String ID="string_131" HPOS="157" VPOS="678" WIDTH="310" HEIGHT="23" WC="0.32" CONTENT="kommunikationsfondens"/><SP WIDTH="16" VPOS="678" HPOS="467"/>
							<String ID="string_132" HPOS="483" VPOS="679" WIDTH="136" HEIGHT="28" WC="0.95" CONTENT="inkomster;"/><SP WIDTH="20" VPOS="679" HPOS="619"/>
							<String ID="string_133" HPOS="639" VPOS="679" WIDTH="43" HEIGHT="22" WC="0.93" CONTENT="och"/><SP WIDTH="14" VPOS="679" HPOS="682"/>
							<String ID="string_134" HPOS="696" VPOS="679" WIDTH="71" HEIGHT="22" WC="0.93" CONTENT="hafva"/><SP WIDTH="16" VPOS="679" HPOS="767"/>
							<String ID="string_135" HPOS="783" VPOS="680" WIDTH="67" HEIGHT="21" WC="0.89" CONTENT="Stän-"/>
						</TextLine>
						<TextLine ID="line_18" HPOS="93" VPOS="713" WIDTH="758" HEIGHT="30">
							<String ID="string_136" HPOS="93" VPOS="713" WIDTH="70" HEIGHT="21" WC="0.92" CONTENT="derna"/><SP WIDTH="15" VPOS="713" HPOS="163"/>
							<String ID="string_137" HPOS="178" VPOS="713" WIDTH="109" HEIGHT="28" WC="0.92" CONTENT="slutligen"/><SP WIDTH="11" VPOS="713" HPOS="287"/>
							<String ID="string_138" HPOS="298" VPOS="713" WIDTH="9" HEIGHT="21" WC="0.93" CONTENT="i"/><SP WIDTH="10" VPOS="713" HPOS="307"/>
							<String ID="string_139" HPOS="317" VPOS="713" WIDTH="140" HEIGHT="28" WC="0.90" CONTENT="nyssnämda"/><SP WIDTH="16" VPOS="713" HPOS="457"/>
							<String ID="string_140" HPOS="473" VPOS="713" WIDTH="119" HEIGHT="22" WC="0.92" CONTENT="skrifvelse"/><SP WIDTH="15" VPOS="713" HPOS="592"/>
							<String ID="string_141" HPOS="607" VPOS="714" WIDTH="167" HEIGHT="29" WC="0.90" CONTENT="underdänigst"/><SP WIDTH="14" VPOS="714" HPOS="774"/>
							<String ID="string_142" HPOS="788" VPOS="715" WIDTH="63" HEIGHT="21" WC="0.92" CONTENT="hem-"/>
						</TextLine>
						<TextLine ID="line_19" HPOS="92" VPOS="747" WIDTH="759" HEIGHT="28">
							<String ID="string_143" HPOS="92" VPOS="747" WIDTH="60" HEIGHT="28" WC="0.93" CONTENT="stält,"/><SP WIDTH="17" VPOS="747" HPOS="152"/>
							<String ID="string_144" HPOS="169" VPOS="749" WIDTH="34" HEIGHT="19" WC="0.96" CONTENT="att"/><SP WIDTH="14" VPOS="749" HPOS="203"/>
							<String ID="string_145" HPOS="217" VPOS="747" WIDTH="65" HEIGHT="21" WC="0.93" CONTENT="Hans"/><SP WIDTH="15" VPOS="747" HPOS="282"/>
							<String ID="string_146" HPOS="297" VPOS="747" WIDTH="132" HEIGHT="28" WC="0.91" CONTENT="Kejserliga"/><SP WIDTH="14" VPOS="747" HPOS="429"/>
							<String ID="string_147" HPOS="443" VPOS="747" WIDTH="108" HEIGHT="28" WC="0.92" CONTENT="Majestät"/><SP WIDTH="27" VPOS="747" HPOS="551"/>
							<String ID="string_148" HPOS="578" VPOS="748" WIDTH="77" HEIGHT="21" WC="0.87" CONTENT="täcktes"/><SP WIDTH="10" VPOS="748" HPOS="655"/>
							<String ID="string_149" HPOS="665" VPOS="749" WIDTH="8" HEIGHT="20" WC="0.93" CONTENT="i"/><SP WIDTH="10" VPOS="749" HPOS="673"/>
							<String ID="string_150" HPOS="683" VPOS="749" WIDTH="77" HEIGHT="22" WC="0.92" CONTENT="Näder"/><SP WIDTH="15" VPOS="749" HPOS="760"/>
							<String ID="string_151" HPOS="775" VPOS="749" WIDTH="76" HEIGHT="21" WC="0.92" CONTENT="tilläta"/>
						</TextLine>
						<TextLine ID="line_20" HPOS="92" VPOS="777" WIDTH="759" HEIGHT="33">
							<String ID="string_152" HPOS="92" VPOS="783" WIDTH="40" HEIGHT="26" WC="0.94" CONTENT="att,"/><SP WIDTH="18" VPOS="783" HPOS="132"/>
							<String ID="string_153" HPOS="150" VPOS="781" WIDTH="9" HEIGHT="22" WC="0.93" CONTENT="i"/><SP WIDTH="19" VPOS="781" HPOS="159"/>
							<String ID="string_154" HPOS="178" VPOS="782" WIDTH="54" HEIGHT="21" WC="0.97" CONTENT="män"/><SP WIDTH="16" VPOS="782" HPOS="232"/>
							<String ID="string_155" HPOS="248" VPOS="781" WIDTH="22" HEIGHT="22" WC="0.93" CONTENT="af"/><SP WIDTH="14" VPOS="781" HPOS="270"/>
							<String ID="string_156" HPOS="284" VPOS="781" WIDTH="76" HEIGHT="29" WC="0.91" CONTENT="behof,"/><SP WIDTH="17" VPOS="781" HPOS="360"/>
							<String ID="string_157" HPOS="377" VPOS="781" WIDTH="99" HEIGHT="22" WC="0.93" CONTENT="förskott"/><SP WIDTH="14" VPOS="781" HPOS="476"/>
							<String ID="string_158" HPOS="490" VPOS="781" WIDTH="77" HEIGHT="24" WC="0.90" CONTENT="blefve"/><SP WIDTH="15" VPOS="781" HPOS="567"/>
							<String ID="string_159" HPOS="582" VPOS="782" WIDTH="52" HEIGHT="22" WC="0.93" CONTENT="frän"/><SP WIDTH="16" VPOS="782" HPOS="634"/>
							<String ID="string_160" HPOS="650" VPOS="791" WIDTH="27" HEIGHT="12" WC="0.96" CONTENT="en"/><SP WIDTH="16" VPOS="791" HPOS="677"/>
							<String ID="string_161" HPOS="693" VPOS="783" WIDTH="37" HEIGHT="21" WC="0.95" CONTENT="del"/><SP WIDTH="16" VPOS="783" HPOS="730"/>
							<String ID="string_162" HPOS="746" VPOS="777" WIDTH="23" HEIGHT="27" WC="0.93" CONTENT="af"/><SP WIDTH="15" VPOS="777" HPOS="769"/>
							<String ID="string_163" HPOS="784" VPOS="785" WIDTH="67" HEIGHT="19" WC="0.93" CONTENT="stats-"/>
						</TextLine>
						<TextLine ID="line_21" HPOS="91" VPOS="815" WIDTH="761" HEIGHT="31">
							<String ID="string_164" HPOS="91" VPOS="815" WIDTH="91" HEIGHT="22" WC="0.96" CONTENT="verkets"/><SP WIDTH="15" VPOS="815" HPOS="182"/>
							<String ID="string_165" HPOS="197" VPOS="815" WIDTH="81" HEIGHT="22" WC="0.93" CONTENT="fonder"/><SP WIDTH="14" VPOS="815" HPOS="278"/>
							<String ID="string_166" HPOS="292" VPOS="816" WIDTH="132" HEIGHT="22" WC="0.91" CONTENT="utlemnade"/><SP WIDTH="15" VPOS="816" HPOS="424"/>
							<String ID="string_167" HPOS="439" VPOS="816" WIDTH="38" HEIGHT="22" WC="0.93" CONTENT="till"/><SP WIDTH="14" VPOS="816" HPOS="477"/>
							<String ID="string_168" HPOS="491" VPOS="816" WIDTH="310" HEIGHT="30" WC="0.91" CONTENT="kommunakationsfonden,"/><SP WIDTH="17" VPOS="816" HPOS="801"/>
							<String ID="string_169" HPOS="818" VPOS="819" WIDTH="34" HEIGHT="20" WC="0.96" CONTENT="att"/>
						</TextLine>
						<TextLine ID="line_22" HPOS="93" VPOS="850" WIDTH="757" HEIGHT="30">
							<String ID="string_170" HPOS="93" VPOS="850" WIDTH="136" HEIGHT="21" WC="0.96" CONTENT="återbetalas"/><SP WIDTH="21" VPOS="850" HPOS="229"/>
							<String ID="string_171" HPOS="250" VPOS="850" WIDTH="70" HEIGHT="21" WC="0.96" CONTENT="sedan"/><SP WIDTH="15" VPOS="850" HPOS="320"/>
							<String ID="string_172" HPOS="335" VPOS="850" WIDTH="39" HEIGHT="22" WC="0.96" CONTENT="det"/><SP WIDTH="14" VPOS="850" HPOS="374"/>
							<String ID="string_173" HPOS="388" VPOS="858" WIDTH="47" HEIGHT="20" WC="0.92" CONTENT="nya"/><SP WIDTH="12" VPOS="858" HPOS="435"/>
							<String ID="string_174" HPOS="447" VPOS="850" WIDTH="174" HEIGHT="29" WC="0.92" CONTENT="jernvägslänet"/><SP WIDTH="14" VPOS="850" HPOS="621"/>
							<String ID="string_175" HPOS="635" VPOS="850" WIDTH="80" HEIGHT="23" WC="0.96" CONTENT="blifvit"/><SP WIDTH="15" VPOS="850" HPOS="715"/>
							<String ID="string_176" HPOS="730" VPOS="853" WIDTH="120" HEIGHT="27" WC="0.96" CONTENT="upptaget,"/>
						</TextLine>
						<TextLine ID="line_23" HPOS="92" VPOS="884" WIDTH="760" HEIGHT="23">
							<String ID="string_177" HPOS="92" VPOS="885" WIDTH="13" HEIGHT="20" WC="0.92" CONTENT="å"/><SP WIDTH="14" VPOS="885" HPOS="105"/>
							<String ID="string_178" HPOS="119" VPOS="884" WIDTH="80" HEIGHT="22" WC="0.95" CONTENT="hvilka"/><SP WIDTH="13" VPOS="884" HPOS="199"/>
							<String ID="string_179" HPOS="212" VPOS="884" WIDTH="100" HEIGHT="22" WC="0.96" CONTENT="förskott"/><SP WIDTH="14" VPOS="884" HPOS="312"/>
							<String ID="string_180" HPOS="326" VPOS="888" WIDTH="66" HEIGHT="18" WC="0.96" CONTENT="ränta"/><SP WIDTH="15" VPOS="888" HPOS="392"/>
							<String ID="string_181" HPOS="407" VPOS="885" WIDTH="71" HEIGHT="21" WC="0.93" CONTENT="borde"/><SP WIDTH="14" VPOS="885" HPOS="478"/>
							<String ID="string_182" HPOS="492" VPOS="885" WIDTH="52" HEIGHT="21" WC="0.93" CONTENT="från"/><SP WIDTH="9" VPOS="885" HPOS="544"/>
							<String ID="string_183" HPOS="553" VPOS="885" WIDTH="299" HEIGHT="22" WC="0.91" CONTENT="kommunikationsfonden"/>
						</TextLine>
						<TextLine ID="line_24" HPOS="93" VPOS="918" WIDTH="759" HEIGHT="30">
							<String ID="string_184" HPOS="93" VPOS="919" WIDTH="111" HEIGHT="28" WC="0.96" CONTENT="erläggas,"/><SP WIDTH="14" VPOS="919" HPOS="204"/>
							<String ID="string_185" HPOS="218" VPOS="918" WIDTH="71" HEIGHT="28" WC="0.96" CONTENT="jemte"/><SP WIDTH="16" VPOS="918" HPOS="289"/>
							<String ID="string_186" HPOS="305" VPOS="919" WIDTH="38" HEIGHT="21" WC="0.96" CONTENT="det"/><SP WIDTH="16" VPOS="919" HPOS="343"/>
							<String ID="string_187" HPOS="359" VPOS="919" WIDTH="74" HEIGHT="22" WC="0.96" CONTENT="denna"/><SP WIDTH="15" VPOS="919" HPOS="433"/>
							<String ID="string_188" HPOS="448" VPOS="919" WIDTH="56" HEIGHT="22" WC="0.96" CONTENT="fond"/><SP WIDTH="16" VPOS="919" HPOS="504"/>
							<String ID="string_189" HPOS="520" VPOS="920" WIDTH="75" HEIGHT="21" WC="0.93" CONTENT="skulle"/><SP WIDTH="9" VPOS="920" HPOS="595"/>
							<String ID="string_190" HPOS="604" VPOS="920" WIDTH="115" HEIGHT="28" WC="0.92" CONTENT="godtgöra"/><SP WIDTH="12" VPOS="920" HPOS="719"/>
							<String ID="string_191" HPOS="731" VPOS="920" WIDTH="46" HEIGHT="21" WC="0.93" CONTENT="den"/><SP WIDTH="9" VPOS="920" HPOS="777"/>
							<String ID="string_192" HPOS="786" VPOS="920" WIDTH="66" HEIGHT="21" WC="0.92" CONTENT="kurs-"/>
						</TextLine>
						<TextLine ID="line_25" HPOS="92" VPOS="952" WIDTH="759" HEIGHT="30">
							<String ID="string_193" HPOS="92" VPOS="952" WIDTH="88" HEIGHT="29" WC="0.96" CONTENT="förlust,"/><SP WIDTH="25" VPOS="952" HPOS="180"/>
							<String ID="string_194" HPOS="205" VPOS="960" WIDTH="47" HEIGHT="15" WC="0.93" CONTENT="som"/><SP WIDTH="23" VPOS="960" HPOS="252"/>
							<String ID="string_195" HPOS="275" VPOS="953" WIDTH="115" HEIGHT="29" WC="0.89" CONTENT="uppstode"/><SP WIDTH="17" VPOS="953" HPOS="390"/>
							<String ID="string_196" HPOS="407" VPOS="954" WIDTH="41" HEIGHT="21" WC="0.96" CONTENT="vid"/><SP WIDTH="14" VPOS="954" HPOS="448"/>
							<String ID="string_197" HPOS="462" VPOS="953" WIDTH="138" HEIGHT="29" WC="0.96" CONTENT="försäljning"/><SP WIDTH="16" VPOS="953" HPOS="600"/>
							<String ID="string_198" HPOS="616" VPOS="954" WIDTH="23" HEIGHT="21" WC="0.96" CONTENT="af"/><SP WIDTH="14" VPOS="954" HPOS="639"/>
							<String ID="string_199" HPOS="653" VPOS="954" WIDTH="125" HEIGHT="22" WC="0.93" CONTENT="utländska"/><SP WIDTH="16" VPOS="954" HPOS="778"/>
							<String ID="string_200" HPOS="794" VPOS="954" WIDTH="57" HEIGHT="22" WC="0.91" CONTENT="obli-"/>
						</TextLine>
						<TextLine ID="line_26" HPOS="92" VPOS="986" WIDTH="759" HEIGHT="30">
							<String ID="string_201" HPOS="92" VPOS="987" WIDTH="105" HEIGHT="29" WC="0.91" CONTENT="gationer"/><SP WIDTH="21" VPOS="987" HPOS="197"/>
							<String ID="string_202" HPOS="218" VPOS="988" WIDTH="10" HEIGHT="20" WC="0.96" CONTENT="i"/><SP WIDTH="20" VPOS="988" HPOS="228"/>
							<String ID="string_203" HPOS="248" VPOS="988" WIDTH="42" HEIGHT="21" WC="0.96" CONTENT="och"/><SP WIDTH="22" VPOS="988" HPOS="290"/>
							<String ID="string_204" HPOS="312" VPOS="987" WIDTH="35" HEIGHT="22" WC="0.93" CONTENT="för"/><SP WIDTH="20" VPOS="987" HPOS="347"/>
							<String ID="string_205" HPOS="367" VPOS="986" WIDTH="189" HEIGHT="24" WC="0.88" CONTENT="anskaffande"/><SP WIDTH="-26" VPOS="986" HPOS="556"/>
							<String ID="string_206" HPOS="530" VPOS="982" WIDTH="28" HEIGHT="40" WC="0.96" CONTENT="af"/><SP WIDTH="10" VPOS="982" HPOS="558"/>
							<String ID="string_207" HPOS="568" VPOS="988" WIDTH="75" HEIGHT="22" WC="0.96" CONTENT="medel"/><SP WIDTH="15" VPOS="988" HPOS="643"/>
							<String ID="string_208" HPOS="658" VPOS="989" WIDTH="37" HEIGHT="21" WC="0.93" CONTENT="till"/><SP WIDTH="15" VPOS="989" HPOS="695"/>
							<String ID="string_209" HPOS="710" VPOS="988" WIDTH="141" HEIGHT="23" WC="0.92" CONTENT="förskottens"/>
						</TextLine>
						<TextLine ID="line_27" HPOS="92" VPOS="1018" WIDTH="389" HEIGHT="36">
							<String ID="string_210" HPOS="92" VPOS="1018" WIDTH="142" HEIGHT="36" WC="0.81" CONTENT="utgifvande."/><SP WIDTH="244" VPOS="1018" HPOS="234"/>
							<String ID="string_211" HPOS="478" VPOS="1032" WIDTH="3" HEIGHT="4" WC="0.52" CONTENT=":"/>
						</TextLine>
					</TextBlock>
					<TextBlock ID="block_2" HPOS="91" VPOS="1056" WIDTH="763" HEIGHT="343">
						<TextLine ID="line_28" HPOS="162" VPOS="1056" WIDTH="690" HEIGHT="30">
							<String ID="string_212" HPOS="162" VPOS="1056" WIDTH="46" HEIGHT="22" WC="0.96" CONTENT="Vid"/><SP WIDTH="23" VPOS="1056" HPOS="208"/>
							<String ID="string_213" HPOS="231" VPOS="1056" WIDTH="71" HEIGHT="22" WC="0.93" CONTENT="skedd"/><SP WIDTH="20" VPOS="1056" HPOS="302"/>
							<String ID="string_214" HPOS="322" VPOS="1057" WIDTH="144" HEIGHT="29" WC="0.91" CONTENT="underdånig"/><SP WIDTH="18" VPOS="1057" HPOS="466"/>
							<String ID="string_215" HPOS="484" VPOS="1056" WIDTH="165" HEIGHT="30" WC="0.96" CONTENT="föredragning"/><SP WIDTH="20" VPOS="1056" HPOS="649"/>
							<String ID="string_216" HPOS="669" VPOS="1058" WIDTH="25" HEIGHT="21" WC="0.93" CONTENT="af"/><SP WIDTH="18" VPOS="1058" HPOS="694"/>
							<String ID="string_217" HPOS="712" VPOS="1058" WIDTH="140" HEIGHT="22" WC="0.88" CONTENT="Ständernas"/>
						</TextLine>
						<TextLine ID="line_29" HPOS="91" VPOS="1091" WIDTH="761" HEIGHT="30">
							<String ID="string_218" HPOS="91" VPOS="1091" WIDTH="175" HEIGHT="28" WC="0.96" CONTENT="ifrågavarande"/><SP WIDTH="15" VPOS="1091" HPOS="266"/>
							<String ID="string_219" HPOS="281" VPOS="1091" WIDTH="120" HEIGHT="22" WC="0.96" CONTENT="skrifvelse"/><SP WIDTH="14" VPOS="1091" HPOS="401"/>
							<String ID="string_220" HPOS="415" VPOS="1092" WIDTH="41" HEIGHT="21" WC="0.96" CONTENT="har"/><SP WIDTH="11" VPOS="1092" HPOS="456"/>
							<String ID="string_221" HPOS="467" VPOS="1092" WIDTH="64" HEIGHT="21" WC="0.96" CONTENT="Hans"/><SP WIDTH="10" VPOS="1092" HPOS="531"/>
							<String ID="string_222" HPOS="541" VPOS="1092" WIDTH="130" HEIGHT="29" WC="0.95" CONTENT="Kejserliga"/><SP WIDTH="10" VPOS="1092" HPOS="671"/>
							<String ID="string_223" HPOS="681" VPOS="1093" WIDTH="109" HEIGHT="28" WC="0.92" CONTENT="Majestät"/><SP WIDTH="10" VPOS="1093" HPOS="790"/>
							<String ID="string_224" HPOS="800" VPOS="1092" WIDTH="52" HEIGHT="22" WC="0.92" CONTENT="fun-"/>
						</TextLine>
						<TextLine ID="line_30" HPOS="91" VPOS="1125" WIDTH="761" HEIGHT="30">
							<String ID="string_225" HPOS="91" VPOS="1125" WIDTH="37" HEIGHT="21" WC="0.95" CONTENT="nit"/><SP WIDTH="21" VPOS="1125" HPOS="128"/>
							<String ID="string_226" HPOS="149" VPOS="1125" WIDTH="57" HEIGHT="29" WC="0.96" CONTENT="godt"/><SP WIDTH="18" VPOS="1125" HPOS="206"/>
							<String ID="string_227" HPOS="224" VPOS="1125" WIDTH="10" HEIGHT="22" WC="0.93" CONTENT="i"/><SP WIDTH="18" VPOS="1125" HPOS="234"/>
							<String ID="string_228" HPOS="252" VPOS="1125" WIDTH="76" HEIGHT="22" WC="0.91" CONTENT="Nåder"/><SP WIDTH="22" VPOS="1125" HPOS="328"/>
							<String ID="string_229" HPOS="350" VPOS="1125" WIDTH="115" HEIGHT="22" WC="0.96" CONTENT="fastställa"/><SP WIDTH="15" VPOS="1125" HPOS="465"/>
							<String ID="string_230" HPOS="480" VPOS="1126" WIDTH="44" HEIGHT="22" WC="0.96" CONTENT="den"/><SP WIDTH="15" VPOS="1126" HPOS="524"/>
							<String ID="string_231" HPOS="539" VPOS="1127" WIDTH="88" HEIGHT="28" WC="0.95" CONTENT="budget"/><SP WIDTH="14" VPOS="1127" HPOS="627"/>
							<String ID="string_232" HPOS="641" VPOS="1126" WIDTH="36" HEIGHT="22" WC="0.93" CONTENT="för"/><SP WIDTH="16" VPOS="1126" HPOS="677"/>
							<String ID="string_233" HPOS="693" VPOS="1127" WIDTH="159" HEIGHT="22" WC="0.91" CONTENT="kommunika-"/>
						</TextLine>
						<TextLine ID="line_31" HPOS="92" VPOS="1159" WIDTH="760" HEIGHT="31">
							<String ID="string_234" HPOS="92" VPOS="1159" WIDTH="148" HEIGHT="22" WC="0.93" CONTENT="tionsfonden"/><SP WIDTH="14" VPOS="1159" HPOS="240"/>
							<String ID="string_235" HPOS="254" VPOS="1160" WIDTH="73" HEIGHT="22" WC="0.96" CONTENT="under"/><SP WIDTH="15" VPOS="1160" HPOS="327"/>
							<String ID="string_236" HPOS="342" VPOS="1161" WIDTH="55" HEIGHT="21" WC="0.93" CONTENT="åren"/><SP WIDTH="16" VPOS="1161" HPOS="397"/>
							<String ID="string_237" HPOS="413" VPOS="1161" WIDTH="148" HEIGHT="29" WC="0.92" CONTENT="1901—1904,"/><SP WIDTH="17" VPOS="1161" HPOS="561"/>
							<String ID="string_238" HPOS="578" VPOS="1169" WIDTH="49" HEIGHT="14" WC="0.96" CONTENT="som"/><SP WIDTH="15" VPOS="1169" HPOS="627"/>
							<String ID="string_239" HPOS="642" VPOS="1161" WIDTH="126" HEIGHT="22" WC="0.96" CONTENT="innefattas"/><SP WIDTH="15" VPOS="1161" HPOS="768"/>
							<String ID="string_240" HPOS="783" VPOS="1162" WIDTH="9" HEIGHT="21" WC="0.93" CONTENT="i"/><SP WIDTH="14" VPOS="1162" HPOS="792"/>
							<String ID="string_241" HPOS="806" VPOS="1161" WIDTH="46" HEIGHT="22" WC="0.92" CONTENT="Nä-"/>
						</TextLine>
						<TextLine ID="line_32" HPOS="92" VPOS="1194" WIDTH="760" HEIGHT="29">
							<String ID="string_242" HPOS="92" VPOS="1194" WIDTH="55" HEIGHT="28" WC="0.89" CONTENT="diga"/><SP WIDTH="13" VPOS="1194" HPOS="147"/>
							<String ID="string_243" HPOS="160" VPOS="1194" WIDTH="155" HEIGHT="29" WC="0.95" CONTENT="kungörelsen"/><SP WIDTH="15" VPOS="1194" HPOS="315"/>
							<String ID="string_244" HPOS="330" VPOS="1194" WIDTH="26" HEIGHT="22" WC="0.95" CONTENT="af"/><SP WIDTH="13" VPOS="1194" HPOS="356"/>
							<String ID="string_245" HPOS="369" VPOS="1195" WIDTH="44" HEIGHT="21" WC="0.96" CONTENT="den"/><SP WIDTH="15" VPOS="1195" HPOS="413"/>
							<String ID="string_246" HPOS="428" VPOS="1195" WIDTH="29" HEIGHT="22" WC="0.96" CONTENT="30"/><SP WIDTH="6" VPOS="1195" HPOS="457"/>
							<String ID="string_247" HPOS="463" VPOS="1195" WIDTH="68" HEIGHT="28" WC="0.96" CONTENT="April"/><SP WIDTH="9" VPOS="1195" HPOS="531"/>
							<String ID="string_248" HPOS="540" VPOS="1195" WIDTH="61" HEIGHT="22" WC="0.95" CONTENT="1901."/><SP WIDTH="17" VPOS="1195" HPOS="601"/>
							<String ID="string_249" HPOS="618" VPOS="1195" WIDTH="80" HEIGHT="22" WC="0.96" CONTENT="Såsom"/><SP WIDTH="8" VPOS="1195" HPOS="698"/>
							<String ID="string_250" HPOS="706" VPOS="1195" WIDTH="70" HEIGHT="22" WC="0.93" CONTENT="häraf"/><SP WIDTH="5" VPOS="1195" HPOS="776"/>
							<String ID="string_251" HPOS="781" VPOS="1196" WIDTH="71" HEIGHT="22" WC="0.89" CONTENT="fram-"/>
						</TextLine>
						<TextLine ID="line_33" HPOS="92" VPOS="1229" WIDTH="761" HEIGHT="30">
							<String ID="string_252" HPOS="92" VPOS="1229" WIDTH="47" HEIGHT="27" WC="0.96" CONTENT="går,"/><SP WIDTH="23" VPOS="1229" HPOS="139"/>
							<String ID="string_253" HPOS="162" VPOS="1229" WIDTH="42" HEIGHT="21" WC="0.96" CONTENT="har"/><SP WIDTH="22" VPOS="1229" HPOS="204"/>
							<String ID="string_254" HPOS="226" VPOS="1229" WIDTH="64" HEIGHT="22" WC="0.96" CONTENT="Hans"/><SP WIDTH="22" VPOS="1229" HPOS="290"/>
							<String ID="string_255" HPOS="312" VPOS="1229" WIDTH="133" HEIGHT="28" WC="0.4" CONTENT="Kejserliga"/><SP WIDTH="18" VPOS="1229" HPOS="445"/>
							<String ID="string_256" HPOS="463" VPOS="1230" WIDTH="107" HEIGHT="28" WC="0.95" CONTENT="Majestät"/><SP WIDTH="14" VPOS="1230" HPOS="570"/>
							<String ID="string_257" HPOS="584" VPOS="1230" WIDTH="52" HEIGHT="21" WC="0.96" CONTENT="icke"/><SP WIDTH="15" VPOS="1230" HPOS="636"/>
							<String ID="string_258" HPOS="651" VPOS="1230" WIDTH="78" HEIGHT="21" WC="0.96" CONTENT="funnit"/><SP WIDTH="15" VPOS="1230" HPOS="729"/>
							<String ID="string_259" HPOS="744" VPOS="1230" WIDTH="36" HEIGHT="22" WC="0.96" CONTENT="för"/><SP WIDTH="15" VPOS="1230" HPOS="780"/>
							<String ID="string_260" HPOS="795" VPOS="1230" WIDTH="58" HEIGHT="29" WC="0.95" CONTENT="godt"/>
						</TextLine>
						<TextLine ID="line_34" HPOS="91" VPOS="1262" WIDTH="761" HEIGHT="31">
							<String ID="string_261" HPOS="91" VPOS="1262" WIDTH="81" HEIGHT="22" WC="0.95" CONTENT="bifalla"/><SP WIDTH="18" VPOS="1262" HPOS="172"/>
							<String ID="string_262" HPOS="190" VPOS="1263" WIDTH="37" HEIGHT="21" WC="0.93" CONTENT="till"/><SP WIDTH="19" VPOS="1263" HPOS="227"/>
							<String ID="string_263" HPOS="246" VPOS="1263" WIDTH="139" HEIGHT="22" WC="0.91" CONTENT="Ständernas"/><SP WIDTH="16" VPOS="1263" HPOS="385"/>
							<String ID="string_264" HPOS="401" VPOS="1264" WIDTH="165" HEIGHT="28" WC="0.89" CONTENT="underdåniga."/><SP WIDTH="7" VPOS="1264" HPOS="566"/>
							<String ID="string_265" HPOS="573" VPOS="1264" WIDTH="173" HEIGHT="29" WC="0.96" CONTENT="framställning"/><SP WIDTH="16" VPOS="1264" HPOS="746"/>
							<String ID="string_266" HPOS="762" VPOS="1272" WIDTH="38" HEIGHT="14" WC="0.93" CONTENT="om"/><SP WIDTH="14" VPOS="1272" HPOS="800"/>
							<String ID="string_267" HPOS="814" VPOS="1264" WIDTH="38" HEIGHT="21" WC="0.89" CONTENT="be-"/>
						</TextLine>
						<TextLine ID="line_35" HPOS="92" VPOS="1297" WIDTH="761" HEIGHT="30">
							<String ID="string_268" HPOS="92" VPOS="1297" WIDTH="101" HEIGHT="28" WC="0.92" CONTENT="viljande"/><SP WIDTH="16" VPOS="1297" HPOS="193"/>
							<String ID="string_269" HPOS="209" VPOS="1297" WIDTH="23" HEIGHT="22" WC="0.95" CONTENT="af"/><SP WIDTH="11" VPOS="1297" HPOS="232"/>
							<String ID="string_270" HPOS="243" VPOS="1298" WIDTH="80" HEIGHT="28" WC="0.95" CONTENT="anslag"/><SP WIDTH="10" VPOS="1298" HPOS="323"/>
							<String ID="string_271" HPOS="333" VPOS="1305" WIDTH="28" HEIGHT="14" WC="0.93" CONTENT="ur"/><SP WIDTH="9" VPOS="1305" HPOS="361"/>
							<String ID="string_272" HPOS="370" VPOS="1298" WIDTH="299" HEIGHT="22" WC="0.91" CONTENT="kommunikationsfonden"/><SP WIDTH="11" VPOS="1298" HPOS="669"/>
							<String ID="string_273" HPOS="680" VPOS="1298" WIDTH="36" HEIGHT="22" WC="0.96" CONTENT="för"/><SP WIDTH="10" VPOS="1298" HPOS="716"/>
							<String ID="string_274" HPOS="726" VPOS="1299" WIDTH="127" HEIGHT="28" WC="0.96" CONTENT="byggande"/>
						</TextLine>
						<TextLine ID="line_36" HPOS="92" VPOS="1331" WIDTH="762" HEIGHT="30">
							<String ID="string_275" HPOS="92" VPOS="1331" WIDTH="26" HEIGHT="22" WC="0.93" CONTENT="af"/><SP WIDTH="20" VPOS="1331" HPOS="118"/>
							<String ID="string_276" HPOS="138" VPOS="1331" WIDTH="410" HEIGHT="30" WC="0.62" CONTENT="BSeinäjoki—Kristinestad—Kaskö"/><SP WIDTH="22" VPOS="1331" HPOS="548"/>
							<String ID="string_277" HPOS="570" VPOS="1333" WIDTH="77" HEIGHT="22" WC="0.94" CONTENT="banan"/><SP WIDTH="23" VPOS="1333" HPOS="647"/>
							<String ID="string_278" HPOS="670" VPOS="1336" WIDTH="60" HEIGHT="19" WC="0.96" CONTENT="samt"/><SP WIDTH="17" VPOS="1336" HPOS="730"/>
							<String ID="string_279" HPOS="747" VPOS="1334" WIDTH="38" HEIGHT="21" WC="0.93" CONTENT="till"/><SP WIDTH="16" VPOS="1334" HPOS="785"/>
							<String ID="string_280" HPOS="801" VPOS="1333" WIDTH="53" HEIGHT="22" WC="0.93" CONTENT="sub-"/>
						</TextLine>
						<TextLine ID="line_37" HPOS="91" VPOS="1366" WIDTH="762" HEIGHT="33">
							<String ID="string_281" HPOS="91" VPOS="1366" WIDTH="162" HEIGHT="33" WC="0.92" CONTENT="ventionering"/><SP WIDTH="20" VPOS="1366" HPOS="253"/>
							<String ID="string_282" HPOS="273" VPOS="1366" WIDTH="23" HEIGHT="22" WC="0.94" CONTENT="af"/><SP WIDTH="17" VPOS="1366" HPOS="296"/>
							<String ID="string_283" HPOS="313" VPOS="1367" WIDTH="91" HEIGHT="28" WC="0.96" CONTENT="privata"/><SP WIDTH="22" VPOS="1367" HPOS="404"/>
							<String ID="string_284" HPOS="426" VPOS="1367" WIDTH="96" HEIGHT="31" WC="0.93" CONTENT="företag,"/><SP WIDTH="16" VPOS="1367" HPOS="522"/>
							<String ID="string_285" HPOS="538" VPOS="1367" WIDTH="127" HEIGHT="31" WC="0.79" CONTENT="hvarjemte"/><SP WIDTH="16" VPOS="1367" HPOS="665"/>
							<String ID="string_286" HPOS="681" VPOS="1367" WIDTH="65" HEIGHT="22" WC="0.93" CONTENT="Hans"/><SP WIDTH="14" VPOS="1367" HPOS="746"/>
							<String ID="string_287" HPOS="760" VPOS="1367" WIDTH="93" HEIGHT="30" WC="0.91" CONTENT="Kejser-"/>
						</TextLine>
					</TextBlock>
				</ComposedBlock>
				<GraphicalElement ID="cblock_2" HPOS="395" VPOS="266" WIDTH="5" HEIGHT="365"></GraphicalElement >
				<GraphicalElement ID="cblock_3" HPOS="568" VPOS="441" WIDTH="4" HEIGHT="328"></GraphicalElement >
			</PrintSpace>
		</Page>
	</Layout>
</alto>
