1050 1628
470 61 25 22 I
803 63 29 22 85

101 128 255 23 munikationsfondens
370 129 160 22 förstärkande
544 130 87 28 nödiga
645 130 77 22 medel
737 131 73 21 skulle
822 138 38 14 an-

100 163 85 22 skaffas
207 171 83 21 genom
313 164 149 28 upptagande
482 164 23 22 af
524 166 33 20 ett
575 164 121 22 utländskt
712 165 95 21 statslån
823 165 37 21 till

99 197 114 22 nominelt
232 198 83 29 belopp
337 198 24 22 af
378 199 71 28 högst
464 199 28 22 10
507 199 107 29 miljoner
628 199 71 22 mark.
729 194 78 27 Äfven
822 207 38 14 an-

98 232 91 28 gående
211 233 159 28 upptagandet
392 233 36 22 af.
438 234 63 21 detta
523 234 39 22 lån
581 233 43 22 och
640 233 93 22 dermed
748 242 112 13 samman-

98 266 124 29 hängande
245 267 196 29 omständigheter
463 269 60 21 skall
545 268 98 22 särskild
664 269 146 28 redogörelse
824 269 35 21 uti

99 301 77 22 denna
197 302 98 21 relation
317 302 131 22 Ständerna
469 303 123 22 meddelas.
627 303 12 21 I
662 303 63 21 detta
747 311 112 14 samman-

97 334 65 29 hang
176 336 38 20 må
228 338 95 20 nämnas
339 338 35 19 att
389 336 39 22 det
442 337 91 28 belopp,
550 344 49 15 som
614 344 85 21 genom
715 337 38 22 det
767 345 46 21 nya
826 338 33 21 lå-

99 371 41 19 net
154 370 95 22 tillförts
263 371 305 29 kommunikationsfonden,
583 371 104 29 uppgick
696 371 39 22 till
745 372 114 28 9,300,000

97 403 71 22 mark.

168 473 76 22 Bland
261 474 309 23 kommunikationsfondens
585 474 97 30 utgifter
697 475 110 28 tilldraga
822 475 36 28 sig

97 508 10 21 i
122 507 95 23 främsta
234 510 99 21 rummet
348 509 28 22 de
390 511 79 26 poster
483 510 210 29 uppmärksamhet,
709 510 79 22 hvilka
802 509 56 22 hän-

96 541 53 23 föra
168 543 36 28 sig
222 543 37 22 till
273 543 91 29 färdiga
378 544 78 22 banor.
484 544 33 22 Af
532 545 65 21 dessa
611 544 70 23 hafva
694 544 164 29 jernvägarnes

97 584 18 14 s.
133 577 22 22 k.
174 577 65 22 drift-
261 578 44 22 och
326 579 258 22 underhållskostnader
605 579 72 22 redan
691 579 10 22 i
715 579 40 22 det
768 579 90 28 föregå-

97 611 59 22 ende
175 612 80 23 blifvit
273 613 102 22 berörda.
404 607 94 28 Återstå
518 614 87 21 således
622 613 129 29 utgifterna
765 613 36 22 för
814 621 44 20 ny-

96 647 139 37 byggnader
248 647 41 22 vid
303 647 91 29 färdiga
407 648 75 22 banor
497 651 59 18 samt
570 648 37 22 för
622 649 119 27 ökningen
755 647 26 22 af
789 649 68 39 stats-

93 680 167 30 jernvägarnes
274 682 86 28 rörliga
374 683 110 21 materiel.

167 716 81 28 Bägge
263 716 66 22 dessa
342 716 169 29 utgiftsposter,
526 717 80 22 hvilka
620 718 75 21 såsom
704 717 74 22 kändt
786 717 71 21 redan

96 750 75 22 under
193 758 29 14 en
242 751 81 29 längre
344 751 37 22 tid
402 751 108 22 befunnit
532 752 37 28 sig
587 752 10 21 i
612 752 117 22 märkbart
743 751 112 29 stigande,

95 784 83 22 kräfva
200 785 38 21 till
254 785 54 22 flere
327 786 67 22 tiotal
414 786 108 29 miljoner
535 786 138 29 uppgående
688 786 82 28 anslag
784 786 73 22 under

96 818 81 30 hvarje
190 819 161 29 finansperiod.
376 821 47 21 För
436 820 200 29 fyraårsperioden
646 820 144 22 1901—1904
798 828 58 21 upp-

96 855 54 27 togs
169 854 9 21 i
195 853 311 23 kommunikationsfondens
528 855 89 29 budget
638 854 37 22 för
697 854 159 23 förstnämnda

96 888 107 22 ändamål
226 889 54 21 eller
301 888 36 22 för
359 889 169 29 nybyggnader
549 889 82 22 inalles
646 889 131 28 26,784,000
790 889 66 22 mark

96 922 45 22 och
162 922 37 22 för
221 922 39 22 det
279 930 85 22 senare,
380 923 20 22 d.
415 931 53 14 v..s.
483 923 37 22 för
535 923 148 22 anskaffande
698 924 27 21 af
736 932 33 20 ny
783 924 73 28 rörlig

96 957 104 21 materiel
215 958 129 28 26,770,000
358 959 72 28 mark,
445 958 123 22 hvartdera
579 959 105 28 anslaget
694 960 34 19 att
739 958 116 22 användas

95 991 76 28 enligt
193 993 123 27 styrelsens
338 992 116 29 pröfning,
473 993 10 21 i
498 992 167 29 hufvudsaklig
680 992 175 22 öfverensstäm-

95 1025 71 22 melse
181 1026 54 21 med
249 1026 24 21 af
287 1026 129 22 Ständerna
430 1027 124 28 godkända
569 1027 173 28 förteckningar
752 1027 64 22 öfver
827 1026 28 23 de

94 1060 39 21 till
150 1060 121 22 utförande
286 1061 119 22 bestämda
420 1061 95 23 arbeten
530 1061 44 22 och
588 1061 73 29 nödig
675 1061 117 22 befunnen
807 1069 47 13 ma-

93 1094 74 22 teriel.

164 1129 46 22 Det
224 1137 109 21 program
347 1130 37 21 för
399 1132 73 20 större
486 1130 180 29 nybyggnaders
681 1130 123 22 utförande
814 1130 40 22 vid

93 1163 93 29 färdiga
200 1164 78 28 banor,
294 1172 49 15 som
358 1165 44 21 den
418 1165 72 22 första
505 1165 26 22 af
544 1165 65 22 dessa
623 1165 175 28 förteckningar
812 1164 42 28 (bi-

93 1198 55 28 laga
170 1199 27 21 A.
219 1199 37 21 till
275 1198 140 23 Ständernas
433 1199 159 29 underdäniga
607 1207 52 15 svar
674 1200 13 21 ä
702 1199 86 28 nådiga
802 1206 52 21 pro-

94 1233 132 28 positionen
244 1233 42 22 N:o
305 1234 26 21 31
349 1234 42 22 vid
406 1234 58 22 1900
478 1235 36 21 ärs
529 1234 119 28 landtdag)
663 1233 134 29 innehäller,
812 1233 42 22 har

93 1267 129 22 emellertid
239 1267 51 22 icke
309 1268 89 21 kunnat
412 1269 150 22 närmelsevis
576 1268 150 29 fullständigt
741 1268 112 29 fullföljas

92 1301 162 29 förnämligast
269 1302 24 21 af
307 1302 45 22 den
367 1303 68 21 orsak
450 1305 35 20 att
498 1302 78 22 härför
585 1302 87 29 nödiga
681 1302 83 29 medel,
774 1302 80 22 hvilka

92 1335 124 22 beräknats
235 1336 78 22 kunna
331 1336 97 22 erhållas
443 1344 28 14 ur
486 1336 152 23 öfverskottet
653 1336 23 22 af
688 1336 165 29 jernvägarnes

92 1370 133 28 inkomster,
247 1370 38 22 till
305 1370 60 29 följd
388 1371 24 21 af
426 1371 39 22 det
481 1379 150 21 ogynsamma
645 1372 104 28 resultat,
764 1371 90 22 hvilket
