1031 1617
170 66 27 21 68
469 66 30 22 U.
515 66 28 22 B.
558 79 29 2 —
601 66 30 23 IL,

169 134 76 28 finska
267 135 126 21 statsverket
414 136 57 20 utan
486 134 131 28 ersättning,
633 134 39 22 och
687 136 57 20 utan
760 136 33 20 att
807 134 71 22 sådan
895 142 39 14 ens

172 168 30 28 af
214 169 75 27 finska
303 169 184 28 myndigheterna
498 168 117 29 påyrkats.

241 305 38 22 Uti
301 306 125 27 relationen,
449 307 38 20 sid.
511 307 34 26 60,
568 306 70 21 finnes
668 307 76 26 antydt
765 307 103 20 hurusom
897 306 37 20 det

171 341 56 26 höga
241 340 78 29 belopp
326 336 12 38 i
357 340 105 29 tillfälliga
476 341 124 28 inkomster,
614 347 46 15 som
676 341 166 21 militiefondens
857 341 76 20 räken-

172 375 77 27 skaper
277 375 33 21 för
338 375 51 21 åren
414 375 141 21 1901—1903
583 377 92 26 upptogo
702 375 52 21 eller
778 374 155 27 sammanlagdt

172 409 112 28 1,726,127
301 409 60 21 mark
382 409 26 21 17
427 409 34 28 pii,
476 409 8 20 i
498 409 197 27 främstaPrummet
709 409 80 21 influtit
804 409 32 21 för
851 408 83 27 försälj-

171 443 53 28 ning
246 443 22 21 af
291 443 111 28 egendom,
417 450 46 15 som
481 443 80 22 tillhört
577 443 41 22 den
633 443 68 22 finska
717 443 111 22 militären.
857 443 75 20 Ehuru

172 477 111 22 Utskottet
303 477 48 22 icke
366 478 38 21 vill
425 478 58 27 jäfva
505 478 129 27 riktigheten
654 478 8 20 i
684 477 121 22 hufvudsak
827 478 21 20 af
863 477 70 21 denna

172 512 90 27 uppgift,
277 512 39 21 har
342 512 108 21 Utskottet
472 512 55 21 dock
549 513 70 20 ansett
643 512 31 27 sig
696 511 52 22 böra
769 511 111 22 framhålla
903 513 30 20 att

172 546 86 27 vidpass
275 552 26 15 en
317 546 103 27 tredjedel
435 546 21 21 af
471 547 132 27 nyssnämda
618 553 84 14 summa
717 548 85 26 utgöres
818 546 22 21 af
854 546 80 21 ekono-

172 580 107 27 mimedel,
295 586 46 15 som
363 581 21 20 af
407 580 26 21 de
455 580 71 21 aktiva
547 581 153 27 bataljonerna,
721 581 213 27 dragonregementet

174 614 40 21 och
229 614 185 22 reservdistrikten
429 614 36 21 vid
480 614 118 22 militärens
613 614 129 28 upplösning
757 614 33 21 till
804 614 130 22 statskassan

173 648 166 22 återlevererats.
353 648 69 22 Dessa
438 649 109 21 ekonomi-
563 649 39 21 och
617 649 117 27 besparade
748 648 76 28 medel,
840 655 45 14 som
900 650 34 19 ut-

174 682 85 28 gjordes
283 683 44 21 dels
349 683 21 21 af
392 683 152 28 behållningen
567 683 12 21 å
600 685 116 26 trupperna
730 683 108 21 tilldelade
854 682 79 28 anslag,

172 717 125 27 isynnerhet
319 717 12 21 å
354 717 100 28 anslagen
477 718 34 20 för
532 717 48 27 ved,
596 717 45 21 dels
657 718 21 20 af
692 717 120 21 inkomsten
828 716 46 22 från
891 718 44 19 sär-

173 751 69 21 skilda
262 752 87 27 företag,
364 752 70 21 såsom
452 752 158 21 arrenderande
630 752 40 21 och
685 752 137 21 bebrukande
838 752 22 20 af
874 751 60 27 plan-

174 788 59 25 tager
255 787 39 20 och
314 786 116 28 jordlotter,
445 786 120 22 inrättande
582 786 23 22 af
619 786 124 28 svingårdar
757 793 28 14 m.
800 793 33 19 m,,
848 785 86 21 hvartill

174 820 38 21 allt
233 822 116 26 trupperna
371 827 77 21 genom
470 821 141 27 reglementet
629 821 33 21 för
677 820 256 27 ekonomiförvaltningen

173 854 36 21 vid
233 855 26 21 de
280 854 69 21 finska
371 856 116 26 trupperna
513 855 22 21 af
549 855 42 21 den
607 855 26 21 31
651 855 43 21 dec.
712 855 55 21 1880
783 861 50 15 voro
849 854 85 21 berätti-

173 889 60 28 gade,
249 890 58 26 stego
329 889 73 21 ibland
425 889 32 21 till
477 891 42 19 rätt
541 889 122 27 betydande
687 889 83 27 belopp,
785 889 69 21 såsom
870 890 13 19 t.
900 894 34 15 ex.

173 924 33 21 för
221 924 218 27 dragonregementet,
455 930 45 14 som
524 924 35 21 vid
575 924 32 21 sin
624 924 128 28 upplösning
767 923 145 21 inlevererade
927 923 7 20 i

172 958 118 28 besparade
312 958 69 20 medel
397 958 89 27 156,269
502 958 61 21 mark
579 959 26 20 22
621 958 34 27 pii.
685 958 13 20 I
713 958 37 21 allt
765 957 172 22 öfverlemnades

174 992 22 21 af
210 994 115 25 trupperna
340 992 40 21 och
394 992 185 21 reservdistrikten
594 999 46 14 mer
650 994 27 19 än
689 992 89 27 550,000
789 992 65 21 mark.
880 991 56 21 Här-

173 1027 85 20 utöfver
272 1027 55 20 hade
342 1028 114 26 trupperna
471 1027 70 21 under
556 1027 62 21 ärens
633 1027 49 27 lopp
698 1027 22 20 af
734 1027 46 20 sina
795 1025 140 28 inbesparade

173 1061 72 21 medel
266 1061 115 21 förvärfvat
403 1061 32 27 sig
457 1061 104 27 egendom
584 1061 84 21 utöfver
686 1062 42 20 stat
743 1061 32 21 till
790 1062 30 20 ett
835 1060 63 21 värde
914 1059 22 22 af

174 1095 98 28 omkring
287 1095 92 24 400,000
394 1095 60 21 mark
469 1097 55 19 samt
538 1095 87 28 utgifvit
640 1095 65 20 omkr.
722 1095 90 26 337,000
830 1094 60 21 mark
903 1094 35 21 för

172 1129 264 28 mälskjutningspremier,
454 1129 137 28 bildningens
608 1129 146 28 befrämjande
771 1135 27 15 m.
816 1129 22 21 fi.
852 1129 85 47 nyttiga

174 1163 129 27 ändamål”).

244 1198 108 21 Utskottet
372 1197 39 22 har
431 1198 50 21 med
503 1197 173 22 tillfredställelse
694 1197 72 21 funnit
781 1197 31 21 uti
828 1197 61 21 dessa
904 1197 32 21 till

174 1232 126 22 statsverket
321 1232 145 21 inlevererade
489 1232 109 27 betydliga
617 1232 137 28 besparingar
769 1233 30 20 ett
813 1231 126 28 ytterligare

243 1329 16 22 *)
283 1328 24 20 Be
323 1329 51 18 finsk
391 1329 153 18 militärtidskrift
561 1329 30 18 för
609 1329 45 18 1901
672 1329 32 18 hh.
722 1329 32 18 XI
769 1328 17 19 &
803 1328 42 19 XII
857 1327 80 19 artikeln

175 1358 53 18 »Den
245 1358 63 18 finska
324 1358 102 18 militärens
444 1357 205 19 kasernetablissement
666 1357 35 18 och
719 1357 41 18 dess
773 1357 95 19 ekonomi»
882 1356 19 18 af
913 1356 24 19 G-

174 1385 85 20 Gadolin.

244 1415 141 17 Statsutskottets
397 1414 112 18 betänkande
522 1414 37 18 N:o
571 1414 18 18 4.
