1050 1625
182 870 8 3 ,

234 49 28 21 70
574 49 24 21 H

580 131 2 15 I

579 147 4 70 |
626 164 45 17 1901
707 130 2 85 |
751 164 45 18 1902
878 164 46 18 1903

222 319 113 18 Inkomster
357 333 23 4 2.
584 320 178 23 8,335,441/42]7,357
769 319 188 24 860|44/7,200,495]07

222 349 89 32 Utgifter
330 368 28 3 aa
377 352 17 26 Eo
400 368 26 3 ns
446 368 50 3 mn
516 368 3 3 =
539 368 3 3 «
562 368 4 3 x
584 354 374 23 17,235,866/52/3,238,986|12/3,300,195/63]

206 400 2 17 i
450 390 116 22 Öfverskott
580 383 378 35 |1,099,574|90]4,118,874/32]3,900,299]44

273 485 148 22 Beträffande
439 486 163 28 inkomsterna,
618 486 104 21 härleder
738 486 36 29 sig
788 486 175 21 totalsummans

210 519 30 22 för
256 521 24 20 år
295 520 55 22 1901
361 520 9 21 i
379 520 130 29 jomförelse
523 520 53 22 med
592 520 28 22 de
636 520 75 29 öfriga
726 521 53 21 åren
790 521 174 28 anmärknings-

204 554 68 22 värdt
286 555 61 28 höga
362 555 84 28 belopp
462 555 70 28 deraf,
550 557 33 19 att
598 555 36 22 för
649 555 72 29 sagda
736 556 24 21 år
775 557 33 19 ett
822 555 102 22 tillskott
936 562 28 14 ur

204 589 111 21 Finlands
329 589 79 22 Banks
423 590 138 21 vinstmedel
578 592 61 19 ännu
649 589 113 23 tillfördes
773 589 191 29 bevillningsfon-

206 623 50 22 den.
285 624 72 21 Detta
375 624 101 21 tillskott
493 624 105 28 uppgick
611 624 38 21 till
664 624 91 28 899,011
771 624 65 22 mark
851 624 27 21 76
893 624 71 28 penni

206 658 54 21 eller
276 658 38 21 det
328 658 92 28 belopp,
435 658 111 22 hvarmed
561 658 97 22 fondens
673 658 127 22 inkomster
815 658 74 28 enligt
902 659 61 30 årets

206 692 143 28 statsförslag
364 692 139 28 understego
519 692 132 29 utgifterna.
675 693 38 21 Då
722 692 127 29 utgifterna
858 692 36 22 för
904 692 60 22 mili-

205 727 113 22 tieverket
340 726 133 29 sedermera,
498 728 74 28 enligt
588 727 64 22 hvad
666 727 70 22 ofvan
750 726 143 29 framhållits,
909 727 55 22 ned-

206 763 57 27 gått,
286 761 106 22 utvisade
411 762 240 28 bevillningsfondens
668 762 90 29 budget
775 762 73 21 under
862 762 102 28 följande

206 797 24 20 år
252 796 51 21 icke
320 803 49 14 mer
386 797 72 28 något
479 796 82 29 deficit,
580 799 57 19 utan
651 799 100 19 tvärtom
767 798 33 20 ett
815 796 88 29 årligen
917 797 47 21 till-

204 831 100 28 tagande
327 830 138 28 öfverskott;
489 831 41 22 och
553 831 10 21 i
585 831 82 28 sjelfva
685 831 81 22 verket
783 830 69 22 hafva
866 830 98 23 fondens

204 866 132 27 inkomster,
359 865 86 29 hvilka,
469 865 74 29 enligt
564 865 61 22 hvad
646 873 28 14 ur
697 865 70 22 ofvan
783 865 94 22 anförda
892 865 71 22 siffer-

204 899 119 29 uppgifter
339 899 108 29 framgår,
464 899 69 22 äfven
548 901 24 20 år
588 900 55 21 1901
659 902 57 19 utan
730 901 77 27 någon
823 899 141 29 öfverföring

205 934 26 21 af
242 934 112 21 Finlands
369 934 79 21 Banks
462 934 140 22 vinstmedel
617 935 73 21 skulle
705 935 62 21 varit
776 934 140 28 tillräckliga
926 934 38 21 till

203 968 139 29 utgifternas
357 968 149 28 betäckande,
522 969 117 29 betydligt
656 968 130 29 öfverstigit
801 968 50 21 dess
862 967 102 30 utgifter.

203 1003 172 21 Inkomsternas
394 1003 134 28 nedgående
548 1003 52 22 från
615 1004 24 21 år
654 1003 57 22 1902
726 1003 38 22 till
779 1003 24 21 år
818 1003 57 21 1903
890 1003 74 22 betin-

204 1045 42 20 gas
261 1037 81 22 främst
358 1037 24 22 af
396 1037 165 29 minskningen
571 1038 9 21 i
589 1037 132 22 intraderna
737 1037 22 22 af
770 1037 194 28 stämpelskatten.

204 1071 69 23 Hvad
291 1071 128 29 utgifterna
437 1072 143 22 vidkommer
597 1072 105 22 härleder
723 1073 36 27 sig
774 1071 45 23 den
834 1073 62 20 stora
910 1072 54 22 skil-

204 1106 77 22 naden
295 1106 85 22 mellan
396 1106 56 22 1901
469 1107 43 21 och
527 1107 57 21 1802
600 1107 35 21 ärs
651 1108 149 20 slutsummor
815 1106 25 22 af
848 1108 35 20 att
892 1106 72 22 under

204 1140 158 23 förstnämnda
385 1141 25 21 är
431 1141 15 21 4
467 1141 107 29 miljoner
596 1142 66 21 mark
683 1142 70 21 blifvit
783 1140 131 23 öfverförda
927 1140 38 22 till

204 1174 177 30 militiefonden,
403 1175 91 21 hvilket
516 1176 83 28 belopp
623 1175 133 28 emellertid,
778 1176 74 21 såsom
873 1174 92 22 ofvan
947 1170 20 39 i

205 1211 70 20 annat
291 1209 165 29 sammanhang
471 1209 144 29 framhållits,
630 1217 95 14 numera
739 1209 79 23 blifvit
832 1209 38 22 till
885 1209 80 22 bevill-

203 1243 158 28 ningsfonden
376 1244 122 22 återburet.
627 1270 3 3 N

273 1277 69 22 Hvad
358 1277 108 22 beträffar
481 1277 128 30 utgifterna
624 1278 35 21 för
674 1278 158 22 folkskolorna
846 1277 73 22 under
930 1278 35 21 in-

204 1311 129 22 nevarande
358 1311 153 29 finansperiod
539 1312 70 22 hafva
634 1312 72 29 dessa,
729 1312 115 29 jemförda
868 1312 53 21 med
944 1311 22 22 af
