1039 1620
782 51 26 22 19

80 119 81 22 hvaraf
183 120 93 28 200,000
298 120 65 21 mark
384 120 122 23 beräknats
522 121 75 21 såsom
612 121 102 21 inkomst
729 120 30 21 af.
767 120 43 22 den
827 121 13 21 &

81 154 93 21 klenare
189 154 64 22 virke
267 161 85 21 genom
365 154 86 29 nådiga
465 154 166 29 förordningen
646 154 25 22 af
685 154 43 22 den
744 154 28 22 12
795 154 44 28 (25)

79 188 91 28 januari
185 188 56 23 1905
255 188 51 22 från
320 188 82 29 början
416 189 24 22 af
454 190 25 20 är
495 189 55 22 1906
565 189 71 28 lagda
646 189 131 28 exporttull,
791 196 49 15 som

82 223 99 28 antagits
197 223 107 28 inbringa
320 223 105 29 omkring
440 223 94 29 300,000
547 223 66 22 mark
629 231 37 14 om
682 224 53 21 året.

149 257 176 30 Postafgifterna.
342 271 24 2 —
383 258 72 25 Dessa
470 253 95 34 afgifter
579 258 71 31 hafva
664 258 102 29 inbragt:

206 321 24 22 år
246 321 55 22 1901
332 339 4 3 .
366 338 4 5 .
400 338 4 4 .
434 339 4 4 .
468 339 5 4 .
503 321 116 29 2594,000
643 321 72 29 mark,

216 365 9 14 »
246 356 56 25 1902
332 371 107 6 2...
470 373 4 4 0.
504 356 135 29 3,882,000
632 341 12 48 .
666 366 9 9 >

214 399 11 11 >
246 391 56 21 1908
366 408 4 4 2.
400 408 4 4 .
434 408 4 4 0.
469 408 4 4 0.
502 391 117 29 4,308,000
665 400 10 10 >

135 454 26 28 I
183 454 53 21 stöd
257 453 68 22 häraf
344 454 41 22 har
404 455 75 22 såsom
495 454 70 29 årligt
578 454 113 30 medeltal
702 454 36 22 för
754 453 85 22 1905—

82 487 55 23 1907
152 488 120 29 upptagits
286 488 116 29 4,800,000
415 489 71 21 mark.

149 540 168 29 Bäkafgifterna
331 540 69 23 hafva
414 541 102 29 inbragt:

186 605 24 21 år
226 604 54 22 1901
314 598 108 28 0...
486 622 39 4 0.0.
554 604 95 28 939,000
663 604 79 28 mark,

195 648 9 10 »
226 628 66 43 1902
312 656 39 4 2.
381 639 321 28 0.00.
552 628 105 43 959000
678 628 26 43 >

194 683 10 9 »
224 674 56 21 19088
344 691 5 4 2.
379 691 4 4 .
448 691 38 5 0.0.
517 673 129 35 1148000
691 682 9 10 >

150 732 123 34 Ökningen
290 738 42 21 har
350 738 96 22 sålunda
460 737 52 22 från
527 738 25 21 år
567 737 56 22 1902
639 737 38 22 till
692 738 25 20 år
732 736 56 22 1908
803 738 36 20 ut-

81 772 62 28 gjort
165 772 107 28 omkring
294 772 94 29 200,000
409 772 71 22 mark.
510 772 36 22 Då
561 772 36 22 för
613 772 25 21 år
653 771 56 22 1905
723 770 116 29 båkafgif-
858 794 2 2 .

80 808 66 27 terna
159 806 123 22 beräknats
297 807 38 21 till
350 806 80 23 endast
445 807 115 28 1,100,000
576 807 72 27 mark,
663 804 48 23 har
721 807 74 20 såsom
805 806 34 21 år-

80 841 34 28 lig
130 841 87 28 ökning
233 841 23 22 af
269 841 131 22 inkomsten
418 843 86 20 ansetts
522 841 80 22 kunna
617 843 114 26 upptagas
747 840 93 28 100,000

79 872 71 36 mark.
280 879 2 2 |
670 896 3 2 N

152 905 168 34 Öfverföringar.
336 923 28 2 —
379 909 80 23 Såsom
474 909 26 22 af
510 910 110 29 kalkylen
630 909 106 29 framgår,
747 909 42 21 har
799 909 40 21 nä-

80 951 53 21 gon:
148 951 76 14 annan
242 943 140 29 öfverföring
401 944 52 22 från
467 944 217 29 utläningsfondens
699 943 142 22 räntemedel

81 979 19 28 ej
117 978 78 23 blifvit
213 980 69 21 såsom
298 973 104 39 inkomst
416 979 9 22 i
444 979 144 22 statsfonden
603 981 124 26 upptagen,
744 981 29 18 än
788 977 51 29 den,

81 1020 49 15 som
140 1015 128 20 motsvarar
281 1015 83 20 räntan
378 1015 13 20 å
406 1013 28 22 de
448 1013 52 22 från
515 1013 45 22 den
573 1013 114 28 indragna
701 1013 80 28 fattig-
797 1012 44 22 och

81 1047 205 23 arbetshusfonden
307 1049 38 21 till
365 1048 207 29 utlåningsfonden
593 1048 10 21 i
624 1047 65 22 tiden
711 1046 129 23 öfverförda

79 1082 81 22 medel.
189 1083 94 21 Räntan
297 1083 37 21 till
354 1082 144 23 statsfonden
511 1082 52 21 från
577 1081 262 23 kommunikationsfon-

81 1117 44 21 den
147 1118 14 21 &
183 1117 39 22 det
248 1117 36 26 för
309 1117 207 29 Tisalmi—Kajana
541 1117 159 29 banbyggnad
724 1115 115 30 beviljade

79 1151 64 22 lånet
156 1152 42 21 har
212 1152 122 22 beräknats
350 1151 36 22 för
401 1154 33 19 ett
450 1153 30 20 år.

322 1216 140 16 Beträffande
472 1218 125 17 utgifterna.

149 1261 69 21 Läns-
234 1260 36 22 och
284 1260 219 29 häradsfängelserna.
516 1274 27 2 —
554 1261 37 21 Då
607 1261 28 21 de
650 1260 105 30 verkliga
769 1260 71 28 utgif-

79 1296 66 20 terna
158 1294 37 22 för
210 1295 66 22 dessa
290 1295 166 29 inrättningars
471 1295 121 22 underhåll
602 1296 9 21 i
622 1295 125 22 allmänhet
757 1294 83 22 under-

80 1329 66 29 stigit
161 1329 28 22 de
203 1330 10 22 i
227 1329 174 29 statsförslagen
414 1332 121 26 upptagna
551 1330 120 28 beloppen,
687 1330 42 21 har
745 1330 44 27 den
804 1330 35 20 år-

79 1364 49 28 liga
142 1364 177 28 medelutgiften
334 1366 86 24 ansetts
430 1364 80 25 kunna
519 1366 115 34 upptagas
644 1364 37 23 till
692 1364 93 29 760,000
795 1364 44 22 mk.
