1036 1625
789 64 14 24 5

83 132 46 24 hos
148 132 124 24 särskilda
289 132 38 24 för
346 132 92 24 sådant
456 132 118 24 ändamål
592 135 111 29 antagna
722 133 117 24 ombuds-

82 168 65 23 män.
182 166 84 25 Sedan
288 166 332 32 Postsparbanksstyrelsen
648 174 90 24 genom
759 167 81 31 Nädig

83 201 150 32 kungörelse
251 201 48 24 den
319 201 14 24 6
351 200 50 33 Maj
424 201 65 25 1897
501 201 149 32 berättigats
664 201 110 24 anställa
786 209 53 17 om-

83 236 123 24 budsmän
227 235 38 25 för
288 236 175 31 emottagande
483 236 26 24 af
525 236 170 32 insättningar
712 236 8 24 i
738 236 102 24 banken

85 270 15 23 å
118 272 71 27 orter,
204 270 43 23 der
259 270 80 24 större
352 270 128 23 allmänna
493 270 103 24 arbeten
608 270 72 31 pågå,
695 270 60 24 eller
767 270 71 30 bruk,

83 304 110 24 fabriker
220 304 46 24 och
293 304 78 24 andra
389 304 84 32 dylika
490 304 168 32 inrättningar
676 304 162 30 förekomma,

85 339 46 24 och
152 338 80 32 Nådig
251 338 153 25 instruktion
425 339 40 24 för
483 339 75 24 dessa
577 339 163 24 ombudsmän
757 339 83 24 blifvit

85 373 48 24 den
158 373 13 24 3
194 373 69 24 Mars
289 373 64 24 1898
375 373 127 30 faststäld,
524 373 158 32 uppmanade
704 373 135 32 Postspar-

84 407 207 33 banksstyrelsen
317 407 79 24 under
422 407 109 32 Augusti
552 407 93 25 månad
666 408 174 32 nyssnämnda

85 443 28 23 år
131 450 88 24 genom
238 442 162 24 cirkulärbref
418 442 116 32 samtliga
550 443 182 31 postanstalter
744 444 38 22 att
794 450 46 16 en-

84 477 63 24 hvar
164 477 67 24 inom
249 477 43 24 sitt
310 477 278 24 verksamhetsområde
605 477 127 24 efterhöra
744 477 46 24 och
802 477 39 24 till

85 511 328 33 Postsparbanksstyrelsen
430 511 126 24 inberätta
574 511 123 24 huruvida
716 511 15 24 ä
744 511 97 24 sådana

86 548 65 22 orter
168 546 101 24 bosatta
287 546 46 24 och
351 546 82 24 dertill
450 546 118 32 lämpliga
584 554 121 24 personer
719 554 61 16 vore
792 546 48 24 vil-

84 580 50 32 liga
157 582 37 22 att
215 580 9 24 i
247 581 125 31 egenskap
395 580 27 24 af
441 580 115 24 bankens
579 580 163 24 ombudsmän
761 583 79 21 emot-

85 617 59 29 taga
161 615 167 32 insättningar
345 615 9 24 i
371 615 107 24 banken.
505 615 58 24 Som
581 615 83 24 denna
676 615 87 32 åtgärd
776 615 64 25 hade

84 650 39 24 till
139 649 93 32 påföljd
251 650 170 24 anställandet
439 650 26 24 af
484 650 90 24 endast
592 652 37 22 ett
645 650 65 24 fåtal
722 650 119 24 ombuds-

84 686 66 28 män,
164 684 45 24 har
220 684 332 32 Postsparbanksstyrelsen
564 684 110 24 derefter
686 684 8 24 i
706 684 134 24 enahanda

86 718 119 25 afseende
229 719 63 31 gjort
309 718 184 33 förfrågningar
512 718 73 25 såväl
602 718 82 25 direkt
701 719 46 24 hos
767 726 74 24 egare

85 753 26 24 af
129 753 116 29 fabriker,
265 754 74 31 sågar
356 754 46 23 och
415 754 78 23 andra
505 753 158 24 industriella
674 753 168 32 inrättningar

85 788 8 23 i
111 788 85 23 landet
213 788 59 32 med
287 788 80 23 större
385 788 210 31 arbetspersonal,
616 796 54 15 som
686 788 52 23 dels
752 787 88 30 direkt,

86 821 53 24 dels
158 829 89 24 genom
259 821 217 33 Öfverstyrelsens
488 822 39 24 för
538 823 64 30 väg-
615 822 46 24 och
673 822 168 32 vattenbygg-

85 856 112 24 naderna
214 856 147 32 förmedling
378 857 47 24 hos
444 857 84 24 ledare
540 857 39 24 för
591 856 9 24 i
613 857 87 24 landet
711 856 130 32 pågående

87 891 126 23 allmänna
231 891 109 24 arbeten.

154 925 12 24 I
182 925 61 32 följd
261 925 26 24 af
305 925 30 24 de
348 925 109 24 sålunda
468 925 121 32 vidtagna
601 925 151 32 åtgärderna
763 925 79 24 hafva

85 959 79 24 under
183 960 61 23 åren
264 959 168 25 1899—1903
449 960 67 24 varit
528 959 118 25 anstälda
658 959 184 32 sammanlagdt

87 994 32 24 36
139 994 94 24 sådana
252 994 169 30 ombudsmän,
442 994 26 24 af
485 994 87 25 hvilka
590 994 64 24 dock
672 994 25 24 af
716 994 66 24 olika
794 1001 47 16 an-

85 1028 100 33 ledning
204 1028 131 25 efterhand
354 1029 81 32 afgått
455 1029 38 29 19,
514 1029 29 24 så
562 1030 38 23 att
618 1029 30 23 de
664 1028 42 24 vid
721 1028 64 25 1903
800 1029 41 23 års

85 1063 94 32 utgång
197 1063 181 32 gvarstäendes
397 1063 71 25 antal
486 1063 112 32 utgjorde
614 1063 36 25 17.
678 1063 114 24 Orsaken
803 1063 39 24 till

86 1100 38 22 att
142 1100 35 22 ett
196 1098 79 24 större
294 1098 70 24 antal
384 1098 164 24 ombudsmän
565 1098 39 24 för
621 1098 102 24 banken
741 1097 42 25 vid
800 1097 41 24 fa-

85 1132 82 24 briker
186 1132 45 24 och
250 1132 77 24 andra
345 1133 181 31 arbetsplatser
538 1132 56 24 icke
606 1132 99 24 kunnat
717 1132 124 24 anställas

85 1167 71 23 torde
178 1167 38 24 till
237 1167 126 32 väsentlig
381 1167 41 24 del
439 1175 63 17 vara
520 1167 56 29 den,
596 1164 38 27 att
651 1166 189 33 postanstalter,

85 1200 86 25 hvilka
196 1201 81 24 tillika
301 1201 107 32 fungera
436 1202 84 24 såsom
543 1201 297 32 postsparbankskontor,

85 1243 104 16 numera
212 1235 84 25 finnas
314 1235 115 33 förlagda
447 1236 15 24 å
480 1236 31 24 de
528 1236 78 24 flesta
624 1236 80 24 större
722 1235 120 24 industri-

87 1270 50 24 ella
153 1270 180 32 inrättningars
352 1273 57 29 eget
427 1270 101 24 område
547 1270 61 24 eller
625 1270 38 24 uti
681 1270 72 24 deras
773 1277 69 17 ome-

86 1304 101 24 delbara
205 1304 96 30 närhet,
321 1304 9 24 i
346 1304 62 32 följd
425 1304 92 25 hvaraf
536 1304 163 25 ombudsmän
718 1304 15 24 å
746 1304 97 24 sådana

87 1341 65 21 orter
178 1339 56 24 icke
261 1340 42 23 äro
329 1339 134 32 behöfliga.
498 1339 199 24 Vidkommande
724 1338 119 27 särskildt

84 1372 268 33 byggnadsföretagen,
372 1373 30 24 så
420 1373 46 24 har
484 1373 42 24 det
543 1373 68 25 visat
630 1373 44 32 sig,
694 1374 38 23 att
744 1373 42 24 vid
799 1373 43 24 de-

69 922 13 16 N
