1034 1623
199 73 12 21 6
381 72 73 22 Ständ.
470 71 49 23 Skr.
532 84 28 3 —
576 72 202 27 Bankreglementet.

199 148 28 14 en
250 141 126 21 biträdande
399 141 138 22 vexelkassör
559 141 112 22 äfvensom
694 149 26 14 en
739 141 51 22 eller
806 141 37 22 två
858 141 101 22 kontors-

199 175 112 22 skrifvare.

549 246 26 21 63
591 246 19 26 8.

271 307 50 22 Den
346 307 95 22 bankens
465 308 106 21 ordinarie
591 308 91 21 embets-
698 309 51 20 eller
763 309 128 28 tjensteman
907 307 52 22 eller

199 341 89 29 betjent,
309 349 46 14 som
378 342 28 29 pä
428 350 53 21 egen
504 343 92 28 begäran
620 343 89 21 erhäller
730 342 83 27 afsked,
832 344 24 19 är
876 342 34 21 för
925 343 33 20 sin

201 376 137 21 återstående
361 376 67 22 lifstid
451 377 120 28 berättigad
595 377 33 21 till
650 377 53 28 årlig
721 377 90 28 pension
826 377 23 21 af
862 377 95 21 bankens

201 410 72 22 medel
288 411 96 27 sålunda,
399 413 32 19 att
446 411 47 27 den,
508 419 46 14 som
570 411 92 29 uppnått
677 413 101 20 sextiotre
792 411 34 21 års
843 411 60 22 ålder
918 411 41 22 och

202 445 66 21 minst
282 445 117 22 trettiofem
416 445 23 22 är
454 447 56 20 varit
525 446 8 21 i
548 445 77 22 allmän
640 446 65 28 tjenst
720 445 90 26 anstäld,
819 445 80 22 undfär
911 445 48 22 hela

200 479 67 22 lönen
281 480 9 21 i
305 481 96 27 pension,
416 480 41 21 den
474 487 46 14 som
535 480 50 28 fyllt
599 480 120 21 femtiofem
733 480 23 21 är
766 480 41 21 och
817 481 68 27 tjenat
895 481 64 20 minst

199 515 76 20 trettio
296 514 24 21 är
339 517 33 18 tre
387 514 133 29 fjerdedelar,
536 515 42 21 den
594 522 45 14 som
654 515 92 28 uppnätt
760 514 75 21 femtio
850 514 35 21 ärs
900 514 59 21 älder

201 548 42 21 och
259 549 56 20 varit
329 549 7 20 i
351 549 67 28 tjenst
432 550 66 20 minst
513 549 105 28 tjugufem
633 548 23 21 är
668 549 38 20 två
715 548 134 29 tredjedelar,
860 548 42 21 den
913 555 45 14 som

198 583 45 28 fylt
265 583 79 28 fyratio
367 583 24 21 år
413 583 41 21 och
474 583 69 28 tjenat
557 583 64 21 minst
636 583 59 28 tjugu
711 583 23 20 är
749 582 81 21 hälften
847 585 55 18 samt
917 582 42 21 den

199 624 48 14 som
263 617 92 28 uppnätt
369 617 118 21 trettiofem
502 617 34 21 ärs
552 617 60 22 älder
627 617 41 22 och
682 618 68 27 tjenat
765 617 65 21 minst
841 617 82 21 femton
936 617 23 20 är

201 659 26 14 en
249 648 106 31 fjerdedel
375 651 23 22 af
420 652 62 21 lönen
500 653 6 20 i
523 652 95 28 pension.
648 651 62 22 Dock
730 653 24 19 är
773 651 130 21 ordförande
919 651 40 21 och

199 686 110 21 ordinarie
328 685 95 22 ledamot
436 687 8 20 i
460 686 140 27 direktionen,
618 693 45 14 som
679 687 7 20 i
701 687 31 20 tio
747 685 24 22 är
786 685 87 22 beklädt
889 685 70 21 direk-

199 720 133 22 törsembete
347 721 7 20 i
369 720 104 22 Finlands
489 721 69 26 Bank,
568 721 79 28 jemväl
659 720 120 28 berättigad
790 722 37 24 att,
838 720 121 21 oberoende

198 755 26 21 af
246 755 111 28 tjenstetid
380 756 7 20 i
410 755 72 28 öfrigt,
505 755 36 21 vid
561 756 32 20 sin
613 755 79 28 afgäng
707 755 47 21 frän
770 755 93 28 tjensten
880 754 79 22 erhälla

200 790 92 28 pension
308 789 55 21 efter
378 789 102 29 uppnädd
497 789 60 21 älder
573 790 66 28 enligt
654 789 65 21 ofvan
734 789 114 21 faststälda
862 788 97 29 grunder.

273 829 204 29 Bankfullmäktige,
495 830 14 21 å
523 829 74 22 hvilka
615 830 37 21 det
669 830 124 21 ankommer
808 831 32 19 att
854 829 105 21 fastställa

200 865 133 28 pensionens
357 864 83 29 belopp,
456 864 34 21 må
511 864 154 28 undantagsvis
680 864 82 21 tilldela
778 863 181 28 afskedstagande

201 899 94 20 embets-
318 899 51 21 eller
391 899 128 28 tjensteman
542 899 89 28 pension
651 898 33 21 till
698 899 67 28 högre
781 898 77 29 belopp
874 899 26 20 än
916 898 43 27 det,

198 933 91 21 hvartill
303 933 43 21 han
362 933 66 29 enligt
443 933 140 22 förenämnda
601 933 93 28 grunder
709 940 52 14 vore
777 932 126 28 berättigad.

274 973 38 22 Uti
337 973 80 22 antalet
439 973 103 28 tjensteår
564 973 128 21 inberäknas
714 973 78 28 jemväl
815 973 41 20 den
871 972 31 21 tid
918 972 41 22 den

197 1007 187 28 :afskedstagande
406 1009 68 27 tjenat
496 1007 72 22 såsom
591 1010 60 19 extra
669 1008 127 27 tjensteman
813 1007 51 21 eller
880 1007 80 28 betjent

198 1042 10 21 i
224 1042 91 21 banken.

276 1076 85 22 Varder
383 1077 91 21 embets-
497 1077 52 21 eller
568 1077 128 28 tjensteman
718 1076 52 21 eller
790 1076 81 28 betjent
886 1076 6 20 i
909 1075 51 22 ban-

199 1111 46 21 'ken
261 1111 65 21 dömd
342 1112 92 27 tjensten
450 1111 107 28 förlustig,
572 1111 39 21 har
625 1111 41 21 han
682 1111 89 21 förlorat
785 1110 129 28 rättigheten
927 1110 34 21 till

198 1146 101 27 pension.

273 1179 142 28 Rättigheten
431 1183 32 18 att
477 1179 97 29 uppbära
589 1179 66 22 redan
671 1179 93 28 beviljad
775 1179 88 28 pension
876 1179 23 20 af
910 1179 51 20 ban-

199 1214 56 21 kens
271 1214 70 21 medel
357 1214 90 21 förloras
462 1214 79 29 jemväl
557 1214 23 21 af
595 1214 48 27 den,
654 1221 44 14 som
711 1213 55 28 änyo
776 1213 110 21 inträderi
896 1213 65 28 tjenst

199 1248 31 29 pä
245 1248 77 21 allmän
339 1250 48 20 stat.

273 1282 146 29 Tjensteman,
440 1290 46 14 som
506 1282 142 21 tillförsäkras
663 1282 47 21 hela
727 1282 62 21 lönen
804 1283 7 19 i
827 1282 96 28 pension,
938 1283 23 19 är

197 1317 81 28 pligtig
301 1319 37 24 att,
356 1324 37 20 om
413 1317 194 27 bankfullmäktige
623 1316 77 22 sådant
714 1315 86 29 päyrka,
815 1315 94 22 inlemna
924 1323 37 13 an-

196 1351 97 28 :sökning
317 1346 42 26 om
374 1351 83 27 afsked,
480 1351 37 22 vid
533 1351 100 25 äfventyr
648 1354 30 18 att
694 1351 51 28 eljes
762 1350 66 22 varda
844 1350 47 21 frän
907 1350 55 28 tjen-

197 1388 52 18 sten
265 1385 62 22 skild.
