1025 1620
378 69 29 22 U.
423 69 70 22 B.—
509 69 27 21 11.
792 69 40 20 111

76 139 74 27 gande.
179 139 159 26 Statsbidragen
364 138 32 21 för
420 138 132 28 uppförande
577 138 22 21 af
622 137 147 22 folkskolehus
794 138 40 20 och

76 173 134 27 slöjdlokaler
231 175 35 18 äro
288 173 86 26 mycket
396 173 119 21 eftersökta.
545 172 74 21 Ehuru
636 172 31 21 uti
683 172 151 27 skolöfversty-

75 207 81 22 relsens
178 207 170 28 budgetsförslag
368 207 33 21 för
424 209 59 18 nästa
503 207 143 27 finansperiod
663 207 70 20 denna
749 208 47 25 post
811 208 23 19 är

76 242 116 28 föreslagen
217 243 30 20 att
268 241 60 27 höjas
350 241 33 21 till
399 241 89 27 150,000
511 241 59 20 mark
586 247 35 14 om
632 241 50 26 året,
702 247 49 14 vore
769 241 65 20 likväl

75 277 111 27 högeligen
203 276 120 25 önskvärdt,
339 277 30 20 att
384 277 114 25 yttermera
514 276 49 27 höja
579 275 70 22 denna
664 275 138 27 anslagspost.

146 408 34 20 Em
194 408 133 27 jämförande
338 408 57 21 tablå
404 408 82 28 (Bilaga
496 408 30 25 H)
537 408 58 21 öfver
610 407 153 28 statsförslaget
772 407 33 21 för
812 408 23 19 år

76 442 56 21 1904
147 442 39 21 och
201 442 26 21 de
242 442 93 21 faktiska
350 442 145 21 inkomsterna
511 442 40 21 och
565 442 115 27 utgifterna
691 442 143 26 Bevillnings-

75 476 162 22 medelsfonden
251 476 56 21 intill
323 476 41 21 den
380 476 26 22 30
422 476 121 22 November
557 476 101 28 bilägges.

144 511 72 27 Enligt
239 511 136 21 statsverkets
398 511 68 21 bilans
488 517 38 21 per
549 511 25 21 31
596 510 119 22 December
731 511 54 21 1903
801 512 33 19 ut-

76 545 72 28 gjorde
157 545 299 27 bevillningsmedelsfondens
465 545 155 28 kapitalbelopp
629 545 26 21 då
662 545 130 28 10,786,610:
800 546 33 20 97.

75 580 73 27 Enligt
170 580 56 21 1904
248 579 33 22 års
303 580 131 27 statsförslag
448 580 87 28 belöper
551 580 32 27 sig
598 579 139 22 öfverskottet
752 580 21 21 af
787 580 48 21 fon-

76 615 52 20 dens
148 615 117 20 inkomster
283 615 32 21 till
336 615 110 26 2,479,700
467 615 43 26 mk,
525 615 85 20 hvartill
626 615 96 20 kommer
743 615 91 20 öfverfö-

75 650 47 27 ring
144 649 44 21 från
211 649 133 21 statsfonden
366 649 21 21 af
401 649 111 28 4,000,000
528 649 41 21 mk.
600 649 81 28 Lägges
697 649 70 21 härtill
782 649 50 27 (enl.

75 683 53 22 Näd.
150 684 82 21 brefvet
253 684 21 21 af
289 684 13 20 8
317 683 60 22 Febr.
398 684 63 27 1905)
478 684 90 26 700,000
584 683 70 22 säsom
670 684 117 27 ersättning
802 684 33 20 för

76 720 29 19 ett
125 718 47 21 frän
193 718 79 21 fonden
297 718 23 21 är
339 718 55 21 1904
416 718 32 21 till
466 718 237 27 krigsmanshuskassan
719 718 116 21 öfverfördt

76 752 81 28 belopp,
173 753 96 20 kommer
291 752 301 27 bevillningsmedelsfondens
616 753 115 21 öfverskott
752 754 30 19 att
798 752 36 21 vid

75 789 83 19 senaste
178 787 155 27 finansperiods
355 787 81 27 utgäng
458 789 74 25 utgöra
554 787 67 27 enligt
646 787 118 27 beräkning
780 787 54 20 Fmk

76 821 129 27 17,966,310:
223 822 27 20 74
265 821 52 21 eller
331 822 8 20 i
354 822 36 20 det
404 823 106 19 närmaste
526 822 125 26 18,000,000
666 821 60 21 Fmk.

144 855 74 29 Under
241 855 119 27 antagande
382 857 30 19 att
434 856 115 26 utgifterna
571 856 69 20 under
655 855 22 21 är
694 855 55 21 1904
765 855 69 27 uppgå

74 890 32 20 till
123 890 26 20 de
164 890 6 20 i
186 890 153 27 statsförslaget
353 892 107 25 upptagna
476 890 76 27 belopp
567 892 33 19 ter
615 890 32 27 sig
663 890 172 26 sammandraget

76 924 21 20 af
110 924 142 28 räkningarne
267 924 60 21 öfver
341 924 291 28 bevillningsmedelsfonden
648 924 33 21 för
695 923 139 28 finansperio-

75 958 41 21 den
133 958 142 22 1901—1904
290 958 91 21 sälunda
559 975 10 9 5

350 1015 64 23 Enligt
423 1015 65 19 beräk-
526 1014 87 19 Faktiskt
622 1021 35 12 un-
697 1015 63 23 Enligt
780 1016 54 17 stats-

349 1050 45 23 ning
402 1049 32 19 vid
443 1050 45 18 1900
504 1045 12 33 —
523 1049 32 19 der
565 1050 43 18 ären
617 1050 44 18 1901
675 1045 11 33 —
701 1050 88 23 förslaget
800 1050 30 18 för

351 1084 29 18 års
392 1084 96 24 landtdag.
555 1079 74 33 —1903.
724 1085 20 17 år
757 1084 50 18 1904.

154 1107 67 21 Debet
226 1115 7 13 :

70 1142 61 33 Netto
138 1142 100 33 behällning
248 1147 43 18 från
297 1148 20 17 år
581 1158 4 2 :

98 1182 46 18 1000"
166 1195 3 4 s
195 1195 3 4 ro
223 1195 32 4 mo
281 1196 4 3 6
311 1196 3 4 ia
409 1192 23 3 —
531 1182 97 23 1,667,862:
642 1182 22 18 31
755 1192 23 2 —

73 1216 59 18 Netto
140 1215 83 19 inkomst
231 1215 20 18 af
259 1217 58 16 stäm-

97 1250 153 23 pelbevillningen
281 1264 4 4 .
311 1264 4 4 .
356 1250 133 23 6,800,000:—
530 1251 97 22 5,120,344;
640 1251 22 18 63
685 1246 8 32 =
704 1251 96 22 1,683,900:
812 1260 24 3 —

73 1285 59 18 Netto
152 1284 20 18 af
191 1284 125 24 bevillningen

96 1319 30 19 för
137 1319 126 23 maltdrycker
281 1333 4 4 .
310 1333 4 4 .
356 1319 98 23 3,300,000
466 1330 23 2 —
529 1320 98 22 2,354,640:
641 1320 22 18 98
720 1320 80 23 571,800:
813 1329 23 3 —

74 1354 57 18 Netto
144 1354 19 18 af
173 1354 100 23 bevillning
286 1354 30 18 för

98 1388 81 23 spelkort
195 1402 4 4 .
224 1402 4 4 .
253 1402 4 4 .
283 1402 3 4 .
311 1402 4 4 «
374 1388 81 23 112,000:
467 1399 23 3 —
559 1388 68 24 99,076:
640 1388 23 18 50
732 1388 68 22 29,000;
813 1398 23 2 —

143 1423 162 19 Statsutskottets
318 1423 121 19 betänkande
450 1424 40 18 N:o
502 1423 17 18 4.
