1034 1623
199 80 12 21 8
308 79 73 23 Ständ.
397 79 49 23 Skr.
461 92 28 3 —
506 79 202 28 Bankfullmäktiges
723 79 125 23 berättelse.

198 151 79 22 hvars
305 151 163 22 verksamhet
494 151 56 22 icke
574 158 61 16 vore
655 151 89 23 afsedd
764 152 36 22 att
817 151 139 23 inskränka

199 186 40 28 sig
257 186 37 21 till
313 186 112 29 växling,
444 186 278 29 penningetransferter
736 186 46 22 och
796 186 80 22 andra
889 186 68 22 kom-

198 220 240 29 missionsuppdrag
469 221 63 21 utan
562 220 100 23 komme
690 221 35 21 att
753 220 104 22 omfatta
886 221 71 22 såväl

197 254 144 29 upplåning
361 261 52 15 som
432 254 244 29 kreditoperationer
688 255 9 22 i
710 255 80 22 sådan
800 255 157 29 omfattning,

199 295 54 27 som
282 289 43 22 vid
353 289 164 22 bankrörelse
536 289 8 22 i
563 290 111 28 egentlig
693 290 102 28 mening
814 290 28 22 är
860 290 94 28 vanlig.

199 323 85 22 Äfven
313 330 31 16 en
372 324 80 22 sådan
480 324 91 28 åtgärd
599 324 51 22 kan
668 324 55 22 icke
742 324 80 22 sättas
841 324 8 22 i
867 324 89 22 verket

197 359 64 21 utan
281 358 157 22 Ständernas
457 358 137 29 samtycke,
615 359 61 21 enär
695 358 79 29 enligt
786 358 118 29 gällande
912 358 44 30 lag

199 392 91 22 endast
314 392 84 22 finska
416 393 171 29 inrättningar
606 393 26 22 få
650 392 89 23 utöfva
758 393 198 23 bankverksam-

197 427 44 22 het
259 427 9 22 i
284 427 95 22 landet.

268 461 13 22 I
307 461 118 22 afseende
450 461 14 22 å
492 462 135 22 drifvande
647 461 25 22 af
690 461 165 22 bankrörelse
874 462 8 21 i
900 461 56 23 Fin-

197 496 62 22 land
286 496 122 22 hänvisar
436 496 129 29 nämligen
592 496 181 29 näringslagen
802 496 25 22 af
854 496 48 22 den
921 496 32 23 31

198 537 68 15 mars
296 530 68 23 1879
392 530 37 22 till
450 531 49 22 den
519 531 126 22 särskilda
662 530 168 29 lagstiftning,
850 537 54 16 som
922 531 33 22 dä

198 565 76 22 fanns
294 565 60 22 eller
373 565 89 22 efterät
480 565 87 22 kunde
580 565 138 22 tillkomma
732 565 133 29 angäende
877 565 78 22 bank-

198 599 102 22 rörelse.
322 599 91 29 Nägon
433 606 83 15 annan
535 599 159 29 lagstiftning
712 599 34 28 pä
766 599 68 22 detta
852 599 103 22 omräde

198 633 84 23 finnes
301 633 54 22 icke
375 635 32 20 än
425 634 165 29 reglementet
608 634 40 22 för
666 634 122 22 Finlands
807 633 75 23 Bank
892 635 63 21 samt

198 668 185 29 förordningen
408 668 25 22 af
451 669 48 22 den
520 667 31 23 10
570 669 49 28 maj
642 668 66 23 1886
728 668 131 29 angäende
879 668 76 22 bank-

199 703 103 26 rörelse,
323 709 53 16 som
402 703 25 22 af
450 703 77 29 bolag
545 703 82 27 idkas,
646 703 58 22 med
723 703 55 22 däri
797 709 91 22 genom
905 703 50 22 för-

199 737 142 29 ordningen
371 737 24 22 af
425 737 48 22 den
502 737 30 22 11
563 737 64 29 april
647 737 64 22 1901
732 737 123 29 vidtagna
872 737 83 22 förän-

199 771 114 29 dringar.
360 771 173 30 Reglementet
565 772 39 22 för
631 771 121 23 Finlands
780 771 75 22 Bank
882 771 74 22 berör

199 805 162 23 uteslutande
389 806 82 22 denna
489 806 83 23 banks
591 806 170 24 verksamhet.
798 804 45 25 Uti
862 806 14 29 &
898 806 11 22 1
931 806 26 22 af

201 840 68 23 1886
292 841 41 22 ärs
351 840 149 30 förordning
520 841 53 22 äter
593 842 111 28 stadgas,
725 842 35 21 att
778 840 176 30 bankföretag,

199 882 54 15 som
273 875 54 23 afse
347 875 141 29 uppläning
506 876 58 22 frän
583 876 168 22 allmänheten
767 882 98 22 genom,
879 875 77 22 bland

201 911 84 25 annat,
307 910 177 29 emottagande
510 910 25 22 af
559 910 178 28 depositioner,
764 911 44 21 äro
832 910 125 22 underka-

200 944 72 23 stade
296 944 225 29 bestämningarna
539 944 8 22 i
567 951 95 16 samma
680 944 157 29 förordning.
874 944 13 22 I
906 944 14 28 $
940 944 15 22 2

200 979 113 29 stadgas,
335 980 36 21 att
397 978 116 33 samtliga
541 979 162 22 medlemmar
730 979 9 22 i
767 978 80 23 sådan
874 978 82 23 banks

200 1014 107 28 styrelse
335 1013 130 23 äfvensom
484 1014 9 22 i
512 1014 77 28 öppet
607 1013 147 29 bankbolag
773 1013 116 29 samtliga
908 1013 49 22 del-

200 1054 77 23 egare
305 1048 63 22 böra
391 1054 63 16 vara
472 1048 85 22 finska
575 1048 176 29 medborgare.
789 1048 49 22 Det
856 1048 28 22 är
902 1048 55 28 följ-

200 1082 112 29 aktligen
341 1083 89 22 endast
447 1082 85 23 finska
550 1082 178 30 inrättningar,
749 1088 53 16 som
821 1082 78 28 enligt
916 1082 41 22 be-

198 1118 78 21 rörda
303 1117 150 29 förordning
470 1117 27 22 fä
516 1117 89 22 utöfva
624 1116 233 23 bankverksamhet
875 1116 9 22 i
901 1116 56 22 Fin-

198 1151 69 27 land,
291 1152 46 22 och
365 1152 127 22 erfordras
521 1152 114 26 sålunda,
652 1152 40 22 för
720 1152 36 21 att
784 1157 30 16 en
842 1150 63 23 filial
932 1150 26 23 af

198 1186 79 28 ryska
311 1186 156 22 riksbanken
496 1186 65 22 skall
587 1186 113 29 lagligen
726 1186 88 22 kunna
842 1185 114 22 bedrifva

199 1220 165 23 bankrörelse
388 1220 141 26 härstädes,
549 1220 33 29 pä
607 1220 210 29 grundlagsenlig
835 1220 51 28 väg
905 1220 52 22 vid-

199 1256 77 28 tagen
306 1255 108 29 ändring
442 1255 46 22 och
515 1255 197 29 komplettering
738 1254 25 22 af
784 1254 173 29 nyssnämnda

198 1289 83 23 under
301 1288 155 24 Ständernas
474 1289 158 23 medverkan
650 1289 133 22 tillkomna
800 1288 157 29 förordning.

267 1324 121 22 Förutom
416 1324 30 22 de
473 1324 117 28 rättsliga
617 1323 167 29 synpunkter,
810 1329 53 16 som
892 1324 65 21 emot

199 1358 42 22 det
268 1358 79 28 ryska
371 1359 109 27 myntets
504 1358 135 22 införande
663 1358 9 22 i
690 1358 108 22 Finland
816 1357 79 23 ofvan
913 1363 44 16 an-

198 1392 63 22 förts
290 1392 47 23 och
358 1392 87 23 hvilka
463 1392 81 23 redan
564 1392 82 23 allena
664 1392 40 23 för
722 1392 40 30 sig
781 1393 44 21 äro
845 1392 25 22 af
890 1391 67 29 afgö-
