1039 1620
750 60 27 21 25

48 123 39 21 och
101 122 161 22 underlättande
278 122 23 21 af
313 122 132 27 reglerandet
460 122 47 21 utaf
520 122 214 21 ventilationsluftens
753 129 51 21 upp-

48 157 110 27 värmning
173 157 55 21 samt
239 156 103 21 ernående
354 156 67 22 tillika
432 156 22 22 af
463 162 27 16 en
499 156 121 28 minskning
629 156 8 21 i
649 157 157 27 bränsleåtgån-

48 197 41 21 gen
103 191 102 21 särskilda
220 190 112 29 ändringar
347 190 8 21 i
365 191 102 27 projektet
479 191 32 21 till
523 192 78 20 värme-
614 191 38 21 och
663 191 142 21 ventilations-

47 225 117 27 inrättning
178 225 65 21 borde
257 224 102 28 vidtagas,
375 225 127 27 betingande
518 225 65 27 enligt
598 225 115 27 beräkning
728 232 25 14 en
764 225 43 21 till-

48 260 149 27 läggskostnad
215 260 32 20 till
265 259 57 21 förut
339 259 33 21 för
391 260 119 21 ändamålet
529 260 102 27 anslagna
651 260 76 26 18,000
745 260 60 21 mark

49 294 23 21 af
85 295 64 26 3,050
163 295 67 21 mark.

117 329 11 21 I
146 329 152 27 sammanhang
316 329 49 21 med
383 329 160 27 ombyggnaden
564 329 23 21 af
603 329 40 21 den
661 328 8 21 i
687 328 119 22 bankhuset

48 363 48 21 utaf
117 363 153 21 Statskontoret
290 363 89 27 tidigare
399 363 135 27 disponerade
552 363 56 21 lokal
626 363 39 21 har
683 363 31 21 uti
733 362 69 22 denna

49 398 34 21 del
99 398 22 21 af
134 397 118 21 bankhuset
261 398 79 26 jemväl
355 398 98 20 elektrisk
469 398 110 27 belysning
594 397 85 25 införts;
693 397 38 21 och
741 397 65 21 bevil-

46 432 59 27 jades
128 432 72 21 härtill
223 432 40 21 den
285 432 28 21 20
335 432 88 21 Januari
446 432 56 22 1902
525 432 30 21 ett
576 431 98 22 särskildt
693 431 73 27 anslag
786 431 22 21 af

50 467 62 26 2,516
129 467 64 20 mark.

117 501 60 21 Efter
195 501 139 21 slutförandet
352 501 23 21 af
391 501 151 21 ofvanberörda
562 500 135 28 ombyggnad
711 500 39 22 och
767 501 40 21 den

49 535 7 21 i
73 535 152 27 sammanhang
240 535 85 21 dermed
339 535 85 21 utförda
440 535 89 27 ändring
545 534 22 22 af
581 535 24 21 de
620 535 8 20 i
642 535 61 21 södra
715 535 60 21 delen
786 535 24 21 af

49 570 128 22 bankhusets
197 570 43 20 öfre
259 569 76 27 våning
354 569 90 27 belägna
463 576 97 14 rummen
579 570 76 26 ansågs
674 570 35 21 det
729 570 22 21 af
764 571 43 20 sär-

50 604 67 22 skilda
135 604 31 21 uti
184 604 123 28 protokollet
325 604 32 20 för
373 604 41 20 den
431 604 25 21 19
471 604 60 27 April
547 604 55 21 1902
617 605 96 20 närmare
729 604 76 22 omför-

49 639 71 21 mälda
139 639 45 21 skäl
203 638 90 28 önskligt
312 639 31 20 att
364 638 40 21 den
418 638 99 21 beslutna
532 638 160 27 ombyggnaden
708 638 23 22 af
743 638 63 30 bank-

49 673 63 21 huset
134 673 7 21 i
163 673 47 21 dess
229 673 72 21 helhet
319 672 130 22 omedelbart
466 673 83 21 komme
571 673 34 21 till
625 673 121 25 utförande;
766 673 39 21 och

49 708 112 27 beviljades
177 707 49 21 med
241 707 97 21 afseende
353 707 52 21 härä
420 707 102 27 sistsagde
539 707 40 27 dag
593 707 32 21 för
641 707 119 21 ändamålet
775 708 31 20 ett

51 742 73 27 anslag
139 742 22 21 af
177 742 90 25 155,700
281 742 65 20 mark.

120 776 123 22 Sedermera
257 776 38 21 har
310 776 41 22 den
366 777 27 21 27
410 776 123 28 September
549 776 55 22 1902
615 776 26 28 pä
650 776 156 27 framställning

51 811 22 21 af
89 811 143 27 Direktionen,
247 810 33 21 till
295 810 134 21 anskaffande
445 810 23 21 af
482 810 70 21 diskar
568 811 38 20 och
621 811 138 20 kassaskrank
774 810 32 21 för

51 845 219 27 expeditionsrummet
289 845 54 21 samt
360 845 64 27 inköp
443 845 23 21 af
479 845 103 21 särskilda
600 844 66 21 andra
680 844 128 22 inventarier

50 879 33 21 för
97 879 118 21 bankhuset
230 879 101 27 anslagits
346 879 64 26 8,000
424 879 67 21 mark.

113 909 174 32 "Ombyggnaden
305 913 22 22 af
343 913 125 26 bankhuset,
487 920 46 15 som
551 913 70 28 dragit
639 920 26 15 en
683 913 89 22 kostnad
788 913 22 21 af

51 949 74 21 inalles
148 949 92 26 216,593
263 949 60 19 mark
346 949 26 20 76
395 948 70 27 penni,
490 948 44 21 blef
553 948 89 20 slutförd
664 948 8 20 i
693 948 74 26 början
790 947 22 21 af

50 983 89 21 Januari
163 982 60 22 1903.
255 982 59 21 Dock
335 982 38 21 har
393 982 40 21 den
452 982 109 21 tillernade
581 982 202 27 tresorafdelningen
802 982 7 20 i

50 1017 119 21 bankhuset
183 1016 115 22 tillsvidare
313 1016 46 22 icke
374 1017 88 21 kommit
477 1017 33 21 till
525 1016 117 22 utförande.

401 1075 11 27 s
428 1075 34 21 25.

121 1120 69 22 Sedan
213 1120 144 22 Direktionen-
370 1121 39 21 hos
429 1120 192 27 Bankfullmäktige
641 1120 115 21 framhållit
776 1120 32 21 att
818 1118 91 28 Åtgärder
922 1124 30 16 rö-

54 1155 120 21 kontraktet
189 1155 107 27 angående
311 1155 106 21 kontorets
431 1155 8 21 i
453 1155 130 27 Björneborg
597 1154 56 22 lokal
666 1155 87 27 utginge
769 1154 41 22 den
827 1152 59 18 rande
897 1152 45 17 kon-

54 1190 9 20 1
84 1189 51 21 Juni
155 1190 62 25 1903,
235 1189 105 21 hvarefter
358 1189 68 27 hyran
444 1189 32 21 för
495 1189 88 27 lokalen,
600 1195 45 15 som
660 1189 103 21 derintills
778 1176 176 54 ut-Poralokalerna.

51 1223 55 28 gjort
125 1223 63 26 2,000
205 1223 60 22 mark
284 1230 33 14 om
336 1223 50 27 året,
402 1223 83 21 komme
501 1223 32 21 att
547 1223 59 27 höjas
622 1223 32 21 till
671 1223 64 26 3,300
749 1223 61 21 mark
822 1210 13 21 )
840 1210 114 22 Björmoborg.

52 1257 107 22 äfvensom
177 1258 31 21 att
222 1258 141 21 Handlanden
379 1257 25 22 G.
421 1257 23 21 E.
459 1258 107 27 Ramberg
581 1258 8 20 i
607 1257 136 28 Björneborg,
758 1257 54 22 hvil-

51 1292 41 21 ken
111 1292 76 21 ernade
206 1292 88 27 uppföra
309 1293 31 20 ett
355 1292 87 21 stenhus
459 1292 114 26 derstädes,
589 1292 100 21 förklarat
705 1292 32 27 sig
753 1292 59 27 villig

52 1327 31 20 att
99 1326 43 21 deri
156 1327 73 21 inreda
245 1333 25 14 en
285 1326 99 27 tidsenlig
399 1327 56 20 lokal
470 1326 32 21 för
513 1327 96 20 kontoret
619 1327 56 20 samt
685 1326 7 21 i
704 1333 26 14 en
741 1326 70 27 gärds-

51 1361 99 26 byggnad
164 1361 74 21 bostad
253 1361 32 20 för
299 1361 107 21 kontorets
417 1361 148 26 vaktmästare,
577 1361 62 21 hafva
650 1360 160 21 Bankfullmäk-

51 1395 44 26 tige
114 1395 40 21 den
173 1395 27 21 26
218 1395 101 21 Februari
339 1395 55 21 1902
409 1395 138 27 bemyndigat
563 1395 136 21 Direktionen
715 1395 31 21 att
760 1395 50 21 med
