1034 1620
257 73 13 21 6

227 136 49 21 med
299 136 66 25 4,000
387 137 59 20 mark
460 137 34 20 till
508 137 41 21 den
566 137 11 21 1
593 137 52 21 Juni
661 137 53 21 1911
732 138 38 20 och
784 137 50 22 med
848 138 65 26 4,300
926 138 60 21 mark

227 170 68 22 under
311 170 42 21 den
369 170 129 22 återstående
513 171 129 27 hyrestiden.

82 209 20 23 3)
115 209 26 18 S:t
152 208 69 18 Peters-
297 204 12 22 I
331 205 136 21 betraktande
490 205 24 21 af
535 206 133 26 svårigheten
687 206 32 21 att
733 206 57 21 inom
806 206 41 21 den
862 206 59 21 korta
935 213 52 21 upp-

126 238 50 22 burg.
198 234 16 38 —
228 239 133 27 sägningstid
383 239 22 21 af
425 240 31 20 tre
478 240 106 27 månader,
604 246 45 15 som
672 240 60 27 gälde
750 240 32 21 för
804 240 183 28 hyreskontraktet

228 280 35 16 om
284 274 99 21 Bankens
409 274 141 21 kontorslokal
572 274 32 21 uti
628 274 214 22 Statssekretariatets
864 275 40 21 hus
925 275 8 20 i
955 274 32 22 S:t

227 308 134 27 Petersburg,
380 308 78 21 erhålla
480 308 39 21 och
540 308 160 28 iordningställa
722 316 29 20 ny
772 309 88 27 lämplig
881 309 56 21 lokal
954 308 33 22 för

228 344 96 20 kontoret
345 342 113 27 derstädes,
475 342 54 22 hade
547 343 96 21 kontoret
657 343 67 21 under
738 343 63 21 våren
817 343 23 22 af
852 343 134 22 Direktionen

229 378 110 21 anmodats
361 378 31 20 att
413 377 49 21 med
484 377 155 21 vederbörande
658 377 146 21 underhandla
820 378 106 27 angående
941 385 46 21 pro-

227 411 108 27 longation
358 411 27 28 på
408 411 68 27 någon
497 411 74 27 längre
594 411 30 21 tid
640 411 22 22 af
675 411 66 28 sagda
756 412 167 27 hyreskontrakt,
937 419 50 14 men

228 446 55 21 hade
299 445 60 22 dessa
377 445 158 27 förhandlingar
550 445 45 22 icke
609 446 45 21 ledt
668 446 33 21 till
716 446 63 27 något
793 447 85 27 positivt
892 447 95 21 resultat.

228 480 33 21 Då
284 479 88 22 sålunda
394 479 41 22 den
458 479 138 28 möjligheten
617 480 46 21 icke
681 487 37 14 var
733 480 107 22 utesluten
855 481 32 21 att
900 481 87 21 Banken

228 515 66 21 redan
317 515 61 20 nästa
400 515 36 21 vär
452 514 68 22 blefve
536 514 89 28 uppsagd
638 510 45 36 till
694 514 125 28 afflyttning
833 515 46 22 från
894 516 40 21 den
949 522 38 14 nu-

229 549 91 22 varande
343 549 172 26 kontorslokalen,
533 549 55 21 hade
609 549 136 21 Direktionen
767 550 70 21 ansett
855 550 32 21 att
900 550 88 21 Banken

228 583 64 22 borde
318 583 94 21 försäkra
434 583 32 27 sig
489 590 34 14 om
542 589 26 15 en
582 583 8 21 i
605 584 77 27 mänga
698 583 114 22 afseenden
826 584 87 28 lämplig
927 584 60 25 lokal,

229 625 46 14 som
297 617 133 28 tillfälligtvis
453 617 48 22 stod
523 618 34 21 till
577 618 54 21 buds
653 618 8 21 i
678 618 69 21 finska
762 618 225 28 kyrkoförsamlingens

229 653 40 21 hus
291 652 36 22 vid
351 652 60 21 Stora
427 652 175 27 Stallhofsgatan;
618 653 38 21 och
671 653 63 21 hafva
748 653 199 27 Bankfullmäktige,
962 653 27 28 pä

229 687 75 21 härom
327 687 23 21 af
370 687 135 21 Direktionen
529 686 60 28 gjord
611 687 163 28 framställning,
790 688 41 21 den
855 688 25 21 12
895 687 45 22 Juli
954 688 35 21 be-

230 721 112 28 myndigat
363 721 135 21 Direktionen
521 722 31 20 att
574 721 49 22 med
645 721 156 22 vederbörande
822 722 50 27 ingä
889 722 52 21 aftal
955 728 34 15 om

231 755 137 28 upphyrande
390 756 32 21 för
441 755 99 22 Bankens
562 756 90 27 räkning
667 755 23 22 af
703 755 65 28 sagda
783 756 61 27 lokal,
860 756 32 21 för
905 756 84 21 hvilken

229 791 75 26 hyran,
320 787 49 24 incl.
389 790 39 21 ved
443 791 55 20 samt
513 790 36 21 två
562 797 49 14 rum
625 790 38 21 och
678 790 40 21 kök
733 790 32 21 för
780 791 161 25 vaktmästaren,
956 791 33 20 ut-

230 824 71 28 gjorde
327 825 63 26 1,800
412 824 66 25 rubel,
495 824 50 22 med
567 824 68 22 vilkor
657 825 32 21 att
710 824 89 22 Banken
814 831 34 15 om
862 825 82 27 möjligt
959 824 31 22 för

231 866 26 14 en
279 859 73 27 längre
375 859 38 27 tid,
430 858 125 28 exempelvis
579 859 27 21 10
628 859 29 25 är,
673 858 113 28 tryggades
808 858 35 22 vid
865 859 124 26 kontraktet,

229 900 50 14 men
299 893 12 21 ä
327 893 32 21 sin
375 893 45 21 sida
436 893 51 27 egde
503 893 43 21 rätt
561 893 38 26 att,
618 893 3 20 i
637 893 100 21 händelse
754 892 22 22 af
788 893 106 21 kontorets
908 893 82 27 indrag-

230 927 51 27 ning
305 927 97 27 tidigare,
418 928 94 27 uppsäga
531 927 123 22 detsamma.
684 927 76 22 Tillika
774 927 165 28 bemyndigades
953 927 37 21 Di-

230 962 114 21 rektionen
367 962 31 21 att
412 962 32 21 för
460 962 79 21 sådana
554 962 86 21 arbeten
655 962 12 21 &
681 962 178 22 kontorslokalens
874 962 115 28 inredning,

231 1003 45 15 som
293 996 67 27 enligt
375 996 36 21 det
426 996 49 21 med
490 996 156 22 vederbörande
661 996 90 21 träffade
767 996 134 27 preliminära
918 996 73 22 aftalet

230 1030 83 22 komme
337 1031 31 21 att
390 1030 97 22 bekostas
508 1030 23 22 af
543 1030 89 22 Banken
648 1030 157 28 (förnämligast
819 1030 137 28 inredningen
971 1030 23 22 af

231 1064 110 27 hvalfvet),
357 1064 23 22 af
393 1064 99 22 Bankens
513 1065 71 21 medel
606 1065 96 21 använda
724 1064 56 22 ända
800 1065 34 21 till
848 1065 63 27 3,000
921 1064 68 22 rubel.

85 1100 21 22 4)
123 1099 103 19 Sordavala.
301 1099 59 21 Efter
384 1099 36 21 det
440 1099 137 21 Direktionen
599 1100 38 21 hos
659 1099 193 27 Bankfullmäktige
867 1099 80 21 anmält
961 1099 32 21 att

231 1134 97 21 kontoret
352 1134 7 21 i
377 1133 120 26 Sordavala,
512 1133 8 21 i
536 1134 103 21 anseende
655 1133 33 22 till
704 1133 47 22 dess
766 1133 130 22 förestäende
910 1133 83 28 inflytt-

231 1168 58 27 ning,
306 1167 42 22 den
369 1169 10 19 1
400 1167 52 22 Juni
469 1168 60 27 1905,
545 1168 8 21 i
568 1174 26 15 en
609 1175 29 20 ny
652 1168 66 21 större
733 1167 63 26 lokal,
811 1173 49 16 vore
874 1167 8 21 i
896 1167 62 22 behof
973 1167 22 21 af

232 1202 65 21 delvis
321 1209 28 20 ny
374 1202 76 25 möbel,
466 1202 63 21 hafva
543 1202 192 26 Bankfullmäktige
751 1201 41 21 den
807 1202 28 21 30
848 1201 121 27 December,
985 1201 7 21 i

232 1236 93 27 enlighet
352 1236 54 27 med
428 1236 113 28 uppgjordt
569 1236 187 27 kostnadsförslag,
778 1236 33 20 för
832 1235 119 22 ändamälet
973 1235 22 21 af

231 1270 99 22 Bankens
357 1270 70 22 medel
449 1270 83 22 anvisat
554 1271 31 21 ett
607 1270 73 27 anslag
702 1270 24 22 af
739 1270 55 21 ända
808 1270 33 21 till
857 1270 55 21 1896
927 1270 66 21 mark.

120 1304 17 22 5)
152 1297 45 25 Åbo.
300 1305 57 21 Enär
380 1304 36 22 det
438 1305 54 21 visat
511 1305 33 27 sig
559 1305 31 21 att
604 1304 151 28 ventileringen
772 1304 22 21 af
807 1304 106 22 kontorets
927 1304 8 21 i
948 1298 45 27 Äbo

231 1339 56 21 lokal
305 1346 37 14 var
358 1339 215 26 otillfredsställande,
589 1339 62 21 hafva
665 1338 200 28 Bankfullmäktige,
881 1338 26 28 pä
920 1338 74 22 Direk-

232 1373 82 21 tionens
338 1373 161 28 framställning,
515 1374 41 20 den
575 1374 28 21 23
617 1373 57 21 Mars
689 1373 111 27 medgifvit
814 1373 32 21 att
861 1372 23 22 af
895 1372 98 22 Bankens

232 1408 71 20 medel
327 1408 31 21 ett
381 1408 74 27 belopp
478 1408 24 21 af
521 1408 63 27 högst
606 1408 42 21 250
670 1407 59 21 mark
752 1407 57 27 finge
828 1407 119 27 disponeras
962 1407 33 21 för
