1009 1614
168 80 24 17 54
273 79 2 2 |
408 80 139 23 Delegationens
559 80 92 17 berättelse
664 85 29 12 om

167 151 118 23 vårdaren
302 149 118 25 anställas.
447 146 79 27 Äfven
541 151 43 22 har
599 151 69 29 fråga
681 151 61 23 varit
753 157 39 16 om
804 157 117 16 samman-

167 187 98 22 förande
276 187 24 22 af
311 187 66 23 såväl
388 186 28 23 de
427 187 127 23 Antellska
565 193 51 16 som
627 187 75 29 öfriga
712 186 210 29 vapensamlingar

168 223 14 23 å
205 223 137 28 Hagasund,
362 223 86 22 medan
471 223 8 22 i
496 222 71 29 öfrigt
583 223 75 28 enligt
672 223 185 28 Delegationens
874 228 46 16 me-

167 259 59 28 ning
250 259 163 28 samlingarna
436 258 72 23 borde
524 265 51 16 som
590 258 156 23 härförinnan
762 257 107 28 bevaras,
886 257 36 22 till

168 294 54 27 dess
247 295 40 22 det
314 300 48 23 nya
385 295 99 30 museet,
508 294 72 23 hvars
604 293 196 30 byggnadsfråga
823 300 99 16 numera

167 331 62 28 tagit
253 332 34 21 ett
310 332 54 27 steg
380 329 118 34 "närmare
519 331 37 22 sin
572 330 101 29 lösning,
690 331 48 22 kan
754 330 8 21 i
780 336 29 16 en
825 329 98 23 framtid

166 365 75 23 varda
257 366 127 29 uppfördt..
411 390 3 3 .

239 401 37 23 Då
300 401 130 23 emellertid
451 402 76 29 under
550 401 46 23 den
619 401 184 30 ständerperiod,
823 407 51 16 som
889 407 33 16 nu

166 437 110 30 vidtagit,
300 437 222 30 museibyggnaden
546 438 54 22 icke
624 437 84 23 hinner
728 437 129 23 fullbordas
879 436 42 23 och

167 473 92 22 således
276 473 40 23 det
334 473 138 23 nuvarande
487 474 140 29 provisoriet
642 473 130 23 tillsvidare
788 472 133 27 fortbestår,

168 509 26 22 så
220 510 36 21 att
276 509 79 29 någon
374 509 139 29 förändring
529 510 9 22 i
553 509 214 29 bestämningarna
782 508 42 23 för
834 508 87 23 vården

167 551 38 16 om
221 544 127 23 Antellska
363 545 163 29 samlingarna
542 546 19 28 ej
575 544 61 23 däraf
651 545 117 29 påkallas,
780 545 64 22 samt
856 543 66 24 såväl

167 580 45 22 den
228 580 151 28 instruktion,
397 587 50 16 som
465 580 30 23 af
506 580 133 23 Ständerna
656 581 26 22 är
699 584 57 19 1900
773 580 53 29 gafs
842 580 36 22 för
894 579 28 31 de
942 598 2 2 -

166 616 127 22 Antellska
321 616 173 29 samlingarnas
520 616 146 29 förvaltning
692 622 52 17 som
770 616 44 22 ock
838 612 84 26 fördel-

166 652 92 28 ningen
282 652 24 22 af
328 652 164 22 räntemedlen
513 652 38 24 för
572 652 118 23 särskilda
712 650 164 30 inköpsbehot,
899 651 24 22 af

166 687 172 29 Delegationen
355 687 121 23 befunnits
486 688 55 22 fullt
552 688 213 28 ändamälsenliga,
776 687 36 23 fär
823 687 98 29 Delega-

166 724 88 26 tionen,
271 723 54 23 med
340 724 152 29 upprepande
510 724 23 22 af
552 724 164 28 nyssnämnda
736 722 185 30 bestämningar,

166 759 123 23 vördsamt
304 759 92 28 föreslä,
414 760 34 22 att
464 759 134 23 Ständerna
614 760 54 22 ville
686 759 103 23 besluta:

382 832 24 28 1)
426 834 32 20 att
478 832 96 21 tillsätta
593 839 28 14 en
644 831 141 29 Delegation,
808 831 114 22 bestäende

312 868 27 27 af
358 875 27 14 en
409 868 93 21 medlem
526 867 38 22 och
584 869 32 20 tre
632 868 147 27 suppleanter
794 867 36 27 för
846 866 76 28 hvarje

310 904 73 28 stånd,
407 904 51 21 med
481 904 101 27 uppdrag
601 905 33 20 att
649 903 35 28 för
702 903 56 21 åren
773 902 151 22 1905—1907

311 940 129 27 handhafva
455 939 85 22 vården
552 946 34 15 om
597 940 26 21 de
638 939 119 22 Antellska
768 938 155 28 samlingarna

311 975 38 22 och
366 975 172 28 användningen
556 975 28 27 af
595 975 155 22 räntemedlen
763 982 29 14 ur
802 974 120 30 Kammar-

311 1010 65 22 rådet
390 1011 105 21 Herman
510 1011 138 28 Rosenbergs
666 1011 61 26 fond,
744 1012 58 20 samt
817 1010 50 22 med
877 1012 46 20 rätt

310 1047 36 27 för
363 1047 161 28 Delegationen
541 1048 39 25 att,
597 1047 42 21 där
656 1047 36 21 till
710 1046 115 28 äfventyrs
836 1046 35 27 för
882 1045 40 23 nå-

310 1084 36 26 got
369 1083 68 21 stånd
460 1082 78 28 förfall
562 1082 106 29 inträffat
690 1082 38 28 för
744 1082 104 27 samtliga
864 1082 58 21 leda-

310 1120 75 26 möter,
409 1118 9 22 i
437 1118 74 22 stället
529 1118 87 22 inkalla
633 1118 27 28 af
673 1119 73 21 annat
762 1118 66 21 stånd
843 1117 80 22 utsedd

311 1154 121 28 suppleant
446 1154 36 28 för
498 1154 43 22 den
557 1154 33 22 tid
606 1154 98 28 behofvet
720 1156 80 24 varar;

381 1220 24 27 2)
426 1221 33 20 att
479 1220 43 22 den
542 1220 74 28 årliga
634 1220 126 22 inkomsten
778 1219 10 21 i
802 1219 120 21 Kammar-

310 1255 65 21 rådet
392 1255 104 22 Herman
511 1256 139 27 Rosenbergs
666 1255 58 28 fond
739 1255 58 21 skall
812 1254 61 22 intill
889 1256 34 19 ut-

310 1291 88 28 gången
414 1291 28 27 af
455 1291 172 28 Delegationens
642 1291 109 28 uppdrag
765 1290 98 22 sålunda
878 1287 50 30 för-

312 1327 66 27 delas,
404 1328 32 20 att
460 1328 32 20 tre
516 1327 130 27 femtedelar
666 1326 73 27 däraf
757 1326 115 22 användas
888 1326 35 21 till

310 1361 66 29 inköp
404 1363 27 27 af
451 1363 115 21 konstverk
587 1363 38 21 och
641 1361 211 23 konstindustriella
867 1362 55 27 före-
