1050 1628
215 59 31 22 84
554 60 26 22 H

185 129 79 28 uppgä
282 129 37 21 till
338 129 98 28 ungefär
454 129 130 29 22,950,000
600 129 72 28 mark,
689 129 20 21 d.
725 137 20 14 v.
761 137 16 14 s.
792 129 32 28 1,2
839 128 108 29 miljoner

185 163 66 21 mark
271 171 49 14 mer
340 166 30 19 än
387 163 95 22 hvartill
504 163 132 22 densamma
653 163 11 22 i
681 163 119 28 budgeten
816 163 130 22 beräknats.

190 210 22 3 —
228 197 108 22 Fondens
358 198 198 28 ränteinkomster,
579 198 80 22 hvilka
677 198 10 21 i
704 197 117 29 budgeten
839 197 36 22 för
893 197 53 29 fyra

186 232 25 21 är
232 232 124 21 beräknats
378 232 38 21 till
438 232 169 29 sammanlagdt
628 232 117 29 2,500,000
766 232 71 28 mark,
853 232 93 21 komma

186 267 136 28 antagligen
347 268 34 19 att
404 269 84 26 utgöra
514 267 82 22 inalles
618 266 99 29 ungefär
739 266 115 29 1,895,000
874 267 72 21 mark.

186 300 95 22 Oafsedt
296 301 28 21 de
339 301 187 28 inkomstposter,
541 301 81 22 hvilka
635 304 96 25 utgöras
747 300 25 22 af
784 301 112 28 indragna
910 308 37 15 re-

186 335 119 22 serverade
328 336 80 28 anslag
432 335 41 22 och
496 335 28 22 de
547 335 39 22 der
610 335 59 22 dock
684 338 38 19 äro
739 335 80 21 endast
834 335 113 22 skenbara

186 369 133 29 inkomster,
343 373 54 18 enär
420 370 115 21 desamma
557 377 91 15 snarare
670 370 57 22 böra
746 377 64 14 anses
826 371 75 21 säsom
916 378 30 13 en

184 404 137 28 minskning
339 404 10 21 i
365 404 135 28 utgifterna,
522 406 157 27 representera
700 404 99 22 fondens
817 404 75 29 öfriga
910 404 36 22 in-

184 438 103 22 komster
303 438 81 22 endast
398 442 85 18 smärre
498 438 119 28 tillfälliga
631 439 86 28 belopp
733 439 44 21 och
790 438 78 22 kunna
881 438 66 30 förty

184 473 52 21 icke
265 472 82 24 utöfva
375 474 73 28 något
476 473 138 22 nämnvärdt
641 473 128 29 inflytande
793 474 30 28 pä
847 474 99 22 fondens

184 508 117 28 ställning.

254 542 42 22 Uti
315 542 39 22 det
372 542 139 29 föregående
526 542 42 22 har
583 542 44 22 den
642 543 179 21 extraordinarie
836 543 109 27 inkomst,

184 576 96 22 hvilken
301 578 95 27 utgöres
418 576 26 22 af
464 577 28 21 de
514 584 85 21 genom
620 578 40 20 lån
681 576 265 23 kommunikationsfon-

186 611 44 21 den
252 611 105 22 tillförda
378 612 82 28 medel,
482 612 52 21 icke
552 612 73 28 tagits
642 612 9 21 i
668 612 134 28 beräkning.
834 612 111 22 Vidkom-

184 645 85 22 mande
292 646 66 21 dessa
376 646 76 21 medel
466 646 41 21 har
521 646 71 21 redan
606 646 9 21 i
630 646 40 21 det
684 646 139 28 föregående
837 646 107 21 frambål-

184 679 46 29 lits,
248 682 34 19 att
297 680 39 21 det
350 680 117 21 nominela
481 680 110 28 beloppet
606 680 14 21 &
635 680 39 21 det
686 687 49 21 nya
744 679 123 22 utländska
877 681 66 20 stats-

184 715 46 28 lån,
245 714 90 21 hvilket
347 714 94 28 jemlikt
456 714 139 21 Ständernas
609 714 77 22 beslut
702 714 74 21 skulle
790 714 38 21 till
840 714 104 21 kommu-

184 748 216 22 nikationsfondens
420 748 159 22 förstärkande
597 748 73 22 under
687 748 155 22 innevarande
858 748 86 22 finans-

184 783 81 28 period
279 785 121 27 upptagas,
416 783 186 28 ursprungligen,
618 783 20 21 d.
652 791 21 13 v.
689 791 16 14 s.
720 783 41 22 vid
778 782 168 22 fastställandet

186 817 26 22 af
219 817 98 22 fondens
328 817 94 29 budget,
433 817 130 22 bestämdes
573 817 37 22 till
620 817 28 22 25
658 817 107 28 miljoner
775 817 70 21 mark.
854 817 35 21 På
899 819 46 20 sätt

186 852 43 22 och
244 852 82 28 vilkor,
342 852 97 22 hvarom
452 852 143 28 upplysning
610 851 116 22 meddelas
743 851 127 22 Ständerna
880 852 14 21 &
905 859 40 14 an-

184 888 41 20 nat
241 887 66 22 ställe
321 887 11 21 i
347 887 75 22 denna
436 887 104 28 relation,
556 888 102 27 upptogs:
674 886 65 21 detta
753 886 39 21 lån
806 886 9 21 i
828 886 82 29 början
922 886 27 22 af

185 922 25 21 år
235 921 56 21 1901
321 921 42 22 och
388 921 106 28 inbragte
519 920 53 22 med
597 917 81 32 afdrag
703 920 26 22 af
751 921 194 28 kapitalrabatten

184 955 131 28 23,000,000
329 955 71 22 mark.
422 955 54 22 Men
491 955 29 22 då
536 955 38 22 det
590 955 128 22 sedermera
730 955 8 21 i
748 954 60 28 följd
823 955 22 21 af
858 955 88 22 minsk-

183 990 89 28 ningen
293 990 36 21 uti
348 990 165 28 jernvägarnes
535 989 127 21 inkomster
683 988 52 22 blef
754 989 134 28 uppenbart,
910 991 36 19 att

183 1025 143 29 jemnvikten
344 1025 10 21 i
372 1024 310 23 kommunikationsfondens
698 1024 90 29 budget
801 1024 51 22 icke
867 1024 78 22 kunde

183 1059 128 23 bibehållas
335 1059 53 22 med
410 1059 89 22 mindre
514 1059 88 22 fonden
618 1059 114 22 tillfördes
747 1059 135 28 ytterligare
896 1059 48 21 till-

184 1095 95 28 gångar,
302 1094 44 21 och
367 1093 82 29 frågan
472 1101 37 14 om
532 1093 66 22 dessa
615 1094 138 27 tillgångars
774 1093 171 28 anskaffande
932 1089 16 38 i

184 1128 111 22 samband
317 1128 55 21 med
390 1127 161 29 uppgörandet
570 1127 26 22 af
614 1127 170 29 statsförslaget
797 1127 36 22 för
849 1127 24 22 är
888 1127 57 22 1903

183 1163 37 22 uti
240 1163 132 28 Kejserliga
394 1163 100 21 Senaten
516 1163 38 21 till
573 1163 142 27 behandling
737 1161 109 29 förekom,
869 1162 77 21 beslöt

184 1197 106 28 Senaten,
301 1197 9 21 i
322 1197 152 22 betraktande
490 1197 25 22 af
528 1199 34 19 att
578 1197 38 22 det
630 1197 202 27 tillskottsanslag,
847 1196 99 29 hvilket,

184 1231 77 23 såvidt
283 1231 29 22 då
331 1231 112 22 beräknas
462 1231 82 29 kunde,
560 1231 78 22 blefve
654 1231 145 28 erforderligt
817 1231 37 21 till
867 1231 79 22 betäc-

183 1265 76 22 kande
281 1265 23 22 af
325 1265 311 22 kommunikationsfondens
652 1265 174 28 oundgängliga
840 1265 104 28 utgifter,

183 1299 108 29 utgjorde
305 1299 72 21 minst
392 1300 28 21 10
434 1299 106 29 miljoner
549 1299 66 21 mark
626 1300 44 20 och
678 1299 54 21 med
741 1299 87 21 fästadt
838 1299 106 21 afseende

184 1334 13 21 å
211 1334 62 21 hvad
289 1334 130 22 Ständerna
432 1334 10 21 i
457 1336 77 19 ämnet
548 1334 102 28 beslutit,
667 1336 34 19 att
716 1334 42 21 hos
773 1334 64 21 Hans
852 1333 92 29 Kejser-

183 1368 49 28 liga
247 1368 109 28 Majestät
370 1368 9 22 i
394 1368 184 29 underdånighet
592 1368 129 29 hemställa,
738 1370 35 20 att
788 1368 28 21 de
830 1368 38 21 till
880 1368 67 21 kom-
