1009 1603
176 73 23 17 22
340 76 14 8 ”
412 68 138 28 Delegationens
562 74 91 17 berättelse
666 79 28 12 om

175 145 9 21 i
192 144 109 23 Svenska
309 145 241 29 autografsällskapet
558 144 44 23 och
610 145 99 22 erhåller
718 144 44 23 den
772 145 24 22 af
804 144 66 23 detta
877 144 51 23 säll-

176 180 61 29 skap
246 180 94 29 utgifna
349 180 148 23 illustrerade
507 180 213 28 ,Personhistorisk
725 180 128 23 tidskrift".
863 176 66 26 Hvad

175 216 117 23 beträffar
307 216 177 23 förvärfvandet
501 216 23 23 af
540 217 100 29 porträtt
656 216 53 22 från
718 216 65 22 tiden
791 216 81 22 förrän
883 216 45 22 den

175 252 130 23 Inhemska
312 252 235 29 porträttsamlingen
560 252 155 29 upprättades,
722 252 111 22 särskildt
840 252 90 22 sådana

176 289 108 28 porträtt,
302 295 50 15 som
367 289 79 28 ingått
461 295 51 15 som
528 288 168 23 illustrationer
711 289 8 21 i
735 288 86 22 böcker
832 288 44 22 och
892 288 37 22 tid-

176 323 104 28 skrifter,
300 323 43 23 har
358 324 171 29 Delegationen
545 323 106 30 uppköpt
667 323 63 23 äldre
745 323 126 23 inhemska
887 323 43 22 och

175 359 129 23 utländska
322 359 98 23 arbeten
436 361 64 21 samt
515 359 245 29 tidskriftsårgångar,
776 360 8 21 i
798 359 81 23 hvilka
891 359 39 29 dy-

175 394 51 23 lika
242 395 167 23 illustrationer
425 395 153 23 förekomma.
600 395 122 23 Böckerna
738 395 72 22 hafva
825 396 9 21 i
849 395 81 29 regeln

176 431 117 27 söndrats,
311 431 43 23 och
371 431 29 22 de
411 431 119 29 utklippta
541 432 131 28 porträtten
682 431 122 22 inordnats
816 432 8 21 i
836 432 94 21 samlin-

176 473 54 22 gen.
265 462 77 27 Äfven
365 467 44 22 har
432 467 170 29 Delegationen
626 467 36 23 för
685 467 64 22 detta
766 467 110 22 ändamål
893 467 36 22 be-

175 503 83 22 kostat
274 503 117 22 särskilda
406 503 102 28 nytryck
520 503 24 22 af
555 503 63 22 äldre
630 503 109 22 klichéer.
764 502 89 23 Genom
866 503 65 21 detta

176 538 150 22 sistnämnda
342 538 134 23 förfarande
492 538 44 23 har
550 539 98 22 vunnits
664 538 53 23 icke
730 538 60 22 blott
801 545 29 15 en
841 538 90 29 mängd

176 575 13 21 å
215 574 57 28 godt
287 581 89 22 papper
392 574 94 29 tryckta
502 574 124 29 planscher
642 576 58 21 utan
717 574 70 22 äfven
804 575 34 21 ett
853 574 77 28 bytes-

176 610 117 27 material,
316 617 50 15 som
391 610 40 22 vid
454 610 59 23 flere
529 610 109 22 tillfällen
653 610 127 22 förskaffat
796 610 135 28 samlingen

175 645 37 22 för
236 645 138 23 densamma
395 652 47 22 nya
458 646 106 29 porträtt.
596 645 76 23 Bland
688 645 70 23 dessa
774 645 101 29 nytryck
891 645 40 23 må

176 681 114 22 särskildt
311 683 102 20 nämnas
433 688 29 16 en
478 688 88 22 gravyr
582 681 24 23 af
622 681 84 23 Gustaf
720 681 64 23 Horn
800 687 38 16 med
871 681 60 28 Riga

175 717 9 22 i
209 717 162 28 bakgrunden,
388 717 95 23 hvartill
499 717 80 29 plåten
594 717 105 23 förvaras
715 717 43 22 hos
776 717 164 23 Gesellschaft-

166 752 50 23 -för
228 752 140 24 Geschichte
379 753 49 22 und
437 752 213 23 Altertumskunde
659 753 41 22 der
709 753 221 29 Ostseeprovinzen
918 748 14 38 ;

175 788 107 23 Pichlers
299 795 87 22 gravyr
396 789 108 27 Armfelt,
516 788 108 23 Aminoff
634 789 44 22 och
688 789 160 27 Ehrenström,
860 789 70 22 hvars

176 824 51 29 plät
252 827 24 20 är
300 824 134 29 deponerad
453 825 13 22 &
482 825 168 28 Statsarkivet;
668 831 28 16 en
713 822 128 25 kollektion
858 824 72 29 ryska

176 867 114 22 gravyrer
305 860 55 23 från
375 861 70 22 Peter
460 860 30 23 I:s
516 860 31 28 tid,
564 861 82 22 hvilka
666 861 94 22 hänföra
776 861 37 28 sig
824 860 36 23 till
870 860 60 23 hans

176 895 56 30 krig
253 896 49 29 med
319 895 97 30 Sverige
433 896 44 23 och
492 896 82 23 hvilka
585 896 130 29 omtryckts
727 896 13 22 å
754 896 178 29 rikstryckeriet

176 933 8 21 i
202 931 35 23 S:t
253 932 153 29 Petersburg;
424 939 29 15 en
468 932 130 22 kollektion
615 933 123 21 silhuetter
754 931 24 23 af
794 931 81 23 finska
890 932 40 22 ka-

176 967 76 22 detter
268 967 30 29 pä
318 971 66 19 1840-
402 967 42 22 och
463 967 137 28 1850-talen,
618 967 96 23 hvilken
731 974 55 22 eges
803 967 24 22 af
842 967 89 29 kapten

175 1003 56 23 E.S.
242 1003 135 29 Tigerstedt
388 1003 44 22 och
439 1003 178 29 reproducerats
625 1003 35 23 för
669 1003 135 29 samlingen
804 998 11 39 i
812 1002 118 29 fototypi.

249 1039 115 29 Slutligen
388 1039 44 22 har
455 1040 132 28 samlingen
610 1039 68 22 ökats
702 1042 86 26 genom
812 1039 34 22 ett
867 1039 65 22 antal

176 1075 85 28 gäfvor
285 1075 23 22 af
329 1075 109 22 enskilda
452 1081 121 23 personer:
590 1081 58 23 prof.
666 1075 23 22 O.
706 1081 22 16 v.
744 1074 134 27 Bonsdorff,
897 1081 33 16 ar-

174 1111 75 22 tisten
272 1110 52 23 Alb.
349 1111 107 27 Edelfelt,
482 1110 83 23 doktor
590 1111 23 22 O.
638 1111 118 28 Ehnberg,
773 1110 159 29 generalskan

176 1146 60 29 Olga
259 1146 139 28 Ehrnrooth,
423 1153 87 22 general
535 1146 25 23 G.
578 1146 106 27 Galindo,
701 1153 62 22 mag.
782 1145 57 24 Alfr.
855 1146 75 23 Hack-

176 1189 63 20 man,
256 1182 84 23 doktor
355 1183 28 22 V.
400 1183 132 26 Hackman,
548 1183 193 22 statsarkivarien
753 1182 27 22 dr
790 1182 26 22 R.
828 1182 103 27 Hausen,

175 1218 59 29 prof.
260 1217 24 24 G.
304 1218 145 29 Heinricius,
462 1218 187 29 häradshöfding
664 1218 26 23 R.
707 1218 67 27 Jack,
791 1224 63 23 mag.
871 1217 21 23 J.
909 1225 21 15 v.

175 1253 106 28 Koskull,
294 1261 62 22 mag.
366 1254 26 23 K.
402 1254 27 23 K.
438 1254 144 27 Meinander,
592 1255 97 22 artisten
698 1254 36 29 Hj.
744 1253 186 30 Munsterhjelm,

175 1296 64 22 mag.
255 1289 25 23 E.
295 1290 145 27 Nervander,
452 1290 27 22 dr
489 1290 25 22 P.
527 1290 144 27 Nordmann,
682 1290 59 28 prof.
753 1289 25 23 E.
791 1288 25 24 G.
825 1288 106 28 Palmen,

176 1325 220 23 enkesenatorskan
419 1325 25 23 E.
465 1326 104 27 Palmén,
586 1326 78 22 handl.
682 1326 36 28 Hj.
736 1324 97 33 Schildt,
850 1324 82 29 grefve

174 1360 25 23 L.
226 1360 91 29 Sparre,
344 1361 73 23 baron
440 1361 36 22 W.
501 1368 23 15 v.
549 1361 68 27 Troil,
636 1362 64 28 kapt.
720 1361 23 22 0.
760 1360 171 29 Wasastjerna,
