1053 1625
221 47 29 21 56
561 47 26 21 I

192 115 176 29 statsförslaget.
390 116 54 21 Men
459 116 103 22 deremot
576 116 70 22 hafva
662 116 13 21 å
688 115 202 29 militiebudgeten
904 116 48 22 till-

192 150 99 22 kommit
312 150 148 22 förenämnda
481 158 28 14 ur
531 150 169 22 militiefonden
720 149 115 29 utgäende
853 149 99 23 löneför-

192 185 79 21 mäner
281 184 14 22 &
304 184 200 28 indragningsstat
518 184 52 22 med
585 184 94 29 868,712
688 184 70 22 mark.
780 183 172 23 Ofvanberörda

192 218 176 22 reseunderstöd
394 222 38 18 äro
458 220 49 20 åter
526 226 33 14 nu
580 220 120 27 upptagna
721 219 38 21 till
780 218 80 29 50,000
881 218 70 22 mark.

192 253 13 21 I
224 253 37 22 sin
285 253 80 21 helhet
390 254 72 21 slutar
488 253 255 28 militieuteiftsstaten
754 252 37 23 för
813 254 24 20 är
860 253 57 21 1903
939 253 13 20 å

193 287 116 28 2,859,765
331 287 66 22 mark
418 287 28 22 80
468 287 76 29 penni.
574 287 98 22 Jemlikt
694 287 118 22 bokslutet
831 287 120 28 uppgingo

194 321 66 22 dessa
274 321 97 29 utgifter
385 322 37 21 till
437 322 81 22 endast
533 322 115 29 2,238,676
662 322 67 21 mark
743 322 28 21 39
786 322 75 28 penni.
935 318 2 2 |

263 356 42 23 Uti
323 356 169 29 statsförslaget
511 357 37 21 för
563 357 154 22 innevarande
732 358 25 20 år
772 359 38 19 äro
825 356 127 29 utgifterna

194 399 27 14 ur
240 390 171 23 militiefonden
428 393 120 27 upptagna
567 392 38 21 till
624 391 81 22 endast
724 391 114 29 1,105,321
856 391 65 22 mark
938 391 13 21 2

193 425 78 29 penni,
288 425 91 22 hvilket
396 425 84 29 belopp
499 428 70 27 utgör
587 426 61 21 blott
664 425 100 30 ungefär
782 425 89 22 hälften
886 425 23 22 af
924 425 28 22 de

193 460 102 21 faktiska
305 459 128 29 utgifterna
441 460 75 22 under
524 460 139 29 föregående
675 461 29 21 år.
726 461 37 21 Em
773 461 25 21 sä
808 462 48 20 stor
866 460 85 21 minsk-

193 495 60 28 ning
267 494 10 22 i
290 494 128 29 utgifterna
436 494 37 23 för
492 495 116 21 militären
626 495 43 21 har
688 495 59 22 dock
764 495 51 22 icke
832 494 37 22 för
887 495 65 21 inne-

193 529 101 22 varande
310 529 24 21 år
343 529 10 22 i
359 529 131 28 jemförelse
504 529 53 22 med
572 529 39 22 det
625 529 139 29 föregående
779 530 48 21 året
843 531 39 27 egt
893 536 58 21 rum,

194 566 57 19 utan
269 563 80 22 härrör
366 564 165 28 minskningen
544 564 39 22 till
597 566 48 20 stor
660 564 38 22 del
713 563 69 29 deraf,
799 565 40 27 att,
855 564 74 21 såsom
943 563 10 21 i

194 598 41 21 det
251 597 139 29 föregående
409 598 71 22 redan
500 600 135 27 omnämnts,
651 598 98 29 utgifter
767 598 38 22 till
820 600 33 19 ett
867 598 85 28 belopp

194 632 24 22 af
232 632 82 22 inalles
329 632 92 29 801,746
436 633 66 21 mark
515 632 29 22 49
558 633 77 28 penni,
645 633 81 22 hvilka
734 633 101 28 tidigare
843 632 110 22 bestridts

193 674 29 14 ur
236 666 175 30 militiefonden,
427 668 35 21 uti
477 667 169 29 statsförslaget
659 667 37 22 för
710 667 154 22 innevarande
881 668 24 20 är
913 668 40 27 pä-

194 700 59 23 förts
264 701 149 22 statsionden.
434 702 72 22 Detta
515 702 85 28 belopp
610 702 154 22 inberäknadt
772 704 83 26 utgöra
865 701 87 22 således

194 735 129 29 utgifterna
337 735 36 22 för
386 736 117 22 militären
513 736 75 28 enligt
597 736 155 22 innevarande
763 737 35 21 års
809 736 144 28 statsförslag

195 770 170 28 sammanlagdt
375 770 114 29 1,907,067
496 771 66 21 mark
570 771 27 21 51
605 771 70 28 penni
684 771 55 21 eller
747 770 106 29 omkring
861 770 93 29 331,000

195 804 66 21 mark
275 804 89 22 mindre
380 808 29 18 än
424 805 74 28 enligt
512 805 118 22 bokslutet
644 804 37 22 för
696 806 24 20 år
736 805 62 21 1903.
825 804 128 22 Minsknin-

195 845 48 22 gen
259 838 83 22 hänför
360 839 37 28 sig
414 841 83 20 nästan
516 839 50 22 helt
584 839 44 22 och
646 839 72 22 hållet
737 839 39 22 till
794 838 159 29 aflöningsför-

195 874 110 21 månerna
323 874 13 20 å
352 873 206 30 indragningsstat,
576 874 81 22 hvilka
675 874 5 21 i
694 881 87 14 samma
798 874 55 21 män
870 873 83 28 aftagit

196 915 51 14 som
275 907 149 23 innehafvare
445 904 28 26 af
501 908 97 22 berörda
623 908 229 29 aflöningsförmåner
875 907 79 23 blifvit

195 942 115 29 uppförda
333 943 13 20 &
367 943 161 28 pensionsstat,
552 942 36 23 för
612 943 96 21 hvilken
729 942 128 29 utgifterna
879 943 76 21 såsom

195 977 74 21 kändt
291 977 86 22 drabba
399 977 263 28 krigsmanshuskassan.
692 977 42 22 Att
757 976 197 29 aflöningsförmå-

195 1018 72 15 nerna
283 1012 13 21 å
309 1011 314 29 militieindragningsstaten
638 1015 61 19 ännu
709 1012 35 21 uti
754 1011 154 22 innevarande
919 1012 35 21 års

197 1045 146 29 statsförslag
357 1047 79 28 uppgå
450 1046 38 21 till
504 1048 33 19 ett
549 1045 167 30 jemförelsevis
731 1047 59 28 högt
804 1046 85 28 belopp
899 1047 55 27 (om-

196 1079 69 30 kring
282 1080 95 29 495,000
391 1081 78 28 mark),
485 1081 42 21 har
542 1081 37 22 sin
593 1081 76 28 grund
683 1081 38 22 till
736 1083 48 20 stor
799 1080 37 22 del
851 1080 54 29 deri,
921 1082 36 20 att

197 1114 46 22 den
256 1114 41 29 tid,
313 1114 64 22 inom
385 1115 95 22 hvilken
490 1115 159 22 underbefälet
658 1116 41 22 vid
710 1116 44 21 den
764 1116 108 28 upplösta
881 1115 74 22 finska

196 1149 117 22 militären
329 1149 94 29 jemlikt
441 1150 151 22 förenämnda
608 1150 85 29 nådiga
711 1150 102 28 reskript
830 1149 25 22 af
868 1149 43 22 den
927 1150 28 21 20

197 1182 120 23 december
333 1184 56 21 1901
403 1184 61 22 varit
478 1184 142 29 berättigadt
635 1186 34 20 att
685 1184 90 29 åtnjuta
789 1184 58 21 fulla
857 1184 98 22 löneför-

197 1218 85 28 måner,
297 1218 58 22 först
369 1218 73 22 under
456 1219 80 28 loppet
551 1218 26 22 af
588 1219 156 22 innevarande
759 1220 25 20 år
798 1219 84 28 utgått.

266 1252 69 22 Hvad
354 1252 71 22 sedan
442 1253 28 21 de
486 1253 177 22 extraordinarie
677 1253 130 29 utgifterna
821 1252 36 22 för
871 1252 85 22 militä-

196 1294 43 14 ren
253 1288 76 27 angår,
345 1287 66 22 torde
425 1288 82 22 härvid
522 1288 109 22 särskildt
645 1288 56 22 böra
715 1288 140 28 framhållas,
872 1288 34 20 att
917 1287 39 21 det

193 1317 86 33 anslag
301 1321 23 22 af
342 1322 94 28 200,000
453 1323 66 21 mark
539 1330 37 14 om
594 1323 48 21 året
655 1322 38 22 till
708 1322 90 22 diverse
813 1322 43 21 och
871 1321 86 22 oförut-

197 1355 71 21 sedda
288 1355 99 29 utgifter
407 1356 37 22 för
465 1357 123 28 militären,
607 1356 90 23 hvilket
713 1355 151 23 härförinnan
878 1355 79 22 blifvit
