1050 1625
446 64 12 21 I
776 65 52 21 37

72 132 146 28 proposition
236 132 10 22 i
261 135 84 26 ämnet,
368 132 152 23 öfverlemnat
533 145 3 3 -
544 133 104 22 ärendets
668 134 166 22 förberedande

72 166 142 29 behandling
229 167 38 21 till
276 146 219 54 TLagbersdningen.

142 201 35 27 17)
199 201 43 22 Uti
262 201 146 29 underdånig
430 201 120 23 skrifvelse
573 202 23 21 af
615 202 44 22 den
674 202 14 22 2
704 183 58 41 Jäni
777 202 57 22 1900

72 234 70 23 hafva
158 235 127 22 Ständerna
301 236 103 28 anhållit,
417 236 39 21 det
470 236 88 22 täcktes
568 236 66 22 Hans
644 236 132 29 Kejserliga
785 236 49 22 Ma-

71 269 72 28 jestät
165 269 96 28 vidtaga
283 270 85 21 sådana
384 253 111 45 åtgärder,
512 277 49 15 som
576 278 55 15 vore
647 270 88 29 egnade
751 272 35 19 att
801 269 33 22 af-

72 304 83 28 lägsna
180 303 24 22 af
228 304 128 22 Ständerna
381 304 137 22 framhällna
542 305 187 28 missriktningar
755 305 8 21 i
786 304 48 22 led-

72 338 89 28 ningen
183 338 24 21 af
227 338 113 22 Finlands
362 338 144 29 förvaltning
529 341 60 19 samt
603 339 83 28 bringa
703 339 131 22 densamma

73 373 10 20 i
102 372 236 22 öfverensstämmelse
365 373 53 21 med
442 373 90 22 landets
557 373 65 28 lagar
648 373 43 22 och
715 373 119 22 samhälls-

74 407 70 21 skick.

142 441 13 21 I
170 442 125 28 anledning
309 442 69 21 häraf
389 442 42 22 har
446 442 64 22 Hans
525 443 131 28 Kejserliga
671 442 108 29 Majestät
790 442 44 22 den

74 477 29 21 27
118 476 101 28 Augusti
235 476 56 22 1900
307 477 111 21 anbefalt:

144 511 32 21 1:o
193 513 34 19 att
242 510 140 23 Ständernas
396 512 106 27 petition,
511 512 73 21 såsom
600 512 148 21 tillkommen
757 512 10 21 i
777 511 58 22 strid

74 548 49 19 mot
138 547 12 26 $
166 546 25 21 51
208 546 9 21 i
232 546 266 29 Landtdagsordningen
512 546 43 22 och
564 546 157 22 innebärande
732 548 33 20 ett
777 546 58 31 oför-

74 582 55 27 synt
146 580 96 21 klander
260 580 19 28 ej
296 580 89 22 mindre
401 580 23 21 af
439 580 227 22 administrationens
680 580 154 29 förfoganden

75 618 30 18 än
120 614 69 22 äfven
204 614 25 24 af
242 614 112 29 åtgärder,
371 622 50 14 som
435 614 112 29 vidtagits
562 615 9 21 i
586 615 45 21 den
645 614 36 22 för
696 614 45 22 den
751 614 83 29 högsta

74 649 172 28 förvaltningen
268 649 108 28 gällande
390 649 115 28 ordning,
529 649 75 22 skulle
622 650 89 21 lämnas
730 651 57 19 utan
802 648 32 22 af-

74 683 92 28 seende;

143 718 34 22 2:0
197 720 34 20 att
250 719 37 21 till
305 718 255 28 Generalguvernörens
576 718 64 22 öfver
655 718 80 22 landet
749 718 85 22 känne-

75 753 53 21 dom.
148 753 73 21 skulle
240 753 101 28 bringas,
358 755 34 19 att
408 753 254 28 Generalouvernörens
678 752 156 29 tillgöranden

75 787 117 21 befunnits
210 787 87 28 riktiga
313 787 43 22 och
371 784 161 25 motsvarande
548 787 28 21 de
592 787 244 28 Generalguvernören

75 821 160 28 Allernädigst
246 821 137 31 meddelade
398 821 158 28 anvisningar;
573 824 59 19 samt

144 856 33 21 3:o
194 858 34 19 att
243 855 100 22 Senaten
358 855 36 22 för
409 856 101 21 Finland
522 856 74 21 skulle
608 857 95 27 åläggas
715 858 34 19 att
759 855 77 22 skrida

75 890 37 21 till
133 890 102 22 revision
258 890 25 21 af
302 890 266 28 Landtdagsordningen
587 890 9 21 i
614 890 45 21 och
676 889 37 22 för
732 892 104 19 närmare

74 924 173 22 bestämmande
262 924 23 21 af
299 925 153 28 landtdagens
467 925 137 28 kompetens
620 925 44 21 och
678 924 37 22 för
728 924 108 21 fullkom-

74 959 75 22 nande
172 959 23 21 af
218 959 128 28 ordningen
368 958 36 22 för
424 959 124 21 ärendenas
568 959 144 28 behandling
727 959 41 21 vid
783 959 53 21 den-

76 1001 93 20 samma;
193 993 43 22 och
256 993 43 22 har
320 993 156 28 underdänigt
497 993 87 28 förslag
607 994 37 21 till
665 993 146 28 proposition
828 993 8 21 i

76 1030 76 19 ämnet
167 1028 127 21 sedermera
309 1027 24 22 af
347 1028 101 21 Senaten
463 1028 37 21 till
514 1028 66 21 Hans
594 1027 121 29 Majestäts
725 1027 111 29 pröfning:

74 1062 110 22 insändts.

145 1097 35 27 18)
203 1097 76 22 Sedan
301 1097 128 21 Ständerna
451 1097 36 21 uti
508 1097 146 28 underdänig
678 1096 120 22 skrifvelse
814 1096 25 21 af

75 1132 45 20 den
139 1132 27 20 26
186 1131 45 29 Maj
254 1131 56 22 1900
329 1131 97 22 anhällit
442 1133 34 19 att
492 1139 27 13 en
536 1131 23 21 af
574 1133 76 19 staten
666 1131 91 21 aflönad
773 1132 63 20 extra

74 1166 78 21 läkare
166 1166 73 21 måtte
254 1166 109 21 anställas
378 1166 36 21 för
424 1166 134 21 Kemiträsk
572 1166 44 21 och
624 1165 139 29 Kuolajärvi
772 1166 64 20 kom-

74 1208 86 20 muner,
169 1200 42 22 har
223 1200 64 22 Hans
298 1200 132 28 Kejserliga
440 1200 107 28 Majestät
558 1200 44 21 den
612 1200 14 21 2
635 1200 46 28 Maj
695 1200 55 21 1901
761 1200 75 21 täckts

74 1235 10 21 i
98 1234 76 22 Näder
189 1235 81 28 tillåta,
287 1236 34 20 att
337 1242 30 14 en
376 1234 32 22 af
421 1236 75 20 staten
510 1234 91 22 aflönad
612 1236 64 20 extra
686 1234 79 21 läkare
774 1234 63 28 finge

74 1268 37 22 för
125 1271 35 19 tre
176 1270 24 20 år
216 1270 107 20 anställas
339 1269 9 21 i
362 1268 150 22 förenämnda
526 1268 136 22 kommuner
678 1270 61 20 emot
755 1270 33 20 ett
803 1268 33 21 är-

74 1303 46 29 ligt
134 1303 84 22 arvode
234 1303 24 21 af
272 1303 65 28 5,000
351 1303 71 21 mark.

145 1338 34 27 19)
202 1338 42 21 Uti
265 1337 146 28 underdänig
433 1336 120 23 skrifvelse
576 1337 87 21 af-den
679 1337 13 20 1
707 1337 59 21 Juni
781 1336 57 21 1900

75 1371 70 22 hafva
164 1371 128 22 Ständerna
312 1371 98 22 anhållit
428 1373 34 20 att
480 1371 64 22 Hans
559 1371 132 28 Kejserliga
706 1370 108 29 Majestät
828 1371 10 20 i
