1028 1620
180 78 31 20 84
473 77 29 22 U.
517 77 29 22 B.
563 90 25 3 —
604 77 36 22 11!

183 145 88 28 vintrar,
287 146 50 20 utan
356 145 78 27 jämväl
455 145 60 21 däraf
530 147 31 20 att
575 145 50 22 med
646 152 25 14 en
690 147 66 20 tätare
776 145 116 28 tägrörelse
908 145 37 22 allt

179 181 72 20 större
266 179 139 28 spärbelagda
420 181 47 26 ytor
482 179 68 22 måste
566 179 66 22 hållas
647 180 85 21 snöfria.

254 213 253 29 Centralförvaltningens
522 214 88 27 utgifter
628 214 50 26 visa,
696 221 36 14 om
747 221 50 14 man
813 214 132 28 undantager

183 247 46 21 året
245 247 62 27 1902,
323 254 27 15 en
361 249 56 20 stark
433 249 91 20 tendens
540 251 32 18 att
586 249 60 27 stiga.
675 248 81 21 Härtill
771 248 120 28 medverka,
903 249 42 20 för-

182 284 63 19 utom
268 288 26 14 en
317 282 84 28 gradvis
416 283 95 27 stegring
526 283 23 20 af
564 282 173 28 aflöningsstaten
754 283 39 20 och
810 283 40 20 den
866 283 21 20 af
901 282 45 21 helt

184 316 96 27 naturlig
298 317 69 26 grund
383 317 148 28 uppåtgående
547 317 93 27 utgiften
655 316 34 21 för
704 317 115 27 pensioner
833 317 56 26 (incl.
905 323 40 14 un-

182 351 105 27 derstöd),
310 351 25 21 de
355 351 32 21 till
409 351 121 27 betydande
553 351 75 28 belopp
652 351 118 21 utfallande
788 351 157 21 skadeständen

183 385 34 20 för
235 385 118 27 olyckslall,
369 385 26 22 de
410 386 38 20 där
462 385 70 22 under
548 385 55 22 1903
619 385 108 27 uppgingo
744 385 33 21 till
788 385 55 21 Fmk
853 385 91 27 234,000

182 421 49 19 mot
246 419 78 27 44,000
338 420 60 20 mark
414 420 68 20 under
496 420 129 27 föregäende
641 420 29 26 är,
682 421 57 19 samt
756 419 101 27 slutligen
874 418 71 27 tryck-

185 453 212 27 ningskostnaderna.
430 454 185 27 Aflöningsstaten
637 454 38 20 har
698 453 47 21 från
769 454 61 27 1903,
854 452 27 22 dä
903 453 42 21 den

183 487 95 28 uppgick
299 488 33 20 till
356 488 90 26 715,000
464 488 68 26 mark,
548 488 124 27 ytterligare
688 488 62 20 ökats
766 488 40 20 och
821 489 102 27 upptages
937 488 9 20 i

185 522 57 21 1904
257 522 34 21 års
305 523 131 27 statsförslag
451 523 33 21 tili
500 523 91 28 920,000
607 522 66 21 mark.

254 556 183 28 Förändringarna
451 558 59 20 inom
522 557 201 27 byräafdelningens
734 556 80 28 budget
823 557 69 26 hafva,
903 556 43 22 för-

185 593 59 19 utom
265 591 42 22 den
326 592 103 21 inverkan
447 592 98 27 stegrade
561 592 117 27 aflöningar
694 591 39 21 och
749 591 21 21 af
786 592 35 21 det
836 598 43 20 nya
894 591 51 22 bok-

184 626 185 27 föringssystemet
394 627 124 21 föranledda
542 627 160 27 omställningar
716 626 106 26 'medfört,
845 626 44 26 haft
912 626 32 21 sin

182 660 119 21 förnämsta
316 661 69 27 grund
401 661 7 20 i
424 661 67 21 ökade
506 661 115 21 kostnader
636 661 32 20 för
684 661 136 27 sjukvärden.

253 695 46 21 Här
319 695 63 21 ofvan
401 696 37 20 har
457 695 109 22 Utskottet
581 695 90 28 päpekat
686 696 104 21 hurusom
805 697 74 25 posten
895 695 50 20 aflö-

184 730 77 27 ningar
280 729 55 21 visat
355 736 26 14 en
403 730 57 21 stark
481 729 90 22 tillväxt.
601 729 69 28 Ingen
691 730 22 21 af
732 729 161 28 afdelningarna
907 729 39 21 har

184 763 91 28 undgätt
295 763 62 27 detta,
372 764 68 21 ehuru
460 764 26 21 de
505 764 69 27 öfriga
588 763 135 28 naturligtvis
739 764 19 27 ej
778 764 4 20 i
797 770 80 14 samma
893 763 51 27 grad

184 798 46 20 haft
251 798 95 28 känning
367 799 60 20 häraf
447 805 46 14 som
517 798 206 27 trafikafdelningen,
746 798 86 20 hvilken
855 797 90 21 starkast

184 834 64 19 röner
269 832 103 21 inverkan
395 832 20 21 af
428 832 177 28 järnvägsnätets
626 832 129 28 utvidgning
770 832 52 21 eller
837 838 27 14 en
878 833 67 19 tätare

183 866 163 28 tåganordning,
361 866 49 22 med
425 866 60 21 häraf
500 866 94 28 följande
609 866 65 21 behof
688 867 22 20 af
726 873 30 20 ny
771 866 104 28 personal.
905 865 40 22 Till

185 901 116 27 belysande
320 901 21 21 af
356 900 156 28 aflöningarnas
528 900 110 28 betydelse
653 901 7 20 i
677 901 204 27 statsjärnvägarnas
895 901 50 21 eko-

183 936 61 20 nomi
259 937 23 19 är
297 935 141 27 nästföljande
453 935 199 27 sammanställning
668 935 84 21 afsedd:

470 1040 3 4 |
659 1042 7 4 |
714 1014 23 34 |
794 1027 27 17 Total
833 1026 27 18 at
872 1010 16 47 |
906 1015 23 33 <<

348 1044 47 18 Fast
407 1050 31 12 an-|
466 1040 76 28 Ökning
570 1032 89 47 eh
714 1049 10 7 o
766 1027 81 45 TT
889 1048 27 26 Hö

340 1072 50 18 stäld
405 1075 86 21 per-|mot
499 1073 57 23 föreg.|
578 1067 29 29 286
660 1074 4 5 €"
696 1065 17 22 ER
742 1066 1 19 |
762 1073 44 18 incl.
815 1068 52 33 dylik
883 1059 49 42 Kao

568 1090 31 19 för
607 1090 67 18 defast|
720 1092 13 20 92
748 1084 12 34 |
774 1097 20 17 åt
806 1098 52 16 extra
889 1096 4 4 |”
911 1092 13 8 8

368 1098 51 32 sonal
495 1103 21 17 år
621 1120 8 4 M
720 1113 13 20 E
820 1120 7 4 =
911 1102 13 30 E

573 1116 89 32 anstälda
717 1116 22 36 a,
772 1114 89 33 anstälda
912 1133 18 14 a

197 1204 46 18 1899
260 1217 74 5 .....
376 1205 50 22 5,191
498 1206 34 18 684
552 1192 14 41 |
585 1206 165 23 8,264,000]47,0*/,|
769 1205 103 23 12,280,000]
881 1205 60 22 70,09/)

197 1238 46 18 1900
261 1252 73 5 .....
377 1239 51 22 5,550
497 1240 35 18 429
552 1227 15 42 |
585 1240 93 23 9,193,000]
690 1240 53 22 44,7»
752 1227 11 42 |
769 1239 103 24 18,377,000]
884 1239 50 23 65,1

196 1272 46 19 1901
261 1287 74 4 sve
376 1273 51 23 5,943
498 1274 34 19 393
550 1269 12 34 |
574 1273 104 24 10,161,000]
689 1275 54 22 46,6»
754 1269 10 34 |
769 1275 102 22 14,353,000|
883 1274 51 23 65,8.»

197 1308 45 19 1902
261 1321 74 5 .....
377 1308 51 22 6,318
498 1310 35 18 375
550 1304 12 34 |
575 1310 103 22 10,635,000]
690 1310 52 22 46,1»
751 1304 10 34 |
768 1308 103 24 15,288,000]
884 1309 37 22 66,7
927 1316 7 9 »

196 1343 45 19 1903
277 1355 40 6 2...
331 1357 4 4 .|
377 1342 58 26 6,380,
499 1344 34 18 562
552 1339 12 33 |
575 1344 103 22 11,276,000]
690 1344 52 22 45,9
737 1339 9 33 »
753 1339 9 33 |
769 1343 103 23 15,968,000|
884 1343 51 23 65,0
929 1339 9 33 »

255 1424 141 18 Statsutskottets
409 1424 111 18 betänkande
532 1424 37 18 N:o
582 1425 17 17 4.
