1039 1623
164 72 83 23 Ständ.
265 73 54 22 Skr.
335 86 27 3 —
377 73 30 23 H.
422 73 27 23 F.
465 74 96 22 Antells
578 74 141 28 samlingar.
805 75 13 21 3

338 144 23 30 1)
381 146 37 21 att
436 145 111 23 tillsätta
564 152 30 16 en
606 146 159 28 Delegation,
781 146 37 22 be-

268 179 105 23 stående
397 180 32 22 af
448 186 30 16 en
496 180 109 22 medlem
624 180 45 22 och
689 181 36 21 tre
743 187 75 23 supp-

269 214 94 22 leanter
390 214 41 22 för
458 214 90 29 hvarje
572 214 84 27 stånd,
677 215 57 22 med
756 222 62 22 upp-

269 248 65 29 drag
353 250 38 21 att
410 249 40 22 för
468 248 62 23 åren
543 249 183 23 1905—1907
736 250 82 22 hand-

268 283 81 23 hafva
375 283 97 23 vården
490 290 41 16 om
550 284 32 22 de
599 283 134 23 Antellska
752 291 66 15 sam-

269 318 123 28 lingarna
411 318 45 22 och
475 318 203 29 användningen
695 318 31 22 af
735 319 83 22 ränte-

268 352 99 23 medlen
404 360 31 15 ur
470 352 201 23 Kammarrädet
704 353 114 23 Herman

267 387 157 29 Rosenbergs
449 387 69 27 fond,
538 388 68 22 samt
629 388 56 22 med
706 388 53 22 rätt
778 388 40 22 för

268 422 183 28 Delegationen
479 423 44 25 att,
544 422 50 22 där
621 422 41 22 till
686 422 132 29 äfventyrs

269 456 40 22 för
333 456 79 29 något
430 456 75 23 stånd
524 456 92 23 förfall
634 456 124 23 inträffat
778 457 40 22 för

267 491 124 29 samtliga
413 491 147 27 ledamöter,
580 492 10 21 i
600 491 98 27 stället
715 492 103 22 inkalla

268 526 33 22 af
319 527 82 21 annat
417 526 78 22 stånd
513 526 91 22 utsedd
622 526 137 29 suppleant
778 526 41 22 för

269 560 48 22 den
336 560 39 23 tid
394 560 114 23 behofvet
526 567 91 21 varar;

337 629 26 29 2)
388 630 37 22 att
449 630 49 22 den
522 629 88 30 årliga
628 630 143 22 inkomsten
790 630 32 22 af

269 664 201 22 Kammarrådet
489 660 17 38 -
508 664 117 23 Herman
661 664 157 29 Rosenbergs

269 698 63 22 fond
349 698 69 23 skall
436 699 71 22 intill
525 698 129 30 utgången
671 700 32 21 af
712 699 106 29 Delega-

269 733 98 23 tionens
385 734 120 28 uppdrag
517 733 114 23 sålunda
645 733 121 27 fördelas,
782 735 37 21 att

269 768 36 22 tre
333 768 148 22 femtedelar
509 768 83 23 däraf
616 768 137 22 användas
776 768 42 22 till

268 802 79 30 inköp
369 803 31 22 af
415 803 134 22 konstverk
562 803 45 22 och
620 803 198 22 konstindustri-

269 837 50 22 ella
339 837 109 23 föremål
467 837 132 23 äfvensom
618 838 41 22 till
677 838 141 22 numisma-

268 872 67 22 tiska
360 872 78 29 inköp
464 873 45 22 och
534 879 30 16 en
589 872 117 23 femtedel
727 872 42 22 till
788 873 30 21 de

268 907 235 26 kulturhistoriska,
524 907 176 29 etnografiska
719 907 46 22 och
778 913 40 16 ar-

268 941 146 29 keologiska
450 941 196 30 samlingarnas
676 941 142 23 förökande

268 977 68 21 samt
349 976 48 22 den
411 975 159 23 återstående
584 976 155 26 femtedelen,
754 977 64 21 utan

263 1010 39 29 pä
336 1010 114 22 förhand
483 1010 133 23 faststäldt
644 1010 135 26 ändamål,
808 1010 10 22 i

267 1044 62 23 mån
357 1045 31 22 af
413 1045 77 22 behof
514 1045 98 22 anlitas
640 1045 42 22 till
713 1044 105 22 förstär-

267 1079 85 23 kande
375 1080 31 22 af
422 1080 42 22 det
482 1086 48 16 ena
549 1080 61 22 eller
628 1080 86 22 andra
733 1079 32 22 af
781 1079 37 22 be-

267 1114 80 22 rörda
367 1114 107 29 anslag;

337 1183 26 29 3)
383 1184 37 21 att
436 1183 40 22 för
488 1183 184 28 Delegationen
686 1182 132 23 fastställa

267 1217 118 29 följande
402 1218 170 22 instruktion:

365 1288 47 21 Det
430 1287 89 22 tillhör
536 1287 184 29 Delegationen

336 1356 27 29 a)
383 1357 38 21 att
434 1356 141 22 bestämma
588 1363 41 15 om
642 1356 31 22 de
687 1356 132 22 donerade

266 1391 188 26 räntemedlens
482 1391 172 31 användning
681 1391 58 25 med
767 1390 51 26 led-
