1036 1631
255 55 31 25 18

286 124 35 24 Af
339 124 234 32 postsparbankens
592 124 115 32 delegare
726 124 65 24 hade
810 124 106 24 sålunda
933 124 42 24 vid

219 158 66 25 1903
305 158 41 25 års
364 158 96 32 utgång
477 158 103 31 42,268,
600 158 61 25 eller
674 158 99 32 79,09/,,
788 166 32 17 en
831 158 144 32 behållning

216 193 57 25 icke
298 193 187 32 öfverstigande
510 193 48 24 100
582 193 78 30 mark,
686 193 84 30 8,201,
791 193 61 24 eller
872 193 50 30 15,3
933 193 41 32 %,

218 235 32 17 en
268 227 145 32 behällning
431 227 109 24 emellan
560 227 48 25 100
620 228 72 24 mark
704 228 47 24 och
764 227 49 25 500
825 228 72 23 mark
909 230 67 21 samt

217 262 84 30 3,034,
322 262 60 24 eller
401 262 35 30 5,7
447 262 40 31 %/,
507 270 32 16 en
557 262 144 32 behållning
719 262 186 32 öfverstigande
925 262 49 25 500

216 293 78 40 mark.
628 326 3 3 .

287 331 160 32 Grupperade
466 331 64 24 efter
548 331 66 24 olika
630 332 80 31 yrken
727 331 46 24 och
786 331 187 30 lefnadsvilkor,

215 367 177 30 representera
414 365 31 25 de
466 365 80 24 under
569 366 61 41 ären
656 365 168 25 1899—1903
843 351 132 38 tillkomna

217 401 158 31 delegarene:

215 452 70 24 Barn
296 452 80 24 under
391 451 30 25 15
436 452 27 23 är
474 451 164 32 (oberäknadt
647 452 68 24 skol-

250 486 125 33 ungdom):
383 486 57 24 med
459 488 37 22 ett
513 486 71 24 antal
602 486 26 24 af
669 505 4 5 .
708 485 118 30 .20,408
854 485 118 33 (8,944)*%

215 521 157 24 Studerande
400 521 46 24 och
471 520 164 49 skolungdom
657 521 56 24 med

251 558 36 21 ett
305 555 70 24 antal
393 555 38 24 af.
467 574 4 5 .
507 574 4 5 .
708 574 4 5 .
732 554 92 30 10,637
854 553 91 34 (1,908)

213 589 218 33 Kroppsarbetare
448 589 57 24 med
524 570 36 56 ett
578 573 71 41 antal
667 574 45 39 af.
750 589 75 30 9,417
854 588 90 33 (3,619)

214 624 165 32 Tjenstehjon
402 624 47 24 och
471 624 107 48 TL
598 624 57 24 med
677 626 36 22 ett

250 659 71 24 antal
338 659 51 24 af
382 654 18 42 .
425 677 5 6 .
466 677 4 5 .
546 677 4 5 ;
748 657 76 31 4,813
853 657 90 33 (2,606)

213 689 201 41 Handtverkare,
435 673 108 56 gesäller
561 669 47 48 och
626 673 86 56 lärlin-

249 735 44 25 gar
310 727 57 24 med
386 729 36 22 ett
440 727 71 24 antal
528 727 50 24 af
581 722 18 42 .
627 746 4 5 .
667 746 5 5 .
746 726 78 30 4,444
852 726 91 33 (3,001)

213 758 125 40 Arbetare
355 761 43 48 vid
415 761 110 24 fabriker
542 746 57 39 med
618 764 36 21 ett
666 769 46 16 an-

247 797 38 24 tal
303 797 47 24 af.
426 815 5 5 i
748 795 76 30 3,694
852 795 92 32 (1,640)

212 831 85 24 Enkor
313 831 45 24 och
369 807 104 48 Hamina
485 815 65 40 med.
554 815 37 40 ett
603 815 71 39 antal
686 815 26 39 af
748 829 75 30 3,319
852 829 91 33 (1,367)

213 861 169 41 Jordbrukare
508 876 9 9 »
566 876 9 9 »
629 876 9 9 »
692 876 9 9 »
747 864 76 30 2,809
852 863 91 33 (1,127)

212 899 154 25 Underbefäl
384 900 46 24 och
447 900 123 31 manskap
588 899 42 24 vid
646 899 65 24 mili-

247 936 73 23 tären
337 934 57 24 med
412 936 36 22 ett
467 934 70 24 antal
555 933 35 25 af.
630 953 1 5 .
669 953 2 4 .
706 953 4 4 .
748 933 73 30 2,471
845 928 15 43 —
877 932 64 33 (951)

212 969 171 32 Tjenstemän,
421 968 74 25 civila
528 968 47 25 och
603 968 108 24 militära

247 1003 56 24 med
322 1005 36 22 ett
376 1003 71 24 antal
465 1003 42 24 af.
543 1022 4 5 .
747 1001 75 30 1,395
844 997 18 42 —
876 1001 65 34 (672)

211 1038 150 24 Handlande
372 1038 46 24 och
427 1017 218 57 handelsbetjente
652 1022 56 39 med

247 1075 37 22 ett
302 1072 70 24 antal
390 1072 40 24 af.
466 1091 4 4 .
505 1091 5 4 .
748 1071 74 30 1,292
845 1065 18 42 —
876 1069 66 34 (534)

211 1107 210 32 Sytningstagare
437 1106 46 25 och
495 1091 147 47 inhysingar
653 1091 57 39 med

247 1143 36 23 ett
301 1141 70 25 antal
389 1141 38 24 af.
463 1160 4 5 .
503 1160 4 5 .
772 1139 49 25 917
845 1135 18 42 —
875 1139 67 33 (384)

209 1176 179 24 Embetsverks
406 1176 128 31 betjening
543 1160 59 40 med
615 1160 53 39 ett
664 1183 45 15 an-

245 1211 38 23 tal
300 1210 47 24 af.
384 1230 4 4 a
423 1229 4 5 s
463 1229 5 5 x
772 1208 49 24 863
875 1207 65 33 (206)

209 1244 110 30 Prester,
338 1245 82 23 lärare
439 1244 46 25 och
502 1229 139 39 lärarinnor
652 1228 57 40 med

247 1281 36 22 ett
301 1280 70 23 antal
389 1279 39 24 af.
464 1298 4 5 .
504 1298 4 5 .
544 1298 4 4 .
584 1297 4 5 .
624 1298 4 4 .
664 1298 4 4 .
704 1297 4 5 .
772 1277 48 25 717
875 1276 65 33 (468)

279 1352 18 23 +)
314 1351 94 19 Siffrorna
422 1352 54 17 inom
487 1352 93 23 parentes
592 1350 80 24 angifva
683 1350 139 18 motsvarande
834 1349 29 18 tal
874 1349 31 18 för
917 1348 52 19 fem-

209 1375 127 23 årsperioden
348 1376 119 17 1894—1898.
