1028 1620
186 68 28 21 88
484 68 30 23 U.
530 68 28 23 B.
574 78 28 6 —
616 69 28 21 11.

186 135 70 28 punkt
270 135 48 22 icke
332 136 35 21 mä
379 136 71 28 skjuta
474 137 73 21 undan
570 137 42 22 den
626 137 69 22 under
710 144 27 15 en
752 138 53 27 följd
822 138 21 21 af
858 137 22 22 är
891 144 58 15 sam-

186 170 49 21 lade
256 169 227 23 fackmannainsikten.
514 171 166 28 Järnvägsnätet
700 172 39 21 och
761 171 91 22 trafiken
871 172 8 21 i
900 172 47 21 vårt

187 204 52 21 land
261 205 63 20 hafva
345 205 55 21 varit
418 205 76 21 stadda
508 205 8 21 i
531 205 51 22 rask
597 205 130 29 utveckling,
743 206 47 21 icke
805 206 91 22 allenast
910 212 39 21 ge-

187 245 52 14 nom
261 245 43 20 nya
319 238 77 22 banors
411 239 113 28 tillkomst,
539 242 54 19 utan
609 240 62 21 äfven
687 246 78 21 genom
781 240 169 29 komplettering

189 273 39 25 och
248 273 143 28 anordningar
413 274 34 21 vid
471 273 26 22 de
520 274 71 27 gamla
614 274 95 22 banorna
731 275 33 21 för
779 277 33 19 att
825 275 57 28 gifva
898 275 51 20 dem

189 307 55 22 ökad
268 307 94 28 förmåga
382 310 32 19 att
434 308 114 28 tillgodose
567 309 26 21 de
608 308 47 22 kraf
671 315 46 15 som
733 309 73 22 ställas
821 309 26 28 på
863 309 48 22 dem
926 308 24 21 af

189 341 59 22 såväl
270 342 40 21 den
324 341 77 22 -lokala
423 349 46 14 som
489 343 41 21 den
546 343 31 21 alt
591 349 45 15 mer
651 343 132 22 tillväxande
798 343 153 28 fjärrtrafiken,

189 377 63 20 hvars
274 379 56 18 stora
353 376 109 27 betydelse
487 377 34 20 för
542 377 84 21 landets
649 377 126 28 utveckling
789 378 8 20 i
813 377 138 22 ekonomiskt

189 410 122 21 hänseende
330 410 67 28 ligger
412 411 8 20 i
434 412 69 26 öppen
525 410 47 28 dag.
602 411 50 21 Men
669 410 73 22 härför
757 411 84 22 kräfves
857 410 91 22 ovilkor-

189 444 58 27 ligen
271 444 21 21 af
313 444 54 21 hvar
381 451 48 14 man
445 444 27 28 på
488 445 53 21 hans
557 448 48 25 post
620 445 257 29 fackmannakunskaper,
893 447 57 19 samt

191 478 21 21 af
234 478 37 21 det
292 478 63 28 högre
379 478 124 28 chefskapet
519 479 102 28 därjämte
637 486 26 15 en
679 480 107 28 framsynt
801 481 40 21 och
854 480 27 28 på
896 486 55 22 nog-

191 519 68 21 grann
274 512 66 22 insikt
354 513 8 20 i
376 513 50 21 våra
442 515 90 25 säregna
544 514 148 21 förhållanden
705 514 61 21 fotad
781 514 121 22 kännedom
913 520 37 15 om

191 546 84 22 landets
290 546 63 22 behof
368 548 40 20 och
423 546 139 22 ekonomiska
578 548 99 21 bärkraft.

260 580 43 23 Det
325 583 57 20 stora
405 582 106 21 anseende
528 582 26 21 de
568 582 69 22 finska
653 584 193 27 statsjärnvägarna
862 582 90 28 åtnjutit.

191 615 35 22 för
248 615 98 22 säkerhet
368 617 40 20 och
429 617 105 26 precision
550 617 44 21 står
609 617 62 21 äfven
686 618 8 20 i
709 618 56 26 fara;
780 620 25 25 ty
820 624 35 15 om
870 617 26 21 de
912 623 40 15 an-

192 650 60 21 förda
267 650 160 21 förhällandena
441 651 22 20 få
478 651 76 27 fortgå,
564 651 85 27 bringas
661 651 36 21 det
707 654 57 19 stora
775 652 39 21 och
823 651 127 21 invecklade

192 684 121 28 maskineri,
335 691 46 14 som
407 684 83 22 kräfves
506 685 33 21 för
554 685 169 28 förvaltningens
739 686 100 27 behöriga
854 687 99 26 upprätt-

193 719 104 26 hållande,
318 719 8 21 i
341 721 32 18 ett
387 719 103 26 virrvarr,
512 720 64 21 hvars
594 719 60 22 svåra
670 719 129 28 verkningar
814 719 47 22 icke
876 719 74 22 kunna

193 753 109 22 uteblifva.
333 753 27 22 Sä
374 753 62 28 länge
453 756 59 19 ännu
527 760 27 15 en
570 756 53 19 stam
640 755 21 20 af
675 754 72 27 gamla
757 754 127 28 bepröfvade
894 754 58 27 tjän-

193 789 83 20 stemän
292 787 90 28 kvarstå,
399 788 71 21 kunna
483 788 35 21 väl
528 788 27 21 de
568 790 70 19 värsta
649 789 161 27 rubbningarna
821 789 132 20 åtminstone

193 822 33 21 till
242 822 46 20 sina
302 822 105 28 yttringar
423 822 6 21 i
444 822 72 28 någon
531 822 49 21 män
596 822 91 21 mildras.
718 822 49 21 Men
779 822 91 22 därefter
881 824 70 26 öppna

193 856 31 28 sig
240 856 128 28 perspektiv,
385 863 46 15 som
445 856 81 22 tanken
543 856 37 21 vill
596 856 139 28 undandraga
747 856 33 28 sig
795 858 32 19 att
841 856 55 28 följa.
919 858 2 3 '

264 890 120 22 Ständerna
400 891 62 21 hafva
477 890 61 22 alltid
548 903 28 2 —
587 890 61 22 äfven
660 891 70 21 under
740 890 136 22 ekonomiskt
886 890 68 28 bryd-

192 932 82 14 samma
292 925 55 21 tider
362 938 28 2 —
406 925 102 21 beaktadt
524 925 40 21 den
580 927 57 19 stora
653 925 110 27 betydelse
779 927 31 19 ett
824 925 127 21 välordnadt

193 960 39 20 och
256 959 92 21 välskött
367 960 139 27 järnvägsnät
520 966 50 21 eger
584 960 33 20 för
632 959 83 21 landets
731 960 58 20 såväl
805 960 83 27 andliga
904 966 46 14 som

192 994 117 21 materiella
332 994 124 28 utveckling
478 994 40 21 och
539 993 114 22 förkofran.
683 993 34 22 De
732 994 63 20 hafva
811 994 17 27 ej
846 993 59 29 skytt
919 996 34 19 att

190 1027 73 22 ikläda
278 1028 72 21 landet
366 1028 144 28 uppoffringar
526 1028 39 22 och
580 1028 143 28 förpliktelser
739 1028 33 21 för
782 1030 32 19 att
824 1028 73 20 kunna
906 1028 48 20 till-

192 1062 78 28 godose
294 1062 30 21 alt
345 1062 154 22 vidsträcktare
515 1063 40 21 och
570 1069 46 15 mer
631 1062 94 28 aflägsna
739 1062 133 22 landsdelars
887 1062 65 21 behof

192 1097 21 21 af
227 1097 130 21 förbättrade
373 1096 274 28 kommunikationsmedel,
662 1097 74 21 hvilka
747 1096 88 28 kraftigt
845 1103 107 15 samman-

191 1131 111 27 knytande
324 1132 37 20 det
381 1132 47 20 hela
453 1132 76 20 hindra
548 1132 26 20 de
591 1131 96 21 enskilda
703 1132 87 21 delarna
805 1134 32 18 att
851 1131 103 21 förlamas

192 1166 39 20 och
251 1166 113 21 borttvina.
395 1165 200 28 Statsjärnvägarna
617 1166 63 20 hafva
704 1166 75 26 därför,
802 1165 23 21 sä
845 1167 31 19 att
895 1167 59 25 säga,

192 1200 62 21 vuxit
276 1200 41 21 fast
340 1200 49 21 med
411 1200 75 21 landet
507 1200 34 21 till
562 1202 30 19 ett
608 1199 109 28 organiskt
732 1200 50 21 helt.
813 1199 45 22 Och
874 1200 25 20 de
914 1201 40 19 äro

190 1234 48 21 icke
253 1234 56 21 blott
320 1240 27 15 en
363 1234 104 21 värdefull
484 1234 166 27 statsegendom,
666 1234 26 21 de
707 1235 38 28 äro
759 1240 27 15 en
802 1233 80 28 mäktig
891 1233 60 21 med-

191 1269 97 21 arbetare
314 1269 8 20 i
349 1269 42 21 alla
416 1275 75 22 grenar
516 1269 22 21 af
556 1269 84 21 landets
656 1267 139 23 ekonomiska
810 1268 144 21 verksamhet.

190 1304 84 21 Landet
296 1304 37 20 har
352 1310 27 14 en
395 1304 98 27 oafvislig
508 1304 103 27 rättighet
625 1306 32 18 att
671 1303 79 27 fordra,
767 1305 32 19 att
814 1302 138 28 statsjärnvä-

191 1345 77 21 garnas
282 1338 130 28 förvaltning
426 1338 135 22 handhafves
576 1338 67 28 enligt
654 1338 145 28 grundsatser,
809 1343 45 15 som
865 1336 89 22 tillhöra

260 1418 145 18 Statsutskottets
417 1418 112 18 betänkande
541 1418 38 18 N:o
591 1419 18 17 4.
