1050 1625
81 132 33 21 28.

81 201 33 21 29.

82 303 32 22 30.

82 441 33 21 31.

83 648 33 21 33.

83 683 33 21 34.

443 64 26 20 U
793 64 14 20 3

143 132 98 29 Bilagor
255 132 38 22 till
308 132 176 22 statsbokslutet
498 132 36 21 för
550 133 24 21 år
589 132 58 22 1903
656 132 87 28 (delvis
756 132 9 21 i
778 139 60 14 sam-

143 166 129 28 mandrag);

144 201 78 28 Tablå,
238 201 122 22 utvisande
376 201 140 28 ställningen
529 201 9 21 i
549 201 149 22 statsverkets
713 201 52 21 icke
779 200 60 22 bud-

144 235 108 29 geterade
267 235 82 22 fonder
364 235 118 23 äfvensom
492 236 9 21 i
511 236 28 21 de
555 235 114 22 donerade
685 235 44 21 och
744 234 94 22 dermed

144 269 113 22 likartade
271 269 113 22 fonderna
397 269 41 22 vid
452 270 118 28 utgången
588 269 24 22 af
627 270 24 21 är
667 269 65 28 1903;

143 303 159 29 Förteckning
317 303 65 22 öfver
396 304 87 28 anslag,
499 303 80 22 hvilka
594 303 26 22 af
630 303 65 22 Hans
705 303 132 29 Kejserliga

144 337 109 29 Majestät
267 338 10 21 i
290 337 72 22 nåder
378 337 109 29 beviljats
507 338 55 21 eller
579 338 38 21 till
633 337 149 29 utbetalning
798 345 40 14 an-

144 371 85 22 befalts
251 372 58 21 efter
331 372 39 22 det
389 372 175 29 statsförslagen
582 372 36 22 för
639 373 23 20 år
682 372 57 21 1904
758 371 79 23 blifvit

145 406 128 29 faststälda;

144 441 158 29 Förteckning
317 441 65 22 öfver
395 441 116 28 beviljade
525 441 86 28 anslag,
622 441 81 22 hvilka
714 444 62 19 ännu
785 441 54 22 icke

145 475 78 22 blifvit
237 475 9 22 i
261 475 177 29 statsförslagen
451 477 129 27 upptagna;
696 474 4 3 |
775 474 2 3 |

145 509 158 29 Förteckning
329 509 64 22 öfver
419 510 86 29 anslag,
529 517 38 14 om
591 510 92 21 hvilkas
705 509 134 29 beviljande

145 544 130 29 Kejserliga
298 544 100 22 Senaten
417 545 9 21 i
444 544 187 29 underdånighet
649 544 116 29 hemstält,
784 552 53 14 men

146 579 119 28 angående
277 580 80 21 hvilka
367 580 65 21 Hans
442 579 131 29 Kejserliga
582 579 119 29 Majestäts
713 579 127 29 afgörande

147 616 62 19 ännu
222 614 51 21 icke
288 614 136 28 meddelats;
497 614 4 2 i

145 648 110 22 Relation
270 656 38 14 om
323 648 156 22 statsskulden
493 648 37 22 för
545 649 54 21 åren
615 648 153 28 1899—1908;

145 682 110 22 Relation
271 690 37 14 om
322 683 63 21 hvad
399 690 49 15 som
462 682 80 23 blifvit
556 682 116 29 tillgjordt
687 683 10 21 i
712 682 128 28 anledning

146 717 24 21 af
190 717 140 22 Ständernas
350 718 159 22 statsutskotts
528 717 41 22 vid
583 717 143 29 landtdagen
741 718 25 20 är
781 716 57 22 1900

145 752 82 28 gjorda
247 752 178 28 anmärkningar
443 754 60 20 emot
523 752 29 22 då
567 751 103 29 afgifven
685 752 100 21 relation
801 758 38 15 om

141 786 154 22 -statsverkets
310 786 114 28 tillstånd;

147 918 78 28 Tablå,
241 918 121 22 utvisande
379 918 148 21 statsverkets
541 918 127 21 inkomster
684 917 43 22 och
741 916 100 29 utgifter

145 953 74 21 under
232 952 186 29 finansperioden
433 953 150 28 1898—1900,
597 952 86 22 sådana
696 951 29 22 de
739 951 22 22 af
771 953 70 20 stats-
860 959 3 3 *

146 987 114 22 utskottet
274 987 41 22 vid
330 987 57 22 1897
402 988 36 21 ärs
452 987 112 28 landtdag
579 987 130 28 beräknats,
722 985 43 23 och
779 986 60 21 huru

147 1021 115 22 desamma
283 1021 90 23 utfallit
396 1022 74 28 enligt
492 1021 182 24 statsboksluten
695 1020 38 23 för
752 1027 89 16 samma

124 1077 2 3 .
146 1056 86 28 period.
