1009 1617
243 70 93 18 Antellska
348 70 134 23 samlingarnas
495 70 74 18 tillväxt
580 70 31 18 och
623 70 50 18 vård.
812 71 22 17 55

226 142 46 21 mål
296 142 114 27 äfvensom
431 142 35 21 till
481 142 174 22 numismatiska
670 142 67 27 inköp
755 142 37 22 och
808 149 27 15 en

227 177 102 28 femtedel
341 177 35 21 till
387 178 26 21 de
425 177 203 29 kulturhistoriska,
641 177 148 29 etnografiska
798 178 37 22 och

228 213 150 28 arkeologiska
401 213 167 28 samlingarnas
584 214 120 27 förökande
720 215 57 20 samt
793 214 42 21 den

227 248 140 24 återstående
390 249 137 28 femtedelen,
549 251 57 21 utän
620 250 42 27 pä
668 249 97 27 förhand
780 250 54 27 fast-

227 285 78 21 ställdt
321 284 115 28 ändamål,
452 285 9 21 i
476 284 55 23 mån
543 285 28 27 af
578 285 66 27 behof
651 285 84 22 anlitas
746 285 35 22 till
791 285 43 28 för-

227 321 119 21 stärkande
371 321 28 27 af
419 321 36 21 det
478 328 43 15 ena
544 321 54 36 eller
615 321 72 41 andra
681 321 50 47 I
743 321 97 26 berörda,

227 356 91 28 anslag
310 352 12 36 ;

298 417 23 24 3)
339 418 32 20 att
385 417 37 51 för
440 394 162 75 Delegationen
607 398 120 71 fastställa
737 417 97 45 följande

226 449 149 31 instruktion;

365 531 56 25 Det
436 521 76 31 tillhör
528 530 161 29 Delegationen

298 591 23 26 a)
338 592 33 20 att
394 591 121 21 bestämma
538 598 35 14 om
595 591 26 21 de
637 591 109 27 donerade
762 591 73 21 ränte-

214 626 110 29 —medlens
342 626 145 28 användning
503 627 50 30 med
572 627 91 27 ledning
675 627 26 26 af
709 627 26 21 de
746 626 88 29 upplys-

209 662 106 28 ningar,
330 669 47 15 som
387 662 123 22 inhämtats
523 662 26 28 af
556 662 167 28 samlingarnas
733 662 101 28 vårdare,

228 697 38 22 och
281 698 50 21 med
347 698 144 28 iakttagande
508 698 28 28 af
548 698 27 31 de
580 698 198 28 hufvudgrunder,
790 705 46 14 som

226 733 9 22 i
247 734 85 40 sådant
347 734 103 39 afseende
462 734 27 28 af
501 725 133 50 Ständerna
646 733 132 28 fasiställis;

298 794 21 25 0)
343 795 33 20 att
398 794 78 27 utöfva
499 794 78 27 tillsyn
601 767 38 48 och
662 793 95 22 kontroll
776 793 60 28 öfver

226 829 84 22 vården
335 829 27 28 af
382 830 25 21 de
432 830 118 22 Antellska
573 829 156 28 samlingarna
746 829 37 22 och
798 829 37 22 vid

226 865 163 28 räntemedlens
402 866 147 23 användande
558 865 101 28 iakttaga
669 867 102 25 testators
779 865 55 28 före-

226 901 73 28 skrift,
317 903 33 20 att
366 902 79 27 endast
459 901 95 28 föremål
571 897 28 32 af
610 901 94 28 verkligt
721 901 67 22 värde
798 901 37 22 mä

226 937 133 28 förvärfvas,
384 937 91 28 hvarför
498 933 161 36 Delegationen
683 937 8 21 i
715 937 121 29 allmänhet

222 969 42 26 bör
280 973 72 22 under
368 973 132 28 erforderlig
515 973 134 22 medverkan
661 977 24 23 aj
694 973 141 28 sakkunniga

226 1008 58 29 själf
300 1009 82 28 pröfva
399 1009 38 29 och
456 1009 78 28 afgöra
549 1009 77 29 frågor
643 1016 34 15 om
691 1009 74 28 inköp,
783 1009 52 21 dock

226 1045 50 21 med
298 1046 46 20 rätt
363 1045 34 26 för
413 1040 162 33 Delegationen
591 1047 38 26 att,
647 1045 29 21 då
691 1044 83 28 sådant
789 1044 46 28 icke

227 1081 44 21 kan
287 1081 117 28 undvikas,
422 1081 139 27 öfverlämna
577 1081 132 28 afgörandet
725 1081 24 21 åt
759 1087 75 21 exper-
852 1093 2 2 -

227 1118 38 27 ter,
282 1123 46 15 som
344 1117 162 28 Delegationen
521 1113 73 26 utsett.
627 1115 41 23 De
678 1116 92 35 inköpta
778 1116 57 36 före-

225 1134 74 40 målen
319 1153 126 27 förtecknas
463 1153 108 27 styckevis
587 1152 53 22 eller
644 1152 125 37 .gruppvis,
785 1149 50 24 men

227 1188 66 22 alltid
319 1189 50 33 med
382 1189 129 53 uppgifoet
539 1189 69 27 antal,
632 1186 16 23 i
631 1234 3 3 +
666 1187 169 31 Delegatonens

223 1225 121 27 protokoll;
407 1228 2 3 N
711 1224 2 2 N
791 1226 10 9 a

298 1285 19 27 0)
338 1286 37 26 att,
396 1284 75 22 därest
489 1263 84 43 sädant
587 1280 72 36 äskas,
677 1273 34 33 till
727 1284 107 28 Regerin-

225 1327 42 21 gen
292 1320 85 28 afgifva
400 1320 105 28 yttrande
529 1320 8 28 i
553 1320 84 28 frågor,
653 1320 57 22 som:
717 1320 76 41 beröra
809 1320 25 22 de

225 1356 116 22 Antellska
356 1356 167 28 samlingarna;
729 1368 3 4 :
