1011 1620
194 34 23 23 U.
234 34 24 23 B.
273 47 31 3 —
319 33 208 30 Bankfullmäktiges
543 34 121 23 berättelse.

392 570 234 23 Bankutskottets
644 571 175 29 betänkande

320 606 39 23 N:o
380 606 9 22 1
408 606 7 23 i
432 605 118 30 anledning
566 606 23 23 af
603 607 110 22 värkstäld
729 607 91 29 gransk-

319 642 52 29 ning
392 642 23 23 af
438 642 102 23 Finlands
568 642 73 23 Banks
664 643 90 29 styrelse
777 643 40 23 och

318 677 96 24 tillstånd
430 678 69 23 under
514 678 52 23 åren
585 678 154 23 1900—1904.

103 851 77 23 Sedan
194 851 209 29 Bankfullmäktige
419 852 35 21 till
469 851 119 23 Utskottet
604 851 72 23 aflätit
685 852 134 22 berättelser

32 883 118 33 angående
168 887 111 22 Finlands
294 888 78 21 Banks
389 888 96 28 styrelse
501 888 43 22 och
559 887 104 22 tillstånd
678 888 72 22 under
766 890 54 20 åren

33 926 147 20 1900—1903
196 924 59 21 samt
270 922 36 23 för
321 925 25 20 år
362 926 65 25 1904,
447 923 43 22 har
507 923 120 22 Utskottet
642 924 8 21 i
666 923 44 22 och
724 925 36 21 för
775 924 45 21 den

31 959 147 29 granskning,
194 959 94 23 hvilken
302 959 91 29 jämlikt
408 960 14 28 $
438 962 28 20 38
482 959 26 22 L.
525 959 27 22 O.
569 960 132 21 ankommer
716 961 13 21 ä
743 960 76 21 Bank-

31 995 119 28 utskottet,
176 997 134 27 genomgått
332 995 49 22 icke
404 995 59 22 blott
485 992 106 25 nämnda
608 995 134 22 berättelser
764 997 56 20 utan

31 1031 70 23 äfven
123 1031 154 29 fullmäktiges
300 1031 73 22 under
396 1031 72 29 sagda
491 1033 25 20 år
538 1030 67 22 förda
623 1031 122 29 protokoll,
761 1031 58 22 bref-

30 1068 99 28 konsept
144 1067 43 22 och
202 1067 36 21 till
252 1067 143 29 fullmäktige
410 1067 117 29 ingångna
543 1066 137 27 skrifvelser,
700 1067 119 22 bankrevi-

31 1110 103 15 sorernes
149 1103 132 22 berättelser
298 1110 30 15 m.
344 1110 38 19 m.,
403 1103 157 22 hvarförutom
582 1102 121 23 Utskottet
722 1104 25 21 af
764 1102 55 22 ban-

31 1139 56 22 kens
105 1139 123 22 Direktion
246 1138 143 23 införskaffat
405 1139 27 21 de
447 1138 175 29 upplysningar,
638 1145 50 15 som
703 1137 116 23 befunnits

30 1175 89 28 nödiga.

101 1317 81 23 Under
205 1318 45 22 den
265 1318 158 28 treårsperiod,
440 1325 49 14 som
504 1317 102 29 föregick
622 1320 58 20 1900
697 1318 36 21 års
748 1317 72 21 landt-

31 1354 50 28 dag,
97 1353 121 23 företedde
234 1354 28 21 de
278 1354 148 22 ekonomiska
436 1353 173 22 förhållandena
618 1353 8 21 i
636 1353 78 21 landet
724 1360 29 15 en
762 1354 57 26 jäm-

29 1390 118 23 förelsevis
155 1389 210 35 tillfredsställande
373 1389 97 23 anblick.
487 1389 180 22 Bankutskottet
673 1388 40 23 vid
721 1388 99 23 nämnda
