1178 1767
27 54 2 2 |

565 126 26 23 I
1038 127 28 21 83

984 190 24 26 I
1025 190 70 26 HT.

638 284 3 2 a
712 282 48 6 en
857 271 92 24 Utgifton
960 271 83 18 utfallit:

519 294 71 24 [Enligt
599 295 58 17 stats-|
671 278 70 44 Enligt
753 288 40 13 ai

82 321 17 33 a
128 317 17 33 =
538 317 102 40 förslaget.
680 312 105 18 bo
824 323 63 24 högre
903 325 26 16 än
942 316 14 35 |
974 323 56 24 lägre
1042 325 26 16 än

76 352 63 25 og
710 342 45 39 pen.
822 352 110 19 beräknats.
947 347 10 34 |
966 352 110 18 beräknats.

561 401 33 21 SN
637 404 20 18 Van
705 401 33 21 MG
780 404 20 18 Kan
849 401 33 20 G
925 404 19 18 |mi
992 401 34 21 Fk
1069 404 20 18 |

83 475 9 22 <
268 486 3 3 3
401 474 108 23 Transport
513 470 8 32 |
527 474 131 24 35,863,836|82]
671 475 129 22 33,817,251|14
843 475 103 23 788,381/37|
970 474 119 24 2,834,967|05

164 543 164 28 Ingeniörkären
348 544 34 21 för
399 545 51 26 väg-
470 544 39 21 och

222 584 233 27 vattenbyggnaderna.

140 629 10 17 7|
163 629 117 24 Aflöningar
297 643 4 4 .
321 643 3 4 .
343 643 166 4 nn.
555 629 101 24 229,250—|
699 629 102 24 —186,562/12
997 629 62 23 492,687
1067 629 22 17 88)

139 658 11 17 8|
163 658 76 23 Anslag
253 657 32 19 för
300 658 121 18 studieresor
434 657 32 18 till
477 659 32 16 ut-

186 687 86 18 rikesort
296 700 212 5 «nn
577 687 96 23 4,000/—|.
696 674 14 40 —
721 687 81 23 4,000/—

140 715 9 17 9|
163 715 76 24 Anslag
257 715 31 18 för
304 715 78 24 böcker,
398 715 111 19 tidskrifter

186 750 62 12 11:10)
284 758 62 4 rr
442 757 66 5 KEN
595 744 62 17 900/—
738 744 62 17 385145
1027 744 61 18 514155

128 773 22 16 10j
163 772 76 25 Anslag
255 773 32 17 till
304 773 50 24 hyra
369 773 32 18 för
416 773 92 18 kontors-

185 801 76 18 lokaler
277 815 1 4 .
300 806 23 13 <.
343 815 165 4 ss
577 801 79 24 4,800/—
721 801 80 24 4,274]80]
1027 801 63 18 525120

206 830 59 19 Mom,
277 831 65 18 7—10:
354 831 110 23 238,950:
452 826 14 33 —

278 859 79 24 195,222:
365 861 27 17 37.

209 884 3 13 I

185 910 63 19 Anm.
264 905 19 24 Å
294 911 21 18 14
326 911 56 18 HT.
390 911 51 18 VI:1
449 910 60 19 bafva

163 939 100 18 dessutom
277 939 91 19 bokförts
380 939 128 24 Ingeniörkå-

161 973 37 13 ren
215 968 32 18 för
262 970 47 22 väg-
327 969 37 17 och
375 968 133 24 vattenbygg-

161 997 88 18 naderna
260 997 110 18 herörande
381 997 84 24 utgifter
476 997 33 17 till

163 1027 29 16 ett
210 1025 73 24 belopp
307 1025 19 18 af
345 1027 39 21 Fe
407 1027 101 23 11,305:—.

161 1053 63 19 Detta
240 1054 72 23 belopp
331 1054 130 18 inberäknadt
477 1055 31 17 ut-

161 1084 37 21 gör
208 1082 90 23 utgiften
309 1082 31 18 för
351 1083 157 23 Ingeniörkåren

161 1110 32 19 för
198 1113 48 22 väg-
254 1111 37 18 och
298 1111 211 24 vattenbyggnaderna

161 1150 24 2 —
196 1141 80 22 206,527:
283 1141 28 17 37.

224 1233 2 3 .
245 1207 72 29 Öfriga
331 1209 98 28 utgifter.

126 1254 21 17 11]
161 1253 40 18 För
220 1253 127 19 bedrifvande
368 1253 19 18 af
404 1255 47 22 väg-
470 1254 38 18 och

183 1282 256 24 vattenbyggnadsarbeten
455 1282 52 24 (obe-

184 1311 94 25 gränsadt
295 1311 212 25 reservationsanslag)|
555 1312 102 24 344,600—|
699 1312 101 24 314,313/46]
998 1311 90 24 30,286/54

126 1342 21 17 12|
160 1340 161 20 Resekostnader
338 1340 33 18 för
386 1341 122 23 tjenstemän
954 1354 4 3 N

183 1369 34 19 vid
232 1372 48 21 väg-
296 1370 37 17 och
347 1369 161 24 vattenbyggna-

184 1398 61 18 derna
256 1398 181 24 (förslagsanslag).
457 1412 4 4 .
480 1412 4 4 .
503 1412 4 4 .
565 1394 95 32 35,000/—|
710 1398 89 23 46,964|11
855 1398 88 24 11,964|11

199 1426 59 18 Mom.
272 1428 77 17 11—12:
361 1428 110 23 379,600:
456 1422 17 33 —

275 1456 81 24 361,27:
363 1457 28 17 57.

168 1484 50 23 Kap.
230 1484 15 18 I.
259 1485 110 23 746,750:
356 1480 14 32 —
387 1485 79 23 683,727:
473 1484 28 18 82.

397 1518 109 24 Transport
513 1506 7 40 |
524 1512 137 30 36,482,386]89]
669 1512 137 29 34,878,751|08]
823 1506 14 40 —
843 1512 107 29 800,345]48]
969 1518 120 23 2,908,981]22]

561 1574 25 18 20
