1009 1603
160 61 25 18 24
396 59 142 32 Delegationens
544 52 94 29 berättelse
651 69 28 12 om

233 133 56 23 Häri
312 134 32 22 ha
358 135 132 28 porträtten
506 135 9 21 i
531 134 29 22 de
576 134 164 28 nyssnämnda
756 134 120 22 böckerna
893 135 19 28 ej

159 168 133 23 inräknats.
311 169 135 23 Porträtten
463 172 38 20 äro
518 170 112 29 uppsatta
646 170 13 22 å
675 169 117 23 särskilda
808 169 55 23 blad
879 170 36 22 för

160 204 84 30 hvarje
260 211 84 23 person
360 205 44 23 och
416 205 103 23 ordnade
530 205 138 23 alfabetiskt
678 206 8 22 i
696 205 128 30 portföljer,
834 205 81 23 hvilka

160 240 16 23 1
193 247 23 15 n.
233 241 79 29 uppgå
328 241 36 22 till
381 242 34 22 ett
431 241 65 23 antal
514 241 23 23 af
552 244 36 20 47.

234 276 186 30 Sammanlagda
430 277 132 29 utgifterna
573 277 36 23 för
619 277 71 29 inköp
694 272 50 39 till
748 277 166 23 Porträttsam-

159 312 81 28 lingen
257 313 84 28 utgöra
356 312 36 23 för
408 313 44 22 den
464 320 33 15 nu
510 312 116 23 afslutade
638 312 208 29 ständerperioden
854 312 61 23 Fmk

162 351 87 24 11,812:
267 351 35 24 26,
318 347 68 24 hvari
402 349 69 28 ingär
484 347 70 24 äfven
575 349 58 22 sista
648 349 70 22 raten
729 348 24 23 af
763 348 107 23 likviden
880 347 36 23 för

159 383 184 23 Wadströmska
359 384 134 29 samlingen
511 383 54 23 med
581 384 61 22 Fmk
659 387 72 24 5,786:
749 387 35 19 56.

233 419 51 23 Den
295 419 129 23 Inhemska
434 419 236 30 porträttsamlingen
681 419 106 23 förvaras
797 420 13 22 ä
820 419 95 23 Statens

160 455 134 22 Historiska
308 455 116 28 Museum,
441 455 42 23 där
500 455 52 28 den,
568 455 160 23 inkräktande
744 455 31 29 pä
791 455 40 23 det
845 455 70 22 äfven

161 490 59 29 eljes
236 490 86 30 tränga
336 492 138 28 utrymmet,
492 491 49 23 stär
557 491 199 29 sammanträngd
770 491 32 29 pä
814 492 33 21 ett
857 491 59 22 fätal

159 526 78 29 hyllor
252 527 8 22 i
276 527 52 22 sina
343 527 155 29 provisoriskt
516 527 140 23 anskaffade
672 527 134 28 kartonger.

234 598 171 29 Delegationen
429 598 109 29 öfvergär
561 605 33 16 nu
612 598 36 23 till
664 598 28 23 de
708 599 208 22 konstindusiriella

159 634 163 28 samlingarna,
346 634 95 22 hvilkas
465 634 99 26 tillväxt,
590 634 114 22 beroende
726 640 50 16 som
793 633 46 23 den
854 635 63 21 varit

160 670 31 28 pä
207 676 51 16 mer
274 670 54 22 eller
344 669 94 23 mindre
451 669 119 29 tillfälliga
582 669 86 28 anbud,
680 669 171 29 Delegationen
862 669 54 23 sökt

160 704 120 30 begränsa
294 705 35 23 till
346 705 106 28 föremål,
469 712 51 16 som
531 704 81 24 kunde
622 712 59 19 vara
690 706 30 28 pä
732 706 34 21 ett
777 705 56 23 eller
842 706 74 29 annat

160 742 48 21 sätt
224 741 128 29 belysande
368 741 36 23 för
421 741 46 23 den
478 741 127 23 inhemska
614 741 152 23 konstflitens
777 740 139 24 nuvarande

160 776 115 30 ställning
299 777 43 22 och
365 777 102 29 tidigare
488 777 225 29 utvecklingsgäng,
730 776 99 23 hvarvid
846 776 70 23 äfven

160 812 92 23 sådana
274 812 99 23 föremål
397 813 24 23 af
436 812 126 23 utländskt
577 819 125 23 ursprung,
712 818 59 16 som
787 812 79 29 någon
882 812 35 22 tid

159 848 91 23 tillhört
265 848 127 23 inhemska
408 848 104 30 familjer
523 848 43 23 och
578 848 136 30 därigenom
727 849 87 21 vunnit
826 848 89 22 kultur-

159 884 125 22 historiskt
306 885 102 21 intresse
431 884 37 23 för
491 891 45 20 oss,
553 883 41 23 vid
609 884 105 29 inköpen
729 883 185 30 ifrågakommit.

160 919 113 23 Däremot
296 920 80 22 kunde
400 927 29 15 en
453 920 155 29 systematisk
632 920 147 29 anläggning
798 919 24 23 af
838 920 78 28 någon

160 956 105 29 samling
287 956 115 22 utländsk
420 956 176 22 konstindustri
613 957 19 28 ej
650 958 76 27 gärna
742 955 126 29 företagas,
886 955 30 23 då

160 997 31 16 en
215 991 73 22 sådan
312 991 55 23 vida
391 991 133 29 öfverstege
550 991 59 23 både
634 991 28 23 de
682 991 130 29 tillgångar
828 991 43 22 och
888 991 28 22 de

158 1026 99 29 krafter,
274 1033 51 17 som
341 1027 66 23 stodo
418 1027 172 29 Delegationen
601 1027 35 22 till
647 1027 69 27 buds,
727 1026 96 23 hvarför
834 1027 83 22 endast

159 1062 174 29 undantagsvis
350 1063 100 22 enstaka
466 1063 72 29 inköp
555 1063 63 22 skett
633 1063 31 29 på
681 1063 65 22 detta
758 1062 100 27 område,
869 1065 47 20 sär-

159 1098 75 22 skildt
249 1099 39 21 vid
304 1099 47 22 den
368 1100 65 21 stora
448 1099 246 28 konstutställningen
710 1099 9 21 i
734 1098 67 22 Paris
814 1098 25 22 år
852 1101 63 19 1900.

233 1134 93 23 Främst
338 1134 74 23 bland
423 1134 29 22 de
463 1134 220 23 konstindustriella
694 1133 106 29 inköpen
811 1136 117 29 omnäm-

159 1176 43 16 ner
217 1170 173 27 Delegationen
406 1170 46 22 den
468 1170 64 22 stora
548 1170 131 27 silfvervas,
697 1176 52 16 som
765 1169 24 23 af
806 1175 111 23 europeer

159 1206 9 22 i
183 1206 135 28 Hongkong
333 1205 121 23 förärades
469 1205 86 23 Adolf
565 1205 65 23 Erik
641 1205 205 23 Nordenskiöld
857 1206 9 21 i
877 1211 39 16 an-

158 1241 100 29 ledning
284 1242 24 22 af
331 1241 235 30 Nordostpassagens
590 1240 170 26 fullbordande.
792 1240 87 28 Vasen,
905 1244 11 19 1

160 1277 77 22 meter
252 1277 52 28 hög,
321 1278 31 28 på
368 1284 30 15 en
414 1277 81 22 sockel
512 1277 24 22 af
554 1280 26 19 15
598 1283 44 21 cm,
659 1278 9 21 i
684 1276 86 23 drifvet
781 1276 82 23 silfver
874 1276 43 22 och

158 1312 50 23 rikt
232 1313 98 22 ornerad
349 1312 56 23 med
420 1312 151 28 reliefbilder,
588 1315 26 20 är
630 1312 58 23 efter
704 1311 152 30 Vegafärden
872 1311 44 24 för-

158 1348 112 29 färdigad
280 1349 8 21 i
298 1349 134 28 Hongkong
440 1348 44 23 och
494 1348 50 23 blef
555 1348 59 23 efter
624 1348 98 23 friherre
732 1347 185 23 Nordenskiölds
