<?xml version="1.0" encoding="UTF-8"?>
<alto xmlns="http://www.loc.gov/standards/alto/ns-v3#" xmlns:xlink="http://www.w3.org/1999/xlink" xmlns:xsi="http://www.w3.org/2001/XMLSchema-instance" xsi:schemaLocation="http://www.loc.gov/standards/alto/ns-v3# http://www.loc.gov/alto/v3/alto-3-0.xsd">
	<Description>
		<MeasurementUnit>pixel</MeasurementUnit>
		<sourceImageInformation>
			<fileName>/tmp/tess_t1h1lp5j_input.PNG</fileName>
		</sourceImageInformation>
		<OCRProcessing ID="OCR_0">
			<ocrProcessingStep>
				<processingSoftware>
					<softwareName>tesseract 5.3.4</softwareName>
				</processingSoftware>
			</ocrProcessingStep>
		</OCRProcessing>
	</Description>
	<Layout>
		<Page WIDTH="1031" HEIGHT="1617" PHYSICAL_IMG_NR="0" ID="page_0">
			<PrintSpace HPOS="0" VPOS="0" WIDTH="1031" HEIGHT="1617">
				<ComposedBlock ID="cblock_0" HPOS="182" VPOS="65" WIDTH="462" HEIGHT="23">
					<TextBlock ID="block_0" HPOS="182" VPOS="65" WIDTH="462" HEIGHT="23">
						<TextLine ID="line_0" HPOS="182" VPOS="65" WIDTH="462" HEIGHT="23">
							<String ID="string_0" HPOS="182" VPOS="66" WIDTH="28" HEIGHT="22" WC="0.95" CONTENT="56"/><SP WIDTH="272" VPOS="66" HPOS="210"/>
							<String ID="string_1" HPOS="482" VPOS="66" WIDTH="29" HEIGHT="22" WC="0.91" CONTENT="U."/><SP WIDTH="16" VPOS="66" HPOS="511"/>
							<String ID="string_2" HPOS="527" VPOS="65" WIDTH="28" HEIGHT="23" WC="0.90" CONTENT="B."/><SP WIDTH="17" VPOS="65" HPOS="555"/>
							<String ID="string_3" HPOS="572" VPOS="79" WIDTH="29" HEIGHT="3" WC="0.92" CONTENT="—"/><SP WIDTH="14" VPOS="79" HPOS="601"/>
							<String ID="string_4" HPOS="615" VPOS="66" WIDTH="29" HEIGHT="21" WC="0.92" CONTENT="11."/>
						</TextLine>
					</TextBlock>
				</ComposedBlock>
				<ComposedBlock ID="cblock_1" HPOS="181" VPOS="133" WIDTH="770" HEIGHT="398">
					<TextBlock ID="block_1" HPOS="182" VPOS="133" WIDTH="769" HEIGHT="302">
						<TextLine ID="line_1" HPOS="182" VPOS="133" WIDTH="766" HEIGHT="32">
							<String ID="string_5" HPOS="182" VPOS="133" WIDTH="84" HEIGHT="28" WC="0.90" CONTENT="90-ärig"/><SP WIDTH="16" VPOS="133" HPOS="266"/>
							<String ID="string_6" HPOS="282" VPOS="134" WIDTH="135" HEIGHT="21" WC="0.96" CONTENT="verksamhet"/><SP WIDTH="14" VPOS="134" HPOS="417"/>
							<String ID="string_7" HPOS="431" VPOS="134" WIDTH="32" HEIGHT="21" WC="0.93" CONTENT="till"/><SP WIDTH="15" VPOS="134" HPOS="463"/>
							<String ID="string_8" HPOS="478" VPOS="133" WIDTH="161" HEIGHT="28" WC="0.92" CONTENT="Kejsardömets"/><SP WIDTH="16" VPOS="133" HPOS="639"/>
							<String ID="string_9" HPOS="655" VPOS="135" WIDTH="58" HEIGHT="20" WC="0.95" CONTENT="armé"/><SP WIDTH="13" VPOS="135" HPOS="713"/>
							<String ID="string_10" HPOS="726" VPOS="134" WIDTH="39" HEIGHT="21" WC="0.92" CONTENT="och"/><SP WIDTH="11" VPOS="134" HPOS="765"/>
							<String ID="string_11" HPOS="776" VPOS="134" WIDTH="122" HEIGHT="31" WC="0.95" CONTENT="sedermera"/><SP WIDTH="15" VPOS="134" HPOS="898"/>
							<String ID="string_12" HPOS="913" VPOS="134" WIDTH="35" HEIGHT="22" WC="0.61" CONTENT="til"/>
						</TextLine>
						<TextLine ID="line_2" HPOS="182" VPOS="168" WIDTH="767" HEIGHT="22">
							<String ID="string_13" HPOS="182" VPOS="168" WIDTH="43" HEIGHT="22" WC="0.93" CONTENT="den"/><SP WIDTH="10" VPOS="168" HPOS="225"/>
							<String ID="string_14" HPOS="235" VPOS="168" WIDTH="112" HEIGHT="21" WC="0.92" CONTENT="inhemska"/><SP WIDTH="15" VPOS="168" HPOS="347"/>
							<String ID="string_15" HPOS="362" VPOS="168" WIDTH="107" HEIGHT="22" WC="0.92" CONTENT="militären"/><SP WIDTH="14" VPOS="168" HPOS="469"/>
							<String ID="string_16" HPOS="483" VPOS="168" WIDTH="141" HEIGHT="21" WC="0.91" CONTENT="utdimitterat"/><SP WIDTH="15" VPOS="168" HPOS="624"/>
							<String ID="string_17" HPOS="639" VPOS="170" WIDTH="30" HEIGHT="20" WC="0.92" CONTENT="ett"/><SP WIDTH="14" VPOS="170" HPOS="669"/>
							<String ID="string_18" HPOS="683" VPOS="168" WIDTH="93" HEIGHT="22" WC="0.91" CONTENT="tusental"/><SP WIDTH="11" VPOS="168" HPOS="776"/>
							<String ID="string_19" HPOS="787" VPOS="168" WIDTH="34" HEIGHT="21" WC="0.97" CONTENT="för"/><SP WIDTH="10" VPOS="168" HPOS="821"/>
							<String ID="string_20" HPOS="831" VPOS="168" WIDTH="35" HEIGHT="22" WC="0.96" CONTENT="det"/><SP WIDTH="12" VPOS="168" HPOS="866"/>
							<String ID="string_21" HPOS="878" VPOS="170" WIDTH="71" HEIGHT="20" WC="0.80" CONTENT="mesta:"/>
						</TextLine>
						<TextLine ID="line_3" HPOS="182" VPOS="202" WIDTH="769" HEIGHT="28">
							<String ID="string_22" HPOS="182" VPOS="202" WIDTH="95" HEIGHT="28" WC="0.96" CONTENT="dugliga,"/><SP WIDTH="15" VPOS="202" HPOS="277"/>
							<String ID="string_23" HPOS="292" VPOS="202" WIDTH="43" HEIGHT="21" WC="0.92" CONTENT="ofta"/><SP WIDTH="23" VPOS="202" HPOS="335"/>
							<String ID="string_24" HPOS="358" VPOS="202" WIDTH="143" HEIGHT="21" WC="0.95" CONTENT="framstående"/><SP WIDTH="26" VPOS="202" HPOS="501"/>
							<String ID="string_25" HPOS="527" VPOS="202" WIDTH="116" HEIGHT="27" WC="0.95" CONTENT="officerare,"/><SP WIDTH="15" VPOS="202" HPOS="643"/>
							<String ID="string_26" HPOS="658" VPOS="202" WIDTH="72" HEIGHT="22" WC="0.96" CONTENT="hvilka"/><SP WIDTH="23" VPOS="202" HPOS="730"/>
							<String ID="string_27" HPOS="753" VPOS="203" WIDTH="55" HEIGHT="27" WC="0.93" CONTENT="gjort"/><SP WIDTH="19" VPOS="203" HPOS="808"/>
							<String ID="string_28" HPOS="827" VPOS="202" WIDTH="124" HEIGHT="22" WC="0.94" CONTENT="läroverket"/>
						</TextLine>
						<TextLine ID="line_4" HPOS="183" VPOS="236" WIDTH="766" HEIGHT="22">
							<String ID="string_29" HPOS="183" VPOS="237" WIDTH="41" HEIGHT="21" WC="0.96" CONTENT="och"/><SP WIDTH="18" VPOS="237" HPOS="224"/>
							<String ID="string_30" HPOS="242" VPOS="236" WIDTH="36" HEIGHT="21" WC="0.96" CONTENT="det"/><SP WIDTH="19" VPOS="236" HPOS="278"/>
							<String ID="string_31" HPOS="297" VPOS="236" WIDTH="69" HEIGHT="21" WC="0.96" CONTENT="finska"/><SP WIDTH="19" VPOS="236" HPOS="366"/>
							<String ID="string_32" HPOS="385" VPOS="238" WIDTH="87" HEIGHT="20" WC="0.95" CONTENT="namnet"/><SP WIDTH="20" VPOS="238" HPOS="472"/>
							<String ID="string_33" HPOS="492" VPOS="236" WIDTH="67" HEIGHT="22" WC="0.96" CONTENT="heder"/><SP WIDTH="18" VPOS="236" HPOS="559"/>
							<String ID="string_34" HPOS="577" VPOS="237" WIDTH="40" HEIGHT="21" WC="0.96" CONTENT="och"/><SP WIDTH="20" VPOS="237" HPOS="617"/>
							<String ID="string_35" HPOS="637" VPOS="236" WIDTH="66" HEIGHT="22" WC="0.96" CONTENT="bland"/><SP WIDTH="17" VPOS="236" HPOS="703"/>
							<String ID="string_36" HPOS="720" VPOS="236" WIDTH="72" HEIGHT="22" WC="0.96" CONTENT="hvilka"/><SP WIDTH="15" VPOS="236" HPOS="792"/>
							<String ID="string_37" HPOS="807" VPOS="236" WIDTH="142" HEIGHT="22" WC="0.96" CONTENT="fosterlandet"/>
						</TextLine>
						<TextLine ID="line_5" HPOS="182" VPOS="270" WIDTH="587" HEIGHT="28">
							<String ID="string_38" HPOS="182" VPOS="270" WIDTH="78" HEIGHT="22" WC="0.96" CONTENT="räknar"/><SP WIDTH="14" VPOS="270" HPOS="260"/>
							<String ID="string_39" HPOS="274" VPOS="270" WIDTH="52" HEIGHT="22" WC="0.93" CONTENT="flere"/><SP WIDTH="15" VPOS="270" HPOS="326"/>
							<String ID="string_40" HPOS="341" VPOS="270" WIDTH="22" HEIGHT="22" WC="0.95" CONTENT="af"/><SP WIDTH="14" VPOS="270" HPOS="363"/>
							<String ID="string_41" HPOS="377" VPOS="270" WIDTH="47" HEIGHT="22" WC="0.95" CONTENT="sina"/><SP WIDTH="15" VPOS="270" HPOS="424"/>
							<String ID="string_42" HPOS="439" VPOS="270" WIDTH="60" HEIGHT="22" WC="0.96" CONTENT="bästa"/><SP WIDTH="16" VPOS="270" HPOS="499"/>
							<String ID="string_43" HPOS="515" VPOS="271" WIDTH="40" HEIGHT="21" WC="0.96" CONTENT="och"/><SP WIDTH="15" VPOS="271" HPOS="555"/>
							<String ID="string_44" HPOS="570" VPOS="271" WIDTH="115" HEIGHT="27" WC="0.96" CONTENT="nyttigaste"/><SP WIDTH="16" VPOS="271" HPOS="685"/>
							<String ID="string_45" HPOS="701" VPOS="272" WIDTH="68" HEIGHT="20" WC="0.96" CONTENT="söner."/>
						</TextLine>
						<TextLine ID="line_6" HPOS="187" VPOS="300" WIDTH="762" HEIGHT="32">
							<String ID="string_46" HPOS="187" VPOS="300" WIDTH="9" HEIGHT="7" WC="0.79" CONTENT="N"/><SP WIDTH="57" VPOS="300" HPOS="196"/>
							<String ID="string_47" HPOS="253" VPOS="304" WIDTH="70" HEIGHT="22" WC="0.96" CONTENT="Sedan"/><SP WIDTH="22" VPOS="304" HPOS="323"/>
							<String ID="string_48" HPOS="345" VPOS="306" WIDTH="48" HEIGHT="20" WC="0.93" CONTENT="dess"/><SP WIDTH="18" VPOS="306" HPOS="393"/>
							<String ID="string_49" HPOS="411" VPOS="304" WIDTH="64" HEIGHT="22" WC="0.92" CONTENT="hafva"/><SP WIDTH="17" VPOS="304" HPOS="475"/>
							<String ID="string_50" HPOS="492" VPOS="304" WIDTH="152" HEIGHT="22" WC="0.92" CONTENT="kadettkärens"/><SP WIDTH="15" VPOS="304" HPOS="644"/>
							<String ID="string_51" HPOS="659" VPOS="312" WIDTH="44" HEIGHT="20" WC="0.96" CONTENT="nya"/><SP WIDTH="15" VPOS="312" HPOS="703"/>
							<String ID="string_52" HPOS="718" VPOS="305" WIDTH="39" HEIGHT="21" WC="0.93" CONTENT="och"/><SP WIDTH="15" VPOS="305" HPOS="757"/>
							<String ID="string_53" HPOS="772" VPOS="305" WIDTH="91" HEIGHT="27" WC="0.91" CONTENT="rymliga"/><SP WIDTH="16" VPOS="305" HPOS="863"/>
							<String ID="string_54" HPOS="879" VPOS="305" WIDTH="70" HEIGHT="27" WC="0.91" CONTENT="bygg-"/>
						</TextLine>
						<TextLine ID="line_7" HPOS="182" VPOS="338" WIDTH="768" HEIGHT="28">
							<String ID="string_55" HPOS="182" VPOS="339" WIDTH="68" HEIGHT="21" WC="0.96" CONTENT="nader"/><SP WIDTH="21" VPOS="339" HPOS="250"/>
							<String ID="string_56" HPOS="271" VPOS="339" WIDTH="49" HEIGHT="21" WC="0.93" CONTENT="stått"/><SP WIDTH="21" VPOS="339" HPOS="320"/>
							<String ID="string_57" HPOS="341" VPOS="339" WIDTH="138" HEIGHT="27" WC="0.90" CONTENT="obegagnade"/><SP WIDTH="17" VPOS="339" HPOS="479"/>
							<String ID="string_58" HPOS="496" VPOS="339" WIDTH="40" HEIGHT="21" WC="0.95" CONTENT="och"/><SP WIDTH="21" VPOS="339" HPOS="536"/>
							<String ID="string_59" HPOS="557" VPOS="339" WIDTH="76" HEIGHT="21" WC="0.96" CONTENT="endast"/><SP WIDTH="15" VPOS="339" HPOS="633"/>
							<String ID="string_60" HPOS="648" VPOS="346" WIDTH="31" HEIGHT="14" WC="0.96" CONTENT="nu"/><SP WIDTH="14" VPOS="346" HPOS="679"/>
							<String ID="string_61" HPOS="693" VPOS="339" WIDTH="69" HEIGHT="21" WC="0.93" CONTENT="under"/><SP WIDTH="15" VPOS="339" HPOS="762"/>
							<String ID="string_62" HPOS="777" VPOS="339" WIDTH="108" HEIGHT="27" WC="0.96" CONTENT="pågående"/><SP WIDTH="13" VPOS="339" HPOS="885"/>
							<String ID="string_63" HPOS="898" VPOS="338" WIDTH="52" HEIGHT="28" WC="0.82" CONTENT="krig&quot;"/>
						</TextLine>
						<TextLine ID="line_8" HPOS="182" VPOS="368" WIDTH="768" HEIGHT="33">
							<String ID="string_64" HPOS="182" VPOS="368" WIDTH="117" HEIGHT="33" WC="0.92" CONTENT="temporärt"/><SP WIDTH="16" VPOS="368" HPOS="299"/>
							<String ID="string_65" HPOS="315" VPOS="375" WIDTH="91" HEIGHT="26" WC="0.92" CONTENT="apterats"/><SP WIDTH="15" VPOS="375" HPOS="406"/>
							<String ID="string_66" HPOS="421" VPOS="374" WIDTH="32" HEIGHT="20" WC="0.95" CONTENT="till"/><SP WIDTH="15" VPOS="374" HPOS="453"/>
							<String ID="string_67" HPOS="468" VPOS="374" WIDTH="91" HEIGHT="27" WC="0.96" CONTENT="sjukhus"/><SP WIDTH="10" VPOS="374" HPOS="559"/>
							<String ID="string_68" HPOS="569" VPOS="374" WIDTH="33" HEIGHT="20" WC="0.93" CONTENT="för"/><SP WIDTH="9" VPOS="374" HPOS="602"/>
							<String ID="string_69" HPOS="611" VPOS="373" WIDTH="47" HEIGHT="21" WC="0.93" CONTENT="från"/><SP WIDTH="11" VPOS="373" HPOS="658"/>
							<String ID="string_70" HPOS="669" VPOS="374" WIDTH="213" HEIGHT="27" WC="0.92" CONTENT="stridsskädeplatsen"/><SP WIDTH="10" VPOS="374" HPOS="882"/>
							<String ID="string_71" HPOS="892" VPOS="374" WIDTH="58" HEIGHT="21" WC="0.71" CONTENT="äter-"/>
						</TextLine>
						<TextLine ID="line_9" HPOS="183" VPOS="407" WIDTH="630" HEIGHT="28">
							<String ID="string_72" HPOS="183" VPOS="407" WIDTH="113" HEIGHT="22" WC="0.96" CONTENT="vändande"/><SP WIDTH="16" VPOS="407" HPOS="296"/>
							<String ID="string_73" HPOS="312" VPOS="407" WIDTH="74" HEIGHT="22" WC="0.96" CONTENT="sårade"/><SP WIDTH="17" VPOS="407" HPOS="386"/>
							<String ID="string_74" HPOS="403" VPOS="407" WIDTH="39" HEIGHT="22" WC="0.93" CONTENT="och"/><SP WIDTH="15" VPOS="407" HPOS="442"/>
							<String ID="string_75" HPOS="457" VPOS="408" WIDTH="61" HEIGHT="27" WC="0.96" CONTENT="sjuke"/><SP WIDTH="17" VPOS="408" HPOS="518"/>
							<String ID="string_76" HPOS="535" VPOS="407" WIDTH="110" HEIGHT="21" WC="0.96" CONTENT="officerare"/><SP WIDTH="16" VPOS="407" HPOS="645"/>
							<String ID="string_77" HPOS="661" VPOS="407" WIDTH="40" HEIGHT="21" WC="0.93" CONTENT="och"/><SP WIDTH="14" VPOS="407" HPOS="701"/>
							<String ID="string_78" HPOS="715" VPOS="407" WIDTH="98" HEIGHT="22" WC="0.96" CONTENT="soldater."/>
						</TextLine>
					</TextBlock>
					<TextBlock ID="block_2" HPOS="181" VPOS="438" WIDTH="767" HEIGHT="93">
						<TextLine ID="line_10" HPOS="219" VPOS="438" WIDTH="726" HEIGHT="25">
							<String ID="string_79" HPOS="219" VPOS="438" WIDTH="3" HEIGHT="3" WC="0.30" CONTENT="&#39;"/><SP WIDTH="31" VPOS="438" HPOS="222"/>
							<String ID="string_80" HPOS="253" VPOS="441" WIDTH="41" HEIGHT="22" WC="0.96" CONTENT="För"/><SP WIDTH="22" VPOS="441" HPOS="294"/>
							<String ID="string_81" HPOS="316" VPOS="441" WIDTH="115" HEIGHT="22" WC="0.96" CONTENT="framtiden"/><SP WIDTH="22" VPOS="441" HPOS="431"/>
							<String ID="string_82" HPOS="453" VPOS="441" WIDTH="62" HEIGHT="22" WC="0.96" CONTENT="torde"/><SP WIDTH="16" VPOS="441" HPOS="515"/>
							<String ID="string_83" HPOS="531" VPOS="441" WIDTH="35" HEIGHT="22" WC="0.96" CONTENT="väl"/><SP WIDTH="14" VPOS="441" HPOS="566"/>
							<String ID="string_84" HPOS="580" VPOS="441" WIDTH="75" HEIGHT="22" WC="0.93" CONTENT="kunna"/><SP WIDTH="16" VPOS="441" HPOS="655"/>
							<String ID="string_85" HPOS="671" VPOS="443" WIDTH="92" HEIGHT="20" WC="0.92" CONTENT="emotses"/><SP WIDTH="16" VPOS="443" HPOS="763"/>
							<String ID="string_86" HPOS="779" VPOS="444" WIDTH="32" HEIGHT="19" WC="0.96" CONTENT="att"/><SP WIDTH="15" VPOS="444" HPOS="811"/>
							<String ID="string_87" HPOS="826" VPOS="441" WIDTH="41" HEIGHT="22" WC="0.96" CONTENT="den"/><SP WIDTH="16" VPOS="441" HPOS="867"/>
							<String ID="string_88" HPOS="883" VPOS="441" WIDTH="62" HEIGHT="22" WC="0.96" CONTENT="forna"/>
						</TextLine>
						<TextLine ID="line_11" HPOS="181" VPOS="470" WIDTH="767" HEIGHT="33">
							<String ID="string_89" HPOS="181" VPOS="475" WIDTH="71" HEIGHT="22" WC="0.93" CONTENT="finska"/><SP WIDTH="13" VPOS="475" HPOS="252"/>
							<String ID="string_90" HPOS="265" VPOS="475" WIDTH="152" HEIGHT="22" WC="0.92" CONTENT="kadettkårens"/><SP WIDTH="16" VPOS="475" HPOS="417"/>
							<String ID="string_91" HPOS="433" VPOS="475" WIDTH="125" HEIGHT="28" WC="0.96" CONTENT="byggnader"/><SP WIDTH="14" VPOS="475" HPOS="558"/>
							<String ID="string_92" HPOS="572" VPOS="475" WIDTH="48" HEIGHT="22" WC="0.93" CONTENT="icke"/><SP WIDTH="15" VPOS="475" HPOS="620"/>
							<String ID="string_93" HPOS="635" VPOS="476" WIDTH="66" HEIGHT="21" WC="0.92" CONTENT="varda"/><SP WIDTH="16" VPOS="476" HPOS="701"/>
							<String ID="string_94" HPOS="717" VPOS="470" WIDTH="102" HEIGHT="27" WC="0.95" CONTENT="använda"/><SP WIDTH="11" VPOS="470" HPOS="819"/>
							<String ID="string_95" HPOS="830" VPOS="475" WIDTH="33" HEIGHT="22" WC="0.95" CONTENT="till"/><SP WIDTH="15" VPOS="475" HPOS="863"/>
							<String ID="string_96" HPOS="878" VPOS="475" WIDTH="70" HEIGHT="28" WC="0.80" CONTENT="några."/>
						</TextLine>
						<TextLine ID="line_12" HPOS="182" VPOS="508" WIDTH="584" HEIGHT="23">
							<String ID="string_97" HPOS="182" VPOS="511" WIDTH="34" HEIGHT="20" WC="0.96" CONTENT="för"/><SP WIDTH="16" VPOS="511" HPOS="216"/>
							<String ID="string_98" HPOS="232" VPOS="510" WIDTH="36" HEIGHT="21" WC="0.96" CONTENT="det"/><SP WIDTH="14" VPOS="510" HPOS="268"/>
							<String ID="string_99" HPOS="282" VPOS="509" WIDTH="70" HEIGHT="22" WC="0.93" CONTENT="finska"/><SP WIDTH="15" VPOS="509" HPOS="352"/>
							<String ID="string_100" HPOS="367" VPOS="509" WIDTH="130" HEIGHT="22" WC="0.91" CONTENT="statsverket"/><SP WIDTH="14" VPOS="509" HPOS="497"/>
							<String ID="string_101" HPOS="511" VPOS="509" WIDTH="134" HEIGHT="22" WC="0.96" CONTENT="främmande"/><SP WIDTH="16" VPOS="509" HPOS="645"/>
							<String ID="string_102" HPOS="661" VPOS="508" WIDTH="105" HEIGHT="23" WC="0.94" CONTENT="ändamål."/>
						</TextLine>
					</TextBlock>
				</ComposedBlock>
				<ComposedBlock ID="cblock_2" HPOS="177" VPOS="612" WIDTH="772" HEIGHT="782">
					<TextBlock ID="block_3" HPOS="179" VPOS="612" WIDTH="770" HEIGHT="542">
						<TextLine ID="line_13" HPOS="254" VPOS="612" WIDTH="695" HEIGHT="28">
							<String ID="string_103" HPOS="254" VPOS="613" WIDTH="30" HEIGHT="20" WC="0.96" CONTENT="På"/><SP WIDTH="14" VPOS="613" HPOS="284"/>
							<String ID="string_104" HPOS="298" VPOS="614" WIDTH="43" HEIGHT="20" WC="0.96" CONTENT="sätt"/><SP WIDTH="15" VPOS="614" HPOS="341"/>
							<String ID="string_105" HPOS="356" VPOS="613" WIDTH="31" HEIGHT="21" WC="0.96" CONTENT="uti"/><SP WIDTH="15" VPOS="613" HPOS="387"/>
							<String ID="string_106" HPOS="402" VPOS="613" WIDTH="118" HEIGHT="21" WC="0.94" CONTENT="relationen"/><SP WIDTH="20" VPOS="613" HPOS="520"/>
							<String ID="string_107" HPOS="540" VPOS="613" WIDTH="47" HEIGHT="27" WC="0.96" CONTENT="(sid."/><SP WIDTH="16" VPOS="613" HPOS="587"/>
							<String ID="string_108" HPOS="603" VPOS="613" WIDTH="36" HEIGHT="26" WC="0.93" CONTENT="58)"/><SP WIDTH="17" VPOS="613" HPOS="639"/>
							<String ID="string_109" HPOS="656" VPOS="613" WIDTH="135" HEIGHT="21" WC="0.92" CONTENT="omförmäles"/><SP WIDTH="15" VPOS="613" HPOS="791"/>
							<String ID="string_110" HPOS="806" VPOS="612" WIDTH="143" HEIGHT="21" WC="0.64" CONTENT="förordnades:"/>
						</TextLine>
						<TextLine ID="line_14" HPOS="184" VPOS="646" WIDTH="764" HEIGHT="28">
							<String ID="string_111" HPOS="184" VPOS="646" WIDTH="41" HEIGHT="21" WC="0.96" CONTENT="den"/><SP WIDTH="21" VPOS="646" HPOS="225"/>
							<String ID="string_112" HPOS="246" VPOS="647" WIDTH="26" HEIGHT="20" WC="0.96" CONTENT="26"/><SP WIDTH="23" VPOS="647" HPOS="272"/>
							<String ID="string_113" HPOS="295" VPOS="648" WIDTH="52" HEIGHT="26" WC="0.92" CONTENT="sept."/><SP WIDTH="20" VPOS="648" HPOS="347"/>
							<String ID="string_114" HPOS="367" VPOS="647" WIDTH="54" HEIGHT="21" WC="0.96" CONTENT="1902"/><SP WIDTH="24" VPOS="647" HPOS="421"/>
							<String ID="string_115" HPOS="445" VPOS="649" WIDTH="30" HEIGHT="19" WC="0.96" CONTENT="att"/><SP WIDTH="15" VPOS="649" HPOS="475"/>
							<String ID="string_116" HPOS="490" VPOS="647" WIDTH="32" HEIGHT="21" WC="0.96" CONTENT="till"/><SP WIDTH="15" VPOS="647" HPOS="522"/>
							<String ID="string_117" HPOS="537" VPOS="647" WIDTH="72" HEIGHT="27" WC="0.92" CONTENT="Ryska"/><SP WIDTH="21" VPOS="647" HPOS="609"/>
							<String ID="string_118" HPOS="630" VPOS="647" WIDTH="225" HEIGHT="21" WC="0.92" CONTENT="riksskattkammaren"/><SP WIDTH="20" VPOS="647" HPOS="855"/>
							<String ID="string_119" HPOS="875" VPOS="646" WIDTH="73" HEIGHT="21" WC="0.96" CONTENT="skulle"/>
						</TextLine>
						<TextLine ID="line_15" HPOS="184" VPOS="680" WIDTH="764" HEIGHT="28">
							<String ID="string_120" HPOS="184" VPOS="681" WIDTH="116" HEIGHT="21" WC="0.91" CONTENT="öfverföras"/><SP WIDTH="24" VPOS="681" HPOS="300"/>
							<String ID="string_121" HPOS="324" VPOS="687" WIDTH="27" HEIGHT="15" WC="0.96" CONTENT="en"/><SP WIDTH="23" VPOS="687" HPOS="351"/>
							<String ID="string_122" HPOS="374" VPOS="687" WIDTH="82" HEIGHT="15" WC="0.96" CONTENT="summa"/><SP WIDTH="24" VPOS="687" HPOS="456"/>
							<String ID="string_123" HPOS="480" VPOS="681" WIDTH="29" HEIGHT="25" WC="0.73" CONTENT="af:"/><SP WIDTH="14" VPOS="681" HPOS="509"/>
							<String ID="string_124" HPOS="523" VPOS="682" WIDTH="12" HEIGHT="20" WC="0.96" CONTENT="2"/><SP WIDTH="16" VPOS="682" HPOS="535"/>
							<String ID="string_125" HPOS="551" VPOS="681" WIDTH="52" HEIGHT="27" WC="0.95" CONTENT="milj."/><SP WIDTH="16" VPOS="681" HPOS="603"/>
							<String ID="string_126" HPOS="619" VPOS="681" WIDTH="66" HEIGHT="21" WC="0.95" CONTENT="mark."/><SP WIDTH="31" VPOS="681" HPOS="685"/>
							<String ID="string_127" HPOS="716" VPOS="680" WIDTH="46" HEIGHT="22" WC="0.96" CONTENT="Den"/><SP WIDTH="17" VPOS="680" HPOS="762"/>
							<String ID="string_128" HPOS="779" VPOS="682" WIDTH="28" HEIGHT="20" WC="0.96" CONTENT="24"/><SP WIDTH="15" VPOS="682" HPOS="807"/>
							<String ID="string_129" HPOS="822" VPOS="681" WIDTH="44" HEIGHT="21" WC="0.94" CONTENT="dec."/><SP WIDTH="22" VPOS="681" HPOS="866"/>
							<String ID="string_130" HPOS="888" VPOS="681" WIDTH="60" HEIGHT="21" WC="0.94" CONTENT="1903"/>
						</TextLine>
						<TextLine ID="line_16" HPOS="183" VPOS="714" WIDTH="764" HEIGHT="29">
							<String ID="string_131" HPOS="183" VPOS="714" WIDTH="115" HEIGHT="22" WC="0.92" CONTENT="föreskrefs"/><SP WIDTH="16" VPOS="714" HPOS="298"/>
							<String ID="string_132" HPOS="314" VPOS="715" WIDTH="72" HEIGHT="21" WC="0.96" CONTENT="vidare"/><SP WIDTH="15" VPOS="715" HPOS="386"/>
							<String ID="string_133" HPOS="401" VPOS="715" WIDTH="47" HEIGHT="21" WC="0.96" CONTENT="icke"/><SP WIDTH="16" VPOS="715" HPOS="448"/>
							<String ID="string_134" HPOS="464" VPOS="715" WIDTH="54" HEIGHT="21" WC="0.96" CONTENT="blott"/><SP WIDTH="13" VPOS="715" HPOS="518"/>
							<String ID="string_135" HPOS="531" VPOS="717" WIDTH="30" HEIGHT="19" WC="0.96" CONTENT="att"/><SP WIDTH="11" VPOS="717" HPOS="561"/>
							<String ID="string_136" HPOS="572" VPOS="715" WIDTH="26" HEIGHT="21" WC="0.96" CONTENT="de"/><SP WIDTH="11" VPOS="715" HPOS="598"/>
							<String ID="string_137" HPOS="609" VPOS="715" WIDTH="79" HEIGHT="28" WC="0.96" CONTENT="anslag,"/><SP WIDTH="11" VPOS="715" HPOS="688"/>
							<String ID="string_138" HPOS="699" VPOS="721" WIDTH="45" HEIGHT="15" WC="0.96" CONTENT="som"/><SP WIDTH="12" VPOS="721" HPOS="744"/>
							<String ID="string_139" HPOS="756" VPOS="722" WIDTH="50" HEIGHT="14" WC="0.93" CONTENT="vore"/><SP WIDTH="11" VPOS="722" HPOS="806"/>
							<String ID="string_140" HPOS="817" VPOS="715" WIDTH="12" HEIGHT="21" WC="0.92" CONTENT="ä"/><SP WIDTH="10" VPOS="715" HPOS="829"/>
							<String ID="string_141" HPOS="839" VPOS="717" WIDTH="41" HEIGHT="19" WC="0.93" CONTENT="stat"/><SP WIDTH="12" VPOS="717" HPOS="880"/>
							<String ID="string_142" HPOS="892" VPOS="721" WIDTH="55" HEIGHT="22" WC="0.91" CONTENT="upp-"/>
						</TextLine>
						<TextLine ID="line_17" HPOS="183" VPOS="749" WIDTH="765" HEIGHT="28">
							<String ID="string_143" HPOS="183" VPOS="751" WIDTH="64" HEIGHT="25" WC="0.95" CONTENT="tagna"/><SP WIDTH="21" VPOS="751" HPOS="247"/>
							<String ID="string_144" HPOS="268" VPOS="749" WIDTH="33" HEIGHT="21" WC="0.93" CONTENT="för"/><SP WIDTH="21" VPOS="749" HPOS="301"/>
							<String ID="string_145" HPOS="322" VPOS="749" WIDTH="119" HEIGHT="28" WC="0.92" CONTENT="Lifgardets"/><SP WIDTH="20" VPOS="749" HPOS="441"/>
							<String ID="string_146" HPOS="461" VPOS="749" WIDTH="56" HEIGHT="28" WC="0.92" CONTENT="3:dje"/><SP WIDTH="15" VPOS="749" HPOS="517"/>
							<String ID="string_147" HPOS="532" VPOS="749" WIDTH="69" HEIGHT="21" WC="0.93" CONTENT="finska"/><SP WIDTH="16" VPOS="749" HPOS="601"/>
							<String ID="string_148" HPOS="617" VPOS="749" WIDTH="236" HEIGHT="28" WC="0.92" CONTENT="skarpskyttebataljon,"/><SP WIDTH="16" VPOS="749" HPOS="853"/>
							<String ID="string_149" HPOS="869" VPOS="749" WIDTH="79" HEIGHT="21" WC="0.90" CONTENT="Garni-"/>
						</TextLine>
						<TextLine ID="line_18" HPOS="184" VPOS="780" WIDTH="761" HEIGHT="31">
							<String ID="string_150" HPOS="184" VPOS="784" WIDTH="169" HEIGHT="27" WC="0.92" CONTENT="sonssjukhuset,"/><SP WIDTH="16" VPOS="784" HPOS="353"/>
							<String ID="string_151" HPOS="369" VPOS="780" WIDTH="242" HEIGHT="31" WC="0.91" CONTENT="Öfverkrigsdomstolen"/><SP WIDTH="17" VPOS="780" HPOS="611"/>
							<String ID="string_152" HPOS="628" VPOS="784" WIDTH="39" HEIGHT="21" WC="0.93" CONTENT="och"/><SP WIDTH="19" VPOS="784" HPOS="667"/>
							<String ID="string_153" HPOS="686" VPOS="783" WIDTH="236" HEIGHT="28" WC="0.91" CONTENT="Garnisonshögvakten"/><SP WIDTH="15" VPOS="783" HPOS="922"/>
							<String ID="string_154" HPOS="937" VPOS="783" WIDTH="8" HEIGHT="21" WC="0.96" CONTENT="i"/>
						</TextLine>
						<TextLine ID="line_19" HPOS="183" VPOS="817" WIDTH="765" HEIGHT="28">
							<String ID="string_155" HPOS="183" VPOS="817" WIDTH="141" HEIGHT="28" WC="0.93" CONTENT="Helsingfors,"/><SP WIDTH="15" VPOS="817" HPOS="324"/>
							<String ID="string_156" HPOS="339" VPOS="818" WIDTH="79" HEIGHT="27" WC="0.90" CONTENT="jämväl"/><SP WIDTH="20" VPOS="818" HPOS="418"/>
							<String ID="string_157" HPOS="438" VPOS="818" WIDTH="69" HEIGHT="21" WC="0.96" CONTENT="skulle"/><SP WIDTH="16" VPOS="818" HPOS="507"/>
							<String ID="string_158" HPOS="523" VPOS="818" WIDTH="32" HEIGHT="21" WC="0.93" CONTENT="till"/><SP WIDTH="15" VPOS="818" HPOS="555"/>
							<String ID="string_159" HPOS="570" VPOS="818" WIDTH="65" HEIGHT="27" WC="0.91" CONTENT="sagda"/><SP WIDTH="16" VPOS="818" HPOS="635"/>
							<String ID="string_160" HPOS="651" VPOS="818" WIDTH="208" HEIGHT="21" WC="0.92" CONTENT="riksskattkammare"/><SP WIDTH="16" VPOS="818" HPOS="859"/>
							<String ID="string_161" HPOS="875" VPOS="817" WIDTH="73" HEIGHT="22" WC="0.91" CONTENT="öfver-"/>
						</TextLine>
						<TextLine ID="line_20" HPOS="182" VPOS="851" WIDTH="762" HEIGHT="29">
							<String ID="string_162" HPOS="182" VPOS="851" WIDTH="90" HEIGHT="28" WC="0.89" CONTENT="lemnas,"/><SP WIDTH="12" VPOS="851" HPOS="272"/>
							<String ID="string_163" HPOS="284" VPOS="854" WIDTH="52" HEIGHT="19" WC="0.92" CONTENT="utan"/><SP WIDTH="13" VPOS="854" HPOS="336"/>
							<String ID="string_164" HPOS="349" VPOS="853" WIDTH="40" HEIGHT="20" WC="0.93" CONTENT="ock"/><SP WIDTH="12" VPOS="853" HPOS="389"/>
							<String ID="string_165" HPOS="401" VPOS="853" WIDTH="121" HEIGHT="21" WC="0.93" CONTENT="därutöfver"/><SP WIDTH="11" VPOS="853" HPOS="522"/>
							<String ID="string_166" HPOS="533" VPOS="854" WIDTH="29" HEIGHT="20" WC="0.93" CONTENT="ett"/><SP WIDTH="11" VPOS="854" HPOS="562"/>
							<String ID="string_167" HPOS="573" VPOS="853" WIDTH="76" HEIGHT="27" WC="0.95" CONTENT="belopp"/><SP WIDTH="11" VPOS="853" HPOS="649"/>
							<String ID="string_168" HPOS="660" VPOS="853" WIDTH="20" HEIGHT="20" WC="0.96" CONTENT="af"/><SP WIDTH="12" VPOS="853" HPOS="680"/>
							<String ID="string_169" HPOS="692" VPOS="853" WIDTH="12" HEIGHT="21" WC="0.96" CONTENT="3"/><SP WIDTH="11" VPOS="853" HPOS="704"/>
							<String ID="string_170" HPOS="715" VPOS="852" WIDTH="50" HEIGHT="27" WC="0.96" CONTENT="milj."/><SP WIDTH="12" VPOS="852" HPOS="765"/>
							<String ID="string_171" HPOS="777" VPOS="852" WIDTH="66" HEIGHT="21" WC="0.96" CONTENT="mark."/><SP WIDTH="18" VPOS="852" HPOS="843"/>
							<String ID="string_172" HPOS="861" VPOS="852" WIDTH="83" HEIGHT="21" WC="0.63" CONTENT="Genom"/>
						</TextLine>
						<TextLine ID="line_21" HPOS="182" VPOS="885" WIDTH="766" HEIGHT="30">
							<String ID="string_173" HPOS="182" VPOS="886" WIDTH="158" HEIGHT="21" WC="0.92" CONTENT="förordnanden"/><SP WIDTH="28" VPOS="886" HPOS="340"/>
							<String ID="string_174" HPOS="368" VPOS="887" WIDTH="21" HEIGHT="20" WC="0.96" CONTENT="af"/><SP WIDTH="21" VPOS="887" HPOS="389"/>
							<String ID="string_175" HPOS="410" VPOS="887" WIDTH="41" HEIGHT="21" WC="0.96" CONTENT="den"/><SP WIDTH="22" VPOS="887" HPOS="451"/>
							<String ID="string_176" HPOS="473" VPOS="887" WIDTH="27" HEIGHT="21" WC="0.96" CONTENT="21"/><SP WIDTH="17" VPOS="887" HPOS="500"/>
							<String ID="string_177" HPOS="517" VPOS="887" WIDTH="54" HEIGHT="28" WC="0.96" CONTENT="april"/><SP WIDTH="15" VPOS="887" HPOS="571"/>
							<String ID="string_178" HPOS="586" VPOS="887" WIDTH="39" HEIGHT="20" WC="0.96" CONTENT="och"/><SP WIDTH="17" VPOS="887" HPOS="625"/>
							<String ID="string_179" HPOS="642" VPOS="887" WIDTH="11" HEIGHT="20" WC="0.96" CONTENT="1"/><SP WIDTH="16" VPOS="887" HPOS="653"/>
							<String ID="string_180" HPOS="669" VPOS="887" WIDTH="117" HEIGHT="21" WC="0.96" CONTENT="november"/><SP WIDTH="22" VPOS="887" HPOS="786"/>
							<String ID="string_181" HPOS="808" VPOS="887" WIDTH="57" HEIGHT="20" WC="0.93" CONTENT="1904"/><SP WIDTH="14" VPOS="887" HPOS="865"/>
							<String ID="string_182" HPOS="879" VPOS="885" WIDTH="69" HEIGHT="23" WC="0.91" CONTENT="anbe-"/>
						</TextLine>
						<TextLine ID="line_22" HPOS="182" VPOS="915" WIDTH="766" HEIGHT="34">
							<String ID="string_183" HPOS="182" VPOS="915" WIDTH="62" HEIGHT="26" WC="0.92" CONTENT="faltes"/><SP WIDTH="20" VPOS="915" HPOS="244"/>
							<String ID="string_184" HPOS="264" VPOS="921" WIDTH="123" HEIGHT="28" WC="0.95" CONTENT="ytterligare"/><SP WIDTH="15" VPOS="921" HPOS="387"/>
							<String ID="string_185" HPOS="402" VPOS="923" WIDTH="30" HEIGHT="19" WC="0.93" CONTENT="att"/><SP WIDTH="17" VPOS="923" HPOS="432"/>
							<String ID="string_186" HPOS="449" VPOS="927" WIDTH="54" HEIGHT="22" WC="0.92" CONTENT="resp."/><SP WIDTH="18" VPOS="927" HPOS="503"/>
							<String ID="string_187" HPOS="521" VPOS="922" WIDTH="12" HEIGHT="20" WC="0.96" CONTENT="5"/><SP WIDTH="16" VPOS="922" HPOS="533"/>
							<String ID="string_188" HPOS="549" VPOS="921" WIDTH="50" HEIGHT="28" WC="0.95" CONTENT="milj."/><SP WIDTH="17" VPOS="921" HPOS="599"/>
							<String ID="string_189" HPOS="616" VPOS="921" WIDTH="40" HEIGHT="21" WC="0.93" CONTENT="och"/><SP WIDTH="15" VPOS="921" HPOS="656"/>
							<String ID="string_190" HPOS="671" VPOS="921" WIDTH="112" HEIGHT="27" WC="0.92" CONTENT="4,230,000"/><SP WIDTH="16" VPOS="921" HPOS="783"/>
							<String ID="string_191" HPOS="799" VPOS="920" WIDTH="59" HEIGHT="21" WC="0.93" CONTENT="mark"/><SP WIDTH="16" VPOS="920" HPOS="858"/>
							<String ID="string_192" HPOS="874" VPOS="920" WIDTH="74" HEIGHT="21" WC="0.88" CONTENT="skulle-"/>
						</TextLine>
						<TextLine ID="line_23" HPOS="182" VPOS="954" WIDTH="766" HEIGHT="22">
							<String ID="string_193" HPOS="182" VPOS="954" WIDTH="33" HEIGHT="21" WC="0.92" CONTENT="till"/><SP WIDTH="14" VPOS="954" HPOS="215"/>
							<String ID="string_194" HPOS="229" VPOS="955" WIDTH="225" HEIGHT="21" WC="0.91" CONTENT="riksskattkammaren"/><SP WIDTH="15" VPOS="955" HPOS="454"/>
							<String ID="string_195" HPOS="469" VPOS="955" WIDTH="112" HEIGHT="21" WC="0.96" CONTENT="utbetalas."/><SP WIDTH="25" VPOS="955" HPOS="581"/>
							<String ID="string_196" HPOS="606" VPOS="955" WIDTH="11" HEIGHT="21" WC="0.96" CONTENT="I"/><SP WIDTH="16" VPOS="955" HPOS="617"/>
							<String ID="string_197" HPOS="633" VPOS="955" WIDTH="37" HEIGHT="21" WC="0.96" CONTENT="allt"/><SP WIDTH="15" VPOS="955" HPOS="670"/>
							<String ID="string_198" HPOS="685" VPOS="955" WIDTH="38" HEIGHT="21" WC="0.93" CONTENT="har"/><SP WIDTH="15" VPOS="955" HPOS="723"/>
							<String ID="string_199" HPOS="738" VPOS="955" WIDTH="91" HEIGHT="20" WC="0.96" CONTENT="sålunda"/><SP WIDTH="14" VPOS="955" HPOS="829"/>
							<String ID="string_200" HPOS="843" VPOS="955" WIDTH="38" HEIGHT="21" WC="0.80" CONTENT="till"/><SP WIDTH="9" VPOS="955" HPOS="881"/>
							<String ID="string_201" HPOS="890" VPOS="955" WIDTH="58" HEIGHT="20" WC="0.71" CONTENT="riks--"/>
						</TextLine>
						<TextLine ID="line_24" HPOS="181" VPOS="989" WIDTH="767" HEIGHT="28">
							<String ID="string_202" HPOS="181" VPOS="989" WIDTH="180" HEIGHT="21" WC="0.91" CONTENT="skattkammaren"/><SP WIDTH="26" VPOS="989" HPOS="361"/>
							<String ID="string_203" HPOS="387" VPOS="989" WIDTH="113" HEIGHT="22" WC="0.91" CONTENT="utbetalats"/><SP WIDTH="26" VPOS="989" HPOS="500"/>
							<String ID="string_204" HPOS="526" VPOS="990" WIDTH="125" HEIGHT="27" WC="0.92" CONTENT="14,230,000"/><SP WIDTH="20" VPOS="990" HPOS="651"/>
							<String ID="string_205" HPOS="671" VPOS="989" WIDTH="60" HEIGHT="22" WC="0.93" CONTENT="mark"/><SP WIDTH="16" VPOS="989" HPOS="731"/>
							<String ID="string_206" HPOS="747" VPOS="989" WIDTH="110" HEIGHT="21" WC="0.92" CONTENT="äfvensom"/><SP WIDTH="18" VPOS="989" HPOS="857"/>
							<String ID="string_207" HPOS="875" VPOS="989" WIDTH="73" HEIGHT="21" WC="0.91" CONTENT="ansla-"/>
						</TextLine>
						<TextLine ID="line_25" HPOS="182" VPOS="1023" WIDTH="766" HEIGHT="28">
							<String ID="string_208" HPOS="182" VPOS="1025" WIDTH="35" HEIGHT="26" WC="0.96" CONTENT="get"/><SP WIDTH="21" VPOS="1025" HPOS="217"/>
							<String ID="string_209" HPOS="238" VPOS="1023" WIDTH="34" HEIGHT="22" WC="0.93" CONTENT="för"/><SP WIDTH="20" VPOS="1023" HPOS="272"/>
							<String ID="string_210" HPOS="292" VPOS="1023" WIDTH="143" HEIGHT="22" WC="0.91" CONTENT="ofvannämda"/><SP WIDTH="22" VPOS="1023" HPOS="435"/>
							<String ID="string_211" HPOS="457" VPOS="1024" WIDTH="144" HEIGHT="27" WC="0.90" CONTENT="inrättningar"/><SP WIDTH="22" VPOS="1024" HPOS="601"/>
							<String ID="string_212" HPOS="623" VPOS="1024" WIDTH="92" HEIGHT="27" WC="0.91" CONTENT="485,391"/><SP WIDTH="13" VPOS="1024" HPOS="715"/>
							<String ID="string_213" HPOS="728" VPOS="1024" WIDTH="60" HEIGHT="21" WC="0.96" CONTENT="mark"/><SP WIDTH="15" VPOS="1024" HPOS="788"/>
							<String ID="string_214" HPOS="803" VPOS="1024" WIDTH="27" HEIGHT="21" WC="0.96" CONTENT="47"/><SP WIDTH="17" VPOS="1024" HPOS="830"/>
							<String ID="string_215" HPOS="847" VPOS="1024" WIDTH="29" HEIGHT="27" WC="0.93" CONTENT="pi"/><SP WIDTH="16" VPOS="1024" HPOS="876"/>
							<String ID="string_216" HPOS="892" VPOS="1023" WIDTH="56" HEIGHT="22" WC="0.96" CONTENT="eller"/>
						</TextLine>
						<TextLine ID="line_26" HPOS="182" VPOS="1057" WIDTH="766" HEIGHT="29">
							<String ID="string_217" HPOS="182" VPOS="1057" WIDTH="139" HEIGHT="22" WC="0.93" CONTENT="tillsammans"/><SP WIDTH="27" VPOS="1057" HPOS="321"/>
							<String ID="string_218" HPOS="348" VPOS="1058" WIDTH="125" HEIGHT="27" WC="0.92" CONTENT="14,715,391"/><SP WIDTH="26" VPOS="1058" HPOS="473"/>
							<String ID="string_219" HPOS="499" VPOS="1058" WIDTH="60" HEIGHT="21" WC="0.95" CONTENT="mark"/><SP WIDTH="25" VPOS="1058" HPOS="559"/>
							<String ID="string_220" HPOS="584" VPOS="1059" WIDTH="26" HEIGHT="20" WC="0.96" CONTENT="47"/><SP WIDTH="26" VPOS="1059" HPOS="610"/>
							<String ID="string_221" HPOS="636" VPOS="1059" WIDTH="35" HEIGHT="27" WC="0.85" CONTENT="pii,"/><SP WIDTH="22" VPOS="1059" HPOS="671"/>
							<String ID="string_222" HPOS="693" VPOS="1058" WIDTH="72" HEIGHT="21" WC="0.92" CONTENT="hvilka"/><SP WIDTH="25" VPOS="1058" HPOS="765"/>
							<String ID="string_223" HPOS="790" VPOS="1058" WIDTH="69" HEIGHT="21" WC="0.93" CONTENT="skulle"/><SP WIDTH="24" VPOS="1058" HPOS="859"/>
							<String ID="string_224" HPOS="883" VPOS="1058" WIDTH="65" HEIGHT="21" WC="0.92" CONTENT="inbe-"/>
						</TextLine>
						<TextLine ID="line_27" HPOS="179" VPOS="1092" WIDTH="768" HEIGHT="28">
							<String ID="string_225" HPOS="179" VPOS="1092" WIDTH="79" HEIGHT="21" WC="0.82" CONTENT="räknas"/><SP WIDTH="21" VPOS="1092" HPOS="258"/>
							<String ID="string_226" HPOS="279" VPOS="1092" WIDTH="7" HEIGHT="21" WC="0.96" CONTENT="i"/><SP WIDTH="20" VPOS="1092" HPOS="286"/>
							<String ID="string_227" HPOS="306" VPOS="1092" WIDTH="36" HEIGHT="21" WC="0.93" CONTENT="det"/><SP WIDTH="23" VPOS="1092" HPOS="342"/>
							<String ID="string_228" HPOS="365" VPOS="1092" WIDTH="83" HEIGHT="28" WC="0.96" CONTENT="belopp,"/><SP WIDTH="23" VPOS="1092" HPOS="448"/>
							<String ID="string_229" HPOS="471" VPOS="1099" WIDTH="46" HEIGHT="14" WC="0.96" CONTENT="som"/><SP WIDTH="23" VPOS="1099" HPOS="517"/>
							<String ID="string_230" HPOS="540" VPOS="1093" WIDTH="21" HEIGHT="20" WC="0.96" CONTENT="af"/><SP WIDTH="22" VPOS="1093" HPOS="561"/>
							<String ID="string_231" HPOS="583" VPOS="1092" WIDTH="69" HEIGHT="21" WC="0.93" CONTENT="finska"/><SP WIDTH="20" VPOS="1092" HPOS="652"/>
							<String ID="string_232" HPOS="672" VPOS="1092" WIDTH="127" HEIGHT="21" WC="0.90" CONTENT="statsverket"/><SP WIDTH="15" VPOS="1092" HPOS="799"/>
							<String ID="string_233" HPOS="814" VPOS="1093" WIDTH="85" HEIGHT="20" WC="0.96" CONTENT="komme"/><SP WIDTH="15" VPOS="1093" HPOS="899"/>
							<String ID="string_234" HPOS="914" VPOS="1093" WIDTH="33" HEIGHT="20" WC="0.96" CONTENT="att"/>
						</TextLine>
						<TextLine ID="line_28" HPOS="181" VPOS="1126" WIDTH="765" HEIGHT="28">
							<String ID="string_235" HPOS="181" VPOS="1126" WIDTH="96" HEIGHT="28" WC="0.92" CONTENT="erläggas"/><SP WIDTH="7" VPOS="1126" HPOS="277"/>
							<String ID="string_236" HPOS="284" VPOS="1127" WIDTH="32" HEIGHT="20" WC="0.93" CONTENT="till"/><SP WIDTH="9" VPOS="1127" HPOS="316"/>
							<String ID="string_237" HPOS="325" VPOS="1126" WIDTH="135" HEIGHT="22" WC="0.93" CONTENT="bestridande"/><SP WIDTH="12" VPOS="1126" HPOS="460"/>
							<String ID="string_238" HPOS="472" VPOS="1127" WIDTH="21" HEIGHT="21" WC="0.96" CONTENT="af"/><SP WIDTH="10" VPOS="1127" HPOS="493"/>
							<String ID="string_239" HPOS="503" VPOS="1127" WIDTH="26" HEIGHT="21" WC="0.93" CONTENT="de"/><SP WIDTH="12" VPOS="1127" HPOS="529"/>
							<String ID="string_240" HPOS="541" VPOS="1127" WIDTH="91" HEIGHT="21" WC="0.93" CONTENT="militära"/><SP WIDTH="13" VPOS="1127" HPOS="632"/>
							<String ID="string_241" HPOS="645" VPOS="1127" WIDTH="115" HEIGHT="27" WC="0.92" CONTENT="utgifterna"/><SP WIDTH="15" VPOS="1127" HPOS="760"/>
							<String ID="string_242" HPOS="775" VPOS="1127" WIDTH="2" HEIGHT="20" WC="0.93" CONTENT="i"/><SP WIDTH="12" VPOS="1127" HPOS="777"/>
							<String ID="string_243" HPOS="789" VPOS="1126" WIDTH="157" HEIGHT="28" WC="0.91" CONTENT="Kejsardömet."/>
						</TextLine>
					</TextBlock>
					<TextBlock ID="block_4" HPOS="179" VPOS="1159" WIDTH="770" HEIGHT="166">
						<TextLine ID="line_29" HPOS="197" VPOS="1159" WIDTH="747" HEIGHT="30">
							<String ID="string_244" HPOS="197" VPOS="1159" WIDTH="83" HEIGHT="22" WC="0.56" CONTENT="&quot;Af"/><SP WIDTH="16" VPOS="1159" HPOS="280"/>
							<String ID="string_245" HPOS="296" VPOS="1161" WIDTH="60" HEIGHT="21" WC="0.95" CONTENT="dessa"/><SP WIDTH="25" VPOS="1161" HPOS="356"/>
							<String ID="string_246" HPOS="381" VPOS="1161" WIDTH="69" HEIGHT="20" WC="0.78" CONTENT="medel"/><SP WIDTH="22" VPOS="1161" HPOS="450"/>
							<String ID="string_247" HPOS="472" VPOS="1161" WIDTH="105" HEIGHT="21" WC="0.96" CONTENT="utbetalas"/><SP WIDTH="16" VPOS="1161" HPOS="577"/>
							<String ID="string_248" HPOS="593" VPOS="1161" WIDTH="26" HEIGHT="21" WC="0.96" CONTENT="de"/><SP WIDTH="16" VPOS="1161" HPOS="619"/>
							<String ID="string_249" HPOS="635" VPOS="1161" WIDTH="7" HEIGHT="20" WC="0.96" CONTENT="i"/><SP WIDTH="15" VPOS="1161" HPOS="642"/>
							<String ID="string_250" HPOS="657" VPOS="1161" WIDTH="26" HEIGHT="21" WC="0.96" CONTENT="de"/><SP WIDTH="16" VPOS="1161" HPOS="683"/>
							<String ID="string_251" HPOS="699" VPOS="1161" WIDTH="66" HEIGHT="28" WC="0.93" CONTENT="ärliga"/><SP WIDTH="19" VPOS="1161" HPOS="765"/>
							<String ID="string_252" HPOS="784" VPOS="1161" WIDTH="160" HEIGHT="27" WC="0.92" CONTENT="statsförslagen"/>
						</TextLine>
						<TextLine ID="line_30" HPOS="180" VPOS="1194" WIDTH="764" HEIGHT="28">
							<String ID="string_253" HPOS="180" VPOS="1194" WIDTH="112" HEIGHT="28" WC="0.95" CONTENT="uppförda,"/><SP WIDTH="23" VPOS="1194" HPOS="292"/>
							<String ID="string_254" HPOS="315" VPOS="1195" WIDTH="32" HEIGHT="20" WC="0.93" CONTENT="för"/><SP WIDTH="14" VPOS="1195" HPOS="347"/>
							<String ID="string_255" HPOS="361" VPOS="1195" WIDTH="132" HEIGHT="27" WC="0.92" CONTENT="nyssnämda"/><SP WIDTH="23" VPOS="1195" HPOS="493"/>
							<String ID="string_256" HPOS="516" VPOS="1197" WIDTH="62" HEIGHT="25" WC="0.96" CONTENT="trupp"/><SP WIDTH="23" VPOS="1197" HPOS="578"/>
							<String ID="string_257" HPOS="601" VPOS="1195" WIDTH="40" HEIGHT="21" WC="0.93" CONTENT="och"/><SP WIDTH="18" VPOS="1195" HPOS="641"/>
							<String ID="string_258" HPOS="659" VPOS="1195" WIDTH="152" HEIGHT="27" WC="0.91" CONTENT="inrättningars"/><SP WIDTH="20" VPOS="1195" HPOS="811"/>
							<String ID="string_259" HPOS="831" VPOS="1194" WIDTH="113" HEIGHT="21" WC="0.90" CONTENT="underhåll"/>
						</TextLine>
						<TextLine ID="line_31" HPOS="180" VPOS="1228" WIDTH="764" HEIGHT="28">
							<String ID="string_260" HPOS="180" VPOS="1228" WIDTH="111" HEIGHT="22" WC="0.95" CONTENT="bestämda"/><SP WIDTH="15" VPOS="1228" HPOS="291"/>
							<String ID="string_261" HPOS="306" VPOS="1229" WIDTH="74" HEIGHT="27" WC="0.95" CONTENT="anslag"/><SP WIDTH="16" VPOS="1229" HPOS="380"/>
							<String ID="string_262" HPOS="396" VPOS="1229" WIDTH="21" HEIGHT="21" WC="0.96" CONTENT="af"/><SP WIDTH="14" VPOS="1229" HPOS="417"/>
							<String ID="string_263" HPOS="431" VPOS="1229" WIDTH="102" HEIGHT="21" WC="0.93" CONTENT="Finlands"/><SP WIDTH="16" VPOS="1229" HPOS="533"/>
							<String ID="string_264" HPOS="549" VPOS="1229" WIDTH="130" HEIGHT="21" WC="0.92" CONTENT="statskontor"/><SP WIDTH="14" VPOS="1229" HPOS="679"/>
							<String ID="string_265" HPOS="693" VPOS="1229" WIDTH="27" HEIGHT="27" WC="0.96" CONTENT="pä"/><SP WIDTH="11" VPOS="1229" HPOS="720"/>
							<String ID="string_266" HPOS="731" VPOS="1235" WIDTH="26" HEIGHT="15" WC="0.93" CONTENT="en"/><SP WIDTH="12" VPOS="1235" HPOS="757"/>
							<String ID="string_267" HPOS="769" VPOS="1228" WIDTH="57" HEIGHT="28" WC="0.96" CONTENT="gång"/><SP WIDTH="11" VPOS="1228" HPOS="826"/>
							<String ID="string_268" HPOS="837" VPOS="1228" WIDTH="32" HEIGHT="22" WC="0.96" CONTENT="till"/><SP WIDTH="10" VPOS="1228" HPOS="869"/>
							<String ID="string_269" HPOS="879" VPOS="1229" WIDTH="65" HEIGHT="27" WC="0.96" CONTENT="ryska"/>
						</TextLine>
						<TextLine ID="line_32" HPOS="180" VPOS="1262" WIDTH="769" HEIGHT="29">
							<String ID="string_270" HPOS="180" VPOS="1262" WIDTH="267" HEIGHT="29" WC="0.91" CONTENT="distriktsintendenturen,"/><SP WIDTH="23" VPOS="1262" HPOS="447"/>
							<String ID="string_271" HPOS="470" VPOS="1264" WIDTH="38" HEIGHT="20" WC="0.93" CONTENT="hos"/><SP WIDTH="23" VPOS="1264" HPOS="508"/>
							<String ID="string_272" HPOS="531" VPOS="1264" WIDTH="88" HEIGHT="21" WC="0.92" CONTENT="hvilken"/><SP WIDTH="22" VPOS="1264" HPOS="619"/>
							<String ID="string_273" HPOS="641" VPOS="1264" WIDTH="86" HEIGHT="21" WC="0.92" CONTENT="medlen"/><SP WIDTH="19" VPOS="1264" HPOS="727"/>
							<String ID="string_274" HPOS="746" VPOS="1264" WIDTH="67" HEIGHT="21" WC="0.93" CONTENT="sedan"/><SP WIDTH="22" VPOS="1264" HPOS="813"/>
							<String ID="string_275" HPOS="835" VPOS="1263" WIDTH="64" HEIGHT="28" WC="0.92" CONTENT="lyftas"/><SP WIDTH="24" VPOS="1263" HPOS="899"/>
							<String ID="string_276" HPOS="923" VPOS="1263" WIDTH="26" HEIGHT="21" WC="0.96" CONTENT="af"/>
						</TextLine>
						<TextLine ID="line_33" HPOS="179" VPOS="1297" WIDTH="770" HEIGHT="28">
							<String ID="string_277" HPOS="179" VPOS="1302" WIDTH="55" HEIGHT="22" WC="0.89" CONTENT="resp."/><SP WIDTH="15" VPOS="1302" HPOS="234"/>
							<String ID="string_278" HPOS="249" VPOS="1297" WIDTH="142" HEIGHT="28" WC="0.92" CONTENT="inrättningar"/><SP WIDTH="15" VPOS="1297" HPOS="391"/>
							<String ID="string_279" HPOS="406" VPOS="1298" WIDTH="7" HEIGHT="20" WC="0.96" CONTENT="i"/><SP WIDTH="15" VPOS="1298" HPOS="413"/>
							<String ID="string_280" HPOS="428" VPOS="1298" WIDTH="50" HEIGHT="20" WC="0.96" CONTENT="män"/><SP WIDTH="17" VPOS="1298" HPOS="478"/>
							<String ID="string_281" HPOS="495" VPOS="1298" WIDTH="20" HEIGHT="21" WC="0.91" CONTENT="af"/><SP WIDTH="22" VPOS="1298" HPOS="515"/>
							<String ID="string_282" HPOS="537" VPOS="1298" WIDTH="63" HEIGHT="21" WC="0.91" CONTENT="behof"/><SP WIDTH="15" VPOS="1298" HPOS="600"/>
							<String ID="string_283" HPOS="615" VPOS="1298" WIDTH="39" HEIGHT="21" WC="0.96" CONTENT="och"/><SP WIDTH="12" VPOS="1298" HPOS="654"/>
							<String ID="string_284" HPOS="666" VPOS="1298" WIDTH="27" HEIGHT="27" WC="0.96" CONTENT="pä"/><SP WIDTH="16" VPOS="1298" HPOS="693"/>
							<String ID="string_285" HPOS="709" VPOS="1298" WIDTH="89" HEIGHT="21" WC="0.93" CONTENT="särskild"/><SP WIDTH="15" VPOS="1298" HPOS="798"/>
							<String ID="string_286" HPOS="813" VPOS="1297" WIDTH="136" HEIGHT="22" WC="0.92" CONTENT="rekvisition."/>
						</TextLine>
					</TextBlock>
					<TextBlock ID="block_5" HPOS="177" VPOS="1332" WIDTH="772" HEIGHT="62">
						<TextLine ID="line_34" HPOS="250" VPOS="1332" WIDTH="699" HEIGHT="21">
							<String ID="string_287" HPOS="250" VPOS="1332" WIDTH="38" HEIGHT="20" WC="0.96" CONTENT="Uti"/><SP WIDTH="15" VPOS="1332" HPOS="288"/>
							<String ID="string_288" HPOS="303" VPOS="1332" WIDTH="34" HEIGHT="20" WC="0.96" CONTENT="sin"/><SP WIDTH="15" VPOS="1332" HPOS="337"/>
							<String ID="string_289" HPOS="352" VPOS="1332" WIDTH="51" HEIGHT="20" WC="0.93" CONTENT="und."/><SP WIDTH="16" VPOS="1332" HPOS="403"/>
							<String ID="string_290" HPOS="419" VPOS="1332" WIDTH="172" HEIGHT="21" WC="0.92" CONTENT="svarsskrifvelse"/><SP WIDTH="17" VPOS="1332" HPOS="591"/>
							<String ID="string_291" HPOS="608" VPOS="1332" WIDTH="21" HEIGHT="21" WC="0.96" CONTENT="af"/><SP WIDTH="15" VPOS="1332" HPOS="629"/>
							<String ID="string_292" HPOS="644" VPOS="1332" WIDTH="41" HEIGHT="21" WC="0.96" CONTENT="den"/><SP WIDTH="18" VPOS="1332" HPOS="685"/>
							<String ID="string_293" HPOS="703" VPOS="1332" WIDTH="26" HEIGHT="21" WC="0.93" CONTENT="31"/><SP WIDTH="24" VPOS="1332" HPOS="729"/>
							<String ID="string_294" HPOS="753" VPOS="1332" WIDTH="44" HEIGHT="21" WC="0.95" CONTENT="dec."/><SP WIDTH="17" VPOS="1332" HPOS="797"/>
							<String ID="string_295" HPOS="814" VPOS="1332" WIDTH="57" HEIGHT="21" WC="0.95" CONTENT="1904"/><SP WIDTH="14" VPOS="1332" HPOS="871"/>
							<String ID="string_296" HPOS="885" VPOS="1332" WIDTH="7" HEIGHT="20" WC="0.93" CONTENT="i"/><SP WIDTH="15" VPOS="1332" HPOS="892"/>
							<String ID="string_297" HPOS="907" VPOS="1338" WIDTH="42" HEIGHT="14" WC="0.89" CONTENT="an-"/>
						</TextLine>
						<TextLine ID="line_35" HPOS="177" VPOS="1365" WIDTH="771" HEIGHT="29">
							<String ID="string_298" HPOS="177" VPOS="1365" WIDTH="91" HEIGHT="28" WC="0.95" CONTENT="ledning"/><SP WIDTH="16" VPOS="1365" HPOS="268"/>
							<String ID="string_299" HPOS="284" VPOS="1366" WIDTH="21" HEIGHT="20" WC="0.93" CONTENT="af"/><SP WIDTH="21" VPOS="1366" HPOS="305"/>
							<String ID="string_300" HPOS="326" VPOS="1365" WIDTH="48" HEIGHT="21" WC="0.92" CONTENT="näd."/><SP WIDTH="17" VPOS="1365" HPOS="374"/>
							<String ID="string_301" HPOS="391" VPOS="1366" WIDTH="158" HEIGHT="27" WC="0.96" CONTENT="propositionen"/><SP WIDTH="16" VPOS="1366" HPOS="549"/>
							<String ID="string_302" HPOS="565" VPOS="1366" WIDTH="40" HEIGHT="21" WC="0.96" CONTENT="N:o"/><SP WIDTH="15" VPOS="1366" HPOS="605"/>
							<String ID="string_303" HPOS="620" VPOS="1367" WIDTH="27" HEIGHT="20" WC="0.93" CONTENT="12"/><SP WIDTH="16" VPOS="1367" HPOS="647"/>
							<String ID="string_304" HPOS="663" VPOS="1366" WIDTH="110" HEIGHT="28" WC="0.91" CONTENT="angäende"/><SP WIDTH="16" VPOS="1366" HPOS="773"/>
							<String ID="string_305" HPOS="789" VPOS="1366" WIDTH="56" HEIGHT="22" WC="0.93" CONTENT="skatt"/><SP WIDTH="14" VPOS="1366" HPOS="845"/>
							<String ID="string_306" HPOS="859" VPOS="1366" WIDTH="34" HEIGHT="21" WC="0.93" CONTENT="för"/><SP WIDTH="10" VPOS="1366" HPOS="893"/>
							<String ID="string_307" HPOS="903" VPOS="1366" WIDTH="45" HEIGHT="21" WC="0.88" CONTENT="till-"/>
						</TextLine>
					</TextBlock>
				</ComposedBlock>
				<ComposedBlock ID="cblock_3" HPOS="252" VPOS="1410" WIDTH="357" HEIGHT="19">
					<TextBlock ID="block_6" HPOS="252" VPOS="1410" WIDTH="357" HEIGHT="19">
						<TextLine ID="line_36" HPOS="252" VPOS="1410" WIDTH="357" HEIGHT="19">
							<String ID="string_308" HPOS="252" VPOS="1410" WIDTH="144" HEIGHT="19" WC="0.54" CONTENT="Siatsutskotteis"/><SP WIDTH="12" VPOS="1410" HPOS="396"/>
							<String ID="string_309" HPOS="408" VPOS="1411" WIDTH="112" HEIGHT="18" WC="0.96" CONTENT="betänkande"/><SP WIDTH="12" VPOS="1411" HPOS="520"/>
							<String ID="string_310" HPOS="532" VPOS="1413" WIDTH="34" HEIGHT="16" WC="0.91" CONTENT="N:o"/><SP WIDTH="12" VPOS="1413" HPOS="566"/>
							<String ID="string_311" HPOS="578" VPOS="1412" WIDTH="31" HEIGHT="17" WC="0.46" CONTENT="4.&#39;"/>
						</TextLine>
					</TextBlock>
				</ComposedBlock>
			</PrintSpace>
		</Page>
	</Layout>
</alto>
