1050 1625
213 49 32 38 50
557 52 26 22 I

186 122 133 26 intraderna
341 121 24 22 af
388 122 65 21 orsak
476 129 50 14 som
545 121 69 22 ofvan
633 122 142 22 omförmälts
790 121 73 22 under
878 120 72 29 sagda

189 158 26 20 år
235 157 100 28 inbragt.
372 156 143 28 Härigenom
536 156 113 22 förklaras
664 156 70 22 äfven
749 156 38 22 det
801 155 150 29 förhållande,

189 193 40 27 att,
247 190 127 23 oberoende
390 190 23 22 af
427 190 39 22 det
481 190 150 29 synnerligen
639 190 63 29 höga
711 191 91 28 belopp,
812 190 96 22 hvartill
915 191 37 20 ut-

188 226 102 29 gifterna
311 225 74 22 under
404 226 24 20 år
447 225 57 22 1900
523 225 168 29 (förnämligast
710 225 9 21 i
733 224 59 29 följd
807 224 23 22 af
845 224 107 22 särskildt

189 262 62 20 stora
265 260 81 28 anslag
361 260 36 21 för
410 260 177 28 nybyggnader)
603 260 127 28 uppgingo,
747 258 156 23 statsfondens
917 259 35 21 in-

188 295 103 21 komster
309 293 68 22 äfven
396 293 37 22 för
447 293 64 22 detta
526 295 25 20 år
565 294 104 21 lemnade
685 295 34 20 ett
733 293 131 30 betydande
879 293 73 22 öfver-

189 329 69 22 skott.
291 328 161 23 Statsfondens
467 328 109 29 samtliga
590 328 98 29 utgifter
703 328 202 28 (afkortning
859 323 44 38 och
920 327 33 22 af-

189 363 118 28 skrifning
329 363 49 21 deri
399 363 164 27 inberäknade)
585 363 93 28 belöpte
698 363 37 28 sig
749 362 118 28 nemligen
880 361 73 22 under

190 397 186 29 finansperioden
392 397 144 22 1898—1900
551 397 16 28 (i
581 397 77 28 jemna
671 397 110 28 tusental)
796 396 46 21 till:

329 467 25 20 år
370 466 57 21 1898
456 483 5 4 .
490 483 5 4 .
526 483 3 4 .
561 483 4 4 .
597 483 4 4 .
631 465 130 29 37,760,000
775 465 66 21 mark

341 511 9 8 »
372 500 56 22 1899
460 518 1 5 .
493 515 7 7 <
562 515 40 8 0.0.
630 500 131 29 40,541,000
801 509 10 10 »

341 544 9 10 »
372 535 57 22 1900
460 552 2 4 2
493 553 4 4 .
527 552 6 5 .
563 553 4 3 .
597 552 5 5 0.
631 535 129 29 47,597,000
801 544 8 9 »

261 599 164 27 Öfverskotten
443 604 26 21 af
482 604 159 22 inkomsterna
655 604 9 21 i
678 603 142 22 statsfonden
833 605 69 27 stego
919 604 34 20 sä-

191 638 73 22 lunda
277 638 74 22 under
365 638 176 28 ifrågavarande
556 638 36 22 tid
606 638 39 21 till
658 637 103 29 följande
774 637 131 29 betydande
916 637 37 22 be-

191 674 56 28 lopp
263 673 16 28 (i
293 673 77 29 jemna
385 672 119 28 tusental):

331 742 25 21 är
372 741 57 22 18988
458 758 4 4 .
493 758 5 4 .
527 758 6 4 .
571 758 1 4 0
598 758 4 4 .
633 741 129 29 14009000
776 740 66 22 mark

343 785 10 10 »
374 776 56 21 1899
460 791 4 6 +
495 793 38 3 sov
565 793 3 4 ov
599 793 4 4 os
634 776 129 28 11978000
804 784 9 10 >

344 819 9 10 »
374 795 69 49 1900
462 827 37 4 2.
530 827 4 4 .
565 827 4 3 .
599 827 4 4 .
634 810 180 28 11,800000
793 795 25 49 >

194 880 57 21 eller
266 879 88 22 säledes
369 879 36 21 för
414 879 97 22 berörda
520 880 35 21 tre
567 879 24 21 är
601 879 38 21 till
649 878 168 29 sammanlagdt
827 878 128 29 37,787,000

193 915 72 27 mark,
279 913 129 29 utgörande
424 914 129 28 12,596,000
567 914 66 21 mark
646 914 10 21 i
664 914 110 21 medeltal
784 921 37 14 om
832 915 53 20 året.
907 913 47 23 Un-

192 948 43 22 der
257 955 87 14 samma
366 947 35 22 tid
424 947 141 23 öfverfördes
587 948 73 22 likväl
681 948 62 21 ifrän
760 947 144 23 statsfonden
917 947 38 22 till

193 982 72 22 andra
280 981 82 22 fonder
377 982 16 28 (i
405 982 80 28 jemna
499 983 109 27 tusental)
624 983 129 28 25,480,000
767 982 72 29 mark,
853 981 103 23 hvarför-

191 1018 68 20 utom
280 1023 28 15 ur
323 1016 134 22 densamma
471 1017 108 28 beviljats
597 1017 40 21 län
650 1017 38 22 till
702 1017 85 28 belopp
803 1016 26 22 af
840 1017 116 28 4,364,000

192 1051 73 22 mark.
297 1051 33 22 Af
348 1051 199 28 öfverföringarna
567 1054 37 19 äro
621 1051 28 22 de
662 1051 135 29 viktigaste:
812 1051 38 21 till
864 1049 92 24 militie-

193 1086 89 22 fonden
304 1086 116 28 7,647,000
439 1086 70 28 mark,
527 1086 85 22 hvaraf
624 1086 116 29 2,000,000
754 1086 65 22 mark
834 1085 121 23 öfverförts

193 1120 11 22 i
226 1120 76 28 grund
324 1120 23 22 af
368 1120 87 28 nådiga
471 1120 92 22 brefvet
583 1120 27 22 af
625 1120 46 22 den
685 1120 28 22 16
727 1120 51 29 juni
794 1120 62 28 1899,
872 1120 36 22 för
922 1122 35 20 att

193 1154 124 22 framdeles
337 1154 116 23 användas
468 1155 38 21 till
520 1155 142 22 betäckande
678 1155 23 21 af
716 1155 28 21 de
758 1154 104 29 utgifter,
877 1154 80 22 hvilka

193 1189 80 21 kunde
291 1190 86 27 uppstä
390 1189 42 22 vid
450 1189 158 29 öfvergängen
622 1190 38 20 till
675 1189 45 22 den
734 1196 47 22 nya
795 1189 161 28 militärlagen,

193 1224 63 21 samt
267 1222 130 23 äterstoden
407 1223 38 22 till
455 1225 83 21 största
549 1224 67 21 delen
625 1225 69 27 utgör
702 1223 122 28 betalning
833 1222 36 22 för
880 1230 27 14 en
915 1223 42 21 mi-

195 1257 148 22 litiefondens
366 1256 98 30 fordran,
487 1258 96 22 hvilken
604 1258 73 21 under
698 1258 29 21 de
745 1257 140 29 föregående
904 1258 54 21 åren
983 1257 2 2 '

193 1292 109 28 uppstått
314 1299 85 21 genom
413 1293 35 20 att
460 1291 171 23 militiefonden
639 1291 138 23 tillbörande
787 1292 127 21 inkomster
922 1292 36 21 in-

193 1326 66 22 Alutit
280 1326 21 21 i-
311 1326 152 27 statsfonden;
478 1326 38 22 till
530 1326 299 22 kommunikationsfonden
843 1326 115 28 6,000,000

193 1360 69 21 mark
280 1360 10 21 i
307 1360 53 22 stöd
375 1359 26 23 af
412 1360 154 22 nästnämnda
579 1360 87 29 nådiga
679 1360 61 28 bref;
755 1360 38 22 till
807 1359 151 29 bevillnings-
