1050 1625
228 58 33 49 20
565 73 25 21 II

268 141 13 22 I
295 141 64 22 detta
374 142 165 28 sammanhang
554 142 65 22 torde
634 150 28 14 en
677 142 54 22 kort
744 142 145 28 redogörelse
903 142 57 22 böra

199 176 88 21 lemnas
307 176 119 28 angående
445 184 29 14 en
494 176 37 22 del
550 176 202 28 omständigheter,
768 176 80 22 hvilka
862 176 98 22 hänföra

200 210 37 28 sig
251 210 38 22 till
304 210 28 22 de
347 210 37 22 för
393 210 125 29 byggande
529 210 26 22 af
561 218 47 21 nya
616 210 123 29 jernvägar
748 210 115 29 beviljade
873 211 87 28 anslag.

269 245 46 22 För
325 244 152 23 slutförandet
487 244 26 22 af
519 245 212 28 Kuopio—Tisalmi
739 244 221 30 jernvägsbyggnad

199 279 60 22 hade
278 280 9 21 i
305 279 311 22 kommunikationsfondens
638 279 89 29 budget
747 279 37 22 för
805 279 156 22 innevarande

200 313 156 29 finansperiod
364 314 121 28 upptagits
495 314 116 29 4,080,000
620 314 70 21 mark.
714 315 63 20 Enär
787 314 75 21 denna
872 315 89 20 summa

200 348 74 21 likväl
297 348 82 22 befans
404 348 148 29 otillräcklig,
578 348 75 22 beslöt
678 348 131 29 Kejserliga
833 348 99 22 Senaten
951 348 9 21 i

201 383 70 21 slutet
287 382 25 22 af
325 383 24 21 år
364 382 57 22 1901
437 384 34 20 att
485 383 42 21 hos
537 383 65 21 Hans
612 383 131 28 Kejserliga
752 382 107 29 Majestät
869 382 92 22 anhålla

202 424 37 14 om
257 417 83 28 nådigt
359 417 106 22 tillstånd
483 419 34 19 att
535 416 36 23 för
586 417 72 28 sagda
673 417 107 22 ändamål
795 416 25 22 af
832 417 128 21 kommuni-

200 451 191 22 kationsfondens
400 451 127 29 tillgångar
535 451 105 22 använda
646 451 136 29 ytterligare
789 451 94 29 200,000
890 451 72 22 mark.

202 485 76 22 Sedan
292 486 66 21 Hans
372 485 132 29 Kejserliga
518 485 109 29 Majestät
641 485 78 22 funnit
733 485 58 29 godt
805 486 10 21 i
828 485 71 22 nåder
908 483 52 24 h-

201 521 38 20 till
253 520 87 29 bifalla,
355 522 103 27 upptogs
472 520 97 22 berörda
582 521 195 28 tillskottsanslag
791 521 37 20 uti
838 519 124 29 extraordi-

201 555 63 21 narie
279 555 169 29 statsförslaget
462 555 37 22 för
513 556 25 21 är
554 555 56 21 1902
621 555 43 22 och
673 555 67 29 ingår
750 555 127 21 sedermera
887 556 72 20 såsom

201 589 74 29 utgift
288 590 36 21 uti
338 590 185 28 räkenskaperna
537 590 36 21 för
587 589 101 22 nämnda
703 590 30 21 år.

270 624 231 28 Kostnadsförslaget
524 624 37 22 för
584 623 237 29 Uleåborg—Torneå
845 623 119 29 jernvägs-

202 658 111 28 byggnad
333 658 80 22 visade
432 658 37 29 sig
488 658 111 22 likaledes
619 658 152 28 otillräckligt
788 657 36 22 för
843 658 121 21 arbetenas.

203 692 148 22 slutförande.
375 693 13 21 I
402 694 71 20 slutet
488 692 23 22 af
526 694 25 20 år
567 693 56 21 1902
637 693 76 22 beslöt
722 692 131 28 Kejserliga
863 692 98 22 Senaten

203 726 88 23 derföre
305 728 14 21 å
328 727 83 28 högsta
427 730 35 19 ort
476 728 128 28 hemställa,
615 729 35 20 att
658 726 37 23 för
705 726 87 23 banans
802 726 162 22 fullbordande

202 761 63 29 finge
281 761 23 22 af
317 761 310 22 kommunikationsfondens
642 762 76 21 medel
733 761 116 22 användas
863 761 39 22 det
911 761 54 21 här-

202 795 37 22 för
261 795 150 29 erforderliga
433 796 198 29 tillskottsbelopp
652 795 22 22 af
694 795 116 30 1,527,000
828 795 71 28 mark,
920 795 43 21 och

202 829 119 30 behagade
339 830 66 22 Hans
423 830 132 29 Kejserliga
571 830 109 29 Majestät
698 830 38 21 till
751 829 75 22 denna
840 829 125 22 framställ-

203 865 58 28 ning
275 865 10 21 i
299 865 71 21 nåder
384 865 87 22 bifalla.

272 899 47 22 För
338 899 137 29 byggandet
495 899 24 22 af
537 899 210 28 Tisalmi--Kajana
765 898 96 29 jernväg
879 897 58 22 hade
954 898 10 21 i

203 933 310 22 kommunikationsfondens
523 933 94 29 budget,
628 934 9 21 i
647 933 104 28 enlighet
760 933 54 21 med
823 932 61 22 hvad
895 931 70 22 ofvan

203 968 71 21 redan
290 970 135 25 omnämnts,
440 968 121 29 upptagits
577 970 33 19 ett
625 969 81 27 anslag
721 967 24 22 af
759 967 81 22 endast
851 966 116 29 1,600,000

203 1002 72 22 mark.
304 1003 54 21 Men
380 1003 28 21 dä
430 1003 79 21 landet
528 1003 128 21 sedermera
675 1003 25 20 är
720 1001 56 22 1902
797 1001 124 22 drabbades
941 999 26 23 af

203 1037 113 22 missväxt
331 1037 44 22 och
387 1037 140 22 beredandet
538 1037 23 22 af
571 1036 184 29 arbetsförtjenst
765 1037 24 20 ät
798 1035 164 28 befolkningen

204 1071 71 22 bland
291 1067 70 36 annat
377 1072 13 22 &
405 1071 28 23 de
449 1073 66 27 orter,
530 1079 85 21 genom
629 1071 81 22 hvilka
720 1069 175 30 ifrågavarande
903 1069 61 29 jern-

204 1109 48 25 väg
267 1106 101 22 sträcker
383 1106 43 29 sig,
441 1106 80 22 visade
536 1106 37 28 sig
588 1106 23 21 af
625 1105 110 22 behofvet
750 1104 125 29 päkalladt,
890 1104 77 22 beslöt

204 1140 133 29 Kejserliga
355 1141 100 21 Senaten
473 1140 166 28 underdänigst
658 1140 98 28 anhälla,
773 1141 34 19 att
821 1139 35 21 för
870 1138 96 22 fullbor-

206 1174 85 22 dandet
314 1175 23 21 af
359 1175 210 29 Iisalmi-Kajana
590 1175 78 21 banan
685 1174 64 28 finge
769 1173 26 22 af
811 1172 154 23 statsfondens

204 1209 77 22 medel
295 1209 73 22 under
382 1210 155 21 innevarande
551 1209 155 29 finansperiod
721 1208 117 22 användas
851 1207 118 29 3,500,000

205 1244 66 21 mark
289 1244 97 22 sälunda
404 1246 35 19 att
456 1237 144 28 statsfonden
617 1244 75 21 skulle
707 1244 14 21 &
735 1243 40 22 det
791 1242 115 29 beviljade
920 1241 48 22 för-

207 1279 86 21 skottet
311 1287 28 13 ur
357 1278 299 23 kommunikationsfonden
676 1278 126 29 godtgöras
821 1278 9 21 3
843 1278 44 27 %:s
907 1277 59 28 årlig

204 1315 73 20 ränte.
308 1313 76 22 Sedan
402 1313 65 22 Hans
485 1313 132 29 Kejserliga
634 1313 109 28 Majestät
757 1313 39 21 till
811 1312 74 21 denna
898 1311 70 22 fram-

207 1347 112 28 ställning
333 1347 10 22 i
357 1348 72 21 näder
447 1347 93 29 bifallit,
559 1347 78 23 blefvo
657 1347 25 22 af
698 1347 29 22 de
744 1346 115 29 beviljade
876 1345 92 22 medlen

207 1381 116 29 2,530,000
337 1382 66 22 mark
417 1381 73 22 under
505 1383 24 20 år
546 1381 56 22 1903
613 1381 43 22 och
667 1381 131 22 återstoden
809 1381 55 21 eller
875 1380 95 28 970,000
