1009 1603
184 73 21 18 12
418 73 139 24 Delegationens
569 74 92 17 berättelse
674 79 28 12 om

178 145 87 29 järvi",
292 151 50 16 som
368 145 98 22 inlöstes
493 145 46 22 den
566 149 12 19 8
605 145 105 23 februari
734 148 58 19 1900
821 145 35 23 för
878 144 62 23 Fmk

182 184 74 24 3,500:
272 195 35 8 —
320 177 10 38 .
340 181 172 29 Delegationen
536 181 42 22 har
601 181 82 23 vidare
706 181 72 22 inlöst
802 181 137 28 Thorsten

182 216 210 29 Waenerbergs
418 216 171 30 ,Sommardag
618 217 25 22 på
666 217 130 29 Päijänne*
822 217 36 23 för
879 216 60 23 Fmk

183 255 73 24 1,600:
265 260 36 20 —;
313 259 29 16 en
352 252 179 23 mänskenshbild
540 253 24 22 af
572 253 28 22 A.
609 253 97 22 Uotila
714 253 36 22 för
758 252 61 23 Fmk
831 256 70 24 1,500:
910 266 29 2 —

182 295 52 16 samt
258 295 28 16 en
298 288 120 29 skogsbild
433 288 24 23 af
467 288 40 23 Fr.
519 284 135 27 Ahlstedt
664 288 36 23 för
710 288 62 23 Fmk
784 291 50 20 800:
844 302 34 8 —
902 283 37 28 Öf-

182 324 55 28 riga
259 324 75 22 under
351 324 77 22 denna
444 324 81 29 period
540 324 99 29 inköpta
655 324 137 28 mälningar
809 323 23 23 af
848 324 90 22 inhem-

182 359 46 22 ska
251 359 141 23 konstnärer
409 360 58 28 ingä
486 361 9 21 i
517 360 45 22 den
578 360 151 28 förteckning
746 359 65 23 öfver
828 360 110 28 samtliga

181 395 81 27 inköp,
278 402 51 16 som
345 395 120 23 meddelas
481 396 83 28 längre
580 395 62 23 fram
659 396 8 22 i
683 395 79 23 denna
780 395 130 23 berättelse.

255 431 117 29 Slutligen
396 431 40 23 bör
460 434 108 24 nämnas,
594 433 35 21 att
652 431 171 29 Delegationen
848 431 45 22 den
910 434 28 19 22

181 461 106 28 februari
312 470 56 20 1902
392 466 46 23 fätt
462 467 24 23 af
509 467 223 29 Industristyrelsen
752 468 120 28 emottaga
888 474 51 15 som

182 502 127 30 tillökning
333 504 8 21 i
364 503 29 22 de
416 503 127 23 Antellska
562 504 164 28 samlingarna
743 506 27 19 14
786 502 112 30 pannäer,
916 502 24 23 af

182 539 125 22 artisterne
322 538 106 27 Edelfelt,
445 538 107 28 Enckell,
570 538 116 28 Gebhard,
698 539 26 22 P.
736 538 112 28 Halonen,
861 538 77 23 Blom-

182 574 70 28 stedt,
276 574 116 23 Rissanen
417 574 43 23 och
482 574 39 23 fru
544 574 211 27 Soldan-Brofeldt,
780 575 63 22 samt
865 578 11 19 6
893 576 45 21 trä-

180 608 95 25 reliefer
299 611 24 22 af
346 610 138 23 skulptören
507 611 25 22 E.
559 611 111 27 Halonen,
690 611 46 22 alla
755 610 94 23 utförda
866 610 74 29 enligt

182 646 92 22 statens
298 645 146 30 beställning
460 646 36 22 för
512 646 137 23 dekoration
667 646 23 23 af
707 646 46 22 den
770 646 81 23 finska
867 646 71 29 pavil-

179 682 91 28 jongen
286 682 30 29 pä
332 682 254 29 världsutställningen
602 683 9 21 i
626 678 66 26 Paris
705 682 26 22 är
744 685 64 19 1900.
825 681 35 23 De
873 681 65 23 först-

182 717 106 23 nämnda
304 720 38 20 äro
359 717 115 23 utställda
483 718 9 22 i
502 717 232 30 Konstföreningens
747 718 83 28 galleri
840 718 8 22 i
859 717 79 29 skulp-

181 753 200 29 turafdelningen,
403 753 159 23 trärelieferna
577 754 7 22 i
602 752 215 31 trappuppgängen
834 753 35 23 till
885 753 53 23 Ate-

181 795 81 16 neum.
861 816 2 3 |

254 824 53 23 Den
322 824 126 24 inhemska
465 825 143 29 skulpturen
624 825 176 29 representeras
816 825 9 23 i
840 824 98 30 Delega-

192 861 82 22 ionens
290 860 72 30 inköp
380 860 24 23 af
418 860 106 30 följande
540 861 70 22 verk:
633 860 24 23 E.
674 860 185 24 Wickströms
878 860 61 29 ,Mor

182 896 44 22 och
251 896 80 27 barn*,
356 903 75 23 grupp
456 897 8 22 i
487 903 111 21 marmor,
620 896 72 23 inlöst
708 896 47 22 den
771 900 27 19 28
816 896 124 23 december

183 935 57 19 1900
257 932 35 22 för
308 932 61 22 Fmk
386 936 72 23 6,000:
471 940 36 20 —;
522 932 24 22 E.
559 932 139 23 Halonens
713 932 93 29 ,Impi*,
820 932 120 29 helfigur
928 928 16 37 i

182 974 111 21 marmor,
313 967 165 23 föreställande
495 967 45 23 den
558 974 65 23 unga
639 967 81 28 flicka,
738 975 50 15 som
805 967 75 30 enligt
894 967 44 23 Ka-

192 1003 69 22 evala
285 1003 109 30 erbjuder
416 1004 41 22 sitt
472 1003 44 23 här
530 1004 37 22 till
584 1005 112 27 strängar
714 1003 24 23 ät
754 1003 184 23 Väinämöinens

187 1039 99 28 kantele,
302 1039 72 23 inlöst
390 1039 45 23 den
454 1043 26 19 14
492 1039 126 23 december
630 1043 56 19 1902
698 1039 36 23 för
745 1039 61 22 Fmk
820 1043 70 24 7,000:
903 1047 35 20 —;

182 1074 121 29 Georges
329 1075 127 30 Winters
482 1075 103 28 ,Lifvets
611 1075 61 28 lön”,
698 1081 76 23 grupp
798 1076 7 21 i
830 1081 108 22 marmor,

192 1111 156 22 öreställande
365 1117 29 16 en
411 1111 107 28 gammal
534 1111 86 23 bruten
632 1118 62 21 man,
706 1111 105 29 nedböjd
822 1111 65 22 öfver
898 1111 41 22 sitt

171 1145 73 26 döda
268 1146 64 27 barn,
357 1153 51 16 som
431 1146 49 23 han
496 1146 76 23 håller
587 1148 9 21 i
612 1147 105 26 famnen,
735 1153 30 16 en
781 1146 118 23 sinnebild
916 1146 24 23 af

187 1182 205 23 konstnärslifvets
416 1182 116 29 felslagna
549 1182 187 30 förhoppningar
753 1182 43 23 och
811 1182 127 28 illusioner,
964 1185 3 3 '

180 1217 73 23 inlöst
269 1217 44 23 den
332 1221 26 19 19
376 1218 58 29 april
453 1222 57 19 1903
526 1218 36 23 för
578 1218 62 23 Fmk
656 1222 72 23 6,000:
741 1232 35 8 —
793 1218 80 23 Hilda
883 1218 55 23 Flo-

181 1253 64 23 dins
270 1253 145 29 ,Tänkare*,
440 1254 160 29 gubbhufvud
623 1255 8 22 i
657 1254 77 27 brons,
759 1254 71 22 inlöst
848 1253 47 23 den
911 1257 27 19 25

183 1290 93 22 januari
290 1292 55 20 1908
357 1289 36 22 för
403 1289 62 23 Fmk
478 1288 72 29 1,000:
562 1297 35 21 -—;
610 1289 142 24 Johannes
768 1289 171 30 Haapasalos

183 1343 9 10 »
195 1325 151 28 Vallarelät*,
374 1326 124 28 gipsstaty,
524 1325 72 23 inlöst
620 1325 46 23 den
691 1329 19 25 6
728 1325 130 23 november
883 1329 56 19 1904

188 1360 30 23 för
229 1361 61 22 Fmk
304 1364 69 25 1,000:
383 1369 35 20 —;
431 1363 63 20 samt
505 1361 114 30 slutligen
630 1362 89 22 tvenne
731 1361 24 22 af
765 1361 61 22 Rob.
839 1361 100 29 Stigell
