1009 1603
244 68 94 18 Antellska
350 68 136 23 samlingarnas
498 69 74 17 tillväxt
583 69 31 17 och
625 69 51 18 vård.
804 69 20 16 TL

71 140 91 28 ningar,
186 140 8 21 i
214 139 44 23 den
278 139 164 30 förhoppning,
461 142 35 21 att
512 141 33 21 ett
561 139 97 30 inträng
674 134 30 35 pä
721 139 104 29 bolagets

70 176 138 31 rättmätiga
230 175 117 23 företräde
370 175 147 23 härutinnan
540 175 80 23 kunde
644 175 30 30 pä
698 175 65 23 detta
779 177 47 21 sätt

56 208 163 32 "förebyggas.
252 211 78 23 Sedan
354 211 102 29 bolaget,
482 211 36 23 för
539 212 35 22 att
588 213 10 21 i
614 213 37 21 sin
666 211 58 23 män
740 211 86 30 främja

71 247 39 22 det
133 247 127 22 inhemska
283 247 183 23 konstintresset
488 248 8 22 i
520 247 75 29 fråga,
616 247 79 29 ingått
710 247 31 29 pä
757 247 70 22 dessa

70 282 90 27 villkor,
186 282 130 23 afslutades
338 282 71 30 köpet
434 283 47 22 den
501 287 13 19 8
530 290 64 16 mars
613 286 72 20 1903.
709 283 32 22 Af
756 283 70 29 köpe-

71 324 110 16 summan
206 318 91 23 erlades
319 319 29 29 %/
370 319 56 22 eller
444 319 62 22 Fmk
524 322 80 23 10,000
621 319 146 22 omedelbart
783 318 44 22 och

72 353 27 31 1/5
124 353 55 23 eller
202 354 62 22 Fmk
288 358 64 24 5,000
369 355 9 21 i
394 354 126 23 december
538 358 64 19 1904.
635 354 191 29 Teckningarna,

71 396 50 16 som
144 396 55 17 voro
220 390 117 29 anbragta
352 391 66 21 inom
434 390 52 30 glas
503 390 43 23 och
562 397 59 21 ram,
638 390 73 23 hafva
727 396 100 16 numera

72 425 45 23 alla
132 425 104 23 utställts
252 426 9 22 i
276 426 230 30 Konstföreningens
523 426 84 29 galleri
623 427 7 21 i
647 427 124 22 Ateneum.

142 461 32 23 Af
198 462 97 22 artisten
319 462 25 22 A.
371 462 97 22 Gallen
489 462 32 22 ha
536 462 84 23 inlösts
636 462 49 22 fem
703 462 25 22 af
742 462 61 22 hans
819 462 8 22 i

75 497 104 23 akvarell
195 498 30 29 pä
240 504 88 23 papper
344 498 96 22 utförda
456 498 90 22 skisser
563 498 35 22 till
614 497 213 30 kupolfreskernai

70 532 79 23 finska
174 533 152 29 paviljongen
350 534 30 28 på
403 534 256 28 världsutställningen
680 534 8 22 i
709 533 66 23 Paris
802 533 26 23 år

72 572 64 23 1900,
157 569 53 23 med
227 569 117 23 särskilda
361 569 195 28 Kalevalamotiv,
574 571 20 27 1)
611 569 127 23 Ilmarinen
754 569 74 30 plöjer

72 605 130 28 ormäkern,
221 606 21 28 2)
259 605 86 30 Sampo
354 605 98 28 smides,
464 607 21 27 3)
498 605 164 23 hedendomen
673 605 44 23 och
727 605 100 23 kristen-

72 641 92 27 domen,
187 642 22 27 4)
234 641 99 29 Sampos
356 641 134 23 försvarare
514 641 44 23 och
580 642 21 27 5)
619 642 33 21 ett
667 641 121 29 fragment
804 646 14 17 af
848 650 2 2 :

72 683 93 17 samma
183 676 49 23 bild
247 678 8 21 i
270 676 44 23 full
327 676 99 28 storlek,
442 677 36 23 för
495 678 34 22 ett
545 672 179 34 sammanlagdt
739 677 47 29 pris
804 676 24 23 af

71 712 61 23 Fmk
157 716 72 24 5,000:
246 720 35 20 —;
306 714 64 21 samt
388 712 61 24 hans
466 713 154 29 oljemålning
637 731 10 10 ,
650 712 128 29 Kullervon
794 712 32 22 ki-

70 749 68 21 rous*
157 748 135 23 äfvenledes
309 748 35 23 till
361 750 34 20 ett
410 750 49 28 pris
475 749 23 22 af
509 748 63 23 Fmk
584 752 72 24 5,000:
668 755 35 16 —:
716 748 40 23 det
768 748 60 22 förra

71 784 97 29 inköpet
185 784 89 23 skedde
291 784 46 23 den
355 788 25 19 15
399 784 49 23 dec.
468 788 64 24 1900,
544 784 40 23 det
595 790 83 17 senare
690 784 46 23 den
748 788 12 18 2
770 785 49 28 apri

73 823 63 19 1904.
168 820 35 22 Det
232 820 44 23 har
292 822 66 27 synts
374 820 172 29 Delegationen
564 820 23 22 af
602 820 59 27 vikt,
679 821 35 21 att
731 820 97 22 artisten

72 855 94 25 Gallöns
190 851 256 33 Kalevalamälningar,
471 856 53 22 från
548 856 95 22 hvilkas
667 856 101 28 tidigare
792 856 34 22 ut-

71 892 214 28 vecklingsskeden
308 892 72 22 redan
401 892 59 22 flere
476 892 134 29 betydande
626 892 131 22 konstverk
774 891 54 23 med

72 928 91 22 statens
180 928 131 28 samlingar
326 927 152 28 införlifvats,
496 934 86 23 genom
598 928 70 22 dessa
682 934 47 22 nya
740 927 88 23 förvärf

71 963 31 29 pä
126 963 32 22 ett
182 963 218 23 tilliredsställande
417 964 49 22 sätt
481 964 8 21 i
505 964 93 21 museet
613 963 214 29 representerades.

144 999 86 22 Vidare
246 999 44 31 har
306 999 172 28 Delegationen
495 999 46 22 den
558 1003 26 18 21
604 1000 45 28 maj
670 1002 56 19 1901
744 999 36 22 för
796 999 33 22 ett

71 1035 48 28 pris
142 1034 24 23 af
189 1035 61 22 Fmk
275 1038 65 25 6,500
363 1035 73 22 inlöst
461 1041 29 16 en
514 1034 155 30 oljemälning
690 1034 24 23 af
731 1035 97 22 artisten

72 1070 94 23 Pekka
176 1070 130 27 Halonen,
318 1071 121 22 benämnd
450 1071 163 29 ,Vägbrytare
620 1071 10 22 i
637 1070 125 27 Karelen",
771 1070 57 22 hvil-

73 1106 48 23 ken
146 1106 156 29 komposition
327 1106 69 23 söker
413 1108 35 21 att
464 1107 8 22 i
488 1113 30 16 en
534 1102 48 27 stor
599 1106 42 23 och
659 1106 108 29 allvarlig
783 1106 46 29 styl

73 1142 141 29 symboliskt
236 1142 112 29 uttrycka
364 1142 55 23 iden
436 1149 38 16 om
491 1143 39 22 det
546 1142 81 23 finska
642 1142 88 23 folkets
749 1141 79 23 arbete

72 1177 31 30 pä
118 1178 184 23 ödemarkernas
319 1177 125 30 öppnande
460 1178 35 23 för
511 1178 120 27 kulturen,
648 1178 134 29 hvarjämte
790 1177 40 23 det

72 1213 124 30 landskap,
213 1215 8 21 i
238 1213 90 24 hvilket
344 1214 123 29 figurerna
482 1214 44 27 stä,
544 1217 25 19 är
585 1213 90 23 utfördt
691 1213 54 23 med
759 1213 69 22 frisk-

72 1249 41 23 het
129 1249 43 23 och
188 1250 65 29 lugn.

143 1285 77 23 Bland
242 1285 128 23 inhemska
393 1285 277 30 landskapsmälningar,
687 1292 50 15 som
754 1284 76 23 under

67 1321 84 23 "denna
175 1321 177 30 ständerperiod
376 1321 144 23 förvärfvats
545 1321 37 22 till
601 1321 169 29 samlingarna,
789 1321 41 22 bör

72 1357 138 22 framhällas
234 1357 24 23 E.
282 1357 156 23 Järnefelts
464 1360 63 20 stora
546 1357 172 28 höstlandskap
736 1356 93 29 ,Pielis-
