1009 1620
184 63 83 22 Ständ.
284 63 54 21 Skr.
354 75 27 3 ——
398 62 175 28 Landtdagens
589 63 104 22 afslutn.
808 64 12 19 3

60 135 69 28 länge
147 134 104 29 päbudet
269 141 37 14 om
324 135 72 28 ryska
415 134 106 28 spräkets
539 133 153 30 användning
705 134 115 22 vidhälles

59 169 9 22 i
94 169 36 21 sin
158 168 135 23 nuvarande
319 169 174 28 utsträckning.
538 168 115 22 Finlands
671 168 150 23 konstitutio-

59 203 63 22 nella
147 203 266 29 lagstiftningsordning
431 207 27 18 är
475 203 52 21 icke
545 203 136 28 säkerstäld,
699 203 75 22 innan
793 203 28 22 de

59 239 9 20 i
86 238 134 21 manifestet
238 237 43 22 och
299 237 242 30 grundstadgandena
560 237 23 22 af
604 237 45 22 den
669 238 30 21 15
719 239 34 26 (3)
772 238 49 21 feb-

60 272 62 22 ruari
150 272 63 22 1899
239 272 97 22 berörda
363 273 80 28 frägor
472 271 95 23 ordnats
595 271 52 22 med
675 272 146 22 Ständernas

60 307 126 28 samtycke.

129 341 37 22 Dä
185 341 131 22 Ständerna
333 341 141 22 hemställde
492 349 37 14 om
546 341 156 28 landidagens
716 341 105 29 ajourne-

60 376 54 28 ring
134 376 38 21 till
189 375 90 28 hösten,
298 375 88 22 skedde
405 375 40 22 det
462 375 54 22 med
533 375 90 23 fästadt
636 375 108 22 afseende
757 375 64 28 därä,

61 412 35 20 att
119 410 138 28 regeringen
275 410 99 22 sälunda
392 410 92 22 komme
504 412 35 20 att
556 410 93 28 förfoga
667 410 66 22 öfver
751 410 71 22 erfor-

61 445 75 28 derlig
164 444 36 22 tid
227 444 36 22 för
289 444 145 30 vidtagande
453 445 24 21 af
496 445 141 21 åtminstone
656 444 28 22 de
701 444 9 22 i
728 444 94 29 petitio-

60 487 46 14 nen
126 479 22 22 af
168 479 44 21 den
233 480 29 20 31
283 479 122 22 december
425 479 66 22 1904
504 480 76 22 säsom
592 478 148 23 brädskande
752 479 69 22 fram-

61 514 80 22 hållna
150 514 109 28 åtgärder
269 514 44 22 och
324 516 35 20 att
369 514 132 22 Ständerna
511 514 104 28 sålunda,
626 513 29 23 dä
665 513 28 22 de
703 514 30 28 pä
739 513 83 23 hösten

62 550 60 28 ånyo
150 548 194 26 sammanträdde,
369 548 76 22 skulle
464 548 81 22 kunna
563 549 38 21 till
619 548 82 29 slutlig
718 548 104 22 behand-

62 584 51 28 ling
140 585 105 27 upptaga
270 583 28 21 de
315 583 39 22 till
372 583 147 29 landtdagen
537 583 144 29 hänskjutna
699 583 123 29 lagförsla-

61 626 53 21 gen,
140 618 83 22 hvilka
248 618 75 22 under
350 618 46 22 den
423 625 32 14 nu
478 618 133 29 förgångna
629 617 193 30 landtdagstiden

62 652 80 23 blifvit
170 653 23 21 af
219 652 175 23 vederbörande
421 652 93 22 utskott
541 653 38 21 till
601 652 126 29 afgörande
746 652 77 22 förbe-

62 687 78 22 redda.
185 687 71 22 Hvad
282 687 112 22 särskildt
411 687 146 22 vidkommer
575 687 29 22 de
622 686 131 23 finansiella
771 694 52 22 pro-

62 722 165 29 positionerna,
255 722 81 22 hvilka
361 722 26 21 sä
411 722 93 22 sentida
523 722 23 22 af
563 721 144 29 landtdapen
726 723 96 21 emotta-

62 757 54 29 gits,
136 758 36 20 att
190 756 28 21 de
235 756 10 22 i
262 757 71 27 ingen
351 756 113 22 händelse
482 756 93 22 kunnat
591 757 63 21 inom
668 756 44 22 den
725 756 99 29 vanliga

62 790 191 29 landtdagstiden
279 790 184 29 slutbehandlas,
482 791 76 22 skulle
576 798 84 21 genom
679 791 143 29 ajournerin-

62 833 46 21 gen
134 825 96 22 vunnits
254 825 123 30 möjlighet
395 825 38 22 till
452 825 138 29 erforderlig
608 825 214 29 budgetreglering.

63 860 49 22 Och
140 859 131 23 Ständerna
299 861 118 27 emotsägo
445 862 36 19 att
508 860 29 22 dä
557 860 68 22 äfven
643 860 81 22 kunna
741 860 83 22 ikläda

63 895 36 28 sig
125 895 95 28 garanti
246 895 36 21 för
309 894 39 22 det
375 897 64 19 stora
457 895 107 28 statslän,
583 902 47 14 som
649 895 35 21 för
702 895 121 28 järnvägs-

63 928 109 23 ändamål
199 929 117 28 hbehöfves,
335 937 53 14 men
407 929 93 22 hvilket;
517 929 53 22 icke
587 929 48 22 kan
654 929 29 29 pä
701 929 61 29 goda
778 929 45 22 vil-

62 964 42 21 kor
131 965 123 27 upptagas,
281 964 73 22 innan
380 963 189 22 konstitutionen
587 965 50 21 äter
655 964 80 22 blifvit
752 965 71 20 rätte-

62 1000 79 20 snöret
159 999 36 21 för
212 998 93 22 landets
323 998 104 29 styrelse.

132 1033 75 21 Eders
219 1032 133 29 Kejserliga
364 1033 112 28 Majestät
488 1033 43 21 har
544 1033 79 21 funnit
633 1033 36 22 för
678 1033 58 28 godt
746 1035 35 20 att
791 1033 33 22 af-

63 1067 54 28 böja
128 1067 158 29 landtdagens
300 1068 151 28 ajournering
466 1067 43 22 och
518 1067 103 29 påbjuda
631 1067 51 22 dess
693 1067 131 29 afslutning

62 1102 8 21 i
89 1102 53 29 dag,
161 1102 45 21 den
227 1102 30 21 15
277 1102 66 29 april,
365 1102 99 22 hvarom
477 1101 132 22 Ständerna
621 1102 59 22 först
691 1102 75 22 under
778 1103 45 21 för-

62 1136 120 29 gårdagen
202 1136 94 22 erhållit
308 1136 177 22 underrättelse.
502 1137 47 21 För
562 1139 35 19 att
610 1137 25 22 så
647 1136 52 23 vidt
711 1137 30 28 på
755 1137 69 22 Stän-

62 1171 72 22 derna
152 1171 135 22 ankommer
305 1171 130 29 förebygga
454 1173 35 20 att
507 1171 93 28 viktiga
618 1171 115 22 intressen
745 1171 78 23 blefve

62 1205 95 22 lidande
175 1205 38 22 till
230 1205 59 29 följd
307 1205 72 28 däraf,
399 1207 35 20 att
451 1213 29 14 en
495 1205 141 29 fullständig
648 1206 139 28 uppgörelse
800 1206 24 21 af

62 1240 262 28 bevillningsbudgeten
343 1240 43 22 och
404 1240 317 22 kommunikationsfondens
734 1240 90 29 budget

62 1282 32 14 nu
112 1274 52 22 icke
181 1274 63 22 varit
261 1275 87 28 möjlig,
367 1274 73 22 hafva
460 1274 132 22 Ständerna
610 1274 103 29 skyndat
731 1276 36 20 att
782 1282 42 14 un-

62 1310 40 20 der
130 1308 77 22 denna
233 1309 46 29 dag
297 1308 147 23 beträffande
462 1309 73 28 sagda
553 1309 191 29 budgetärenden
763 1309 61 22 fatta

62 1343 88 22 sådana
169 1344 82 28 beslut,
271 1351 49 15 som
337 1343 132 23 tillsvidare
488 1344 139 21 säkerställa
643 1344 181 29 ifrågavarande

62 1378 121 22 intressen.
220 1378 72 22 Eders
320 1378 135 30 Kejserliga
482 1378 111 29 Majestät
619 1378 42 22 har
679 1379 9 21 i
705 1379 35 21 sin
759 1378 65 22 hand
