1048 1625
234 68 14 21 2
579 64 13 24 i

206 136 134 29 Ständerna,
359 137 53 21 med
429 138 73 27 några
520 136 91 22 mindre
626 135 123 31 ändringar
763 134 143 25 beträffande
921 137 45 21 for-

205 178 60 21 men,
282 171 89 28 antagit
386 171 39 21 det
439 171 10 21 i
462 171 78 29 Nädig
555 170 143 30 proposition
710 171 127 22 Ständerna
847 170 118 30 förelagda

206 204 87 29 förslag
308 205 37 21 till
359 204 137 30 förordning
512 212 37 15 om
565 205 86 22 ändrad
666 206 89 28 lydelse
771 204 25 22 af
805 205 112 22 särskilda
925 213 40 21 pa-

205 238 103 30 ragrafer
325 239 9 21 i
353 239 91 29 Nädiga
463 239 166 29 förordningen
645 240 25 21 af
683 240 44 21 den
743 239 27 22 10
784 240 46 28 Maj
848 240 62 28 1886,
927 247 38 14 an-

206 274 89 28 gäende
309 273 153 30 bankrörelse,
479 281 49 15 som
544 273 27 22 af
582 274 71 29 bolag
666 274 72 22 idkas.

276 308 138 22 Ständernas
432 308 78 22 beslut
527 309 42 21 har
587 309 84 21 vunnit
689 309 64 29 Hans
772 308 131 29 Kejserliga
918 309 47 21 Ma-

205 342 81 29 jestäts
308 343 91 28 Nädiga
421 343 154 28 stadfästelse;
599 343 43 22 och
663 343 42 22 har
724 343 9 22 i
748 343 103 28 enlighet
874 343 90 22 dermed

206 377 78 28 Nädig
306 376 135 29 förordning
460 377 9 21 i
489 379 76 20 ämnet
580 376 79 23 blifvit
675 377 44 22 den
734 377 26 21 11
776 377 67 28 April
859 377 56 22 1901
930 379 35 19 ut-

205 410 87 22 färdad.

275 445 21 27 4)
311 445 41 22 Uti
374 445 145 29 underdänig
538 445 120 23 skrifvelse
676 445 36 22 för
731 445 44 22 den
790 446 27 21 16
832 445 62 22 Mars
910 445 56 21 1900

204 479 71 22 hafva
298 479 127 22 Ständerna
446 479 43 22 hos
511 479 65 22 Hans
598 479 131 29 Kejserliga
746 479 109 29 Majestät
873 479 91 28 anmält,

206 513 40 22 det
265 513 128 22 Ständerna
411 514 53 21 med
483 515 73 27 några
572 514 124 28 ändringar
711 513 104 29 godkänt
831 513 50 22 dem
897 513 8 22 i
919 513 45 22 Nå-

207 548 40 28 dig
261 548 146 28 proposition
424 548 116 29 förelagdt
555 548 88 29 förslag
657 549 38 21 till
709 548 142 28 förordning,
867 548 98 22 innefat-

205 583 71 21 tande
298 583 112 22 särskilda
428 583 175 29 bestämningar
622 584 8 20 i
649 583 66 28 fråga
734 590 36 14 om
787 583 60 22 vissa
863 583 101 21 domare-

206 616 117 22 embetens
344 617 142 29 besättande,
503 625 52 14 men
570 618 41 21 har
626 618 65 21 Hans
706 617 130 29 Kejserliga
851 617 112 28 Majestät,

205 651 41 22 vid
269 651 44 22 den
336 652 27 21 29
385 652 61 21 Mars
463 652 55 21 1901
542 652 72 22 skedd
633 652 145 28 underdånig
792 652 172 28 föredragning,

205 686 51 21 icke
271 686 63 22 velat
349 686 112 22 stadfästa
476 686 73 28 sagda
563 686 136 28 förordning
714 686 9 22 i
739 686 43 21 den
798 686 25 21 af
837 686 128 22 Ständerna

205 720 36 22 för
257 721 131 21 densamma
404 724 101 26 antagna
519 721 111 29 lydelsen.

275 755 21 28 5)
310 755 75 22 Sedan
394 756 128 21 Ständerna
529 756 36 21 uti
572 756 145 28 underdånig
725 755 120 22 skrifvelse
853 755 25 22 af
885 755 43 21 den
937 754 27 22 16

205 790 61 21 Mars
282 790 56 22 1900
354 791 93 27 anmält,
464 792 34 20 att
513 790 129 22 Ständerna
658 790 149 22 oförändradt
818 790 90 28 antagit
916 789 49 21 etti

204 824 79 29 Nådig
302 825 146 28 proposition
462 825 38 22 till
515 825 52 21 dem
583 825 167 22 öfverlemnadt
765 825 87 28 förslag
867 824 37 22 till
918 823 46 22 för-

206 859 99 28 ordning
324 860 118 27 angående
465 860 100 21 ändrade
586 860 173 28 bestämningar
783 867 36 14 om
843 858 122 23 domstol
954 854 16 38 i

204 893 117 28 brottmål,
337 893 42 22 har
394 894 65 21 Hans
479 894 131 28 Kejserliga
625 894 107 28 Majestät
746 894 54 21 låtit
815 893 45 22 den
875 893 28 22 14
917 893 47 21 Au-

205 928 65 28 gusti
285 928 54 22 1901
358 928 94 22 utfärda
466 929 77 28 Nådig
558 929 137 28 förordning
710 929 9 22 i
735 931 76 19 ämnet
825 929 10 21 i
850 928 114 22 öfverens-

205 963 130 21 stämmelse
349 963 53 21 med
418 963 139 22 Ständernas
571 963 82 22 beslut.

274 997 21 26 6)
311 996 75 22 Sedan
406 997 39 22 det
460 998 35 21 uti
508 997 79 29 Nådig
601 998 145 28 proposition
761 997 130 22 Ständerna
905 997 59 22 före-

204 1031 70 28 lagda
295 1031 87 29 förslag
404 1032 38 21 till
463 1032 143 29 förordning,
625 1032 160 21 innefattande
800 1031 112 22 särskilda
926 1031 38 22 be-

204 1066 144 28 stämningar
371 1073 37 15 om
427 1066 212 29 ändringssökande
657 1067 10 21 i
681 1067 130 21 underrätts
827 1067 79 21 domar
921 1066 44 22 och

204 1100 84 29 utslag,
308 1100 23 22 af
350 1101 129 22 Ständerna
499 1102 52 21 med
570 1102 73 28 några
661 1102 88 21 mindre
770 1101 123 28 ändringar
907 1100 57 29 god-

203 1134 75 28 känts,
294 1136 30 27 på
339 1137 47 19 sätt
400 1135 103 29 framgår
517 1143 28 14 ur
561 1135 64 23 deras
641 1136 37 21 till
692 1136 64 21 Hans
771 1135 130 29 Kejserliga
916 1135 48 21 Ma-

202 1168 73 29 jestät
294 1169 80 22 härom
397 1170 85 22 aflåtna
503 1170 160 29 underdåniga
686 1170 120 22 skrifvelse
825 1169 37 22 för
876 1169 44 22 den
937 1169 26 21 16

204 1203 61 21 Mars
289 1204 61 28 1900,
374 1204 43 22 har
438 1204 65 22 Hans
526 1204 132 29 Kejserliga
679 1204 108 29 Majestät
808 1204 53 21 låtit
877 1203 44 22 den
937 1204 28 21 14

204 1237 103 29 Augusti
322 1238 55 22 1901
392 1238 93 22 utfärda
500 1238 139 29 författning
654 1239 7 21 i
679 1241 76 19 ämnet
769 1239 10 21 i
795 1238 102 29 enlighet
911 1238 53 22 med

204 1271 139 23 Ständernas
358 1273 83 22 beslut.

273 1308 21 26 7)
308 1307 42 21 Ett
364 1307 9 21 i
387 1308 79 28 Nådig
485 1308 144 28 proposition
645 1307 126 23 Ständerna
786 1307 117 29 förelagdt
917 1307 46 22 för-

204 1340 50 30 slag
269 1341 37 22 till
324 1340 138 31 förordning
480 1342 119 29 angående
614 1342 117 29 reglering
747 1342 26 22 af
785 1342 120 23 klockares
921 1342 42 22 och

205 1375 148 29 orgelnisters
376 1376 104 29 aflöning
498 1377 8 21 i
523 1377 92 22 landets
639 1377 262 28 evangelisk-lutherska
918 1376 45 24 för-
