1028 1617
191 74 28 20 80
498 73 30 22 U.
543 73 29 22 B.
588 86 27 2 —
630 74 28 20 IL

191 148 28 14 en
234 141 130 28 minskning,
379 148 45 14 som
440 142 137 21 uteslutande
592 142 76 21 hänför.
682 142 33 27 sig
727 142 32 21 till
770 148 28 15 en
808 141 147 29 nedåtgående

191 176 122 27 godstrafik,
325 176 77 21 medan
412 176 229 27 passageraretrafiken
651 176 102 22 stannade
764 176 7 21 i
782 176 32 21 sin
827 176 128 27 utveckling.

191 210 103 27 Följande
313 209 22 22 år
352 210 97 22 inträdde
464 216 28 15 en
505 210 110 28 obetydlig
636 211 100 27 stegring,
751 210 110 21 föranledd
877 217 78 20 genom

191 243 155 29 godstrafikens
361 245 89 20 tillväxt.
480 237 32 28 År
527 245 55 20 1903
598 245 38 20 har
651 246 30 19 att
696 245 89 27 uppvisa
800 251 27 14 en
843 244 80 27 ökning
933 244 22 21 af

191 278 76 21 inalles
284 278 47 27 31!/,
347 279 51 27 milj.
411 279 65 26 mark,
489 278 134 27 härflytande
634 278 59 21 såväl
703 285 26 14 ur
739 285 87 21 person-
835 285 47 15 som
892 278 63 28 gods-

191 312 96 22 trafiken.
317 313 215 21 Trafikinkomsterna
550 313 69 21 under
639 313 23 20 är
681 313 56 21 1904
752 313 62 21 hafva
830 313 124 27 visserligen

192 347 65 22 ocksä
276 347 26 21 de
323 349 29 20 att
370 347 88 28 uppvisa
474 353 27 15 en
517 347 86 28 ökning,
618 353 50 15 men
684 347 70 22 denna
769 347 43 21 stär
826 347 66 21 likväl
906 347 49 21 icke

191 382 7 20 i
213 382 78 27 paritet
306 382 48 21 med
368 381 128 28 föregående
512 381 40 21 års.
574 381 177 27 Anledningarna
761 381 32 22 till
805 388 30 15 nu
845 381 111 28 påpekade

191 416 148 21 förhållanden
354 417 60 20 torde
430 416 33 21 väl
478 416 33 21 stå
526 417 30 20 att
572 416 50 21 söka
632 417 8 20 i
651 416 36 21 det
698 416 108 21 allmänna
816 416 138 21 ekonomiska

190 451 59 27 läget
265 451 59 20 inom
342 451 78 27 landet,
436 451 39 20 och
490 451 58 20 detta
563 451 59 20 torde
638 451 136 27 temmeligen
790 457 55 21 noga
860 451 95 27 afspegla

192 485 33 27 sig
234 485 8 20 i
253 491 25 15 en
290 485 98 21 minskad
396 485 188 28 varuomsättning,
593 485 99 21 särskildt
698 485 49 21 med
760 485 99 22 afseende
868 485 12 21 ä
886 487 69 19 träva-

191 521 137 25 ruexporten,
339 521 54 20 samt
405 519 63 21 äfven
483 519 8 21 i
506 526 27 14 en
549 519 42 21 viss
607 519 171 22 återhållsamhet
792 519 56 21 hvad
868 525 89 22 person-

192 553 90 22 trafiken
299 553 136 22 vidkommer.

262 588 33 21 Ur
316 588 140 27 nästföljande
478 588 89 21 tabeller
589 588 93 27 framgår
704 588 49 21 med
774 588 72 21 hvilka
867 587 88 21 andelar

192 628 89 22 person-
296 622 39 21 och
358 622 143 28 godstrafiken
526 622 91 28 bidragit
636 622 33 21 till
684 622 145 21 inkomsterna
844 622 68 20 under
927 622 26 20 de

192 656 70 21 skilda
283 656 56 27 åren,
354 656 146 22 hvarförutom
524 657 122 21 inkomsten
665 656 47 21 från
732 656 25 22 de
772 662 46 15 mer
833 656 122 27 betydande

192 690 128 28 varuslagen
334 691 78 27 jämväl
428 691 106 27 angifvits,
550 690 110 22 äfvensom
676 691 36 21 det
727 691 71 21 arbete
813 691 140 27 järnvägarna

192 727 111 25 presterat:

415 782 44 18 1899
537 782 45 19 1900
658 782 45 18 1901
779 782 44 18 1902
877 782 46 18 1903

411 811 50 18 Fmk
531 811 49 18 Fmk
649 806 50 33 Fmk
764 806 54 33 Fmk
875 810 49 18 Fmk

192 829 151 34 Bruttoinkomst
454 844 2 2 :

215 862 20 18 af
246 864 104 22 persontra-

215 891 54 18 fiken
293 905 4 4 .
321 905 4 4 .
350 906 5 4 .
385 892 103 22 10,089,000
501 892 104 22 10,700,000
618 892 103 22 10,713,000
734 891 103 23 10,636,000
849 891 104 22 11,724,000

192 919 151 19 Bruttoinkomst

215 948 21 18 af
259 948 82 24 godstra-

217 977 52 19 fiken
293 991 3 4 .
321 991 4 5 .
351 992 4 4 .
385 978 103 22 14,653,000
500 978 103 22 16,661,000
616 977 104 24 15,478,000
733 977 103 22 15,940,000
848 976 103 24 18,058,000

193 1005 59 23 däraf,
264 1006 29 18 för
310 1006 45 23 mjöl

216 1035 35 18 och
261 1041 66 17 gryner
352 1049 3 4 .
431 1045 23 3 —
512 1035 93 22 2,206,000
628 1034 92 23 1,737,000
744 1034 92 22 2,198,000
859 1033 92 23 2,700,000

192 1063 29 18 för
233 1064 85 23 spanmäl
350 1077 4 4 .
430 1074 22 3 =
512 1063 92 23 1,145,000
621 1052 14 38 —
645 1063 75 22 740,000
739 1052 13 38 —
762 1063 73 22 734,000
859 1063 92 22 1,581,000

205 1100 8 8 >
232 1092 79 23 plankor
319 1092 35 19 och

215 1120 81 19 bräder
293 1116 12 34 .
321 1135 4 4 .
350 1135 4 4 .
429 1131 23 2 —
511 1121 93 22 2,080,000
627 1120 92 23 1,842,000
744 1120 91 22 1,465,000
859 1119 92 23 1,491,000

191 1149 30 19 för
244 1149 54 18 stock
318 1149 35 18 och

214 1183 56 18 props
303 1179 49 17 samt

215 1207 59 23 öfriga
291 1207 60 18 träva-

215 1240 30 13 OF
292 1248 62 5 0.0.0.
429 1245 22 3 —
528 1235 75 22 994,000
626 1234 93 23 1,070,000
739 1229 12 34 —
760 1234 75 22 970,000
859 1233 91 23 1,485,000

193 1263 30 19 för
235 1265 36 17 ved
292 1277 4 4 .
322 1277 4 4 .
351 1277 4 4 .
431 1273 23 3 —
514 1263 91 23 1,687,000
628 1263 92 23 1,729,000
744 1262 92 23 1,857,000
859 1262 92 23 2,046,000

204 1300 7 9 >»
224 1289 40 32 till
269 1289 82 32 pappers-

213 1321 94 18 industrin
317 1321 34 18 hö-

213 1350 57 18 rande
296 1355 55 13 varu-

214 1379 51 23 slag.
290 1391 4 6 .
319 1393 4 4 .
349 1392 4 5 .
428 1389 24 3 —
510 1379 92 22 1,194,000
626 1378 92 23 1,185,000
742 1377 208 24 1,277,000
841 1373 12 33 .
860 1377 90 24 1,262,000

260 1419 140 18 Siatsutskotteis
412 1419 112 18 betänkande
536 1420 38 16 N:o
586 1419 18 17 4.
