1034 1620
359 108 78 45 816.

97 183 294 27 Bankkommissarietjensten
412 182 35 22 vid
465 183 96 21 kontoret
581 182 7 21 i
603 182 113 22 Sordavala
730 182 54 21 hade
808 180 105 19 Bankkom-

28 218 66 22 redan
115 218 40 22 den
177 218 28 22 20
227 218 92 21 Oktober
345 218 53 20 1903
418 217 68 22 blifvit
500 217 79 22 vakant
592 216 8 22 i
614 217 51 27 följd
680 216 24 22 af
715 216 70 22 Bank-
795 208 135 24 issartetjen-

30 253 159 21 kommissarien
207 252 76 22 Kaarlo
300 252 99 21 Basiliers
414 252 26 21 då
455 251 79 22 skedda
548 252 128 26 utnämning
690 251 31 21 till
738 257 48 15 ena-
826 240 70 16 serna:

31 286 81 23 handa
124 287 117 27 befattning
263 286 35 22 vid
319 286 96 22 kontoret
436 286 7 21 i
466 286 84 27 Viborg.
581 286 123 21 Sedermera
719 285 67 22 blefvo

32 322 121 28 ytterligare
168 321 66 21 under
249 322 23 20 år
288 322 56 21 1904
358 320 316 28 bankkommissarietjensterna
688 320 35 22 vid
737 320 50 21 kon-

30 356 60 22 toren
111 356 7 20 i
139 356 69 21 Kotka
226 356 38 21 och
279 355 82 28 Kuopio
375 355 75 27 lediga,
466 355 41 21 den
522 355 57 21 förra
593 354 145 31 befattningen
754 361 34 20 ge-

30 397 51 14 nom
94 390 208 21 Bankkommisarien
317 390 79 21 Arthur
410 389 104 27 Brobergs
530 390 41 20 den
586 390 29 20 24
624 390 41 27 Maj
677 389 111 21 inträffade

31 424 126 27 utnämning
178 424 33 21 till
233 424 174 22 öfverkamrerare
429 424 8 21 i
458 424 89 21 Banken
566 424 39 21 och
620 424 40 21 den
676 430 72 15 senare
763 424 27 27 på

33 459 69 28 grund
117 459 63 26 deraf,
196 459 32 21 att
241 459 219 21 Bankkommissarien
474 458 105 22 Hofrådet
591 459 71 21 Bruno
673 459 117 21 Alexander

34 493 66 22 Niska
115 493 39 21 den
171 494 25 20 19
212 493 91 22 Oktober
317 493 26 27 på
357 494 92 26 begäran
464 493 86 21 undfick
562 493 72 21 afsked
640 493 46 21 från
694 494 96 26 tjensten.

101 534 30 21 På
152 534 99 26 förslaget
270 534 33 20 till
321 533 167 21 återbesättande
504 533 23 21 af
539 533 251 27 bankkommissarietjen-

36 569 46 21 sten
104 568 34 22 vid
160 568 95 22 kontoret
269 568 7 20 i
292 568 112 21 Sordavala
418 568 54 20 hade
488 567 23 21 af
524 567 135 22 Direktionen
674 568 95 28 uppförts
783 568 8 20 i

34 603 66 21 första
121 603 92 21 rummet
234 602 107 22 Kassören
362 602 34 21 vid
418 602 96 21 kontoret
531 602 8 21 i
557 602 139 22 Tammerfors
712 602 80 22 Walter

36 637 97 27 Krogius,
147 637 9 21 i
177 637 66 21 andra
263 637 92 21 rummet
376 636 107 22 Kassören
497 636 36 22 vid
547 637 96 21 kontoret
656 637 8 20 i
679 636 113 22 Sordavala

36 671 50 21 Max
108 671 77 21 Sabelli
207 671 38 21 och
266 671 8 21 i
295 671 66 27 tredje
382 672 92 20 rummet
495 671 109 22 Kassören
625 671 35 21 vid
674 671 118 22 kontoret
781 667 14 36 i

38 706 78 27 Viborg
141 704 30 23 V.
183 706 24 21 E.
221 706 101 26 Thesleff,
335 706 39 20 och
388 705 44 21 blef
444 706 108 20 Kassören
570 705 96 27 Krogius,
682 712 45 15 som
738 706 54 26 jem-

39 740 34 22 väl
96 740 82 21 erhållit
199 740 203 26 Bankfullmäktiges
424 739 71 22 förord
516 740 33 21 till
571 740 97 27 tjensten,
688 740 70 21 dertill
773 740 23 21 af

38 774 117 28 Kejserliga
170 774 91 22 Senaten
276 774 40 22 den
332 775 13 20 4
359 774 101 22 Februari
474 774 110 21 utnämnd.

106 815 37 20 Att
161 815 84 20 komma
259 815 7 20 i
281 814 76 21 åtanke
372 814 34 21 vid
422 814 169 21 återbesättande
607 814 24 21 af
643 815 151 21 bankkommis-

41 849 145 26 sarietjensten
208 849 35 21 vid
264 849 96 21 kontoret
381 849 7 20 i
402 849 70 20 Kotka
486 849 55 21 hade
557 849 23 21 af
593 849 135 26 Direktionen
742 849 54 21 före-

39 883 73 27 slagits
126 883 106 22 Kassören
250 883 35 22 vid
299 883 95 21 kontoret
408 883 8 21 i
430 883 129 22 Tavastehus
571 883 48 22 Otto
629 883 86 22 Fredrik
725 884 70 21 Taube

38 918 56 21 samt
114 917 129 22 Kassörerne
265 917 78 22 Sabelli
365 918 38 21 och
420 917 94 22 Thesleff
531 917 8 21 i
553 924 30 15 nu
608 918 79 21 nämnd
702 917 94 28 ordning.

38 951 30 21 Af
88 952 65 26 sagda
174 958 97 21 personer
294 952 67 21 erhöll
382 952 106 21 Kassören
503 952 71 21 Taube
593 952 203 27 Bankfullmäktiges

38 986 80 27 förord;
141 986 39 22 och
194 986 45 22 blef
251 987 70 21 Taube
341 986 117 22 sedermera
473 986 41 21 den
531 986 27 22 20
573 986 91 22 Oktober
678 986 23 22 af
713 986 83 28 Kejser-

38 1022 44 26 liga
97 1021 91 22 Senaten
203 1021 33 21 till
250 1021 90 27 tjensten
355 1020 109 22 utnämnd.
490 1038 2 2 .

108 1055 41 21 Det
165 1056 22 21 af
195 1055 136 21 Direktionen
342 1055 125 28 upprättade
478 1054 101 28 förslaget
590 1055 33 21 till
631 1055 166 22 äterbesättande

42 1090 24 21 af
77 1090 290 27 bankkommissarietjensten
382 1090 35 21 vid
425 1090 111 21 kontoreti
543 1090 82 27 Kuopio
633 1091 79 27 upptog
719 1090 7 21 i
733 1090 65 21 första

46 1125 91 21 rummet
151 1124 106 22 Kassören
273 1124 34 22 vid
323 1124 64 28 sagda
401 1124 74 22 kontor
489 1124 70 21 Alexis
583 1124 74 22 Ossian
676 1124 122 26 Wallenius,

42 1159 8 21 i
65 1158 64 22 andra
144 1160 92 20 rummet
250 1158 219 22 Bankkommissarien
483 1158 92 27 Krogius
591 1158 38 22 och
644 1158 7 21 i
666 1158 65 27 tredje
744 1165 55 14 rum-

40 1193 45 21 met
106 1192 105 22 Kassören
233 1193 35 21 vid
289 1193 96 21 kontoret
402 1193 8 21 i
428 1192 130 27 Björneborg
576 1193 52 21 Axel
643 1192 86 22 Fredrik
744 1192 55 22 Tim-

42 1233 58 21 gren.
129 1224 92 24 Ärendet
237 1227 164 21 öfverlemnades
416 1227 23 21 af
451 1227 194 26 Bankfullmäktige
659 1227 63 27 jemte
741 1226 59 21 skrif-

42 1261 56 22 velse
113 1261 32 21 för
160 1261 41 22 den
217 1262 25 21 17
258 1261 116 22 December
388 1261 33 21 till
435 1261 119 27 Kejserliga
569 1261 101 21 Senatens
680 1261 119 27 afgörande,

45 1295 72 22 dervid
131 1296 150 27 Fullmäktiges
297 1296 70 21 förord
382 1296 45 27 gafs
442 1296 22 21 ät
478 1296 108 21 Kassören
602 1295 122 22 Wallenius.

112 1330 164 27 Tjenstledighet
294 1331 44 21 dels
353 1331 32 20 för
400 1331 102 26 sjukdom,
519 1330 44 21 dels
578 1331 33 20 för
626 1330 94 21 enskilda
739 1335 63 22 ange-

43 1365 122 26 lägenheter
186 1365 39 21 har
247 1365 66 21 under
323 1365 53 21 äret
391 1365 23 21 af
426 1365 193 26 Bankfullmäktige
634 1364 94 27 beviljats
747 1364 54 21 före-

43 1399 124 21 ständarene
182 1399 33 21 för
229 1399 162 21 nedannämnda
406 1396 78 30 kontor,
500 1399 117 27 nämligen:
