1028 1609
382 63 30 23 U.
427 63 28 23 5.
472 76 29 4 —
515 64 28 21 IL
815 64 27 21 39

80 133 108 21 nistrativt
201 132 143 22 förordnande
359 132 112 22 förklarats
493 132 112 28 förlustige
619 132 51 22 dem
688 132 154 22 tillförsäkrade

83 166 119 28 pensioner,
221 167 76 21 medan
319 166 46 22 åter
387 166 68 22 andra
472 166 36 22 vid
523 166 188 28 afskedstagandet
725 167 117 27 förvägrats

82 200 96 28 pension,
204 208 45 14 som
274 200 67 28 enligt
363 200 100 28 gällande
483 200 149 28 författningar
655 200 47 22 bort
724 201 118 21 tillkomma

82 234 55 23 dem.
157 236 58 21 Enär
230 235 89 21 berörda
335 235 104 27 åtgärder,
454 235 65 27 jämte
533 235 67 21 andra
610 242 26 14 ur
646 241 83 16 samma
736 236 102 21 abnorma

82 269 147 22 förhållanden
250 269 170 30 framsprungna,
441 271 36 20 äro
493 269 90 22 föremål
597 269 34 22 för
645 269 131 28 behandling
790 269 8 21 i
813 271 30 20 ett

83 305 65 19 annat
169 303 81 22 utskott
270 303 8 21 i
293 303 116 28 anledning
424 303 22 21 af
460 303 104 22 särskilda
579 303 213 28 petitionsmemorial
807 309 36 15 an-

83 337 82 27 gående
187 337 183 28 skadeersättning
392 344 27 15 m.
442 337 73 22 m.'ät
533 337 148 28 medborgare,
696 337 73 22 hvilka
791 339 53 20 utan

82 371 49 28 laga
152 372 130 27 ransakning
302 372 40 21 och
362 372 50 21 dom
427 371 108 22 beröfvats
549 372 71 28 tjänst,
636 372 89 27 pension
741 371 52 22 eller
807 371 36 21 fri-

82 406 37 21 het
134 406 52 21 eller
200 406 71 21 hvilka
287 406 94 21 hindrats
397 407 31 20 att
442 406 66 21 vistas
522 406 8 21 i
545 406 79 28 landet,
634 406 40 21 har
683 405 160 22 Statsutskottet

82 441 70 20 ansett
167 441 32 27 sig
212 440 48 22 icke
275 441 52 20 böra
340 442 98 19 närmare
453 440 50 28 ingå
518 440 27 28 på
559 440 71 21 denna
645 440 65 28 fråga.

301 519 126 24 Sextonde
441 519 183 24 hufvudtiteln.

383 577 158 22 Statsskulden.

152 639 46 22 Den
214 639 66 29 årliga
296 640 89 28 utgifteri
400 640 33 21 för
448 640 144 22 statsskulden
607 641 40 20 har
659 640 90 29 utgjort:

221 677 28 46 år
259 691 75 21 1899.
364 691 5 21 >
399 707 4 5 .
433 707 5 5 .
469 707 4 5 .
496 677 32 46 my
545 692 119 26 4,814,901:
678 692 27 21 98

226 733 10 12 >
257 726 75 21 1900.
362 742 4 4 .
396 741 5 6 .
431 742 5 4 .
467 742 4 4 .
503 734 9 11 >
543 726 162 27 4,810,340:39

227 767 9 12 >
256 760 76 21 1901.
362 776 5 5 .
396 777 5 4 .
432 776 4 5 .
467 776 4 5 .
504 768 9 11 »
545 760 118 27 5,825810:
676 760 28 21 43

226 802 10 11 »
257 794 75 21 1902.
363 810 4 5 .
397 809 4 6 .
432 811 4 4 .
467 811 4 4 .
504 802 8 11 >
545 794 118 27 5834104:
677 794 28 21 50

226 836 10 12 >
257 828 75 22 1903
318 813 16 47 .
503 837 10 11 »
545 827 118 29 6,042,355:
678 829 28 20 64

152 890 147 22 Statsskulden
321 891 39 22 har
381 890 48 22 från
452 892 43 27 äg
517 891 185 28 112,481,710:15
721 891 41 21 den
778 891 12 21 1
805 891 37 21 Ja-

82 925 62 21 nuari
160 925 55 21 1900
231 925 59 22 ökats
297 921 45 36 till
348 921 51 36 -7ye
410 926 147 26 141,674,385:
567 926 27 21 59
609 925 36 22 vid
660 925 108 28 ingången
783 925 22 22 af
818 925 24 22 är

83 959 61 21 1905.
167 959 75 22 Under
256 960 101 28 perioden
372 960 64 21 hafva
451 959 123 22 tillkommit
590 960 54 21 1901
654 959 34 22 års
697 959 42 28 31/,
746 959 28 28 %/,
784 956 58 25 län
832 952 14 40 &

81 994 44 26 Fa
132 993 133 29 25,000,000:
274 1007 27 3 —
312 995 40 21 och
360 995 56 21 1903
423 994 34 22 års
467 995 12 21 3
489 994 20 29 /,
515 995 29 28 9/,
550 994 37 21 län
595 994 13 21 &
615 995 49 27 Zz:
672 994 171 28 10,000,000:—.

151 1027 31 22 På
197 1030 41 20 sätt
252 1029 36 21 vid
303 1023 100 39 tidigare,
410 1023 153 39 ständermöten
583 1028 95 23 förfarits
692 1028 33 22 får
735 1028 108 22 Utskottet

82 1061 99 22 meddela
195 1062 94 28 följande
304 1063 83 28 uppgift
402 1069 36 15 om

149 1412 142 18 Siatsutskoiteis
302 1411 111 19 betänkande
426 1413 65 22 N:ozA.
511 1426 2 2 .
