1034 1620
278 95 200 29 Bankfullmäktiges
495 96 125 22 berättelse.

344 440 177 23 Bankutskottets
551 440 82 28 förslag
665 440 29 22 till
722 446 105 17 samman-

273 474 106 29 jämkning
402 474 26 23 af
439 473 104 24 ståndens
564 475 122 28 skiljaktiga
708 475 69 22 beslut
791 475 33 22 vid

276 509 150 27 behandlingen
442 509 27 22 af
482 509 120 22 Utskottets
618 509 134 23 betänkande
768 510 35 22 N:o
818 510 7 21 1

276 544 4 22 i
297 543 108 28 anledning
429 544 25 22 af
466 544 111 22 värkstäld
601 544 126 28 granskning
744 544 25 22 af
783 544 43 22 Fin-

276 578 60 22 lands
361 578 70 22 Banks
456 578 95 28 styrelse
576 578 39 23 och
641 576 94 24 tillstånd
761 579 66 22 under

275 610 51 25 åren
341 612 150 23 1900—1904.

137 717 33 21 Af
183 717 115 21 Utskottet
320 717 31 21 till
365 718 73 20 handa
453 717 80 21 komna
549 718 201 27 protokollsutdrag
763 718 64 20 fram-

67 753 44 26 går,
136 755 32 18 att
195 752 141 21 omförmälda
361 752 138 21 betänkande
527 752 68 21 blifvit
623 752 23 21 af
666 752 162 21 Bondeståndet

68 786 141 21 oförändradt
230 786 113 27 godkändt
365 790 57 18 samt
444 790 33 18 att
500 787 27 21 de
549 787 69 26 öfriga
640 787 92 21 stånden
748 786 79 26 jämväl

68 820 98 27 godkänt
181 820 147 21 betänkandet
342 824 61 17 utom
418 822 6 19 i
440 821 161 20 nedannämndt
617 821 111 21 afseende:
740 838 3 2 .

136 855 158 28 Ridderskapet
312 855 38 21 och
367 855 71 21 Adeln
453 855 38 21 har
507 856 167 21 återremitterat
689 855 108 22 klämmen
812 857 13 20 å

67 891 81 26 pagina
159 895 24 21 13
199 891 7 19 i
220 889 148 22 betänkandet
383 889 92 21 rörande
491 889 119 28 ordningen
626 889 32 21 för
673 889 154 22 tillvärkandet

67 924 24 20 af
102 924 102 21 Finlands
220 924 71 21 Banks
307 924 76 26 sedlar,
400 924 33 21 för
448 927 33 18 att
496 924 25 21 af
533 923 116 22 Utskottet
663 924 162 21 omformuleras

66 958 31 21 till
112 958 90 27 ungefär
217 958 93 27 följande
324 958 92 27 lydelse:
434 961 46 25 ,att
495 957 121 22 Ständerna
631 958 49 20 ville
691 958 84 21 besluta
784 958 41 21 hos

66 992 60 21 Hans
141 992 121 28 Kejserliga
277 992 103 28 Majestät
394 994 7 19 i
416 992 173 28 underdånighet
604 992 89 26 anmäla,
711 996 32 18 att
759 992 67 28 enligt

66 1026 133 22 Ständernas
221 1027 139 27 uppfattning
383 1027 120 27 ordningen
525 1026 33 22 för
573 1026 152 22 tillvärkandet
740 1027 25 21 af
776 1027 49 21 Fin-

66 1061 62 20 lands
143 1060 71 22 Banks
232 1061 71 21 sedlar
318 1062 23 20 är
357 1068 27 14 en
399 1061 166 27 angelägenhet,
581 1061 64 21 hvars
661 1061 165 21 bestämmande

66 1094 126 22 ankommer
206 1095 136 21 uteslutande
357 1096 29 26 pä
402 1096 84 20 landets
502 1095 113 21 Ständer.*
627 1108 26 3 —
663 1096 113 26 Därjämte
787 1096 39 20 har

66 1129 161 28 Ridderskapet
243 1130 43 20 och
301 1130 72 21 Adeln
395 1129 102 22 särskildt
520 1129 87 22 beslutit
623 1130 92 21 omfatta
730 1130 95 21 Bankut-

65 1164 95 21 skottets
180 1164 110 21 uttalande
305 1165 13 20 ä
333 1172 49 20 pag.
400 1170 25 21 32
442 1164 82 26 därom,
541 1167 33 18 att
597 1164 27 21 de
640 1165 12 20 å
667 1172 52 20 pag.
736 1170 23 21 31
783 1164 43 21 och

67 1204 24 21 32
101 1198 98 25 berörda,
216 1202 46 17 mot
277 1199 196 27 Bankfullmäktige
488 1199 104 26 vidtagna
607 1199 130 26 ätgärderna
748 1199 77 21 saknat

64 1233 51 20 stöd
131 1234 6 19 i
152 1233 37 27 lag
204 1233 42 20 och
261 1233 101 27 gällande
377 1233 157 27 författningar.

133 1267 161 21 Presteständet
315 1267 38 21 har
376 1267 68 22 likaså
467 1268 168 21 äterremitterat
651 1268 65 21 ofvan
732 1268 93 21 berörda

64 1301 58 21 kläm
138 1301 111 22 äfvensom
269 1302 70 21 därtill
354 1302 96 21 hörande
466 1303 130 26 motivering
611 1304 6 19 i
633 1303 58 26 syfte
707 1303 24 20 af
744 1302 81 21 omfor-

64 1336 104 27 mulering
191 1337 87 24 därhän,
303 1339 32 18 att
350 1336 121 21 Ständerna
494 1336 68 21 skulle
587 1336 84 21 besluta
687 1337 49 29 hos
762 1337 61 20 Hans

64 1370 121 27 Kejserliga
207 1370 102 26 Majestät
331 1372 6 19 i
360 1371 173 27 underdänighet
548 1371 91 25 anmäla,
657 1373 32 18 att
704 1371 67 27 enligt
786 1371 39 26 lag

64 1404 120 27 ordningen
206 1404 32 21 för
259 1404 137 28 tillvärkning
420 1405 23 20 af
462 1404 103 22 Finlands
583 1404 73 22 Banks
671 1404 71 21 sedlar
758 1404 23 21 är
797 1411 26 14 en
