1025 1620
379 81 28 22 U.
423 81 28 22 5.
469 94 26 3 —
510 81 30 21 11.
796 82 40 21 113

304 143 138 41 Öfriga
461 149 146 29 fonder.

145 219 41 22 För
209 219 26 21 de
257 219 68 21 under
348 219 137 21 staisvärkets
508 219 129 28 förvaltning
653 220 87 21 stående
755 220 82 26 fonder,

77 254 72 21 hvilka
169 253 80 28 jämväl
267 254 53 21 efter
336 253 41 22 den
392 260 43 21 nya
450 253 205 28 statsbokföringens
669 255 170 29 genomförande

76 289 70 20 såsom
157 288 98 21 särskildt
265 288 103 21 bokförda
379 288 121 21 bibehållits
510 288 85 21 utanför
606 289 41 20 den
659 289 107 20 allmänna
774 290 62 20 stats-

77 323 113 27 budgeten,
206 322 52 21 eller
273 322 70 21 såsom
357 323 33 20 för
402 322 110 21 bestämda
523 322 100 21 ändamål
633 323 107 21 donerade
751 323 27 28 pä
786 329 52 16 ena-

76 357 71 21 handa
169 358 40 20 sätt
229 357 106 26 förvaltas,
354 357 108 21 redovisas
476 357 34 21 för
525 357 50 21 åren
592 357 56 22 1899
665 358 39 21 och
720 358 54 21 1900
790 357 46 22 dels

77 391 69 21 under
161 391 102 21 särskilda
278 391 99 21 rubriker
391 391 57 21 N:ris
464 391 83 21 11—16
563 392 7 20 i
585 391 195 28 finansrelationen,
790 392 46 21 dels

76 425 70 21 under
162 425 277 28 generalhufvudböckerna
458 425 59 21 öfver
532 426 137 20 statsvärkets
683 426 82 26 fonder,
780 426 56 21 N:ris

77 460 89 21 17—19.
197 460 124 22 Sedermera
335 460 51 28 ingå
401 460 7 20 i
423 460 118 21 relationen
556 460 70 21 under
640 460 58 21 N:ris
710 461 34 26 21,
756 461 28 20 24
796 461 40 21 och

76 495 26 21 27
119 495 80 21 tablåer
214 496 59 20 öfver
287 495 118 21 inkomster
420 495 39 21 och
474 494 88 28 utgifter
576 495 7 21 i
599 495 99 27 samtliga
714 495 61 21 dessa
788 495 47 21 icke

76 528 141 29 budgeterade
231 529 78 28 fonder
324 530 70 20 under
408 529 50 21 åren
476 529 61 26 1901,
554 530 54 20 1902
625 529 40 21 och
681 530 61 28 1903,
757 530 77 21 medan

76 564 128 27 ställningen
226 564 7 20 i
257 564 109 21 desamma
386 564 36 20 vid
443 564 93 20 nämnda
560 564 33 20 ärs
608 564 82 27 utgäng
704 564 90 21 erhälles
809 571 26 14 ur

76 599 136 21 statsvärkets
227 599 75 27 bilans,
317 600 108 26 upptagen
439 599 74 20 ibland
528 598 111 28 bilagorna
654 599 32 20 till
696 599 138 21 statsbokslu-

76 635 36 19 ten
133 633 65 28 sagda
219 633 29 28 är,
268 633 57 22 N:ris
348 634 32 25 22,
402 633 27 21 25
451 633 40 21 och
506 634 33 20 28.
570 633 105 28 Slutligen
690 633 62 28 ingär
767 633 67 22 under

75 667 41 22 N:o
136 668 27 20 29
185 674 24 15 en
232 667 57 22 tablå
308 667 60 22 öfver
388 667 41 21 alla
449 667 61 21 dessa
531 667 87 22 fonders
634 667 101 28 ställning
750 667 36 22 vid
801 669 33 20 ut-

76 701 83 28 gången
182 702 22 21 af
226 702 23 21 är
272 702 61 26 1903,
356 702 99 21 särskildt
476 702 136 27 upptagande
630 702 142 21 statsvärkeis
788 701 46 22 icke

76 735 141 28 budgeterade
231 736 79 28 fonder
325 736 109 21 äfvensom
449 736 107 21 donerade
571 736 38 21 och
625 736 91 21 därmed
732 736 102 21 likstälda

74 766 85 37 fonder.
758 775 3 3 ;
823 774 14 4 sä

147 805 197 27 Sifferuppgifterna
362 805 8 20 i
386 805 61 21 dessa
461 805 162 27 redovisningar
639 807 35 19 äro
690 805 22 21 af
726 804 108 22 Utskottet

75 839 119 27 granskade
210 840 39 20 och
264 839 104 27 jämförda
382 839 50 21 med
448 839 111 21 böckerna.
577 839 46 21 Här
638 839 71 21 nedan
724 838 108 22 meddelas

74 873 54 21 först
142 874 89 21 rörande
246 874 142 21 statsvärkets
402 873 45 22 icke
464 873 141 27 budgeterade
619 873 81 27 fonder
710 873 26 21 de
746 872 88 28 upplys-

74 908 82 28 ningar,
177 908 73 21 hvilka
265 908 84 21 utöfver
362 908 58 21 hvad
434 908 7 20 i
456 908 117 21 relationen
590 908 118 20 meddelats
722 909 61 25 synts
798 906 35 22 be-

74 942 84 27 höfliga.
187 942 32 22 De
243 945 103 25 upptagas
366 942 7 21 i
394 942 40 22 den
450 942 91 27 ordning
557 942 26 21 de
598 941 51 28 ingå
663 942 33 20 uti
710 942 124 20 förenämda

74 976 58 21 tablå
146 976 40 21 N:o
202 977 33 26 29;
252 983 49 14 men
317 978 51 19 enär
383 976 113 21 boksluten
512 976 32 21 för
559 976 23 21 år
597 976 57 21 1904
669 978 59 19 ännu
739 976 48 21 icke
798 977 35 19 äro

74 1010 118 28 uppgjorda
207 1011 60 21 öfver
282 1011 48 21 dem
346 1011 48 26 alla,
410 1011 41 21 kan
465 1017 26 15 en
503 1010 122 22 tabellarisk
635 1010 199 27 sammanställning

74 1045 22 23 af
117 1045 35 21 det
167 1045 51 27 slag,
233 1052 46 14 som
294 1046 69 27 ingått
376 1046 9 20 i
400 1045 169 21 Statsutskottets
585 1044 150 22 betänkanden
751 1044 35 21 vid
802 1050 32 15 se-

74 1081 60 19 naste
155 1079 126 28 landtdagar
301 1080 59 20 öfver
380 1080 129 27 ställningen
526 1080 59 20 inom
601 1080 110 20 desamma
726 1079 35 20 vid
776 1080 58 19 näst-

74 1114 127 27 föregående
217 1114 33 21 års
265 1114 87 28 utgång,
368 1114 70 21 denna
452 1114 57 27 gång
524 1114 19 27 ej
560 1114 114 21 meddelas.
699 1112 44 22 Där
758 1112 76 22 sådant

74 1150 79 20 ansetts
175 1148 97 28 lämpligt
293 1149 63 21 hafva
379 1149 54 21 dock
452 1148 149 22 motsvarande
622 1147 164 28 sifferuppgifter
801 1147 33 21 för

74 1183 42 21 den
131 1183 26 21 30
172 1190 48 14 nov.
237 1183 56 21 1904
308 1183 70 21 blifvit
394 1185 112 26 upptagna.

284 1268 165 23 Statsvärkets
464 1268 154 23 reservfond.

142 1326 41 22 För
201 1327 71 21 denna
287 1327 52 21 fond
354 1327 114 27 redogöres
483 1328 31 20 uti
529 1326 140 28 inledningen
684 1326 32 21 till
730 1326 103 21 finansre-

72 1360 95 22 lationen
189 1368 26 14 ss.
235 1361 119 26 104—105,
370 1361 86 21 hvarest
470 1361 79 27 jämväl
563 1360 61 28 ingår
639 1361 42 21 den
699 1359 135 29 redogörelse

73 1396 33 20 för
124 1396 135 27 placeringen
275 1396 21 20 af
310 1396 92 21 fondens
418 1396 112 27 tillgångar
545 1395 75 21 ultimo
637 1395 62 28 1903,
715 1401 46 15 som
776 1394 57 21 förut

142 1435 145 19 Statsuiskottets
300 1436 112 18 betänkande
424 1435 36 19 N:o
472 1436 18 18 4.
753 1435 11 18 8
831 1431 2 3 |
