1011 1623
166 75 85 24 Ständ.
267 76 53 23 Skr.
339 89 26 3 —
381 76 29 22 H.
426 76 27 22 F.
469 76 96 22 Antells
581 76 141 28 samlingar.
811 76 12 20 5

275 148 149 29 föreningen
460 148 45 23 och
535 148 289 29 Konstflitsföreningen

273 184 68 21 samt
382 182 184 30 Arkeologiska
604 183 220 22 Kommissionens

274 217 159 23 ordförande
450 217 46 23 och
515 217 229 29 Statsarkeologen,
763 217 61 23 eller

274 252 11 22 i
309 252 75 22 deras
408 252 76 22 ställe
509 252 32 22 af
556 252 201 29 föreningarnas
775 253 49 27 sty-

273 286 78 23 relser
378 286 46 23 och
450 286 185 29 Arkeologiska
659 286 165 23 Kommissio-

274 328 49 16 nen
342 321 109 22 utsedda
466 328 129 22 personer.

342 356 108 22 Enhvar
477 356 32 22 af
531 356 196 28 Delegationens
756 356 69 22 leda-

274 391 80 21 möter
378 397 56 22 eger
459 391 37 21 att
518 390 40 22 för
576 390 90 29 hvarje
684 390 32 22 af
731 390 94 22 honom

276 425 126 22 bevistadi
428 425 196 22 sammanträde
650 424 120 30 uppbära
792 426 34 21 ett

275 460 94 22 arvode
388 459 32 23 af
434 460 36 22 25
486 460 81 22 mark.
608 454 93 34 Öfriga
719 459 106 29 utgifter

276 494 138 22 ankomma
443 494 16 22 ä&
487 494 196 29 Delegationens
697 494 128 29 pröfning

276 528 45 23 och
341 528 198 23 bestämmande.

139 598 131 29 Därjämte
288 598 78 22 hafva
387 597 143 24 Ständerna
547 597 115 23 beslutit:

346 666 25 29 4)
396 667 38 21 att
458 666 41 22 för
517 665 62 23 åren
598 665 183 23 1905—1907
798 665 32 22 af

278 700 237 30 bevillningsmedel
540 700 76 22 anslä
638 700 33 22 ett
689 700 90 29 belopp
798 700 33 22 af

279 736 89 26 9,000
392 736 74 22 mark
491 734 107 30 årligen,
619 735 38 22 att
675 734 31 22 af
721 734 106 29 Delega-

278 770 84 22 tionen
400 771 66 21 emot
500 769 328 29 redovisningsskyldighet

278 804 137 23 användas
434 804 42 23 till
492 804 31 23 de
535 804 113 29 utgifter,
662 810 53 16 som
729 804 32 22 af
771 804 56 22 dess

277 839 120 30 uppdrag
416 839 164 27 föranledas;
600 840 66 21 samt

347 908 25 29 5)
398 909 38 22 att
456 909 10 22 i
485 909 45 22 och
550 908 40 23 för
605 907 176 30 pädörjandet
799 907 33 22 af

278 943 162 29 utgifningen
465 943 32 22 af
518 949 30 16 en
566 943 106 29 katalog
691 942 70 23 öfver
779 942 50 22 den

278 977 134 23 Antellska
440 977 218 29 myntsamlingen
686 977 31 22 af
742 977 86 22 Dbevill-

279 1012 159 28 ningsmedel
467 1012 40 22 för
531 1011 204 29 treärsperioden
757 1011 74 22 1905

279 1059 22 3 —
315 1046 73 23 1907
415 1046 77 22 anslå
519 1047 33 21 ett
579 1046 87 30 belopp
691 1046 32 22 af
739 1045 90 27 3,000

279 1080 74 23 mark
381 1081 41 22 för
448 1080 38 28 år,
506 1081 94 23 inalles
629 1081 89 26 9,000
746 1080 82 26 mark,

280 1116 38 22 att
336 1115 40 23 för
394 1114 153 24 ändamälet
564 1115 93 23 ställas
671 1115 40 23 till
724 1114 105 30 Delega-

280 1150 98 22 tionens
397 1150 161 29 disposition.

143 1323 37 22 Dä
206 1323 43 22 val
268 1323 26 23 af
312 1324 139 22 ledamöter
470 1323 47 22 och
535 1322 164 29 suppleanter
716 1322 9 22 i
744 1321 87 23 ofvan-

73 1358 110 22 berörda
209 1358 151 29 Delegation
387 1358 67 22 inom
484 1357 112 23 Ständen
622 1356 112 27 anstälts,
752 1355 79 23 hafva

74 1392 108 24 utsedde
200 1392 95 23 blifvit:
