1009 1603
235 71 94 18 Antellska
341 72 134 22 samlingarnas
487 72 74 17 tillväxt
572 72 30 17 och
615 72 50 17 vård.
804 71 21 18 19

146 142 79 22 Sedan
240 142 185 30 Delegationens
439 144 113 28 experter,
564 143 133 29 professorn
709 143 20 23 J.
741 143 21 23 J.
772 143 54 23 Tik-

74 178 79 22 kanen
165 178 43 22 och
219 178 155 23 intendenten
385 178 41 23 Th.
435 175 168 32 Waenerberg,
612 180 9 21 i
629 179 59 22 hvar
697 180 40 21 sitt
746 174 79 27 skrift-

74 213 48 29 liga
137 214 124 22 utlåtande
277 214 183 23 öfverensstämt
477 216 6 20 i
499 214 40 23 det
555 209 108 28 omdöme
679 221 38 16 om
731 214 95 24 samlin-

75 256 57 22 gens
140 250 156 29 rikhaltighet
304 250 43 22 och
355 250 78 28 värde,
443 257 51 16 som
503 250 72 23 ofvan
583 250 147 28 framställts,
738 250 89 23 skedde

74 286 90 22 inlösen
176 285 45 23 den
230 289 27 19 26
267 285 104 23 februari
381 290 56 19 1900
447 286 35 23 för
491 287 34 21 ett
533 287 48 28 pris
591 286 24 23 af
623 286 62 23 Fmk
694 290 87 24 20,000:
791 300 35 14 —,

74 321 73 28 något
164 322 188 28 understigande
371 322 182 29 sammanlagda
570 322 107 29 beloppet
694 322 23 23 af
732 322 94 29 inköps-

74 357 85 29 prisen,
177 363 50 16 som
244 357 75 29 enligt
335 364 98 23 egarens
449 357 95 30 uppgift
554 358 101 29 uppgått
666 358 36 22 till
713 357 114 29 omkring

74 392 71 29 tyska
160 393 63 22 Rmk
241 397 86 23 19,000:
345 407 34 8 —
671 389 2 2 |
757 419 2 2 |

146 428 145 30 Samlingen,
308 435 51 16 som
370 428 49 24 står
429 429 76 23 under
515 429 59 23 vård
585 436 18 16 af
619 429 155 23 intendenten
786 429 41 22 vid

74 464 88 23 Finska
185 464 229 30 Konstföreningen,'
431 465 42 23 har
488 466 128 28 yttermera
631 465 76 23 under
723 465 29 22 de
768 465 59 22 efter

64 500 107 29 "inköpet
193 500 106 29 följande
323 500 56 23 åren
401 501 104 22 förökats
522 501 35 22 för
573 501 178 29 sammanlagdt
765 501 62 22 Fmk

77 540 69 23 1,885:
164 539 29 20 46
209 542 86 23 genom
311 539 90 20 smärre
417 536 78 30 inköp,
513 536 54 23 dem
582 536 245 30 protokollsekretera-

74 570 48 25 ren
131 578 21 16 v.
171 572 80 23 Collan
267 572 104 30 erbjudit
380 573 41 29 sig
433 573 35 22 att
477 572 145 23 fortfarande
633 572 36 23 för
680 572 147 29 samlingens

74 608 103 29 räkning
188 608 138 29 ombesörja.
347 608 44 22 Till
402 608 147 29 samlingens
559 607 115 24 bibliotek
689 615 45 21 har,
747 608 80 22 äfven-

75 643 63 23 ledes
155 650 86 23 genom
258 643 54 23 herr
322 650 21 16 v.
357 643 87 28 Collan,
455 644 83 23 inlösts
549 644 81 29 kejsar
641 644 145 22 Maximilian
797 643 30 23 I:s

74 679 269 30 lefvernesbeskrifning
368 679 67 28 ,Der.
451 679 78 23 Weiss
545 679 93 31 Kunig*
657 679 52 23 med
726 679 100 23 illustra-

85 716 65 22 joner
162 715 24 22 af
197 722 45 16 den
254 715 103 23 bekanta
369 715 147 29 augsburger
527 715 210 30 kopparstickaren
747 715 80 23 Hann-

75 758 42 15 sen
132 751 150 29 Burgkmair,
298 751 110 29 utgifven
428 752 4 21 i
447 751 70 23 Wien
531 754 56 20 1775
599 752 8 21 i
618 751 41 23 tvä
669 751 64 23 band
743 752 8 21 i
762 751 65 30 folio-

86 789 81 26 ormat,
185 787 40 22 det
241 793 45 16 ena
302 787 167 32 innehällande
485 787 81 22 texten
583 787 40 22 det
640 787 74 22 andra
725 787 101 22 illustra-

75 823 116 28 tionerna;
208 818 79 34 priset
297 817 46 28 var
354 823 60 22 Fmk
432 826 49 19 345:
498 836 35 9 —

147 859 45 22 Till
207 859 101 22 konsten
323 859 8 22 i
348 859 104 28 egentlig
468 859 97 28 mening
582 861 25 20 är
620 859 92 29 jämväl
725 859 34 22 att
769 859 57 22 hän-

86 896 51 21 öras
161 894 45 23 den
228 894 131 23 kollektion
383 894 24 23 af
431 895 167 29 medaljong-
619 894 44 23 och
687 895 140 28 miniatyr-

94 932 107 26 orträtt,
218 937 49 15 som
282 931 171 27 Delegationen
464 930 53 22 frän
529 930 78 22 skilda
618 930 48 22 häll
676 930 75 22 under
762 930 66 22 tiden

86 967 24 20 ör
121 966 42 22 sitt
174 965 98 23 mandat
283 965 188 29 sammanbragt.
493 965 77 23 Dessa
580 966 100 29 porträtt
691 968 39 20 äro
742 967 85 21 mesta-

75 1001 49 22 dels
141 1001 93 22 mälade
244 1001 31 29 pä
285 1001 53 22 smä
349 1001 286 32 elfenbensmedaljonger
646 1001 53 22 med
711 1008 50 15 mer
773 1001 55 22 eller

75 1037 91 22 mindre
190 1037 85 29 dyrbar
286 1031 143 35 -infattning,
452 1037 39 22 och
507 1034 41 26 har
565 1037 40 22 det
620 1037 93 28 lyckats
729 1036 98 30 Delega-

85 1073 70 22 ionen
172 1074 35 21 att
223 1073 72 22 bland
311 1079 54 16 dem
381 1073 120 22 förvärfva
518 1073 70 22 äfven
605 1073 100 29 porträtt
721 1073 24 22 af
755 1073 72 22 histo-

74 1109 61 22 riskt
150 1109 145 22 intressanta
311 1115 116 23 personer,
445 1109 142 29 exempelvis
605 1115 24 16 en
633 1108 95 23 dubbel
739 1108 88 23 medal-

78 1145 54 28 jong
155 1144 55 23 med
233 1145 100 28 porträtt
354 1144 24 23 af
393 1144 101 23 skalden
510 1145 119 22 Franzens
657 1144 109 27 föräldrar,
783 1144 44 23 för-

75 1181 51 22 såld
147 1180 24 23 af
193 1180 76 23 lektor
284 1179 123 30 Kiljander
423 1181 6 22 i
447 1180 132 29 Jyväskylä
594 1180 36 28 för
646 1180 61 23 Fmk
723 1183 50 20 200:
792 1193 35 14 —

75 1217 33 22 ett
124 1217 213 28 miniatyrporträtt
353 1215 24 23 af
392 1216 27 23 H.
435 1216 27 23 H.
475 1215 152 30 Gripenberg,
638 1215 100 23 försäldt
749 1215 24 22 af
783 1215 44 23 för-

84 1252 204 29 agsaktiebolaget
304 1251 147 23 Söderström
468 1252 17 22 &
500 1251 35 23 C:i
550 1251 36 23 för
602 1251 61 23 Fmk
679 1255 50 19 210:
747 1265 34 13 —,
799 1258 30 15 en

74 1287 129 23 kollektion
227 1287 24 23 af
275 1287 80 29 dylika
378 1288 101 28 porträtt
498 1294 29 16 ur
543 1287 94 23 släkten
652 1286 114 29 Aminoff,
783 1286 44 23 för-

74 1323 93 29 yttrade
184 1323 24 23 af
223 1323 39 23 fru
277 1323 84 23 Emilie
377 1323 92 23 Tudeer
484 1323 37 23 för
536 1322 62 23 Fmk
613 1326 52 19 400:
680 1336 36 9 —
743 1322 84 23 Medal-

77 1360 154 28 jongporträtt
248 1359 24 22 af
287 1359 93 22 mindre
396 1359 107 22 bekanta
519 1359 56 22 eller
588 1358 119 23 obekanta
717 1365 112 22 personer
