1031 1628
754 53 29 24 19

60 120 149 32 Sjöfarande
227 121 56 24 med
302 123 37 23 ett
357 121 71 24 antal
441 121 32 29 af
507 139 12 6 ..
555 141 4 4 .
622 121 49 25 237
726 121 66 33 (150)

59 155 126 24 Personer
208 158 62 22 utan
291 155 131 33 uppgifvet
441 156 120 24 särskildt
711 173 3 4 -

93 190 64 32 yrke
174 190 57 24 med
249 192 37 22 ett
304 190 71 25 antal
393 190 46 25 af.
475 209 4 5 .
515 210 5 4 .
556 209 4 5 .
597 191 75 29 2,987
701 189 91 34 (1,163)

457 231 104 24 Summa
579 231 93 30 70,420
683 230 109 33 (28,740)

128 275 38 24 De
189 276 80 24 under
293 277 61 24 åren
379 276 170 25 1899-—1903
568 277 131 24 tillkomna
718 277 101 31 delega-

59 318 61 16 rene
146 310 78 24 hafva
252 311 107 23 sålunda
385 311 39 23 till
449 311 94 24 största
567 311 73 24 delen
663 311 107 31 utgjorts
793 311 26 23 af

60 344 69 30 barn,
162 344 163 32 skolungdom
352 345 47 24 och
425 345 38 24 till
491 345 190 25 arbetsklassen
707 345 111 25 hörande

60 386 125 24 personer.

163 475 53 26 IV.
253 476 457 32 Sparmärksförsäljningen.

129 534 38 24 På
185 534 42 24 det
245 536 38 22 att
300 542 91 24 genom
408 534 233 32 postsparbankens
655 534 165 25 ombudsmän

59 568 8 24 1
86 568 100 24 landets
204 568 177 25 läroanstalter
399 569 80 24 måtte
497 569 88 24 kunna
602 570 73 31 göras
687 569 132 32 besparin-

60 610 45 24 gar
122 603 38 24 till
179 603 29 24 så
226 604 55 23 små
298 603 89 32 belopp
407 611 55 17 som
479 603 53 25 fem
548 604 85 32 penni,
647 604 85 24 anhöll
744 603 75 25 Post-

61 637 268 32 sparbanksstyrelsen
355 638 38 23 uti
421 638 40 24 sin
482 638 9 23 i
512 638 107 31 kapitlet
639 638 12 23 I
669 638 151 24 omnämnda

60 672 153 24 hemställan
236 671 27 24 af
281 672 48 24 den
349 672 31 24 12
399 671 142 26 November
563 672 62 25 1901
647 674 44 28 att,
710 672 109 25 förutom

61 706 30 24 de
112 706 8 24 i
138 705 15 33 8
172 707 14 22 3
206 706 26 24 af
249 705 97 33 Nådiga
363 706 180 32 förordningen
562 707 49 24 den
629 707 33 24 24
680 706 50 33 Maj
753 707 65 24 1886

60 740 126 33 påbjudna
204 741 163 31 sparmärken
385 741 16 24 å
418 741 35 24 tio
471 741 84 32 penni,
574 741 27 24 få
616 741 101 24 utfärda
735 741 85 32 dylika

59 775 106 24 märken
182 775 93 32 jemväl
293 775 26 24 af
335 775 52 25 fem
405 775 91 32 pennis
514 775 77 25 valör.
626 775 84 25 Sedan
728 776 92 24 sådant

60 809 114 25 tillstånd
192 809 82 25 blifvit
291 809 334 33 Postsparbanksstyrelsen
637 818 90 24 genom
739 809 80 32 Nådig

60 844 152 31 kungörelse
239 845 48 23 den
314 844 31 24 21
373 844 70 25 Mars
474 844 65 25 1902
566 845 150 29 meddeladt,
740 844 78 25 hafva

62 879 161 31 sparmärken
243 879 15 24 å
275 879 52 24 fem
344 879 78 32 penni
439 879 58 24 från
516 879 47 24 och
580 879 56 24 med
649 879 48 24 den
713 879 29 24 16
756 879 62 32 Sep-

60 913 96 24 tember
176 913 174 32 nyssnämnda
369 914 27 23 år
414 913 182 25 tillsaluhållits
615 914 73 24 såväl
706 914 16 23 å
740 915 78 22 samt-

60 947 50 31 liga
127 948 181 31 postanstalter
327 955 52 17 som
395 948 48 24 hos
455 948 233 32 postsparbankens
702 948 116 24 ombuds-

60 983 59 23 män
138 982 47 24 och
203 982 282 32 sparmärksförsäljare.

128 1016 68 24 Enär
218 1016 42 25 det
283 1016 27 24 af
330 1016 64 25 flere
416 1017 57 24 skäl
491 1024 46 17 var
556 1016 115 32 önskligt,
691 1018 38 23 att
747 1016 72 25 såväl

59 1051 53 24 fem
124 1059 54 16 som
195 1051 34 24 tio
247 1051 90 32 pennis
356 1051 165 32 sparmärken
540 1051 81 24 skulle
638 1051 88 24 kunna
736 1051 82 24 fästas

60 1085 32 32 på
117 1093 97 16 samma
237 1086 115 31 sparkort
374 1086 47 24 och
445 1088 37 22 ett
499 1086 57 24 med
575 1085 162 32 sparmärken
754 1085 65 32 fyldt

59 1120 63 29 kort,
148 1120 139 24 oberoende
309 1120 27 24 af
352 1120 137 25 märkenas
508 1121 79 29 valör,
605 1120 125 32 inrymma
748 1127 71 24 spar-

59 1154 105 24 märken
190 1154 39 24 till
256 1156 36 22 ett
319 1155 185 32 sammanlagdt
529 1155 90 31 belopp
641 1154 26 24 af
690 1162 31 16 en
738 1154 79 30 mark,

60 1188 52 24 blef
137 1189 98 24 formen
261 1189 135 24 förändrad
423 1189 39 24 för
490 1189 73 24 såväl
590 1189 148 31 sparkorten
766 1196 53 17 som

60 1223 181 32 sparmärkena
258 1223 16 24 å
290 1223 35 24 tio
343 1223 84 32 penni,
446 1223 87 25 hvilka
545 1223 158 24 sistnämnda
714 1231 105 22 numera

60 1258 43 23 äro
126 1257 101 25 dubbelt
250 1258 80 24 större
355 1259 32 23 än
411 1258 183 32 sparmärkena
617 1257 26 24 af
659 1257 52 24 fem
728 1257 90 32 pennis

60 1292 76 24 valör.
162 1292 109 24 Medelst
289 1293 166 31 sparmärken
473 1293 16 23 å
506 1292 35 24 tio
559 1292 77 32 penni
651 1291 26 24 af
690 1291 48 24 den
750 1291 68 24 äldre

59 1326 105 30 formen,
194 1326 87 24 hvilka
309 1326 54 24 före
394 1326 159 24 sistnämnda
583 1326 47 32 dag
655 1326 162 29 förvärfvats,

59 1360 87 24 kunna
173 1360 63 24 dock
262 1360 171 32 insättningar
456 1361 10 23 i
483 1360 219 33 postsparbanken
728 1360 90 24 fortfa-

59 1395 79 23 rande
156 1395 79 31 göras.
