1048 1625
459 63 13 23 I
789 63 27 23 19

153 132 36 29 43)
211 133 52 22 Den
283 133 129 22 Ständerna
431 132 119 30 förelagda
564 133 92 29 Nädiga
671 133 174 29 propositionen

85 174 37 15 om
145 168 129 28 antagande
294 168 24 21 af
335 168 39 28 lag
394 168 118 28 angäende
527 176 33 20 ny
574 168 89 28 lydelse
678 167 23 22 af
717 168 26 22 17
760 168 42 21 och
818 168 28 21 18

84 202 105 28 kapitlen
203 202 228 28 Byggningabalken
445 202 70 22 hafva
531 202 129 22 Ständerna
674 202 105 28 godkänt
793 202 53 21 med

84 236 29 21 de
133 236 124 28 ändringar
276 236 64 22 deras
360 236 159 29 underdäniga
534 236 184 22 svarsskrifvelse
734 236 25 22 af
773 236 44 22 den
832 236 13 21 5

84 270 58 22 Juni
157 270 58 22 1900
229 271 93 22 utvisar.
851 270 3 24 E

152 305 13 21 I
183 305 126 29 anledning
323 305 66 22 häraf
410 306 41 21 har
474 305 61 21 Hans
553 301 132 38 Kejserliga
704 305 113 29 Majestät,
836 305 9 21 i

85 339 103 29 enlighet
203 340 52 21 med
272 340 139 22 Ständernas
426 339 180 29 framställning,
623 340 44 21 den
682 340 28 21 23
723 337 51 24 Juli
788 340 56 21 1902

84 373 98 22 stadfäst
193 382 28 14 en
231 374 9 21 i
250 374 265 29 författningssamligen
526 374 128 22 sedermera
664 374 133 28 publicerad
805 374 39 28 lag

82 408 10 21 i
107 410 82 20 ämnet.

152 442 36 28 44)
204 442 76 22 Sedan
301 443 66 22 Hans
389 443 132 29 Kejserliga
540 443 108 29 Majestät
662 442 100 30 förelagt
778 443 66 21 Stän-

85 476 69 22 derna
173 476 77 29 Nädig
268 478 146 27 proposition
434 477 118 29 angäende
567 477 78 22 vidare
658 477 186 29 jernvägsbygg-

83 510 71 22 nader
168 511 9 21 i
191 511 85 29 landet,
300 510 70 24 hafva
389 511 133 29 Ständerna,
538 512 31 28 pä
584 513 46 20 sätt
646 511 138 22 Ständernas
800 511 44 21 den

84 545 13 21 5
112 545 58 22 Juni
192 545 58 22 1900
272 546 95 21 afläina.
378 545 159 29 underdäniga
556 545 121 23 skrifvelse
695 546 94 28 utvisar,
808 545 36 22 för

84 579 36 23 sin
138 579 37 22 del
194 580 104 22 beslutit:
319 583 34 19 att
374 588 28 14 en
416 581 169 28 normalspårig
598 580 98 29 jernväg
712 581 59 21 skall
784 581 60 27 byg-

84 621 41 21 gas
140 614 50 21 från
206 614 89 23 Iisalmi
323 615 26 21 till
364 615 97 28 Kajana,
477 614 196 29 hufvudsakligen
688 615 74 28 enligt
778 615 43 21 den
836 615 9 21 i

83 648 92 29 Nädiga
194 649 175 28 propositionen
383 649 130 28 föreslagna
529 649 174 29 sträckningen;
720 652 33 19 att
769 649 75 22 denna

81 683 98 28 jernväg
204 684 59 21 skall
284 683 88 22 utföras
395 684 109 28 antingen
530 684 73 28 enligt
630 691 86 15 samma
737 683 107 22 tekniska

83 725 109 21 program
208 725 49 14 som
272 719 212 28 Kuopio—lisalmi
498 718 96 29 jernväg
610 719 55 21 eller
679 719 49 28 ock,
740 726 37 14 om
788 718 56 28 stig-

72 752 94 28 -ningar
186 751 25 22 af
224 753 34 21 20:
274 752 58 23 1000
355 753 19 28 ej
390 753 79 21 kunna
483 753 120 28 undvikas,
619 753 53 21 med
687 755 84 26 tyngre
786 753 58 21 räler

84 786 43 21 och
144 786 137 28 lokomotiv;
305 789 34 19 att
358 787 35 21 för
406 787 140 29 jernvägens
561 787 131 29 byggande,
709 795 49 13 som
773 787 71 21 borde

83 820 95 29 vidtaga
197 821 142 22 omedelbart
359 821 56 21 efter
433 821 212 28 Kuopio—lisalmi
662 821 110 28 jernvägs
788 821 56 22 slut-

82 854 102 29 förande,
206 854 36 22 för
264 856 185 28 finansperioden
468 856 144 21 1901—1904
627 856 89 22 anvisas
732 856 52 21 hela
800 855 44 21 den

82 889 129 22 beräknade
228 890 283 28 anläggningskostnaden
526 890 116 28 5,400,000
651 890 73 28 mark;
740 892 35 19 att
782 890 62 28 jorn-

82 926 46 26 väg
143 923 50 22 frän
210 924 119 29 Seinäjoki
343 925 86 21 station
443 924 54 22 med
512 924 145 29 ändpunkter
667 925 9 21 i
686 924 157 22 Kristinestad

83 958 43 22 och
140 959 78 21 Kaskö
235 959 49 21 skall
308 959 91 29 byggas
415 959 44 21 och
472 959 74 22 under
560 959 155 22 innevarande
730 959 114 28 finanspe-

82 992 51 22 riod
154 993 110 29 beläggas
288 994 53 21 med
363 994 85 27 arbete;
473 996 34 19 att
528 993 36 22 för
580 994 74 21 denna
676 994 60 21 bana
758 993 46 21 den
819 994 25 20 är

83 1027 56 21 1899
153 1028 143 28 uppgängna
311 1028 164 28 sträckningen
489 1028 135 28 godkännes
639 1028 53 21 med
707 1027 107 22 afseende
830 1028 12 20 å

81 1060 114 22 bandelen
218 1061 285 30 Seinäjoki-Kauhajoki,
527 1070 53 14 men
605 1064 34 19 att
656 1062 88 22 banans
761 1062 79 21 vidare

82 1096 135 28 sträckning
233 1096 44 21 och
290 1096 253 29 förgreningspunkten
557 1097 88 22 lemnas
660 1097 38 21 till
712 1097 64 21 Hans
787 1096 56 28 Kej-

82 1130 84 29 serliga
186 1130 119 29 Majestäts
329 1131 132 28 afgörande;
484 1133 33 20 att
533 1131 35 22 för
584 1131 74 22 denna
672 1131 60 22 bana
746 1131 53 21 med
815 1138 28 14 en

82 1164 108 29 spårvidd
206 1164 23 22 af
243 1165 43 28 0,75
301 1173 29 14 m.
350 1166 188 21 totalkostnaden
552 1165 112 22 beräknas
680 1166 34 21 till
727 1165 116 29 9,500,000

81 1199 75 28 mark;
180 1201 34 19 att
235 1199 36 22 för
294 1200 44 21 den
362 1200 110 22 händelse
495 1200 65 22 Hans
582 1200 130 29 Kejserliga
735 1199 108 29 Majestät

81 1234 71 22 funne
175 1235 162 22 användandet
359 1235 26 22 af
404 1235 107 22 minskad
534 1235 109 28 spårvidd
664 1235 51 22 icke
732 1235 56 22 böra
802 1235 41 22 vid

82 1269 74 22 denna
179 1270 60 22 bana
260 1269 174 29 ifrägakomma,
459 1270 131 21 densamma
614 1269 58 22 skall
687 1269 87 22 utföras
789 1269 54 22 med

80 1305 90 21 normal
193 1304 115 29 spårvidd,
324 1305 9 20 i
347 1304 90 22 hvilket
455 1303 43 22 fall
512 1303 189 22 totalkostnaden
715 1303 36 22 för
765 1303 77 22 banan

80 1338 123 23 beräknats
218 1339 37 21 till
271 1338 130 29 11,500,000
415 1339 75 27 mark;
507 1341 34 19 att
557 1346 27 14 en
598 1339 169 28 normalspårig
780 1337 62 29 jern-

80 1375 46 26 väg
144 1372 52 23 frän
216 1373 96 28 Nyslott
330 1373 38 22 till
382 1373 150 22 Elisenvaara
548 1373 85 21 station
649 1373 73 28 enligt
736 1372 36 22 för
788 1372 54 23 den-
