1181 1764
114 121 42 37 140
593 122 25 21 II

165 200 6 1 N
662 198 3 2 A
686 197 72 26 mask
776 197 44 27 aa
823 192 12 45 |
849 192 12 45 —
866 197 115 28 Rosultatot
987 196 87 29 utfallit:
1084 196 28 4 |

542 231 70 24 Enligt
621 232 58 17 statg.|
692 219 123 47 PTliSt
776 215 42 55 jr

106 262 18 21 a
152 257 18 34 =
558 260 102 35 förslaget.
849 259 61 24 högre
923 261 25 16 än
962 255 15 39 |
994 259 56 24 lägre
1063 260 25 17 än

100 285 18 23 13
152 293 12 18 IB
732 283 44 18 pen.
845 288 110 18 beräknats.
967 284 14 31 |
988 288 112 19 beräknats:

583 338 34 21 e
639 327 39 43 |]
708 327 15 43 —
740 337 20 21 e
802 327 35 43 ||]
870 327 67 43 EN
946 337 164 22 EG

423 406 108 32 Transport
704 411 120 24 2,256,935]08/
847 411 120 23 2,256,935/08

186 439 196 24 Poliskonstaplarna
393 439 8 18 i
412 439 28 18 S:t
448 439 83 18 Michels

209 469 34 18 län
272 468 150 18 tillkommande
452 467 79 19 bekläd-

209 497 104 23 nadshjelp
326 497 30 18 för
364 497 22 18 är
395 497 43 18 1901
448 496 82 24 (Statsi.)
761 499 61 16 945121
905 498 60 17 945121

186 526 126 18 Ekonomens
324 525 32 18 för
367 520 43 23 Åbo
424 525 108 24 domkyrka

210 554 72 19 arvode
299 554 32 18 för
348 553 54 19 förra
418 553 78 19 hälften
512 553 20 18 af

210 583 21 18 år
244 584 43 17 1901
301 582 82 25 (Statsk).
410 597 5 4 .
435 597 3 3 .
458 596 3 4 .
481 597 3 4 .
504 597 3 4 .
527 597 3 3 +
772 584 52 18 44/60]
916 584 52 17 44/60]

186 612 114 18 Understöd
311 611 33 18 till
356 611 90 18 orkeslös
458 617 74 17 person

208 640 32 18 för
248 640 48 18 ären
302 641 45 17 1900
354 640 37 18 och
398 640 43 18 1901
448 640 83 24 (Fattig-

210 669 37 18 och
259 668 123 24 arbetshusf.).
410 682 5 5 .
434 682 4 4 .
458 682 3 4 .
480 682 4 4 .
504 683 4 3 .
526 683 4 3 «
761 670 62 18 106152]
906 670 62 17 106/52j

185 698 88 18 Remont
285 697 19 18 af
317 697 74 19 Finska
400 698 131 18 statsverkets

209 726 71 24 gårdar
287 727 8 17 i
300 726 29 18 S:t
334 726 122 24 Petersburg
462 726 68 24 (Kom-

208 755 155 23 munikationsf.).
386 769 6 4 .
412 770 3 3 .
434 769 4 4 .
457 770 3 3 .
480 770 4 4 .
503 770 27 4 ..
760 758 63 16 361138
905 757 62 17 361381

254 791 66 17 Summa
332 791 92 21 statsutgift
440 791 44 17 utom
497 792 33 16 stat
681 786 3 28 |
703 786 125 28 2,258,392/79]
847 786 125 29 2,258,392]79]

186 854 76 21 Bidrag
274 853 40 18 och
329 854 156 20 öfverföringar
496 854 34 17 till

209 882 47 18 icke
268 883 146 21 budgeterade
426 882 84 18 fonder.

200 916 65 23 Enligt
276 916 92 18 ordinarie
379 916 136 24 statsförslaget.

266 951 54 18 Frän
332 950 121 24 Statsfonden.

186 986 39 18 Till
238 985 55 18 »Den
306 985 104 18 obesuttna
419 985 111 18 befolknin-

210 1020 48 18 gens
276 1014 111 24 länefond»,
401 1014 32 18 till
450 1014 80 18 förstär-

208 1043 64 18 kande
286 1043 19 18 af
316 1043 84 18 fondens
412 1043 76 24 kapital
503 1058 4 4 .
526 1058 4 3 .|
578 1045 102 23 150,000/-|
722 1045 102 24 150,000/—|

186 1072 39 18 Till
237 1072 202 24 »Utläningsfonden>
455 1072 31 18 för
499 1073 31 17 ut-

208 1101 93 23 gifvande
320 1101 18 18 af
349 1101 35 17 län
395 1101 33 17 till
438 1100 92 18 bildande

209 1129 49 19 eller
279 1129 137 19 förstärkande
437 1128 19 19 af
474 1129 56 18 kom-

208 1158 79 18 munala
299 1158 207 24 odlingslänefonder.
526 1171 4 5 .|
559 1160 121 22 2,000,000(—|
703 1160 119 24 2,000,000|—

185 1227 53 18 Från
249 1227 71 23 Fattig-
329 1226 31 19 och
367 1226 163 24 arbetshusfonden.

185 1262 39 18 Till
236 1262 94 18 »Fonden
341 1261 31 18 för
377 1262 75 18 värden
459 1267 32 12 om
498 1261 33 18 till

208 1291 66 17 arbete
282 1290 124 24 fullkomligt
414 1290 117 24 oförmögna

208 1325 111 18 personer»,
332 1319 68 24 bidrag
412 1334 2 4 .
434 1334 4 3 .
457 1334 3 3 .
480 1334 4 3 .
502 1334 4 3 .
526 1334 3 3 .
588 1321 92 22 70,000—]
732 1321 92 23 70,000|—|

185 1348 40 18 Till
234 1348 92 18 »Fonden
333 1348 32 18 för
372 1348 92 19 värnlösa
472 1348 58 19 barns

208 1378 65 23 värde,
284 1377 69 24 bidrag
365 1391 3 4 .
388 1391 4 4 .
411 1391 3 4 .
434 1391 4 4 .
457 1391 73 4 sco
589 1378 91 22 31,000—|
705 1366 17 39 —
732 1378 92 22 31,000/—

420 1411 109 24 Transport
536 1402 10 38 |
557 1407 128 29 2,251,000]—]
703 1406 125 29 2,251,000—|
968 1407 4 29 ]

587 1469 25 20 23
