1050 1625
227 66 31 21 36
576 66 12 21 I

200 141 175 22 stadskommun
398 142 55 20 eller
474 140 37 22 för
534 141 130 21 ändamålet
682 142 81 21 bildad
780 141 108 29 förening
904 142 59 22 skall

199 174 38 23 för
251 175 203 29 upprätthållande
470 175 23 21 af
508 176 57 21 real-
579 176 55 21 eller
648 176 163 28 borgareskola
826 176 53 21 med
894 175 68 22 afslu-

200 210 55 29 tade
278 210 203 21 elementarkurser
503 218 28 13 ur
551 210 115 22 allmänna
685 210 76 22 medel
780 210 97 28 beviljas
893 210 70 28 årligt

200 244 125 22 understöd
352 244 26 21 af
398 244 67 28 4,000
488 244 66 22 mark
575 244 36 22 för
632 244 81 28 hvarje
734 245 61 21 klass
819 245 55 21 eller
893 244 70 28 högst

200 278 81 28 20,000
295 278 71 28 mark,
381 278 73 22 under
469 278 114 22 förbebåll
597 280 35 20 att
647 279 138 22 elevantalet
798 279 91 28 uppgår
898 279 9 20 i
917 285 45 14 me-

201 313 72 21 deltal
287 313 38 21 till
339 313 72 21 minst
426 313 27 21 12
468 314 31 27 på
513 313 62 22 klass
591 315 60 20 samt
664 313 53 21 med
733 313 28 22 de
770 313 85 22 villkor
865 313 9 21 i
885 312 77 29 öfrigt,

201 355 51 14 som
266 347 9 22 i
289 347 80 28 hvarje
388 347 109 22 särskildt
514 347 43 22 fall
571 347 79 22 kunna
665 347 25 22 af
704 347 99 22 Senaten
817 347 145 22 bestämmas.

270 382 111 21 Deremot
396 381 42 22 har
453 381 64 22 Hans
532 381 132 29 Kejserliga
679 381 108 29 Majestät
799 382 86 21 lemnat
897 381 65 22 Stän-

203 416 82 21 dernas
299 415 145 22 förestående
459 416 108 21 anhållan
582 416 9 21 i
606 415 72 29 öfrigt
692 418 56 19 utan
764 415 112 22 afseende.

273 450 34 27 14)
331 450 76 21 Sedan
430 450 128 21 Ständerna
579 450 36 21 uti
637 449 143 29 underdänig
801 449 120 23 skrifvelse
940 449 24 22 af

202 485 45 20 den
270 484 28 21 25
320 484 46 29 Maj
391 484 56 22 1900
473 485 97 20 amhällit
592 486 35 19 att
648 485 40 20 län
707 484 23 21 af
747 485 133 21 statsmedel
895 483 69 23 äfven

201 519 117 28 framgent
339 519 72 21 måtte
430 518 36 22 för
485 518 109 22 bildande
617 519 55 21 eller
686 518 159 22 förstärkande
861 518 31 22 af.
906 519 56 21 kom-

201 554 94 21 munala
314 553 174 29 odlinesfonder
502 554 9 20 i
526 554 53 20 män
595 552 26 22 af
632 553 103 28 verkligt
749 552 71 23 behof
835 553 43 21 och
892 554 30 27 pä
938 554 24 20 sä

201 588 83 28 billiga
305 588 77 21 vilkor
404 595 50 14 som
475 587 93 29 möjligt
589 587 98 29 beviljas
708 587 27 22 de
754 587 207 27 landskommuner,

203 630 50 14 som
269 622 77 21 derom
360 622 99 28 anhålla,
474 622 42 21 har
529 622 66 21 Hans
610 621 131 29 Kejserliga
755 621 108 29 Majestät
879 622 44 21 den
933 622 27 20 17

202 656 52 22 Juli
270 656 55 21 1902
340 656 9 22 i
364 656 76 22 Näder
454 656 76 21 täckts
545 655 82 22 bifalla
642 656 83 28 dertill,
741 658 34 19 att
794 657 33 20 ett
841 656 84 28 belopp
940 655 25 21 af

203 690 60 22 ända
285 690 37 21 till
345 690 116 28 2,000,000
479 690 66 21 mark
563 698 28 13 ur
609 690 116 21 allmänna
741 690 133 21 statsmedel
889 689 73 22 öfver-

202 724 61 22 iöres
290 724 38 22 till
352 724 207 28 utläningsfonden
585 723 36 22 för
646 726 34 19 att
703 725 75 21 såsom
800 724 39 21 län
861 724 102 28 utgifvas

201 759 39 21 till
259 758 109 22 bildande
391 759 54 21 eller
467 758 160 22 förstärkande
650 758 23 22 af
694 758 148 22 kommunala
862 758 101 28 odlings-

201 792 87 27 fonder
307 794 24 19 åt
354 793 27 20 de
402 792 209 28 landskommuner,
631 799 50 14 som
701 796 38 18 äro
754 793 10 20 i
779 792 101 28 verkligt
894 792 72 22 behof

202 827 26 21 af
242 821 83 34 dylika
335 827 86 22 fonder.

272 861 13 22 I
308 861 103 28 enlighet
438 861 89 22 härmed
544 861 42 21 har
605 861 77 28 Nådig
701 860 136 29 förordning
859 861 9 20 i
888 862 76 19 ämnet

203 895 45 22 den
263 897 13 20 7
293 895 101 22 Oktober
410 895 57 22 1902
481 895 81 22 blifvit
580 895 107 22 utfärdad
703 895 43 22 och
761 895 39 21 det
815 895 96 21 sålunda
924 895 39 21 be-

201 930 86 29 viljade
319 931 93 27 beloppet
427 930 98 21 emellan
540 930 29 21 de
585 930 61 21 olika
660 930 70 21 länen
745 929 120 22 fördeladt.

272 965 35 27 15)
329 965 43 22 Uti
393 964 144 29 underdånig
558 964 119 22 skrifvelse
697 964 26 21 af
740 964 45 21 den
802 963 29 22 28
845 963 46 29 Maj
908 963 56 22 1900

201 999 70 22 hafva
286 999 129 22 Ständerna
430 999 98 21 anhållit
543 1001 34 19 att
592 998 23 22 af
630 998 133 22 statsmedel
775 998 38 21 till
822 997 141 22 hästafvelns

203 1033 156 29 befrämjande
376 1033 127 28 beviljades
522 1033 72 22 minst
612 1033 93 28 100,000
719 1033 66 21 mark
800 1033 89 28 årligen
903 1031 60 23 utöf-

201 1075 41 15 ver
256 1075 33 15 nu
315 1071 24 18 för
355 1067 62 22 detta
433 1067 107 22 ändamål
550 1067 111 29 anslagna
670 1067 81 22 medel.
773 1067 47 21 Det
831 1066 22 22 af
864 1066 99 22 Senaten

201 1102 135 22 utarbetade
358 1102 87 28 förslag
467 1102 43 28 till
525 1102 137 28 förordning
676 1103 9 20 i
701 1104 78 19 ämnet
795 1101 42 21 bar
853 1102 45 20 den
911 1101 52 25 8/12

201 1136 113 22 Februari
329 1136 57 22 1903
401 1137 84 21 vunnit
499 1136 77 29 Nådig
591 1136 150 22 stadfästelse.
801 1160 2 2 N

272 1171 35 27 16)
329 1171 43 22 Uti
394 1171 144 28 underdänig
557 1170 121 22 skrifvelse
698 1170 25 22 af
739 1171 45 21 den
802 1171 27 21 31
845 1170 44 29 maj
908 1170 56 22 1900

201 1206 72 21 hafva
288 1206 129 21 Ständerna
433 1206 97 21 anhållit
548 1206 39 21 det
600 1206 88 21 täcktes
699 1206 65 21 Hans
775 1205 131 29 Kejserliga
915 1206 48 20 Ma-

199 1240 72 29 jestät
280 1240 48 21 låta
338 1234 140 28 underkasta
487 1240 109 28 gällande
606 1240 149 28 lagstiftning
767 1240 118 28 angående
896 1239 68 22 oäkta

201 1275 70 21 barns
290 1274 220 22 rättsförhållanden
524 1275 107 28 revision,
649 1274 120 29 åsyftande
784 1274 141 28 förbättring
941 1273 22 22 af

203 1311 86 21 sådana
311 1310 69 22 barns
402 1311 107 28 rättsliga
531 1311 119 28 ställning,
674 1313 59 19 samt
753 1310 78 21 derom
845 1308 119 28 förelägga

201 1345 268 21 nästsammanträdande
485 1345 98 21 Ständer
595 1345 77 28 Nädig
682 1344 153 29 proposition;
847 1344 53 20 derä
909 1342 55 28 Kej-

202 1379 85 28 serliga
309 1378 106 29 Senaten,
439 1386 48 15 som
511 1378 114 23 anbefalts
648 1381 34 19 att
702 1381 106 26 uppgöra
822 1377 89 28 förslag
926 1376 37 21 till
