1023 1614
190 57 14 20 2
396 57 27 23 U.
439 57 27 22 B.
485 70 24 3 —
525 57 226 29 Postsparbanken.

190 127 66 30 följd
282 127 26 23 af
326 127 74 23 dessa
419 128 42 22 års
479 128 9 22 i
507 127 49 23 alla
581 128 139 23 afseenden
739 128 28 23 sä
786 128 99 29 tryckta
903 129 51 22 för-

190 162 146 23 hällanden.
366 162 146 23 Emellertid
534 169 105 16 varsnas
660 163 96 29 jämväl
774 163 82 22 under
875 163 78 23 dessa

191 197 29 22 är
246 203 31 16 en
302 197 101 22 fortsatt
427 197 106 28 gradvis
558 197 111 23 skeende
694 197 116 30 stegring
832 197 9 22 i
864 198 91 22 insätt-

189 231 142 29 ningarnas
362 231 74 27 antal,
463 231 143 29 hvarjämte
635 232 76 22 äfven
737 238 31 16 en
793 232 97 29 ökning
914 233 38 22 uti

189 265 219 30 insättningarnas
448 266 193 29 sammanlagda
681 267 94 28 belopp
812 267 48 21 har
892 267 60 22 fort-

189 300 64 29 gått,
286 300 84 22 såsom
398 300 24 22 af
454 300 49 22 den
534 307 19 16 s.
583 300 33 23 10
642 301 9 22 i
678 301 141 22 relationen
845 301 106 29 intagna

189 334 111 23 tabellen
319 335 117 22 närmare
454 335 133 22 inhämtas.
619 335 161 23 Sistanförda
798 336 153 29 omständig-

186 368 76 25 heter:
286 369 71 29 gifva
382 369 87 22 därför
493 369 84 29 grund
595 369 40 22 för
654 369 50 23 den
722 369 174 30 förhoppning
915 371 38 22 att

188 403 240 29 Postsparbankens
452 403 147 30 utveckling
630 405 61 22 utan
727 404 128 29 störingar
886 404 66 23 skall

188 437 90 23 kunna
295 437 147 28 fortskrida,
463 438 90 23 såvida
573 439 91 29 stadga
683 439 47 22 och
748 439 63 28 lugn
828 439 7 21 i
849 439 103 23 landets

164 496 2 2 .
187 472 182 23 förhållanden
387 473 82 22 under
487 473 152 22 kommande
659 473 29 22 år
705 473 41 22 får
765 473 49 28 äga
832 479 64 16 rum.

260 507 90 29 Någon
370 508 81 21 större
470 507 131 29 betydelse
619 507 48 22 har
686 508 115 22 däremot
814 508 68 21 ännu
894 508 55 22 icke

186 541 187 29 försäljningen
398 541 26 22 af
442 542 167 28 sparmärken
628 542 105 27 erhållit,
753 541 105 23 oaktadt
876 542 49 22 den
941 543 9 21 i

186 575 95 29 början
306 575 26 24 af
357 576 27 21 år
410 575 67 23 1902
503 576 124 29 vidtagna
651 576 127 30 åtgärden
798 577 34 21 att
850 576 40 22 för
908 577 42 22 be-

187 610 151 22 fordrandet
364 610 24 22 af
412 611 84 22 denna
520 611 95 22 rörelse
634 611 194 22 tillhandahålla
847 611 103 22 allmän-

186 644 78 23 heten
282 645 69 22 utom
370 645 166 28 sparmärken
555 645 14 22 å
590 645 32 23 10
640 645 78 29 penni
736 645 96 29 jämväl
850 645 100 22 sådana

188 679 26 22 af
233 679 15 22 5
268 679 90 28 pennis
377 679 79 22 valör.

258 713 49 23 Vid
326 713 90 29 början
437 713 25 23 af
479 714 28 22 år
522 713 68 23 1899
604 714 119 29 utgjorde
735 714 215 28 postsparbanks-

185 747 127 23 kontoren
340 748 36 22 till
403 748 94 23 antalet
522 748 57 27 448,
605 749 46 22 och
670 755 69 20 voro,
764 748 80 22 sedan
864 749 85 22 under

186 782 84 29 sagda
296 782 27 22 år
347 783 54 22 icke
420 783 98 22 mindre
537 783 33 22 än
591 783 50 22 103
660 789 51 23 nya
731 783 92 22 kontor
842 783 106 22 tillkom-

184 817 53 26 mit,
261 816 43 23 vid
330 817 65 22 årets
419 817 99 29 utgång
543 817 58 27 550,
628 817 78 30 enligt
730 817 70 22 hvad
819 817 133 23 Utskottet.

171 851 94 22 -redan
294 851 43 22 vid
364 852 100 22 senaste
491 851 125 30 landtdag
644 851 134 23 meddelat.
813 851 132 23 Kontoren

176 885 92 29 hafva
289 886 81 22 under
394 886 32 22 de
445 886 112 29 följande
577 886 68 27 åren,
666 886 37 23 till
720 885 133 30 utgången
872 886 26 22 af
917 887 31 22 år

179 920 85 29 '1903,
284 920 72 23 ökats
375 920 36 23 till
430 921 60 22 674.
521 921 58 22 Med
598 921 109 22 särskild
727 919 221 24 tillfredsställelse

183 955 49 22 har
244 954 127 23 Utskottet
382 955 54 29 lagt
448 955 88 22 märke
549 955 37 22 till
598 955 348 29 Postsparbanksstyrelsens

183 989 180 22 bemödanden
389 991 35 21 att
449 989 43 23 vid
517 989 114 23 fabriker
650 990 45 22 och
716 989 14 22 å
751 990 80 22 större
851 989 97 23 arbets-

182 1024 98 28 platser
300 1024 116 22 anskaffa
436 1024 175 26 ombudsmän,
631 1031 92 22 genom
743 1023 87 23 hvilka
848 1024 99 22 arbeta-

182 1065 76 16 renes
271 1058 175 29 besparingar,
457 1059 89 22 hvilka
560 1059 13 22 å
582 1059 93 28 dylika
685 1059 69 22 orter
764 1058 78 22 hittils
853 1058 28 22 så
892 1059 53 22 ofta

182 1093 56 28 gått
249 1093 36 22 till
295 1093 79 28 spillo,
384 1093 98 22 kunnat
492 1093 33 29 på
535 1093 63 22 flere
608 1093 52 22 håll
670 1093 57 22 med
737 1093 137 28 framgång
883 1093 63 28 hop-

181 1127 107 29 bringas
302 1127 45 22 och
360 1127 117 22 bevaras.
498 1127 113 23 Oaktadt
624 1127 165 30 svårigheten
802 1128 36 21 att
848 1127 98 22 erhålla

180 1161 123 30 lämpliga
336 1161 92 23 ombud
458 1162 33 28 pä
519 1162 168 22 nästberörda
715 1161 231 23 värksamhetsom-

180 1196 72 27 råde,
272 1196 103 22 hvilken
395 1196 75 26 äfven
489 1197 8 22 i
509 1197 140 22 relationen
664 1196 116 29 antydes,
794 1196 72 22 torde
879 1196 64 22 dock

180 1230 89 23 kunna
288 1231 112 22 emotses
409 1231 36 22 att
456 1231 334 28 Postsparbanksstyrelsen
803 1237 90 22 genom
908 1232 37 21 att

180 1265 132 29 energiskt
330 1265 83 29 fortgå
432 1265 33 28 på
485 1265 49 22 den
547 1265 118 29 inslagna
679 1266 85 28 vägen
778 1265 64 22 skall
854 1265 90 28 lyckas

178 1293 122 28 utveckla
336 1299 83 23 denna
450 1299 40 23 del
516 1299 25 22 af
565 1299 241 29 Postsparbankens
832 1299 109 29 uppgift,

178 1333 107 23 hvilken
304 1334 119 22 särckildt
442 1334 14 22 å
470 1334 124 29 tillfälliga
608 1335 80 22 större
703 1334 181 28 arbetsplatser
897 1334 46 22 vid

178 1368 67 23 tider
271 1368 25 22 af
320 1368 82 23 bättre
433 1368 206 29 arbetsförtjänst
663 1375 62 16 vore
752 1368 26 22 af
802 1368 140 29 betydelse.

249 1411 163 19 Statsutskottets
426 1412 121 18 betänkande
560 1412 39 18 N:o
611 1413 18 16 2.
