1028 1620
367 75 30 22 U.
413 75 28 22 B.
456 87 30 4 —
500 74 29 23 II.
797 74 27 22 93

63 144 102 27 banorna,
188 145 109 20 hvaremot
318 144 22 21 af
362 144 102 27 anslagen
487 143 35 22 för
545 135 218 36 Uleåborg—Torneå
786 144 39 21 och

64 179 227 27 Helsingfors—Karis
313 178 96 21 banorna
430 180 56 19 samt
503 178 21 21 af
539 178 128 27 statsbidrag
682 178 32 21 till
729 178 97 21 enskilda

62 213 115 27 järnvägar
200 213 39 21 och
256 213 33 21 för
305 213 161 27 undersökning
481 212 21 21 af
516 213 163 26 järnvägslinjer
694 213 68 27 utgått
777 213 48 27 9

66 248 97 26 882,317:
179 247 27 21 14
226 247 83 22 mindre
332 249 27 19 än
383 247 119 21 beräknats.
532 247 42 21 För
595 247 26 20 de
645 247 180 28 omkastningar
815 243 15 36 i

66 282 113 27 budgeten,
202 288 45 15 som
269 282 105 27 uppstodo
397 287 78 22 genom
494 281 168 28 järnvägslänets
678 281 147 28 uppläggande

67 317 62 26 1898,
137 316 113 27 redogöres
264 316 7 20 i
286 316 124 25 relationen,
426 315 32 21 till
473 315 86 22 hvilken
576 315 109 22 Utskottet
700 316 8 20 i
723 315 57 22 detta
795 315 31 21 af-

65 350 80 21 seende
160 350 32 21 fär
206 350 93 21 hänvisa.

140 384 169 21 Vidkommande
325 384 107 27 budgeten
448 384 33 21 för
495 383 172 28 finansperioden
685 384 142 21 1901-—1904

67 419 38 21 har
127 419 108 21 Utskottet
254 419 38 20 här
307 418 69 27 ofvan,
392 418 38 21 sid.
447 418 33 26 76,
497 418 65 21 redan
577 418 72 21 berört
664 418 41 21 den
720 418 8 20 i
742 418 84 21 relatio-

67 459 48 21 nen,
137 453 37 21 sid.
198 453 32 25 79,
253 452 85 28 angifna
362 452 127 21 differensen
511 452 8 20 i
539 452 106 28 ingående
669 452 157 27 behållningen.

67 483 71 25 Äfven
159 487 25 21 de
206 486 128 26 differenser,
354 493 47 14 som
423 486 135 22 föranleddes
582 486 22 21 af
618 486 115 22 skilnaden
748 486 78 22 mellan

67 521 108 21 beräknad
198 521 40 21 och
262 521 88 21 faktiskt
370 521 91 21 utfallen
485 521 116 21 nettovinst
622 520 48 22 frän
693 522 134 26 statsjärnvä-

68 562 65 21 garna
157 555 87 21 äfvensä
262 555 157 28 gestaltningen
439 555 21 21 af
482 555 25 21 de
525 555 122 21 beräknade
666 556 40 20 och
727 556 48 20 dei
791 553 37 23 an-

69 590 63 28 språk
147 591 63 26 tagna
225 590 99 27 anslagen
340 589 33 22 för
388 589 155 28 nybyggnader
558 591 40 20 och
608 590 33 21 för
651 590 65 27 rörlig
726 590 101 26 materiel,

68 625 64 20 hafva
154 625 21 20 af
197 624 107 21 Utskottet
323 624 70 26 blifvit
409 624 94 21 berörda.
532 617 87 28 Äterstä
638 625 82 20 således
741 625 26 20 de
785 631 43 20 nya

68 659 251 27 järnvägsbyggnaderna
338 660 56 19 samt
410 658 91 21 fondens
515 658 208 28 finansoperationer.

140 693 29 21 På
184 693 53 21 sidd.
253 693 25 21 76
295 699 17 14 0.
325 693 25 21 77
362 693 6 20 i
379 693 118 21 relationen
508 693 97 28 angifvas
616 693 26 21 de
655 693 173 28 skiljaktigheter,

70 727 73 22 hvilka
159 727 92 28 uppstått
266 727 65 28 däraf,
342 729 30 20 att
387 728 41 21 den
445 727 21 21 af
481 727 119 21 Ständerna
614 727 118 28 uppgjorda
747 727 81 28 budge-

70 764 37 19 ten
130 762 33 21 för
182 762 275 21 kommunikationsfonden
475 761 69 22 under
557 761 172 28 finansperioden
745 762 83 21 1901—

71 797 57 20 1904
149 797 48 20 icke
218 796 44 21 blef
282 796 6 20 i
312 796 137 21 oförändradt
471 796 59 21 skick
554 796 21 20 af
595 796 27 20 H.
643 796 26 21 K.
683 796 28 20 M.
727 796 101 21 faststäld.

70 830 77 22 Denna
169 830 78 28 åtgärd,
270 837 45 14 som
338 830 149 22 erfarenheten
502 836 38 22 ger
554 832 41 19 rätt
610 832 30 19 att
656 830 89 28 beklaga
760 830 69 21 såsom

70 865 48 20 icke
133 864 50 21 med
197 864 83 22 landets
295 865 69 21 fördel
378 864 233 22 öfverensstämmande
628 865 39 21 och
683 864 110 21 föranledd
809 864 21 21 af

71 899 34 21 för
121 898 127 22 detsammas
263 900 34 20 väl
311 899 133 21 främmande
460 898 123 28 inflytelser,
599 899 95 21 medföra
709 906 25 14 en
751 899 79 21 minsk-

53 950 2 2 .
71 934 54 26 ning
138 933 27 27 på
180 933 133 27 utgiftssidan
327 934 22 20 af
359 940 16 14 c.
387 934 25 20 12
425 933 51 27 milj.
487 933 66 25 mark,
572 940 46 14 som
633 933 92 27 uppstod
741 933 89 21 sålunda

72 969 31 19 att
118 966 41 22 alla
175 968 73 26 anslag
267 968 33 20 för
315 967 116 21 understöd
448 967 21 21 åt
483 968 81 27 privata
580 967 71 26 banor,
667 968 34 20 för
719 967 111 27 byggande

72 1002 23 20 af
117 1001 389 27 Seinäjoki-Kaskö—Kristinestads
525 1002 40 20 och
579 997 158 36 Elisenvaara—
747 997 85 36 Nyslott

73 1036 95 21 banorna
190 1036 108 28 uteslötos,
320 1036 77 22 medan
417 1036 34 21 för
465 1036 266 27 Iisalmi--Kajanabanan
747 1035 84 28 anslogs

73 1070 76 21 endast
171 1070 108 27 1,600,000
300 1071 66 21 mark.
396 1070 76 22 Under
485 1070 184 28 finansperiodens
680 1070 99 28 fortgäng
793 1070 39 21 har

73 1104 38 21 det
125 1104 65 21 likväl
205 1104 54 22 visat
274 1105 32 27 sig
320 1105 75 27 nödigt
409 1106 93 26 upptaga
517 1104 128 21 Ständernas
663 1104 69 22 beslut
741 1104 90 21 rörande

72 1138 194 28 Tisalmi—Kajana
285 1140 39 20 och
339 1134 161 37 Elisenvaara—
506 1134 93 37 Nyslott
608 1138 100 22 banorna.
737 1138 52 21 Men
805 1144 26 16 en

73 1172 54 28 följd
151 1173 20 21 af
191 1173 61 21 dessa
271 1174 156 26 uteslutningar
448 1173 40 21 och
507 1179 26 15 en
554 1179 75 15 senare
649 1173 68 21 delvis
731 1172 100 28 ätergäng

74 1207 33 20 till
122 1206 128 22 Ständernas
264 1207 81 28 budget
360 1214 43 21 var,
414 1208 34 20 att
464 1208 36 20 det
514 1208 21 20 af
546 1207 118 21 Ständerna
675 1207 57 28 gifna
743 1207 89 27 bemyn-

73 1241 102 27 digandet
196 1243 29 19 att
243 1243 92 26 upptaga
350 1243 30 20 ett
395 1241 35 22 län
446 1242 22 20 af
482 1241 56 21 ända
552 1241 33 21 till
600 1242 27 20 35
643 1241 52 28 milj.
710 1241 57 21 mark
785 1241 47 22 icke

75 1275 134 28 begagnades
229 1275 27 28 pä
274 1276 88 28 engång,
377 1277 53 20 utan
446 1275 120 29 splittrades
581 1275 58 22 lånet
653 1275 8 21 i
675 1277 79 20 tvenne
770 1275 62 21 emis-

75 1310 76 21 sioner.
180 1310 78 21 Härtill
273 1310 141 22 återkommer
429 1310 160 22 Statsutskottet
605 1311 3 20 i
620 1311 153 26 sammanhang
784 1310 49 21 med

75 1344 158 28 behandlingen
248 1345 22 20 af
284 1345 119 21 relationen
418 1345 110 27 angäende
544 1344 151 22 statsskulden.
705 1357 29 3 —
743 1344 91 21 Utöfver

75 1384 30 15 nu
121 1378 89 22 berörda
224 1380 74 27 anslag
312 1380 64 20 hafva
383 1379 91 21 fondens
481 1379 114 28 tillgängar
603 1379 81 28 tagits
678 1374 13 37 i
699 1378 90 28 anspräk
799 1378 35 22 för

145 1424 144 19 Statsutskotteis
302 1424 112 19 betänkande
425 1424 38 18 N:o
476 1425 18 17 4.
