1028 1617
371 68 25 23 U.
420 64 35 37 B.
471 81 16 3 —
503 68 30 22 I.
801 70 26 20 47

278 137 45 28 liga
346 137 40 21 och
406 136 123 29 väsentliga
549 136 115 29 uppgifter
678 136 88 22 sådana
780 138 25 20 de
819 138 11 20 i

274 171 104 28 gällande
394 171 63 28 lagar
471 171 40 21 och
525 171 165 28 författningar
704 172 40 21 äro
758 173 71 20 utsta-

277 205 53 21 kade
344 207 60 19 samt
416 204 32 29 af
454 205 103 22 normala
564 205 158 28 förkållanden
731 205 99 28 betingas

276 239 40 22 och
336 240 30 21 då
389 239 183 30 befattningarna
594 239 38 22 vid
647 240 183 28 länestyrelserna

280 274 48 21 åter
342 275 69 21 varda
426 274 146 28 anförtrodda
586 273 25 22 åt
617 281 106 21 personer
729 275 50 20 med
786 275 44 27 lag-

280 309 58 27 enlig
361 309 124 28 kompetens
507 308 40 22 och
568 308 11 21 i
600 308 69 28 öfrigt
688 308 142 28 erforderliga

279 343 185 28 kvalifikationer,
486 343 61 21 skola
571 344 84 20 statens
679 343 93 28 utgifter
796 343 36 27 för

279 377 73 22 denna
366 377 141 28 förvaltning
521 377 78 21 kunna
613 377 104 28 betydligt
727 376 104 22 nedbrin-

278 418 40 21 gas
333 411 55 28 från
402 411 36 22 det
452 411 76 28 belopp
539 411 92 21 hvartill
640 411 114 22 desamma
763 411 68 22 sedan

280 445 27 22 är
321 446 63 21 1900
399 445 75 28 blifvit
488 445 103 28 stegrade.

350 504 22 20 5.
398 502 130 22 Enohanda
535 503 94 21 resultat
634 503 10 20 i
651 503 117 28 finansielt
775 503 55 21 hän-

279 537 76 21 seende
373 537 60 22 torde
447 537 10 21 i
472 544 26 15 en
509 537 166 28 jämförelsevis
690 539 64 19 ännu
768 537 64 28 högre

279 572 57 28 grad
357 572 78 21 kunna
455 571 66 22 ernäs
542 572 51 21 med
607 571 91 29 hänsigt
712 572 36 21 till
758 571 72 28 polis-

279 606 107 26 väsendet,
409 606 73 21 därest
502 606 36 21 det
551 606 98 28 verkliga
662 606 98 28 behofvet
774 608 59 26 tages

279 640 37 21 till
332 640 115 22 måttstock
460 640 37 28 för
512 647 28 14 en
553 640 99 22 revision
667 640 30 28 af
700 640 25 22 de
732 640 102 28 åtgärder

279 681 79 21 genom
374 674 81 28 hvilka,
471 675 71 21 under
555 675 26 21 de
595 676 86 20 senaste
694 674 60 28 ären,
764 674 69 28 polis-

280 708 156 29 inrättningar
451 709 45 21 dels
511 708 75 28 blifvit
601 709 145 28 öfverhöfvan
760 708 74 22 utvid-

280 743 55 28 gade
350 743 46 21 dels
411 743 131 29 tillskapade
553 743 34 29 pä
597 745 63 25 orter,
670 743 41 21 där
719 743 115 27 ordnings-

282 777 100 22 maktens
410 777 134 29 åligganden
568 778 78 21 kunna
669 777 165 29 upprätthållas

282 812 50 21 med
361 812 88 21 enklare
479 812 154 28 organisation
652 812 40 21 och
716 811 118 28 fåtaligare

280 846 111 28 personal,
406 847 31 29 ä
452 846 69 28 enligt
535 846 26 21 de
575 853 47 21 nya
632 846 203 27 bestämningarna.

283 892 27 4 —
325 880 17 21 I
354 880 111 22 samband
479 880 92 22 härmed
585 880 106 28 åberopas
699 880 136 22 Ständernas

282 914 111 22 särskilda
413 914 134 22 hemställan
561 914 114 28 angående
689 914 145 28 upphäfvan-

283 949 37 21 det
343 949 29 27 af
393 949 43 21 den
460 949 83 28 afdelta
569 949 67 28 ryska
648 948 188 29 gendarmkärens

283 983 217 28 tjänsteverksamhet
525 984 10 21 i
563 983 107 25 Finland,
693 983 143 28 hvarigenom

282 1018 31 20 ett
327 1017 79 28 anslag
423 1017 29 28 af
462 1017 85 22 inemot
563 1018 104 26 660,000
686 1017 64 21 mark
766 1017 70 21 skulle

284 1051 54 28 från
354 1051 86 22 landets
455 1052 79 28 budget
549 1051 110 28 bortfalla.

356 1103 18 20 6.
408 1103 85 21 Genom
515 1102 106 28 stiftande
644 1102 28 28 af
687 1101 149 29 tryckfrihets-

284 1137 36 28 lag
342 1137 69 21 skulle
430 1137 102 28 omkring
548 1138 102 27 160,000
665 1137 64 21 mark
743 1136 93 28 årligen,

284 1178 48 15 som
355 1178 35 14 nu
410 1171 97 28 utgifves
529 1171 36 28 för
587 1178 113 20 censuren,
716 1170 71 29 blifva
802 1171 36 21 till

282 1205 119 28 gagneliga
414 1206 108 21 ändamål
539 1205 131 28 disponibla.

290 1281 112 21 Nionde
415 1281 205 26 hufvudtiteln.

357 1338 18 20 7.
398 1337 52 22 Med
463 1337 102 28 afseende
574 1337 15 22 å
597 1338 24 21 de
629 1337 100 28 ständigt
738 1337 100 22 växande

285 1371 54 28 kraf
359 1378 48 15 som
426 1372 132 21 hithörande
573 1371 185 22 kulturändamål
770 1371 68 22 ställa

143 1416 148 18 Staisutskottets
304 1416 113 18 betänkande
429 1416 39 18 N:o
480 1417 17 18 4.
