1028 1617
381 61 30 26 U.
428 62 27 21 B.
471 74 26 2 —
513 61 29 21 IL
817 62 33 20 67

152 131 41 21 För
211 130 58 28 öfrig
289 131 109 27 egendom,
413 137 46 14 som
475 130 22 21 af
514 130 26 21 de
555 130 69 21 finska
640 130 210 27 armöbataljonerna'

83 165 33 21 till
139 165 41 21 den
202 171 15 15 s.
233 165 20 21 k.
269 164 120 22 finländska
411 164 237 28 skarpskyttebrigaden
669 164 175 26 öfverlemnades,

84 199 120 22 faststäldes
225 200 53 20 efter
300 199 106 21 verkstäld
428 199 36 27 låg
486 198 119 28 värdering,
628 200 30 20 ett
680 198 43 28 pris
742 199 44 21 af
777 194 12 36 i
808 198 37 22 allt

84 233 54 22 Fmk
154 234 117 26 1,728,096:
287 234 13 20 8
316 234 29 26 (se
364 233 75 21 Militie
459 233 162 27 expeditionens
632 233 112 21 berättelse
755 234 38 20 sid.
803 234 41 26 44),

85 268 21 21 af
120 268 86 21 hvilken
233 274 83 14 summa
331 267 41 21 den
389 268 26 20 20
431 267 95 21 februari
542 268 55 20 1905
613 267 106 21 äterstodo
735 268 109 21 obetalade

84 302 55 21 Fmk
162 302 97 25 562,826:
276 302 33 21 03.
346 302 90 21 Utöfver
459 301 61 21 dessa
543 308 96 14 summor
662 301 96 21 betalade
781 302 64 26 ryska

84 336 207 28 ingeniörväsendet,
312 336 27 27 pä
361 337 41 19 sätt
423 336 8 20 i
454 336 65 27 sagda
541 336 114 21 berättelse
676 336 78 27 jemväl
776 336 68 21 finnes

85 370 90 28 anfördt,
198 377 27 14 en
248 376 83 15 summa
354 370 21 20 af
396 370 54 21 Fmk
474 370 96 26 107,272:
588 370 27 21 10
638 370 32 20 för
686 370 26 21 de
727 370 117 28 vedförräd,

85 411 46 14 som
155 404 35 21 vid
213 405 26 20 de
261 404 55 21 olika
335 404 152 27 truppdelarna
501 404 80 21 funnos
596 403 108 28 upplagda
719 404 40 21 och
774 404 22 21 af
810 404 35 21 det

85 439 65 26 ryska
165 438 180 21 militärväsendet
359 438 124 27 öfvertogos.

154 473 37 21 Ett
205 474 66 19 annat
285 472 131 21 förhällande
434 472 53 28 egde
498 479 48 14 rum
555 473 50 20 med
616 472 80 21 Finska
706 473 139 27 dragonrege-

86 509 91 20 mentets
193 507 158 27 tillhörigheter,
366 507 78 27 hvilka,
460 507 70 20 såsom
545 507 62 20 ofvan
619 507 92 28 antydts,
722 507 122 28 öfvergingo

86 542 32 21 till
141 542 35 21 det
196 542 8 20 i
218 541 176 22 Willmanstrand
410 541 149 27 nyformerade
574 541 66 28 ryska
656 541 189 28 dragonregemen-

86 578 35 20 tet.
151 575 41 22 För
208 575 61 22 dessa
284 575 159 28 tillhörigheter,
459 575 69 22 såvidt
543 576 26 21 de
585 576 65 27 egdes
666 575 22 21 af
702 575 67 22 finska
785 578 59 19 stats-

86 611 80 27 verket,
181 610 82 21 erlades
285 610 64 27 ingen
372 610 117 27 ersättning
511 610 39 21 och
571 610 76 21 endast
662 616 25 15 en
704 611 60 26 ringa
779 610 64 21 sådan

86 645 33 21 för
134 645 54 26 dem,
204 651 43 14 som
265 650 50 15 voro
332 644 121 21 anskaffade
469 644 49 21 med
533 644 224 27 dragonregementets
767 645 77 20 ekono-

86 679 99 21 mimede]
202 679 39 20 och
257 678 90 21 sålunda
361 678 99 21 tillhörde
476 678 123 21 detsamma.
624 678 107 22 Utskottet
745 679 39 20 har
799 679 46 21 sak-

87 715 36 20 nat
145 713 110 27 möjlighet
280 714 30 19 att
330 713 104 27 precisera
457 713 74 20 värdet
548 713 21 20 af
587 713 26 20 de
626 713 158 27 tillhörigheter,
800 709 46 25 som

87 748 119 27 öfvertogos
234 747 21 21 af
280 747 35 21 det
340 754 43 20 nya
407 747 64 27 ryska
498 747 219 28 dragonregementet,
741 753 50 15 men
817 749 29 19 att

87 782 61 21 deras
171 781 64 21 värde
259 781 18 27 ej
302 781 53 21 varit
376 781 61 28 ringa
459 782 50 27 kani
524 782 67 20 slutas
615 781 58 22 däraf
694 783 29 20 att
737 781 109 28 uppskatt-

87 816 162 27 ningssumman
279 815 75 22 endast
384 816 32 20 för
444 817 142 26 regementets
616 816 76 25 hästar,
721 816 66 27 enligt
811 816 35 21 det

87 851 22 20 af
138 850 41 21 den
208 849 65 28 ryska
304 850 292 27 värderingskommissionen
624 850 49 21 dem
705 850 66 21 åsatta
797 850 49 27 pris,

87 891 45 14 som
149 884 21 21 af
186 884 35 21 det
236 884 69 21 finska
316 884 245 27 krigskommissariatets
571 885 164 27 representant
731 880 14 36 i
746 885 99 20 kommis-

87 919 74 21 sionen
184 919 130 20 förklarades
336 925 50 14 vara
409 919 70 20 alltför
501 919 50 27 lågt,
567 919 55 21 dock
645 921 46 25 steg
709 919 32 20 till
756 919 89 26 299,740

87 953 65 21 mark.
182 949 71 25 Äfven
276 955 142 25 regementets
441 953 67 28 öfriga
530 953 104 28 egendom
651 953 44 21 blef
709 953 90 21 föremål
814 953 32 21 för

87 989 30 20 ett
136 987 56 28 slags
212 987 113 28 värdering
346 988 7 19 i
369 987 36 21 det
419 987 167 21 kommissionen
604 987 108 22 bestämde
727 989 31 19 att
773 987 73 28 afdrag

87 1022 12 21 å
122 1022 25 21 de
171 1021 55 21 olika
249 1021 73 28 slagen
345 1022 22 20 af
389 1021 89 21 föremål
500 1021 69 22 skulle
591 1028 39 21 ega
652 1029 54 19 rum,
723 1022 123 21 varierande

87 1056 92 21 emellan
202 1056 26 21 10
251 1056 40 21 och
307 1056 26 21 75
343 1056 26 27 /,
385 1056 22 21 af
421 1056 69 29 deras
498 1056 150 28 ursprungliga
664 1056 70 27 värde,
750 1057 51 20 utan
818 1057 29 20 att

87 1090 70 27 någon
173 1090 62 27 afsigt
251 1091 30 20 att
296 1090 70 21 betala
381 1090 108 21 desamma
505 1090 72 21 dock
564 1086 12 36 i
588 1091 63 27 öfrigt
661 1091 83 20 kunnat
756 1090 90 27 skönjas.

86 1125 39 20 Att
150 1131 87 14 numera
260 1125 86 20 komma
371 1124 32 21 till
428 1126 33 19 ett
483 1125 72 27 riktigt
581 1125 63 21 värde
670 1124 12 21 å
708 1124 60 21 dessa
793 1124 54 21 före-

87 1159 42 20 mål
152 1158 69 21 skulle
244 1159 44 20 helt
311 1159 59 21 säket
392 1159 95 21 medföra
507 1159 87 27 mycket
617 1159 76 21 besvär
716 1159 39 20 och
771 1158 76 28 många

88 1193 120 27 omgångar,
231 1199 33 14 om
289 1193 75 21 sådant
386 1193 39 21 alls
448 1199 50 15 vore
521 1193 87 27 möjligt.

156 1226 49 22 Med
228 1227 117 27 anledning
367 1227 59 21 såväl
448 1228 21 20 af
484 1227 71 21 denna
571 1227 135 21 öfverlåtelse
722 1228 21 20 af
759 1228 89 27 dragon-

87 1263 142 26 regementets
248 1262 139 27 lösegendom
402 1262 32 20 till
450 1262 26 20 de
491 1262 65 26 ryska
571 1264 117 26 trupperna
703 1269 46 14 som
765 1262 21 21 af
801 1262 47 21 tidi-

88 1302 48 22 gare
152 1296 89 21 berörda
259 1296 111 21 enahanda
385 1296 121 22 förfarande
522 1297 49 20 med
587 1303 26 15 en
630 1297 35 21 del
681 1296 21 21 af
718 1296 130 27 arméskarp-

88 1330 229 28 skyttebataljonernas
332 1331 131 21 inventarier
477 1331 68 21 måste
560 1330 110 22 Utskottet
685 1331 67 21 uttala
768 1330 37 21 sitt
816 1330 32 21 be-

87 1363 107 29 klagande
216 1365 73 28 däraf,
309 1367 33 19 att
365 1365 112 28 värdefull
499 1366 103 27 egendom
624 1366 98 20 sålunda
743 1364 105 28 afhändts

157 1410 142 18 Statsutskotteis
311 1410 112 18 betänkande
434 1410 38 18 N:o
484 1412 17 17 4.
