1028 1603
187 66 26 21 38
479 65 29 23 U.
524 65 29 22 B.
570 78 25 3 —
611 65 31 22 II.

400 133 135 23 Femtonde
549 133 182 23 hufvudtiteln.

339 180 121 43 Pensioner
474 184 40 22 och
528 185 119 21 allmänna
661 185 126 21 understöd.

255 235 61 22 Efter
339 236 35 22 det
395 243 44 21 nya
459 236 243 28 räkenskapssystemets
719 236 113 22 införande
847 237 100 21 omfattar

187 270 71 21 denna
273 270 52 28 titel,
339 271 148 21 motsvarande
503 271 41 21 den
559 271 57 21 förra
630 271 61 21 tolfte
701 270 27 22 H.
739 270 27 27 T.,
776 271 79 27 jämväl
866 270 79 22 sådana

186 304 115 27 pensioner
322 305 40 21 och
384 305 115 21 understöd
520 311 47 15 som
590 305 50 28 utgå
657 312 27 14 ur
701 304 245 29 krigsmanshuskassan,

186 338 163 27 militiefonden,
370 338 215 29 bevillningsmedlen
604 339 40 21 och
662 339 282 22 kommunikationsfonden.

186 373 47 21 Här
247 373 70 21 nedan
332 375 36 19 äro
384 373 26 22 de
424 373 48 22 från
487 373 63 22 dessa
564 373 75 22 fonder
653 373 84 28 utgifna
752 373 77 28 belopp
843 373 102 28 afdragna

187 407 47 21 från
247 407 177 22 :slutsummorna
444 407 33 22 för
499 407 52 22 åren
575 407 141 22 1901—1903
730 407 33 22 för
778 409 31 20 att
823 407 79 22 erhålla
917 413 28 15 en

188 441 133 27 jämförande
343 442 101 28 öfversigt
464 442 22 21 af
510 442 217 28 pensionsutgifterna
751 441 48 22 från
814 441 131 22 statsfonden

189 476 33 21 för
237 476 59 21 tiden
312 476 146 22 1898—1903.
487 475 33 23 De
537 477 107 28 uppgingo

374 528 24 21 är
414 529 54 21 1898
483 528 33 22 till
530 528 54 21 Fmk
599 528 117 28 2,090,924:
733 527 27 21 66

384 571 9 11 »
415 563 54 20 1899
495 571 10 11 >
553 571 11 11 »
598 562 118 27 2,015,353:
733 562 29 21 24

383 605 10 11 »
414 597 54 21 1900
495 605 10 11 >
554 605 10 11 >
598 597 118 27 2,250,759;
732 595 29 22 14

382 639 9 11 »
413 631 55 21 1901
496 639 9 11 »
553 639 10 11 >»
597 630 120 28 2,250,640:
733 631 27 20 82

382 673 10 11 >
414 665 55 21 1902
496 673 10 12 >
554 673 10 11 >
598 664 162 28 2,294,450:28

380 708 10 10 »
412 699 56 21 1903
494 708 10 10 >
552 708 10 11 »
597 699 118 27 2,500,574:
732 699 33 21 58.

254 750 55 22 Häri
328 752 36 20 äro
380 751 61 21 äfven
457 750 102 28 bidragen
575 750 32 22 till
622 751 65 21 enke-
701 751 41 21 och
756 750 141 29 pupillkassor
912 751 33 21 in-

186 784 127 22 beräknade.
342 784 132 22 Fränräknas
494 785 62 21 dessa
571 785 80 28 bidrag,
666 786 63 27 utgör
740 784 161 28 ifrågavarande
911 786 33 20 ut-

187 819 39 27 gift
249 819 34 21 för
305 819 27 21 de
356 819 78 22 nämda
456 819 58 27 åren,
535 819 9 21 i
565 819 69 22 runda
654 819 35 28 tal,
708 820 64 27 resp.i
785 820 115 28 1,748,000:
910 831 34 16 —,

189 854 116 26 1,819,000:
321 866 36 14 —,
382 854 117 28 2,055,000:
515 867 35 15 —,
579 854 118 27 2,060,000:
713 866 35 16 —,
778 854 117 28 2,055,000:
910 866 36 14 —,

187 888 111 26 2,263,000
318 888 67 21 mark.
414 888 126 28 Stegringen
556 888 54 22 efter
626 888 54 22 1898
696 894 38 15 var
748 888 90 21 sälunda
854 888 90 26 515,000

186 922 67 27 mark,
271 922 148 22 motsvarande
433 922 82 22 inemot
530 922 28 22 30
566 922 27 27 %,
609 922 52 22 eller
674 922 8 21 i
698 922 62 28 årligt
773 922 101 22 medeltal
889 922 12 21 6
910 922 33 27 %.

187 955 75 22 Under
276 955 52 22 åren
344 956 140 22 1895—1898
500 956 79 21 ökades
594 956 71 21 denna
679 956 65 28 utgift
753 956 49 21 med
813 956 75 21 endast
898 956 46 27 2%,

186 990 8 19 i
217 989 99 22 medeltal
330 996 40 23 per
389 990 28 21 är.
432 1003 28 3 —
475 990 63 22 Hvad
554 990 99 22 särskildt
668 990 134 22 vidkommer
814 991 63 20 extra
892 996 52 23 pen-

187 1024 134 28 sionsstaten,
344 1024 92 29 uppgick
454 1025 42 21 den
512 1025 23 21 är
551 1025 55 22 1898
620 1025 34 21 till
667 1024 55 22 Fmk
738 1025 96 28 308,000,
849 1025 24 21 är
889 1025 56 21 1903

186 1058 32 21 till
232 1058 54 21 Fmk
302 1059 97 27 352,000.

254 1093 146 22 Pensionerna
409 1093 47 22 frän
466 1093 238 28 krigsmanshuskassan
713 1093 55 22 hade
779 1093 68 22 under
856 1099 27 16 en
891 1092 53 28 följd

187 1127 20 21 af
227 1127 24 21 år
264 1126 62 23 hållit
340 1127 33 28 sig
388 1127 102 28 temligen
506 1127 82 28 stabila,
603 1128 99 27 omkring
712 1127 98 28 430,000
825 1128 13 20 ä
852 1126 94 29 450,000

186 1161 65 21 mark.
280 1161 51 22 Men
350 1161 24 21 är
390 1162 54 21 1902
460 1164 46 26 steg
522 1162 69 22 denna
605 1162 70 28 utgift,
689 1161 142 22 inberäknadt
847 1160 98 29 »indrag-

185 1196 133 27 ningsstaten
338 1202 27 15 ur
382 1196 177 27 militiefonden»,
574 1196 32 22 till
621 1196 112 27 1,068,000
748 1196 39 22 och
803 1196 23 21 är
841 1195 55 22 1903
912 1195 33 22 till

186 1230 111 27 1,283,000
314 1230 68 28 mark,
400 1242 27 4 —
446 1237 28 15 en
488 1231 54 27 följd
558 1230 21 22 af
593 1230 27 22 de
634 1230 70 22 finska
718 1232 126 26 truppernas
858 1229 87 28 indrag-

185 1269 58 22 ning.

253 1297 32 23 Pä
307 1299 214 27 pensionsväsendets
544 1298 86 23 omräde
652 1299 64 22 hafva
735 1299 69 21 under
818 1298 27 22 de
860 1300 86 20 senaste

186 1332 50 22 åren
257 1332 98 29 åtgärder
375 1333 107 28 vidtagits,
498 1339 47 16 som
559 1333 48 22 icke
624 1333 190 22 öfverensstämma
831 1332 50 22 med
893 1332 54 28 'lag-

184 1366 31 28 lig
237 1367 98 28 ordning,
352 1367 8 21 i
379 1367 35 22 det
428 1367 109 28 nämligen
552 1368 30 21 ett
597 1367 57 22 antal
668 1372 102 23 personer
785 1373 78 22 genom
878 1366 68 22 admi-

254 1411 144 24 Sigisuiskoitets
410 1412 114 19 betänkande
536 1414 38 17 N:o
585 1413 18 18 4.
