1050 1628
156 123 111 22 Härifrån
282 123 117 29 afdragas:

87 163 134 28 Utgifterna
236 163 36 22 för
287 164 174 29 nybyggnader,
476 165 80 22 hvilka
567 165 74 29 enligt

144 197 234 30 jernvägsstyrelsens
399 199 94 29 uppgift
515 200 44 21 öka
578 199 63 29 jern-

145 235 112 26 vägarnes
267 233 159 28 kapitalvärde
441 233 200 30 (jernvägsstyrel-

145 274 52 15 sens
219 267 129 29 berättelse,
367 267 40 22 bil.
426 268 51 29 VII,
497 269 36 21 sid
547 269 20 28 9,
583 270 58 20 utom

144 301 104 27 kolumn)
291 319 4 4 .
325 319 4 4 .
359 319 5 4 .
393 319 5 5 .
428 319 4 5 .
476 302 165 30 5,040,930:70

88 335 133 28 Utgifterna
235 335 36 22 för
285 336 148 22 anskaffande

146 369 23 22 af
192 370 73 28 rörlig
291 370 44 22 och
357 378 75 15 annan

145 404 104 22 materiel
269 405 109 27 (nämnda
393 405 40 22 be-

145 439 93 21 rättelse
260 439 39 21 bil.
318 439 52 29 VII,
391 439 40 22 sid.

145 473 19 28 9,
188 473 45 21 den
254 475 65 20 utom
337 474 96 21 kolumn

143 507 123 28 befintliga
281 515 105 14 summan
396 509 35 21 sä-

144 541 71 22 lunda
243 541 77 22 rättad
345 544 50 20 söm
419 543 14 21 &
673 545 3 2 |
795 557 3 1 :

145 583 86 14 samma
239 577 66 21 ställe
315 576 116 29 framgår).
474 577 121 29 4,825,390:
609 577 30 22 88
682 583 121 29 9,866,321:
818 583 30 22 58

668 629 135 28 22,936,111;
818 629 29 22 55

156 678 21 28 6)
206 678 43 22 Uti
261 678 235 30 jernvägsstyrelsens
514 679 123 23 berättelse
656 680 36 22 för
707 681 25 21 är
747 680 57 22 1903
819 694 27 2 —

86 712 82 23 hvaraf
183 715 33 19 ett
230 713 164 22 korrekturark
408 714 40 22 vid
462 714 190 23 nedskrifvandet
665 714 70 22 häraf
743 715 56 21 stått
809 714 38 22 till

86 746 261 30 Finansexpeditionens
370 747 137 29 förfogande
527 761 26 3 —
574 748 106 29 angifvas
700 748 66 22 dessa
784 749 64 22 kost-

86 780 71 23 nader
177 782 38 21 till
236 782 61 21 Fmk
319 782 140 28 24,557,063:
481 782 35 29 25,
536 782 96 23 hvilken
651 790 89 14 summa
759 783 88 22 säledes

86 816 53 21 med
152 816 61 21 Fmk
227 816 71 28 7,086:
313 816 29 22 38
356 816 145 29 understiger
522 816 44 23 den
580 816 37 23 uti
632 816 165 23 ofvanstäende
811 819 35 20 ta-

85 850 39 22 blå
143 850 193 22 förekommande.
366 850 195 30 Skiljaktigheten
583 851 68 22 beror
668 851 71 29 deraf,
760 853 34 20 att
808 851 40 22 be-

85 884 80 28 loppet
187 885 26 21 af
232 885 114 28 indragna
366 885 144 22 reserverade
530 886 87 28 anslag,
635 885 92 22 hvilket
744 886 9 22 i
767 886 80 22 tablån

85 919 9 21 i
102 919 236 22 öfverensstämmelse
346 920 53 21 med
406 920 149 22 statsverkets
564 920 155 28 räkenskaper
726 920 120 29 upptagits

86 954 75 21 såsom
175 954 108 28 inkomst,
299 954 37 21 uti
347 953 236 29 jernvägsstyrelsens
597 954 123 22 berättelse
734 954 113 28 afdragits

85 987 51 22 från
151 995 89 14 summa
254 987 104 29 utgifter.

153 1022 40 22 Ur'
203 1023 150 21 statsverkets
368 1022 95 23 bokslut
475 1022 101 29 framgår
587 1022 74 22 denna
671 1029 89 16 summa
771 1023 77 22 derest

84 1056 61 22 ifrån
160 1056 28 22 de
202 1056 36 22 uti
259 1056 118 22 bokslutet
397 1057 14 20 &
424 1057 216 28 utgiftsmomenten
656 1057 33 22 11.
704 1057 43 28 ITI,
763 1057 28 21 15
805 1057 41 28 IV,

85 1093 59 19 samt
159 1091 111 21 extraord.
285 1091 42 28 IIT,
343 1091 14 22 6
369 1091 44 22 och
422 1091 64 29 VIII,
498 1091 28 21 14
535 1091 141 28 förefintliga
685 1094 91 26 posters
787 1099 58 14 sam-

84 1125 137 28 manslagna
234 1125 84 29 belopp
333 1125 110 28 afdragas
459 1125 28 22 de
503 1133 107 22 summor,
620 1125 99 23 hvilka
706 1121 14 38 i
727 1125 121 29 jernvägs-

85 1160 132 28 styrelsensi
232 1160 123 21 berättelse
376 1160 46 28 (bil.
442 1160 18 29 I,
479 1159 40 22 sid.
535 1160 14 22 9
563 1160 36 21 uti
614 1160 39 22 det
675 1160 105 23 använda
794 1160 54 21 kor-

84 1194 191 29 rekturafdraget)
295 1196 66 20 utom
382 1195 97 21 kolumn
498 1194 111 29 angifvits
625 1195 76 22 såsom
719 1190 74 37 utgift
807 1194 40 29 för

83 1228 169 29 nybyggnader
267 1229 42 22 och
325 1229 72 28 rörlig
411 1229 114 29 materiel]

152 1263 21 28 7)
194 1271 3 19 ,
202 1263 83 22 Denna
300 1270 89 15 summa
404 1263 136 29 öfverstiger
554 1263 53 22 med
624 1263 61 22 Fmk
700 1263 48 22 533:
763 1263 30 22 34
806 1263 40 22 det

83 1297 36 21 uti
139 1297 235 29 jernvägsstyrelsens
392 1297 123 22 berättelse
533 1297 46 29 (bil.
595 1297 52 29 VII,
664 1297 41 22 sid.
721 1297 13 21 9
751 1298 43 21 och
809 1297 37 27 35)

82 1331 65 22 inom
164 1332 95 21 kolumn
283 1332 95 28 angifna
386 1332 182 28 Rmotsvarandej
582 1332 85 28 belopp
686 1331 27 22 af
728 1331 117 30 orsak-att

83 1365 51 22 från
150 1366 132 22 densamma
297 1366 416 29 icke,'pä"sättäi:jernvägsstyrelsens
723 1366 124 22 berättelse

766 1413 10 16 7
