1034 1620
239 31 23 22 U.
280 31 24 22 B.
319 43 30 3 —
365 29 209 30 Bankfullmäktiges
590 29 122 24 berättelse.
841 33 28 19 9

80 96 64 28 stigit
159 96 35 22 till
211 98 59 24 148,3
286 95 106 29 miljoner
405 91 81 37 ultimo
504 98 69 25 1908;
598 96 42 21 och
659 96 57 21 först
735 96 48 21 mot
802 96 69 21 slutet

80 133 25 20 af
118 131 139 23 sistförlidna
274 133 24 19 år
314 131 60 22 visar
390 130 35 29 sig
449 138 29 14 en
499 131 54 29 föga
574 132 114 28 väsentlig
705 132 108 28 nedgång
836 131 35 22 uti

82 167 159 29 behållningen
264 168 26 21 af
308 167 116 22 metallisk
441 168 85 26 valuta,
542 167 9 22 i
567 168 38 21 det
621 175 104 14 summan
739 168 36 21 för
791 168 79 21 ultimo

80 203 124 22 november
223 205 59 21 1904
302 204 68 27 utgör
391 206 59 24 143,5
466 203 105 29 miljoner
587 204 71 21 mark.
689 203 80 23 Under
785 210 86 18 samma

80 239 34 22 tid
129 239 70 22 hafva
214 235 123 25 skulderna
352 239 35 21 till
402 239 105 21 utlandet
529 239 111 22 minskats
662 240 54 21 med
737 240 105 28 omkring
858 242 13 19 2

80 274 106 30 miljoner
200 274 72 24 mark.
304 274 44 22 Till
364 274 214 22 ästadkommandet
593 274 27 23 af
634 275 74 22 denna
724 276 77 21 starka
811 276 61 21 ställ-

81 311 56 28 ning
152 311 68 23 hafva
236 312 69 20 äfven
319 311 29 21 de
363 311 39 21 län
420 311 104 29 bidragit,
547 311 79 22 hvilka
646 311 73 22 under
739 313 55 20 åren
813 314 58 20 1902

82 346 43 22 och
134 350 58 19 1903
202 346 51 22 frän
261 347 104 21 utlandet
380 346 110 29 indragits
507 346 26 22 af
545 347 264 29 Hypoteksföreningen,
819 347 54 21 Hel-

82 382 98 28 singfors
205 382 42 22 och
269 382 151 22 Tammerfors
442 383 76 21 städer
534 385 59 19 samt
613 383 122 22 Städernas
751 383 8 22 i
773 382 100 22 Finland

82 418 188 29 Hypotekskassa
284 418 36 22 till
336 420 33 20 ett
384 419 167 28 sammanlagdt
567 419 83 28 belopp
663 419 24 21 af
693 419 105 28 omkring
807 418 64 29 tjugo

82 453 104 29 miljoner
200 455 72 21 mark.
302 454 80 22 Under
405 454 141 22 sistförlidna
569 457 25 19 år
616 455 42 21 har
679 455 102 22 däremot
796 456 77 27 någon

82 490 188 28 läneindragning
285 491 51 21 från
351 490 103 22 utlandet
470 490 50 22 icke
537 492 39 26 egt
591 498 57 14 rum.
869 515 3 2 .

154 526 132 22 Bankernas
302 526 120 21 inhemska
436 526 145 28 placeringar
596 526 70 22 hafva
681 526 73 22 under
763 526 111 28 perioden

83 562 65 22 ökats
172 562 51 21 med
247 562 105 28 omkring
371 565 28 19 72
414 562 107 28 miljoner
535 562 71 26 mark,
628 562 89 22 hvilket
736 562 84 28 belopp
836 562 36 21 till

83 605 29 14 en
136 598 36 21 del
194 601 120 25 uppväges
335 597 26 22 af
378 597 117 29 ökningen
518 598 34 21 uti
575 598 129 22 bankernas
728 605 59 21 egna
811 597 63 29 kapi-

82 634 40 26 tal,
149 637 44 23 29,5
220 634 105 28 miljoner
350 634 71 21 mark.
452 634 71 28 Hvad
548 634 107 21 särskildt
680 633 194 29 privatbankerna

83 669 149 27 vidkommer,
248 670 41 22 har
304 670 40 22 väl
360 671 63 20 deras
439 670 106 28 utlåning
559 670 67 22 vuxit
641 671 51 20 med
709 672 44 24 67,2
769 670 106 28 miljoner

83 706 71 26 mark,
170 713 53 14 men
239 706 106 28 samtidigt
371 706 39 21 det
425 713 59 21 egna
500 706 112 28 kapitalet
629 706 64 21 ökats
709 705 52 21 med
773 708 44 24 15,0
827 705 48 22 mil-

81 741 67 29 joner
164 742 42 21 och
221 742 156 28 uppläningen
392 740 52 23 frän
459 741 155 22 allmänheten
629 743 71 20 under
719 741 155 29 depositions-,

84 778 128 28 sparkasse-
228 778 42 21 och
292 778 99 28 löpande
412 778 100 28 räkning
527 778 53 21 med
596 780 46 24 56,4
657 776 112 29 miljoner.
801 777 74 21 Dessa

83 813 97 22 bankers
204 815 63 20 extra
289 813 127 29 upplåning
442 814 51 21 från
515 813 110 22 Finlands
641 813 76 23 Bank
739 813 8 21 i
770 812 59 23 form
853 813 24 21 af

83 849 207 28 rediskonteringar
305 849 43 22 och
363 849 37 21 län
415 849 43 22 har
473 849 96 22 sälunda
584 849 89 22 kunnat
683 849 116 28 betydligt
808 849 67 21 redu-

84 891 68 18 ceras,
169 887 74 20 såsom
258 885 70 23 äfven
342 885 170 22 nedanstående
529 885 77 22 siffror
622 884 104 29 angifva:

84 944 204 30 Rediskonteringar
304 945 88 23 och:lån
406 945 54 27 från
474 945 110 22 Finlands
597 945 67 22 Bank
675 944 109 28 (tusental
794 944 81 28 mark):

98 985 87 23 Ultimo
234 990 58 19 1898
320 988 56 21 1899
409 990 58 19 1900
500 990 57 19 1901
584 990 56 19 1902
666 989 57 19 1908
749 988 58 20 1904
822 992 53 16 nov.

236 1026 64 23 9,805
318 1026 65 23 8,405
404 1025 79 23 11,774
498 1025 67 24 4,672
581 1025 66 22 4,195
664 1025 66 23 5,381
747 1024 66 24 5,957

156 1064 46 22 Det
224 1064 62 23 visar
310 1066 36 27 sig
368 1065 102 25 sälunda,
494 1066 35 20 att
551 1064 200 29 privatbankerna,
771 1064 56 21 utan
843 1064 34 20 att

84 1100 105 22 inkräkta
204 1102 31 27 pä
250 1101 49 22 sina
317 1101 99 21 kunders
440 1100 153 26 kreditbehof,
617 1100 94 22 förmätt
733 1095 145 32 väsentligen

85 1136 145 22 konsolidera
245 1137 35 22 sin
296 1137 114 28 ställning.
437 1136 112 23 Hvarken
562 1135 261 29 Maanviljelyspankkis
835 1135 42 21 öde

85 1172 55 22 eller
156 1173 44 21 den
216 1173 71 22 sedan
304 1176 57 20 1903
377 1172 109 23 befarade
506 1172 127 22 tendensen
651 1172 37 22 till
708 1171 170 29 kapitalexport

84 1215 28 14 ur
119 1208 77 22 landet
207 1216 68 21 synes
286 1208 70 23 hafva
366 1208 8 22 i
384 1208 127 23 nämnvärd
524 1210 54 19 män
586 1208 102 21 hämmat
695 1207 183 28 inströmningen

85 1243 25 22 af
127 1244 165 22 allmänhetens
314 1245 151 28 besparingar
487 1244 36 21 till
547 1243 122 22 bankerna.
701 1243 46 21 För
769 1244 26 19 är
819 1245 58 19 1902

85 1279 61 22 visar
162 1280 36 28 sig
213 1280 135 29 visserligen
360 1288 30 13 en
401 1280 109 29 nedgäng
519 1281 13 20 &
541 1279 276 29 depositionsräkningen,
826 1285 53 14 men

85 1315 75 23 denna
182 1317 100 22 berodde
305 1316 193 28 hufvudsakligen
521 1317 30 27 pä
576 1315 183 28 massuttagning
775 1313 25 22 af
815 1315 64 20 stats-

86 1352 92 21 värkets
194 1352 161 29 depositioner,
376 1352 79 22 hvilka
471 1352 72 22 sedan
559 1351 50 22 dess
625 1351 50 21 icke
691 1350 80 22 vidare
787 1349 92 22 tillförts

84 1387 202 29 privatbankerna.
319 1388 113 28 Slutligen
456 1390 25 19 är
504 1389 34 20 att
561 1387 85 25 märka,
671 1387 33 21 att
726 1387 65 20 utom
809 1384 70 22 ofvan
