1034 1623
98 603 87 28 Ändring
197 608 25 23 of

98 636 115 18 bestämmin-

85 670 63 17 garna
154 666 8 16 i
168 665 57 18 bank-

97 694 117 23 reglementet

87 728 29 12 om
123 723 101 23 pensione-

327 486 289 35 Bankfullmäktiges
635 485 260 36 framställningar

509 533 58 28 och
588 533 124 36 förslag.

301 604 163 22 Bankutskottet
478 604 35 22 vid
530 604 56 21 1900
600 604 33 21 års
642 604 102 27 landtdag
753 604 39 21 har
801 603 116 22 framhållit
926 603 65 21 huru-

232 645 45 15 som
301 639 36 21 det
355 639 98 21 stundom
469 639 70 21 kunde
554 645 50 15 vara
618 639 32 20 för
664 638 89 22 Banken
769 638 91 27 önskligt
875 638 32 21 att
921 638 68 21 såsom

232 674 124 21 ordförande
376 674 50 21 eller
440 673 92 22 ledamot
546 673 8 21 i
568 673 99 21 Bankens
683 673 101 21 direktion
800 673 105 21 anstäldes
920 673 68 26 någon

231 714 82 22 person,
337 715 45 15 som
398 708 45 21 icke
459 707 88 28 tidigare
563 708 51 21 stått
627 707 8 21 i
650 707 80 22 allmän
744 707 71 28 tjenst,
831 707 38 22 och
885 708 31 20 att
931 707 58 21 detta

86 751 44 23 ring
142 752 24 22 af
175 749 63 21 Ban-1
260 743 104 27 Väsentlig
385 743 50 21 mån
453 742 69 22 kunde
542 742 137 28 underlättas,
693 749 34 15 om
741 743 64 26 utväg
820 742 119 21 förefunnes
955 742 43 25 att.

92 780 44 18 kens
148 781 76 18 embets-

94 809 33 18 och
139 810 73 23 tjenste-

129 841 51 17 män.

231 777 76 21 bereda
330 777 64 21 sådan
416 783 75 21 person
512 777 68 21 bättre
599 776 164 28 pensionsvilkor
783 778 26 20 än
827 777 78 20 honom
919 776 68 26 enligt

231 811 98 28 gällande
351 811 91 28 grunder
460 811 32 22 för
506 811 130 22 närvarande
651 811 122 21 tillkomme.
801 811 34 21 Dä
850 817 25 15 en
890 810 98 22 tillfreds-

232 846 103 21 ställande
358 846 84 27 lösning
461 846 24 21 af
500 846 69 21 denna
583 845 59 28 fräga
656 846 61 27 synts
733 845 118 22 Ständerna
865 845 125 28 maktpälig-

233 881 74 26 gande,
331 887 48 15 men
401 887 26 14 en
449 881 124 27 föregående
592 880 116 27 beredning
727 880 60 21 deraf
800 887 75 20 genom
889 880 100 21 Bankens

231 915 148 28 myndigheter
395 915 79 21 ansetts
486 921 51 16 vara
547 915 23 21 af
577 915 98 21 behofvet
684 915 102 27 påkallad,
797 915 62 21 hafva
870 914 118 21 Ständerna

232 950 100 21 anmodat
346 949 192 28 Bankfullmäktige
550 950 31 21 att
590 950 50 26 taga
650 949 8 21 i
668 949 152 28 öfvervägande
830 949 103 21 huruvida
942 949 46 20 icke

231 984 33 21 för
283 984 92 27 antydda
393 984 38 21 fall
445 984 69 27 någon
530 984 88 27 ändring
634 984 22 21 af
669 984 97 27 gällande
781 983 156 28 bestämningar
952 989 37 15 an-

232 1019 80 27 gående
327 1019 143 21 beräknandet
485 1019 23 21 af
520 1019 100 26 tjensteår
634 1019 32 20 för
682 1019 124 21 ordförande
822 1019 38 21 och
874 1018 115 21 ledamöter

232 1054 7 20 i
253 1053 100 21 Bankens
369 1053 101 22 direktion
487 1060 46 15 vore
548 1053 97 28 påkallad
660 1053 38 22 och
713 1053 8 21 i
730 1053 85 21 hvilken
825 1053 88 26 ordning
923 1052 65 21 sådan

233 1087 89 28 ändring
340 1087 63 22 borde
419 1087 35 22 ske
470 1087 56 22 samt
540 1088 32 20 att
587 1087 33 21 till
634 1087 247 22 nästsammanträdande
897 1087 92 21 Ständer

232 1122 73 21 härom
321 1121 77 28 afgifva
413 1122 108 21 utlåtande
537 1122 39 21 och
590 1122 85 27 förslag.

301 1157 11 20 I
327 1156 98 21 afseende
440 1156 12 21 å
466 1156 137 22 förevarande
617 1157 60 27 fråga
691 1157 58 21 torde
759 1157 52 21 böra
821 1157 60 27 tagas
891 1157 7 20 i
907 1157 85 21 betrak-

231 1191 64 21 tande
311 1192 32 20 att
358 1191 25 21 de
397 1197 106 22 personer,
520 1197 50 20 som,
587 1191 67 21 ehuru
668 1191 57 22 förut
738 1191 46 22 icke
799 1191 7 21 i
821 1191 118 27 statstjenst
953 1197 38 15 an-

232 1225 74 28 stälda,
326 1225 69 22 kunde
414 1225 150 27 ifrågakomma
579 1225 35 22 vid
628 1225 123 22 besättande
767 1225 23 22 af
803 1225 186 22 direktörsembete

231 1260 8 20 i
253 1259 94 27 Banken,
367 1260 66 21 måste
449 1266 39 21 ega
504 1260 102 21 särskilda
621 1260 172 27 gvalifikationer,
808 1259 84 22 hvarför
907 1260 38 21 och
960 1260 28 21 då

232 1295 25 20 de
273 1294 35 22 vid
324 1294 40 21 den
379 1294 32 21 tid
426 1294 30 21 ett
472 1294 67 28 dylikt
554 1295 81 20 embete
651 1294 58 21 stode
726 1294 48 21 dem
789 1294 33 21 till
836 1294 53 21 buds
899 1294 8 21 i
916 1294 72 27 regeln

231 1329 90 27 uppnått
344 1329 41 21 den
407 1329 57 21 ålder
483 1329 39 21 och
541 1330 208 26 samhällsställning,
769 1329 32 21 att
819 1329 25 21 de
859 1329 44 21 icke
918 1329 71 21 kunna

231 1364 124 21 förutsättas
374 1370 50 15 vara
442 1364 72 27 villiga
533 1364 31 20 att
582 1364 76 27 utbyta
673 1364 46 21 sina
733 1364 78 21 kanske
825 1370 46 15 mer
885 1363 103 22 lukrativa

232 1398 185 27 sysselsättningar
431 1399 44 20 mot
489 1398 159 27 ifrågavarande
663 1398 125 28 befattning,
805 1399 51 21 utan
871 1399 32 20 att
917 1398 72 22 kunna
