1017 1617
173 69 30 21 54
474 68 29 23 U.
519 69 29 21 B.
564 81 27 3 —
607 68 28 21 11

174 138 85 21 delbart
274 138 32 21 till
319 138 41 21 den
375 138 102 21 utnämde
493 138 75 21 chefen
583 138 34 20 för
630 138 36 20 det
681 137 115 27 nybildade
806 137 130 21 Finländska

174 172 215 28 dragonregementet
397 172 146 21 öfverlemnas.

245 206 245 27 Reservkompaniernas
512 206 154 28 tillhörigheter
689 206 111 21 äfvensom
818 206 31 20 uti
863 205 73 28 Krigs-

174 241 190 21 kommissariatets
379 241 95 21 förräder
489 241 98 26 befintlig
602 241 105 27 egendom
723 240 139 21 realiserades
873 240 62 21 äfven

174 277 54 18 utan
254 275 100 26 dröjsmål
377 281 76 21 genom
476 275 117 26 auktioner,
620 275 92 21 förutom
735 281 111 14 reservens
866 275 69 27 gevär,

174 309 74 22 hvilka
278 309 65 21 redan
365 309 28 28 pä
414 309 69 28 grund
507 310 21 21 af
548 309 26 21 K.
590 309 104 21 Senatens
717 309 41 21 den
781 309 12 20 1
808 315 56 15 mars
881 308 53 22 1901

173 344 63 27 gifna
250 344 108 21 föreskrift
372 343 111 22 aflemnats
499 344 32 21 till
540 344 189 27 artilleriupplaget
738 344 8 20 i
756 343 31 22 S:t
801 343 134 27 Petersburg.

244 378 34 21 De
301 379 50 20 sista
373 378 102 21 länkarne
490 379 7 20 i
513 379 79 27 kedjan
615 378 22 21 af
661 377 220 28 upplösningsarbetet
904 379 32 18 ut-

178 413 87 27 gjordes
288 413 21 20 af
329 413 156 27 indragningen
501 413 21 21 af
544 413 215 27 Militiexpeditionen
780 413 8 20 i
807 412 21 21 K.
844 411 92 21 Senaten

173 447 44 21 och
232 447 22 21 af
270 447 79 22 Finska
366 447 236 28 krigskommissariatet
617 449 55 19 samt
681 447 155 27 upplösningen
852 446 21 21 af
887 445 49 22 Fin-

173 481 41 21 ska
226 481 146 22 kadettkären.

247 515 139 22 Förstnämda
414 518 78 19 tvenne
524 516 151 27 inrättningars
697 515 129 28 indragning
847 515 88 28 päbjöds

173 557 82 20 genom
279 550 152 27 förordningen
456 551 22 20 af
501 551 42 20 den
566 551 12 20 2
601 551 40 26 juli
663 551 62 26 1903,
747 550 89 21 hvarvid
859 549 77 22 beträt-

175 585 65 20 fande
257 584 26 21 de
300 584 32 21 till
348 584 243 28 Krigskommissariatet
609 585 94 20 hörande
717 585 93 20 ärenden
824 584 111 27 stadgades

174 620 32 19 att
230 618 113 26 desamma,
366 618 43 22 tills
433 619 75 27 frågan
532 625 34 15 om
585 618 258 28 ekonomiförvaltningen
858 618 35 21 vid
909 618 25 21 de

175 654 94 26 trupper,
284 659 45 15 som
345 653 148 21 företrädesvis
507 653 150 28 kompletteras
671 653 49 21 med
732 653 68 21 finska
815 652 121 28 infödingar

172 686 75 22 blifvit
261 687 41 21 löst
316 687 7 20 i
339 687 40 21 den
395 687 32 21 för
441 687 134 28 lagstiftning
593 687 98 27 gällande
709 687 97 27 ordning,
822 688 114 26 temporärt

177 721 71 21 skulle
263 721 92 21 fördelas
370 722 91 21 emellan
477 722 26 21 de
519 722 92 20 militära
626 721 223 27 distriktsstyrelserna
864 722 7 19 i
886 721 49 21 Fin-

173 755 94 21 ländska
281 755 185 22 militärdistriktet
480 758 55 19 samt
544 756 179 26 länestyrelserna
734 755 39 21 och
784 755 65 21 andra
860 755 76 26 lokala,

176 790 66 20 civila
265 790 146 28 inrättningar,
430 790 66 27 enligt
518 790 216 21 öfverenskommelse
757 790 73 21 därom
846 789 91 21 emellan

176 823 27 21 K.
222 823 91 22 Senaten
329 824 33 21 för
377 824 91 21 Finland
480 826 55 20 samt
552 824 221 28 generalguvernören
788 825 7 20 i
810 824 72 22 landet
898 824 39 21 och

174 858 183 27 Krigsministern.

246 892 83 21 Genom
345 892 120 22 sedermera
480 894 22 20 af
516 893 26 21 K.
559 893 93 21 Senaten
667 894 42 20 den
718 894 24 20 15
753 894 39 27 juli
806 894 55 20 1903
872 893 65 21 utfär-
955 909 3 3 .

172 926 47 21 dad
234 927 108 21 föreskrift
357 927 119 21 fördelades
492 928 26 21 de
534 928 21 20 af
565 928 243 28 Krigskommissariatet
816 927 121 22 handhafda

170 961 114 21 ärendena
299 961 26 27 på
336 961 179 27 länestyrelserna
525 962 8 20 i
544 962 78 27 landet,
635 962 88 20 hvarvid
732 962 64 21 bland
808 964 64 19 annat
880 961 57 22 stad-

170 995 72 28 .gades
265 997 30 19 att
324 996 153 26 länestyrelsen
500 996 8 21 i
530 996 98 27 Nylands
651 996 36 21 län
710 996 53 27 egde
784 996 34 21 till
836 996 101 21 vederbö-

173 1029 69 22 rande
265 1029 276 28 militärdistriktsstyrelser
556 1030 120 21 utanordna
698 1030 13 21 ä
726 1031 144 21 militiestaten
885 1036 53 21 upp-

170 1065 69 26 tagna
265 1064 118 27 aflöningar
408 1065 39 20 och
473 1065 73 28 anslag
565 1065 32 20 till
620 1065 176 27 Krigsministern
817 1065 8 20 i
852 1064 86 27 Kejsar-

171 1098 78 22 <dömet
271 1099 40 20 och
333 1099 54 21 hans
409 1099 69 20 kansli
499 1099 32 21 för
557 1099 69 20 finska
649 1099 112 27 militären,
776 1099 110 20 äfvensom
902 1098 36 21 be-

173 1132 82 28 loppen
277 1133 22 20 af
314 1133 41 21 alla
371 1133 188 28 penningeanslag,
575 1139 46 15 som
638 1133 50 20 böra
706 1133 51 27 utgå
771 1133 33 20 för
819 1132 119 28 Lifgardets

178 1167 58 26 3:dje
251 1167 68 21 finska
330 1167 235 28 skarpskyttebataljon,
577 1167 229 27 Garnisonssjukhuset
820 1167 8 20 i
837 1167 101 27 Helsing-

172 1201 48 20 fors
236 1201 39 20 och
291 1197 249 32 Öfverkrigsdomstolen.
569 1201 64 21 Detta
648 1201 169 28 tillvägagäende
834 1201 104 21 ändrades

175 1235 57 21 dock
249 1235 86 27 mycket
357 1237 59 20 snart
436 1236 8 20 i
466 1236 155 27 sammanhang
643 1236 49 21 med
711 1235 149 22 nedannämda
882 1235 56 21 före-

170 1269 68 21 :skrift
253 1269 22 21 af
289 1269 42 22 den
347 1270 27 20 24
390 1269 112 22 december
518 1270 55 21 1903

244 1303 63 22 Hvad
323 1304 45 21 äter
382 1304 99 21 beträffar
497 1304 158 27 indragningen
674 1305 22 20 af
711 1304 227 27 militieexpeditionen

176 1337 122 22 fördelades
323 1337 48 22 dess
396 1339 53 20 efter
471 1339 40 20 den
535 1337 77 30 finskaj
627 1339 116 20 militärens
758 1339 9 20 i
782 1339 36 20 det
832 1339 106 20 närmaste

171 1372 143 28 fullständiga
335 1373 151 21 försvinnande
509 1373 32 20 till
564 1373 79 21 antalet
667 1373 104 26 betydligt
793 1371 145 22 förminskade

245 1417 140 18 Statsutskottets
398 1417 111 18 betänkande
521 1417 38 18 N:o
571 1418 17 16 4.
