<?xml version="1.0" encoding="UTF-8"?>
<alto xmlns="http://www.loc.gov/standards/alto/ns-v3#" xmlns:xlink="http://www.w3.org/1999/xlink" xmlns:xsi="http://www.w3.org/2001/XMLSchema-instance" xsi:schemaLocation="http://www.loc.gov/standards/alto/ns-v3# http://www.loc.gov/alto/v3/alto-3-0.xsd">
	<Description>
		<MeasurementUnit>pixel</MeasurementUnit>
		<sourceImageInformation>
			<fileName>/tmp/tess_ds34w47w_input.PNG</fileName>
		</sourceImageInformation>
		<OCRProcessing ID="OCR_0">
			<ocrProcessingStep>
				<processingSoftware>
					<softwareName>tesseract 5.3.4</softwareName>
				</processingSoftware>
			</ocrProcessingStep>
		</OCRProcessing>
	</Description>
	<Layout>
		<Page WIDTH="1050" HEIGHT="1625" PHYSICAL_IMG_NR="0" ID="page_0">
			<PrintSpace HPOS="0" VPOS="0" WIDTH="1050" HEIGHT="1625">
				<ComposedBlock ID="cblock_0" HPOS="456" VPOS="53" WIDTH="363" HEIGHT="23">
					<TextBlock ID="block_0" HPOS="456" VPOS="53" WIDTH="363" HEIGHT="23">
						<TextLine ID="line_0" HPOS="456" VPOS="53" WIDTH="363" HEIGHT="23">
							<String ID="string_0" HPOS="456" VPOS="54" WIDTH="25" HEIGHT="22" WC="0.86" CONTENT="I"/><SP WIDTH="311" VPOS="54" HPOS="481"/>
							<String ID="string_1" HPOS="792" VPOS="53" WIDTH="27" HEIGHT="21" WC="0.95" CONTENT="51"/>
						</TextLine>
					</TextBlock>
				</ComposedBlock>
				<ComposedBlock ID="cblock_1" HPOS="85" VPOS="122" WIDTH="767" HEIGHT="272">
					<TextBlock ID="block_1" HPOS="85" VPOS="122" WIDTH="764" HEIGHT="65">
						<TextLine ID="line_1" HPOS="85" VPOS="122" WIDTH="764" HEIGHT="31">
							<String ID="string_2" HPOS="85" VPOS="124" WIDTH="90" HEIGHT="22" WC="0.95" CONTENT="fonden"/><SP WIDTH="22" VPOS="124" HPOS="175"/>
							<String ID="string_3" HPOS="197" VPOS="124" WIDTH="88" HEIGHT="28" WC="0.92" CONTENT="årligen"/><SP WIDTH="22" VPOS="124" HPOS="285"/>
							<String ID="string_4" HPOS="307" VPOS="123" WIDTH="116" HEIGHT="30" WC="0.90" CONTENT="3,000,000"/><SP WIDTH="20" VPOS="123" HPOS="423"/>
							<String ID="string_5" HPOS="443" VPOS="124" WIDTH="66" HEIGHT="20" WC="0.96" CONTENT="mark"/><SP WIDTH="22" VPOS="124" HPOS="509"/>
							<String ID="string_6" HPOS="531" VPOS="122" WIDTH="36" HEIGHT="22" WC="0.96" CONTENT="för"/><SP WIDTH="14" VPOS="122" HPOS="567"/>
							<String ID="string_7" HPOS="581" VPOS="122" WIDTH="117" HEIGHT="29" WC="0.96" CONTENT="reglering"/><SP WIDTH="17" VPOS="122" HPOS="698"/>
							<String ID="string_8" HPOS="715" VPOS="122" WIDTH="23" HEIGHT="22" WC="0.96" CONTENT="af"/><SP WIDTH="14" VPOS="122" HPOS="738"/>
							<String ID="string_9" HPOS="752" VPOS="122" WIDTH="97" HEIGHT="22" WC="0.96" CONTENT="fondens"/>
						</TextLine>
						<TextLine ID="line_2" HPOS="88" VPOS="157" WIDTH="661" HEIGHT="30">
							<String ID="string_10" HPOS="88" VPOS="159" WIDTH="98" HEIGHT="28" WC="0.96" CONTENT="budget;"/><SP WIDTH="16" VPOS="159" HPOS="186"/>
							<String ID="string_11" HPOS="202" VPOS="161" WIDTH="59" HEIGHT="19" WC="0.95" CONTENT="samt"/><SP WIDTH="14" VPOS="161" HPOS="261"/>
							<String ID="string_12" HPOS="275" VPOS="159" WIDTH="38" HEIGHT="21" WC="0.93" CONTENT="till"/><SP WIDTH="14" VPOS="159" HPOS="313"/>
							<String ID="string_13" HPOS="327" VPOS="158" WIDTH="206" HEIGHT="29" WC="0.90" CONTENT="utlåningsfonden"/><SP WIDTH="15" VPOS="158" HPOS="533"/>
							<String ID="string_14" HPOS="548" VPOS="157" WIDTH="116" HEIGHT="29" WC="0.91" CONTENT="1,100,000"/><SP WIDTH="13" VPOS="157" HPOS="664"/>
							<String ID="string_15" HPOS="677" VPOS="157" WIDTH="72" HEIGHT="22" WC="0.95" CONTENT="mark."/>
						</TextLine>
					</TextBlock>
					<TextBlock ID="block_2" HPOS="88" VPOS="191" WIDTH="764" HEIGHT="203">
						<TextLine ID="line_3" HPOS="157" VPOS="191" WIDTH="694" HEIGHT="30">
							<String ID="string_16" HPOS="157" VPOS="193" WIDTH="47" HEIGHT="21" WC="0.92" CONTENT="För"/><SP WIDTH="21" VPOS="193" HPOS="204"/>
							<String ID="string_17" HPOS="225" VPOS="192" WIDTH="184" HEIGHT="29" WC="0.92" CONTENT="finansperioden"/><SP WIDTH="23" VPOS="192" HPOS="409"/>
							<String ID="string_18" HPOS="432" VPOS="192" WIDTH="150" HEIGHT="28" WC="0.91" CONTENT="1901—1904,"/><SP WIDTH="19" VPOS="192" HPOS="582"/>
							<String ID="string_19" HPOS="601" VPOS="191" WIDTH="130" HEIGHT="22" WC="0.92" CONTENT="hvarunder"/><SP WIDTH="20" VPOS="191" HPOS="731"/>
							<String ID="string_20" HPOS="751" VPOS="191" WIDTH="39" HEIGHT="22" WC="0.96" CONTENT="det"/><SP WIDTH="13" VPOS="191" HPOS="790"/>
							<String ID="string_21" HPOS="803" VPOS="197" WIDTH="48" HEIGHT="23" WC="0.95" CONTENT="nya"/>
						</TextLine>
						<TextLine ID="line_4" HPOS="88" VPOS="223" WIDTH="761" HEIGHT="33">
							<String ID="string_22" HPOS="88" VPOS="228" WIDTH="252" HEIGHT="28" WC="0.92" CONTENT="räkenskapssystemet"/><SP WIDTH="24" VPOS="228" HPOS="340"/>
							<String ID="string_23" HPOS="364" VPOS="228" WIDTH="61" HEIGHT="21" WC="0.96" CONTENT="varit"/><SP WIDTH="22" VPOS="228" HPOS="425"/>
							<String ID="string_24" HPOS="447" VPOS="226" WIDTH="114" HEIGHT="30" WC="0.96" CONTENT="gällande,"/><SP WIDTH="23" VPOS="226" HPOS="561"/>
							<String ID="string_25" HPOS="584" VPOS="227" WIDTH="79" HEIGHT="22" WC="0.96" CONTENT="kunna"/><SP WIDTH="23" VPOS="227" HPOS="663"/>
							<String ID="string_26" HPOS="686" VPOS="226" WIDTH="28" HEIGHT="23" WC="0.92" CONTENT="de"/><SP WIDTH="23" VPOS="226" HPOS="714"/>
							<String ID="string_27" HPOS="737" VPOS="223" WIDTH="112" HEIGHT="25" WC="0.91" CONTENT="ordinarie"/>
						</TextLine>
						<TextLine ID="line_5" HPOS="88" VPOS="260" WIDTH="763" HEIGHT="30">
							<String ID="string_28" HPOS="88" VPOS="263" WIDTH="43" HEIGHT="22" WC="0.84" CONTENT="och"/><SP WIDTH="27" VPOS="263" HPOS="131"/>
							<String ID="string_29" HPOS="158" VPOS="262" WIDTH="176" HEIGHT="23" WC="0.92" CONTENT="extraordinarie"/><SP WIDTH="25" VPOS="262" HPOS="334"/>
							<String ID="string_30" HPOS="359" VPOS="261" WIDTH="128" HEIGHT="29" WC="0.93" CONTENT="utgifterna"/><SP WIDTH="22" VPOS="261" HPOS="487"/>
							<String ID="string_31" HPOS="509" VPOS="261" WIDTH="52" HEIGHT="23" WC="0.96" CONTENT="från"/><SP WIDTH="23" VPOS="261" HPOS="561"/>
							<String ID="string_32" HPOS="584" VPOS="261" WIDTH="129" HEIGHT="22" WC="0.95" CONTENT="hvarandra"/><SP WIDTH="16" VPOS="261" HPOS="713"/>
							<String ID="string_33" HPOS="729" VPOS="260" WIDTH="122" HEIGHT="29" WC="0.94" CONTENT="särskiljas."/>
						</TextLine>
						<TextLine ID="line_6" HPOS="88" VPOS="295" WIDTH="762" HEIGHT="30">
							<String ID="string_34" HPOS="88" VPOS="296" WIDTH="163" HEIGHT="23" WC="0.91" CONTENT="Statsfondens"/><SP WIDTH="16" VPOS="296" HPOS="251"/>
							<String ID="string_35" HPOS="267" VPOS="296" WIDTH="113" HEIGHT="22" WC="0.96" CONTENT="ordinarie"/><SP WIDTH="14" VPOS="296" HPOS="380"/>
							<String ID="string_36" HPOS="394" VPOS="297" WIDTH="128" HEIGHT="22" WC="0.95" CONTENT="inkomster"/><SP WIDTH="15" VPOS="297" HPOS="522"/>
							<String ID="string_37" HPOS="537" VPOS="297" WIDTH="44" HEIGHT="21" WC="0.96" CONTENT="och"/><SP WIDTH="14" VPOS="297" HPOS="581"/>
							<String ID="string_38" HPOS="595" VPOS="295" WIDTH="99" HEIGHT="30" WC="0.96" CONTENT="utgifter"/><SP WIDTH="12" VPOS="295" HPOS="694"/>
							<String ID="string_39" HPOS="706" VPOS="297" WIDTH="60" HEIGHT="21" WC="0.92" CONTENT="samt"/><SP WIDTH="11" VPOS="297" HPOS="766"/>
							<String ID="string_40" HPOS="777" VPOS="295" WIDTH="73" HEIGHT="22" WC="0.90" CONTENT="öfver-"/>
						</TextLine>
						<TextLine ID="line_7" HPOS="90" VPOS="329" WIDTH="761" HEIGHT="30">
							<String ID="string_41" HPOS="90" VPOS="331" WIDTH="94" HEIGHT="22" WC="0.96" CONTENT="skotten"/><SP WIDTH="17" VPOS="331" HPOS="184"/>
							<String ID="string_42" HPOS="201" VPOS="330" WIDTH="26" HEIGHT="23" WC="0.96" CONTENT="af"/><SP WIDTH="15" VPOS="330" HPOS="227"/>
							<String ID="string_43" HPOS="242" VPOS="331" WIDTH="157" HEIGHT="22" WC="0.91" CONTENT="inkomsterna"/><SP WIDTH="14" VPOS="331" HPOS="399"/>
							<String ID="string_44" HPOS="413" VPOS="331" WIDTH="121" HEIGHT="28" WC="0.91" CONTENT="uppgingo"/><SP WIDTH="15" VPOS="331" HPOS="534"/>
							<String ID="string_45" HPOS="549" VPOS="330" WIDTH="74" HEIGHT="22" WC="0.96" CONTENT="under"/><SP WIDTH="15" VPOS="330" HPOS="623"/>
							<String ID="string_46" HPOS="638" VPOS="331" WIDTH="54" HEIGHT="21" WC="0.92" CONTENT="åren"/><SP WIDTH="15" VPOS="331" HPOS="692"/>
							<String ID="string_47" HPOS="707" VPOS="329" WIDTH="144" HEIGHT="22" WC="0.91" CONTENT="1901—1903"/>
						</TextLine>
						<TextLine ID="line_8" HPOS="88" VPOS="363" WIDTH="764" HEIGHT="31">
							<String ID="string_48" HPOS="88" VPOS="365" WIDTH="94" HEIGHT="29" WC="0.92" CONTENT="jemlikt"/><SP WIDTH="13" VPOS="365" HPOS="182"/>
							<String ID="string_49" HPOS="195" VPOS="365" WIDTH="127" HEIGHT="22" WC="0.82" CONTENT="boksluten"/><SP WIDTH="20" VPOS="365" HPOS="322"/>
							<String ID="string_50" HPOS="342" VPOS="365" WIDTH="38" HEIGHT="22" WC="0.95" CONTENT="till"/><SP WIDTH="14" VPOS="365" HPOS="380"/>
							<String ID="string_51" HPOS="394" VPOS="365" WIDTH="103" HEIGHT="29" WC="0.96" CONTENT="följande"/><SP WIDTH="14" VPOS="365" HPOS="497"/>
							<String ID="string_52" HPOS="511" VPOS="363" WIDTH="85" HEIGHT="30" WC="0.96" CONTENT="belopp"/><SP WIDTH="16" VPOS="363" HPOS="596"/>
							<String ID="string_53" HPOS="612" VPOS="365" WIDTH="16" HEIGHT="28" WC="0.93" CONTENT="(i"/><SP WIDTH="13" VPOS="365" HPOS="628"/>
							<String ID="string_54" HPOS="641" VPOS="365" WIDTH="78" HEIGHT="28" WC="0.91" CONTENT="jemna"/><SP WIDTH="15" VPOS="365" HPOS="719"/>
							<String ID="string_55" HPOS="734" VPOS="364" WIDTH="118" HEIGHT="28" WC="0.94" CONTENT="tusental):"/>
						</TextLine>
					</TextBlock>
				</ComposedBlock>
				<ComposedBlock ID="cblock_2" HPOS="90" VPOS="424" WIDTH="766" HEIGHT="167">
					<TextBlock ID="block_3" HPOS="90" VPOS="424" WIDTH="766" HEIGHT="167">
						<TextLine ID="line_9" HPOS="333" VPOS="424" WIDTH="514" HEIGHT="33">
							<String ID="string_56" HPOS="333" VPOS="424" WIDTH="102" HEIGHT="33" WC="0.96" CONTENT="Ordinarie"/><SP WIDTH="100" VPOS="424" HPOS="435"/>
							<String ID="string_57" HPOS="535" VPOS="424" WIDTH="102" HEIGHT="33" WC="0.96" CONTENT="Ordinarie"/><SP WIDTH="94" VPOS="424" HPOS="637"/>
							<String ID="string_58" HPOS="731" VPOS="424" WIDTH="116" HEIGHT="23" WC="0.90" CONTENT="Öfverskott"/>
						</TextLine>
						<TextLine ID="line_10" HPOS="336" VPOS="453" WIDTH="517" HEIGHT="33">
							<String ID="string_59" HPOS="336" VPOS="453" WIDTH="97" HEIGHT="33" WC="0.95" CONTENT="inkomst."/><SP WIDTH="124" VPOS="453" HPOS="433"/>
							<String ID="string_60" HPOS="557" VPOS="453" WIDTH="67" HEIGHT="33" WC="0.93" CONTENT="utgift."/><SP WIDTH="105" VPOS="453" HPOS="624"/>
							<String ID="string_61" HPOS="729" VPOS="457" WIDTH="19" HEIGHT="18" WC="0.90" CONTENT="af"/><SP WIDTH="11" VPOS="457" HPOS="748"/>
							<String ID="string_62" HPOS="759" VPOS="457" WIDTH="94" HEIGHT="18" WC="0.94" CONTENT="inkomst."/>
						</TextLine>
						<TextLine ID="line_11" HPOS="90" VPOS="489" WIDTH="766" HEIGHT="36">
							<String ID="string_63" HPOS="90" VPOS="493" WIDTH="28" HEIGHT="21" WC="0.92" CONTENT="år"/><SP WIDTH="15" VPOS="493" HPOS="118"/>
							<String ID="string_64" HPOS="133" VPOS="493" WIDTH="56" HEIGHT="21" WC="0.93" CONTENT="1901"/><SP WIDTH="34" VPOS="493" HPOS="189"/>
							<String ID="string_65" HPOS="223" VPOS="508" WIDTH="4" HEIGHT="7" WC="0.52" CONTENT="&lt;"/><SP WIDTH="30" VPOS="508" HPOS="227"/>
							<String ID="string_66" HPOS="257" VPOS="510" WIDTH="5" HEIGHT="4" WC="0.81" CONTENT="."/><SP WIDTH="28" VPOS="510" HPOS="262"/>
							<String ID="string_67" HPOS="290" VPOS="510" WIDTH="5" HEIGHT="5" WC="0.78" CONTENT="."/><SP WIDTH="30" VPOS="510" HPOS="295"/>
							<String ID="string_68" HPOS="325" VPOS="493" WIDTH="130" HEIGHT="28" WC="0.84" CONTENT="49,810,000"/><SP WIDTH="69" VPOS="493" HPOS="455"/>
							<String ID="string_69" HPOS="524" VPOS="489" WIDTH="134" HEIGHT="36" WC="0.83" CONTENT="37,790,000"/><SP WIDTH="65" VPOS="489" HPOS="658"/>
							<String ID="string_70" HPOS="723" VPOS="491" WIDTH="133" HEIGHT="30" WC="0.92" CONTENT="12,020,000"/>
						</TextLine>
						<TextLine ID="line_12" HPOS="102" VPOS="526" WIDTH="752" HEIGHT="31">
							<String ID="string_71" HPOS="102" VPOS="537" WIDTH="9" HEIGHT="10" WC="0.94" CONTENT="&gt;"/><SP WIDTH="22" VPOS="537" HPOS="111"/>
							<String ID="string_72" HPOS="133" VPOS="527" WIDTH="56" HEIGHT="22" WC="0.91" CONTENT="1982"/><SP WIDTH="32" VPOS="527" HPOS="189"/>
							<String ID="string_73" HPOS="221" VPOS="546" WIDTH="6" HEIGHT="4" WC="0.30" CONTENT="+."/><SP WIDTH="64" VPOS="546" HPOS="227"/>
							<String ID="string_74" HPOS="291" VPOS="546" WIDTH="4" HEIGHT="7" WC="0.62" CONTENT=","/><SP WIDTH="30" VPOS="546" HPOS="295"/>
							<String ID="string_75" HPOS="325" VPOS="527" WIDTH="130" HEIGHT="29" WC="0.68" CONTENT="B1,195,000"/><SP WIDTH="30" VPOS="527" HPOS="455"/>
							<String ID="string_76" HPOS="485" VPOS="511" WIDTH="22" HEIGHT="50" WC="0.49" CONTENT="—"/><SP WIDTH="16" VPOS="511" HPOS="507"/>
							<String ID="string_77" HPOS="523" VPOS="527" WIDTH="132" HEIGHT="30" WC="0.49" CONTENT="41,603,000"/><SP WIDTH="83" VPOS="527" HPOS="655"/>
							<String ID="string_78" HPOS="738" VPOS="526" WIDTH="116" HEIGHT="30" WC="0.29" CONTENT="—=—9,592,000"/>
						</TextLine>
						<TextLine ID="line_13" HPOS="99" VPOS="561" WIDTH="755" HEIGHT="30">
							<String ID="string_79" HPOS="99" VPOS="570" WIDTH="13" HEIGHT="13" WC="0.94" CONTENT="&gt;"/><SP WIDTH="22" VPOS="570" HPOS="112"/>
							<String ID="string_80" HPOS="134" VPOS="562" WIDTH="56" HEIGHT="22" WC="0.87" CONTENT="1903"/><SP WIDTH="33" VPOS="562" HPOS="190"/>
							<String ID="string_81" HPOS="223" VPOS="579" WIDTH="4" HEIGHT="5" WC="0.66" CONTENT="."/><SP WIDTH="31" VPOS="579" HPOS="227"/>
							<String ID="string_82" HPOS="258" VPOS="580" WIDTH="3" HEIGHT="4" WC="0.64" CONTENT="."/><SP WIDTH="30" VPOS="580" HPOS="261"/>
							<String ID="string_83" HPOS="291" VPOS="573" WIDTH="4" HEIGHT="11" WC="0.42" CONTENT=";"/><SP WIDTH="30" VPOS="573" HPOS="295"/>
							<String ID="string_84" HPOS="325" VPOS="562" WIDTH="130" HEIGHT="29" WC="0.38" CONTENT="57,838,000"/><SP WIDTH="36" VPOS="562" HPOS="455"/>
							<String ID="string_85" HPOS="491" VPOS="546" WIDTH="21" HEIGHT="49" WC="0.57" CONTENT="="/><SP WIDTH="12" VPOS="546" HPOS="512"/>
							<String ID="string_86" HPOS="524" VPOS="562" WIDTH="131" HEIGHT="28" WC="0.57" CONTENT="42,695,000"/><SP WIDTH="32" VPOS="562" HPOS="655"/>
							<String ID="string_87" HPOS="687" VPOS="546" WIDTH="21" HEIGHT="49" WC="0.54" CONTENT="="/><SP WIDTH="16" VPOS="546" HPOS="708"/>
							<String ID="string_88" HPOS="724" VPOS="561" WIDTH="130" HEIGHT="29" WC="0.54" CONTENT="16,143,000"/>
						</TextLine>
					</TextBlock>
				</ComposedBlock>
				<ComposedBlock ID="cblock_3" HPOS="91" VPOS="624" WIDTH="764" HEIGHT="169">
					<TextBlock ID="block_4" HPOS="91" VPOS="624" WIDTH="764" HEIGHT="169">
						<TextLine ID="line_14" HPOS="162" VPOS="624" WIDTH="690" HEIGHT="30">
							<String ID="string_89" HPOS="162" VPOS="626" WIDTH="36" HEIGHT="21" WC="0.96" CONTENT="De"/><SP WIDTH="14" VPOS="626" HPOS="198"/>
							<String ID="string_90" HPOS="212" VPOS="626" WIDTH="119" HEIGHT="28" WC="0.93" CONTENT="ansenliga"/><SP WIDTH="10" VPOS="626" HPOS="331"/>
							<String ID="string_91" HPOS="341" VPOS="625" WIDTH="133" HEIGHT="29" WC="0.92" CONTENT="öfverskott,"/><SP WIDTH="11" VPOS="625" HPOS="474"/>
							<String ID="string_92" HPOS="485" VPOS="625" WIDTH="81" HEIGHT="22" WC="0.96" CONTENT="hvilka"/><SP WIDTH="9" VPOS="625" HPOS="566"/>
							<String ID="string_93" HPOS="575" VPOS="625" WIDTH="145" HEIGHT="22" WC="0.96" CONTENT="förestående"/><SP WIDTH="9" VPOS="625" HPOS="720"/>
							<String ID="string_94" HPOS="729" VPOS="626" WIDTH="35" HEIGHT="20" WC="0.93" CONTENT="tal"/><SP WIDTH="9" VPOS="626" HPOS="764"/>
							<String ID="string_95" HPOS="773" VPOS="624" WIDTH="79" HEIGHT="30" WC="0.92" CONTENT="förete,"/>
						</TextLine>
						<TextLine ID="line_15" HPOS="93" VPOS="660" WIDTH="761" HEIGHT="30">
							<String ID="string_96" HPOS="93" VPOS="660" WIDTH="102" HEIGHT="22" WC="0.95" CONTENT="minskas"/><SP WIDTH="18" VPOS="660" HPOS="195"/>
							<String ID="string_97" HPOS="213" VPOS="660" WIDTH="73" HEIGHT="22" WC="0.96" CONTENT="likväl"/><SP WIDTH="17" VPOS="660" HPOS="286"/>
							<String ID="string_98" HPOS="303" VPOS="660" WIDTH="122" HEIGHT="30" WC="0.93" CONTENT="betydligt,"/><SP WIDTH="16" VPOS="660" HPOS="425"/>
							<String ID="string_99" HPOS="441" VPOS="660" WIDTH="76" HEIGHT="30" WC="0.92" CONTENT="derest"/><SP WIDTH="12" VPOS="660" HPOS="517"/>
							<String ID="string_100" HPOS="529" VPOS="660" WIDTH="90" HEIGHT="29" WC="0.91" CONTENT="jemväl"/><SP WIDTH="13" VPOS="660" HPOS="619"/>
							<String ID="string_101" HPOS="632" VPOS="660" WIDTH="28" HEIGHT="22" WC="0.96" CONTENT="de"/><SP WIDTH="16" VPOS="660" HPOS="660"/>
							<String ID="string_102" HPOS="676" VPOS="660" WIDTH="178" HEIGHT="22" WC="0.96" CONTENT="extraordinarie"/>
						</TextLine>
						<TextLine ID="line_16" HPOS="91" VPOS="694" WIDTH="764" HEIGHT="30">
							<String ID="string_103" HPOS="91" VPOS="695" WIDTH="46" HEIGHT="21" WC="0.96" CONTENT="och"/><SP WIDTH="15" VPOS="695" HPOS="137"/>
							<String ID="string_104" HPOS="152" VPOS="695" WIDTH="119" HEIGHT="28" WC="0.96" CONTENT="tillfälliga"/><SP WIDTH="14" VPOS="695" HPOS="271"/>
							<String ID="string_105" HPOS="285" VPOS="695" WIDTH="157" HEIGHT="22" WC="0.95" CONTENT="inkomsterna"/><SP WIDTH="15" VPOS="695" HPOS="442"/>
							<String ID="string_106" HPOS="457" VPOS="695" WIDTH="44" HEIGHT="22" WC="0.96" CONTENT="och"/><SP WIDTH="13" VPOS="695" HPOS="501"/>
							<String ID="string_107" HPOS="514" VPOS="695" WIDTH="128" HEIGHT="29" WC="0.96" CONTENT="utgifterna"/><SP WIDTH="9" VPOS="695" HPOS="642"/>
							<String ID="string_108" HPOS="651" VPOS="696" WIDTH="61" HEIGHT="21" WC="0.93" CONTENT="samt"/><SP WIDTH="11" VPOS="696" HPOS="712"/>
							<String ID="string_109" HPOS="723" VPOS="694" WIDTH="132" HEIGHT="22" WC="0.93" CONTENT="afskrifnin-"/>
						</TextLine>
						<TextLine ID="line_17" HPOS="92" VPOS="725" WIDTH="763" HEIGHT="33">
							<String ID="string_110" HPOS="92" VPOS="737" WIDTH="75" HEIGHT="21" WC="0.96" CONTENT="garna"/><SP WIDTH="16" VPOS="737" HPOS="167"/>
							<String ID="string_111" HPOS="183" VPOS="732" WIDTH="67" HEIGHT="26" WC="0.96" CONTENT="tagas"/><SP WIDTH="15" VPOS="732" HPOS="250"/>
							<String ID="string_112" HPOS="265" VPOS="730" WIDTH="10" HEIGHT="21" WC="0.96" CONTENT="i"/><SP WIDTH="12" VPOS="730" HPOS="275"/>
							<String ID="string_113" HPOS="287" VPOS="730" WIDTH="134" HEIGHT="28" WC="0.92" CONTENT="beräkning."/><SP WIDTH="30" VPOS="730" HPOS="421"/>
							<String ID="string_114" HPOS="451" VPOS="725" WIDTH="164" HEIGHT="27" WC="0.91" CONTENT="Öfverskotten"/><SP WIDTH="14" VPOS="725" HPOS="615"/>
							<String ID="string_115" HPOS="629" VPOS="730" WIDTH="75" HEIGHT="22" WC="0.96" CONTENT="skulle"/><SP WIDTH="14" VPOS="730" HPOS="704"/>
							<String ID="string_116" HPOS="718" VPOS="729" WIDTH="41" HEIGHT="22" WC="0.96" CONTENT="vid"/><SP WIDTH="15" VPOS="729" HPOS="759"/>
							<String ID="string_117" HPOS="774" VPOS="729" WIDTH="81" HEIGHT="23" WC="0.96" CONTENT="sådant"/>
						</TextLine>
						<TextLine ID="line_18" HPOS="91" VPOS="764" WIDTH="252" HEIGHT="29">
							<String ID="string_118" HPOS="91" VPOS="764" WIDTH="146" HEIGHT="22" WC="0.95" CONTENT="förhållande"/><SP WIDTH="14" VPOS="764" HPOS="237"/>
							<String ID="string_119" HPOS="251" VPOS="767" WIDTH="92" HEIGHT="26" WC="0.96" CONTENT="utgöra:"/>
						</TextLine>
					</TextBlock>
				</ComposedBlock>
				<ComposedBlock ID="cblock_4" HPOS="232" VPOS="821" WIDTH="485" HEIGHT="98">
					<TextBlock ID="block_5" HPOS="232" VPOS="821" WIDTH="485" HEIGHT="98">
						<TextLine ID="line_19" HPOS="232" VPOS="821" WIDTH="485" HEIGHT="30">
							<String ID="string_120" HPOS="232" VPOS="821" WIDTH="37" HEIGHT="22" WC="0.96" CONTENT="för"/><SP WIDTH="15" VPOS="821" HPOS="269"/>
							<String ID="string_121" HPOS="284" VPOS="823" WIDTH="25" HEIGHT="20" WC="0.96" CONTENT="år"/><SP WIDTH="15" VPOS="823" HPOS="309"/>
							<String ID="string_122" HPOS="324" VPOS="822" WIDTH="56" HEIGHT="21" WC="0.89" CONTENT="1901"/><SP WIDTH="26" VPOS="822" HPOS="380"/>
							<String ID="string_123" HPOS="406" VPOS="839" WIDTH="1" HEIGHT="4" WC="0.69" CONTENT="."/><SP WIDTH="31" VPOS="839" HPOS="407"/>
							<String ID="string_124" HPOS="438" VPOS="838" WIDTH="4" HEIGHT="5" WC="0.83" CONTENT="."/><SP WIDTH="30" VPOS="838" HPOS="442"/>
							<String ID="string_125" HPOS="472" VPOS="839" WIDTH="4" HEIGHT="4" WC="0.86" CONTENT="."/><SP WIDTH="45" VPOS="839" HPOS="476"/>
							<String ID="string_126" HPOS="521" VPOS="822" WIDTH="116" HEIGHT="29" WC="0.36" CONTENT="65,721,000"/><SP WIDTH="14" VPOS="822" HPOS="637"/>
							<String ID="string_127" HPOS="651" VPOS="822" WIDTH="66" HEIGHT="22" WC="0.96" CONTENT="mark"/>
						</TextLine>
						<TextLine ID="line_20" HPOS="250" VPOS="856" WIDTH="437" HEIGHT="29">
							<String ID="string_128" HPOS="250" VPOS="866" WIDTH="9" HEIGHT="9" WC="0.91" CONTENT="»"/><SP WIDTH="32" VPOS="866" HPOS="259"/>
							<String ID="string_129" HPOS="291" VPOS="864" WIDTH="12" HEIGHT="13" WC="0.79" CONTENT="&gt;"/><SP WIDTH="22" VPOS="864" HPOS="303"/>
							<String ID="string_130" HPOS="325" VPOS="857" WIDTH="82" HEIGHT="21" WC="0.51" CONTENT="1902."/><SP WIDTH="30" VPOS="857" HPOS="407"/>
							<String ID="string_131" HPOS="437" VPOS="874" WIDTH="5" HEIGHT="5" WC="0.76" CONTENT="."/><SP WIDTH="29" VPOS="874" HPOS="442"/>
							<String ID="string_132" HPOS="471" VPOS="874" WIDTH="5" HEIGHT="4" WC="0.84" CONTENT="."/><SP WIDTH="44" VPOS="874" HPOS="476"/>
							<String ID="string_133" HPOS="520" VPOS="856" WIDTH="117" HEIGHT="29" WC="0.76" CONTENT="4,124,000"/><SP WIDTH="40" VPOS="856" HPOS="637"/>
							<String ID="string_134" HPOS="677" VPOS="866" WIDTH="10" HEIGHT="10" WC="0.91" CONTENT="»"/>
						</TextLine>
						<TextLine ID="line_21" HPOS="251" VPOS="891" WIDTH="436" HEIGHT="28">
							<String ID="string_135" HPOS="251" VPOS="900" WIDTH="8" HEIGHT="10" WC="0.92" CONTENT="»"/><SP WIDTH="34" VPOS="900" HPOS="259"/>
							<String ID="string_136" HPOS="293" VPOS="899" WIDTH="10" HEIGHT="12" WC="0.92" CONTENT="&gt;"/><SP WIDTH="22" VPOS="899" HPOS="303"/>
							<String ID="string_137" HPOS="325" VPOS="891" WIDTH="83" HEIGHT="22" WC="0.53" CONTENT="1903."/><SP WIDTH="30" VPOS="891" HPOS="408"/>
							<String ID="string_138" HPOS="438" VPOS="909" WIDTH="4" HEIGHT="5" WC="0.81" CONTENT=","/><SP WIDTH="30" VPOS="909" HPOS="442"/>
							<String ID="string_139" HPOS="472" VPOS="909" WIDTH="5" HEIGHT="4" WC="0.81" CONTENT="."/><SP WIDTH="31" VPOS="909" HPOS="477"/>
							<String ID="string_140" HPOS="508" VPOS="891" WIDTH="129" HEIGHT="28" WC="0.87" CONTENT="13,713,000"/><SP WIDTH="40" VPOS="891" HPOS="637"/>
							<String ID="string_141" HPOS="677" VPOS="901" WIDTH="10" HEIGHT="10" WC="0.84" CONTENT="&gt;"/>
						</TextLine>
					</TextBlock>
				</ComposedBlock>
				<ComposedBlock ID="cblock_5" HPOS="93" VPOS="953" WIDTH="767" HEIGHT="443">
					<TextBlock ID="block_6" HPOS="94" VPOS="953" WIDTH="763" HEIGHT="65">
						<TextLine ID="line_22" HPOS="94" VPOS="953" WIDTH="763" HEIGHT="30">
							<String ID="string_142" HPOS="94" VPOS="954" WIDTH="23" HEIGHT="22" WC="0.77" CONTENT="d."/><SP WIDTH="21" VPOS="954" HPOS="117"/>
							<String ID="string_143" HPOS="138" VPOS="961" WIDTH="21" HEIGHT="14" WC="0.96" CONTENT="v."/><SP WIDTH="23" VPOS="961" HPOS="159"/>
							<String ID="string_144" HPOS="182" VPOS="961" WIDTH="16" HEIGHT="14" WC="0.96" CONTENT="s."/><SP WIDTH="22" VPOS="961" HPOS="198"/>
							<String ID="string_145" HPOS="220" VPOS="953" WIDTH="36" HEIGHT="23" WC="0.96" CONTENT="för"/><SP WIDTH="19" VPOS="953" HPOS="256"/>
							<String ID="string_146" HPOS="275" VPOS="954" WIDTH="54" HEIGHT="21" WC="0.93" CONTENT="hela"/><SP WIDTH="16" VPOS="954" HPOS="329"/>
							<String ID="string_147" HPOS="345" VPOS="954" WIDTH="182" HEIGHT="29" WC="0.90" CONTENT="treärsperioden"/><SP WIDTH="15" VPOS="954" HPOS="527"/>
							<String ID="string_148" HPOS="542" VPOS="954" WIDTH="170" HEIGHT="29" WC="0.91" CONTENT="sammanlagdt"/><SP WIDTH="15" VPOS="954" HPOS="712"/>
							<String ID="string_149" HPOS="727" VPOS="953" WIDTH="130" HEIGHT="29" WC="0.79" CONTENT="23,558,000"/>
						</TextLine>
						<TextLine ID="line_23" HPOS="96" VPOS="989" WIDTH="760" HEIGHT="29">
							<String ID="string_150" HPOS="96" VPOS="989" WIDTH="66" HEIGHT="21" WC="0.94" CONTENT="mark"/><SP WIDTH="18" VPOS="989" HPOS="162"/>
							<String ID="string_151" HPOS="180" VPOS="989" WIDTH="56" HEIGHT="21" WC="0.95" CONTENT="eller"/><SP WIDTH="20" VPOS="989" HPOS="236"/>
							<String ID="string_152" HPOS="256" VPOS="989" WIDTH="106" HEIGHT="28" WC="0.93" CONTENT="omkring"/><SP WIDTH="23" VPOS="989" HPOS="362"/>
							<String ID="string_153" HPOS="385" VPOS="989" WIDTH="120" HEIGHT="29" WC="0.55" CONTENT="7,953,000&#39;"/><SP WIDTH="16" VPOS="989" HPOS="505"/>
							<String ID="string_154" HPOS="521" VPOS="989" WIDTH="66" HEIGHT="22" WC="0.96" CONTENT="mark"/><SP WIDTH="13" VPOS="989" HPOS="587"/>
							<String ID="string_155" HPOS="600" VPOS="989" WIDTH="11" HEIGHT="22" WC="0.93" CONTENT="i"/><SP WIDTH="14" VPOS="989" HPOS="611"/>
							<String ID="string_156" HPOS="625" VPOS="989" WIDTH="109" HEIGHT="21" WC="0.96" CONTENT="medeltal"/><SP WIDTH="15" VPOS="989" HPOS="734"/>
							<String ID="string_157" HPOS="749" VPOS="996" WIDTH="38" HEIGHT="15" WC="0.93" CONTENT="om"/><SP WIDTH="16" VPOS="996" HPOS="787"/>
							<String ID="string_158" HPOS="803" VPOS="989" WIDTH="53" HEIGHT="21" WC="0.95" CONTENT="året."/>
						</TextLine>
					</TextBlock>
					<TextBlock ID="block_7" HPOS="93" VPOS="1023" WIDTH="767" HEIGHT="373">
						<TextLine ID="line_24" HPOS="165" VPOS="1023" WIDTH="692" HEIGHT="22">
							<String ID="string_159" HPOS="165" VPOS="1023" WIDTH="79" HEIGHT="22" WC="0.95" CONTENT="Under"/><SP WIDTH="15" VPOS="1023" HPOS="244"/>
							<String ID="string_160" HPOS="259" VPOS="1030" WIDTH="86" HEIGHT="15" WC="0.95" CONTENT="samma"/><SP WIDTH="14" VPOS="1030" HPOS="345"/>
							<String ID="string_161" HPOS="359" VPOS="1023" WIDTH="35" HEIGHT="22" WC="0.96" CONTENT="tid"/><SP WIDTH="13" VPOS="1023" HPOS="394"/>
							<String ID="string_162" HPOS="407" VPOS="1023" WIDTH="42" HEIGHT="22" WC="0.90" CONTENT="har"/><SP WIDTH="14" VPOS="1023" HPOS="449"/>
							<String ID="string_163" HPOS="463" VPOS="1023" WIDTH="52" HEIGHT="22" WC="0.93" CONTENT="frän"/><SP WIDTH="10" VPOS="1023" HPOS="515"/>
							<String ID="string_164" HPOS="525" VPOS="1023" WIDTH="144" HEIGHT="22" WC="0.92" CONTENT="statsfonden"/><SP WIDTH="9" VPOS="1023" HPOS="669"/>
							<String ID="string_165" HPOS="678" VPOS="1024" WIDTH="39" HEIGHT="21" WC="0.96" CONTENT="till"/><SP WIDTH="10" VPOS="1024" HPOS="717"/>
							<String ID="string_166" HPOS="727" VPOS="1023" WIDTH="70" HEIGHT="22" WC="0.93" CONTENT="andra"/><SP WIDTH="9" VPOS="1023" HPOS="797"/>
							<String ID="string_167" HPOS="806" VPOS="1023" WIDTH="51" HEIGHT="22" WC="0.91" CONTENT="fon-"/>
						</TextLine>
						<TextLine ID="line_25" HPOS="94" VPOS="1057" WIDTH="766" HEIGHT="30">
							<String ID="string_168" HPOS="94" VPOS="1057" WIDTH="42" HEIGHT="22" WC="0.87" CONTENT="der"/><SP WIDTH="23" VPOS="1057" HPOS="136"/>
							<String ID="string_169" HPOS="159" VPOS="1057" WIDTH="122" HEIGHT="22" WC="0.87" CONTENT="öfverförts"/><SP WIDTH="17" VPOS="1057" HPOS="281"/>
							<String ID="string_170" HPOS="298" VPOS="1058" WIDTH="82" HEIGHT="22" WC="0.91" CONTENT="inalles"/><SP WIDTH="18" VPOS="1058" HPOS="380"/>
							<String ID="string_171" HPOS="398" VPOS="1057" WIDTH="130" HEIGHT="30" WC="0.92" CONTENT="19,498,000"/><SP WIDTH="14" VPOS="1057" HPOS="528"/>
							<String ID="string_172" HPOS="542" VPOS="1058" WIDTH="71" HEIGHT="21" WC="0.96" CONTENT="mark."/><SP WIDTH="28" VPOS="1058" HPOS="613"/>
							<String ID="string_173" HPOS="641" VPOS="1058" WIDTH="36" HEIGHT="21" WC="0.96" CONTENT="De"/><SP WIDTH="14" VPOS="1058" HPOS="677"/>
							<String ID="string_174" HPOS="691" VPOS="1058" WIDTH="127" HEIGHT="28" WC="0.83" CONTENT="viktigaste"/><SP WIDTH="16" VPOS="1058" HPOS="818"/>
							<String ID="string_175" HPOS="834" VPOS="1057" WIDTH="26" HEIGHT="22" WC="0.96" CONTENT="af"/>
						</TextLine>
						<TextLine ID="line_26" HPOS="94" VPOS="1092" WIDTH="763" HEIGHT="30">
							<String ID="string_176" HPOS="94" VPOS="1092" WIDTH="69" HEIGHT="22" WC="0.91" CONTENT="dessa"/><SP WIDTH="18" VPOS="1092" HPOS="163"/>
							<String ID="string_177" HPOS="181" VPOS="1092" WIDTH="167" HEIGHT="29" WC="0.60" CONTENT="öfverföringar"/><SP WIDTH="17" VPOS="1092" HPOS="348"/>
							<String ID="string_178" HPOS="365" VPOS="1092" WIDTH="69" HEIGHT="22" WC="0.95" CONTENT="hafva"/><SP WIDTH="17" VPOS="1092" HPOS="434"/>
							<String ID="string_179" HPOS="451" VPOS="1093" WIDTH="61" HEIGHT="22" WC="0.96" CONTENT="varit"/><SP WIDTH="15" VPOS="1093" HPOS="512"/>
							<String ID="string_180" HPOS="527" VPOS="1093" WIDTH="111" HEIGHT="29" WC="0.96" CONTENT="följande:"/><SP WIDTH="15" VPOS="1093" HPOS="638"/>
							<String ID="string_181" HPOS="653" VPOS="1093" WIDTH="38" HEIGHT="21" WC="0.93" CONTENT="till"/><SP WIDTH="14" VPOS="1093" HPOS="691"/>
							<String ID="string_182" HPOS="705" VPOS="1093" WIDTH="152" HEIGHT="28" WC="0.91" CONTENT="bevillnings-"/>
						</TextLine>
						<TextLine ID="line_27" HPOS="93" VPOS="1126" WIDTH="765" HEIGHT="30">
							<String ID="string_183" HPOS="93" VPOS="1126" WIDTH="96" HEIGHT="29" WC="0.56" CONTENT="&quot;fonden,"/><SP WIDTH="5" VPOS="1126" HPOS="189"/>
							<String ID="string_184" HPOS="194" VPOS="1127" WIDTH="39" HEIGHT="21" WC="0.96" CONTENT="till"/><SP WIDTH="6" VPOS="1127" HPOS="233"/>
							<String ID="string_185" HPOS="239" VPOS="1126" WIDTH="158" HEIGHT="23" WC="0.96" CONTENT="förstärkande"/><SP WIDTH="9" VPOS="1126" HPOS="397"/>
							<String ID="string_186" HPOS="406" VPOS="1127" WIDTH="25" HEIGHT="25" WC="0.73" CONTENT="af"/><SP WIDTH="5" VPOS="1127" HPOS="431"/>
							<String ID="string_187" HPOS="436" VPOS="1127" WIDTH="97" HEIGHT="22" WC="0.73" CONTENT="fondens"/><SP WIDTH="8" VPOS="1127" HPOS="533"/>
							<String ID="string_188" HPOS="541" VPOS="1128" WIDTH="95" HEIGHT="28" WC="0.96" CONTENT="kapital,"/><SP WIDTH="10" VPOS="1128" HPOS="636"/>
							<String ID="string_189" HPOS="646" VPOS="1128" WIDTH="89" HEIGHT="28" WC="0.92" CONTENT="årligen"/><SP WIDTH="6" VPOS="1128" HPOS="735"/>
							<String ID="string_190" HPOS="741" VPOS="1127" WIDTH="117" HEIGHT="29" WC="0.92" CONTENT="4,000,000"/>
						</TextLine>
						<TextLine ID="line_28" HPOS="97" VPOS="1161" WIDTH="761" HEIGHT="29">
							<String ID="string_191" HPOS="97" VPOS="1161" WIDTH="71" HEIGHT="29" WC="0.95" CONTENT="mark,"/><SP WIDTH="16" VPOS="1161" HPOS="168"/>
							<String ID="string_192" HPOS="184" VPOS="1161" WIDTH="29" HEIGHT="22" WC="0.96" CONTENT="de"/><SP WIDTH="11" VPOS="1161" HPOS="213"/>
							<String ID="string_193" HPOS="224" VPOS="1161" WIDTH="70" HEIGHT="22" WC="0.96" CONTENT="ofvan"/><SP WIDTH="8" VPOS="1161" HPOS="294"/>
							<String ID="string_194" HPOS="302" VPOS="1161" WIDTH="71" HEIGHT="22" WC="0.96" CONTENT="redan"/><SP WIDTH="11" VPOS="1161" HPOS="373"/>
							<String ID="string_195" HPOS="384" VPOS="1162" WIDTH="137" HEIGHT="22" WC="0.93" CONTENT="omnämnda"/><SP WIDTH="10" VPOS="1162" HPOS="521"/>
							<String ID="string_196" HPOS="531" VPOS="1162" WIDTH="198" HEIGHT="28" WC="0.90" CONTENT="öfverföringarna"/><SP WIDTH="10" VPOS="1162" HPOS="729"/>
							<String ID="string_197" HPOS="739" VPOS="1162" WIDTH="37" HEIGHT="21" WC="0.93" CONTENT="till"/><SP WIDTH="10" VPOS="1162" HPOS="776"/>
							<String ID="string_198" HPOS="786" VPOS="1168" WIDTH="72" HEIGHT="16" WC="0.93" CONTENT="moss-"/>
						</TextLine>
						<TextLine ID="line_29" HPOS="97" VPOS="1196" WIDTH="761" HEIGHT="29">
							<String ID="string_199" HPOS="97" VPOS="1196" WIDTH="236" HEIGHT="29" WC="0.91" CONTENT="uttorkningsfonden"/><SP WIDTH="14" VPOS="1196" HPOS="333"/>
							<String ID="string_200" HPOS="347" VPOS="1196" WIDTH="43" HEIGHT="22" WC="0.96" CONTENT="och"/><SP WIDTH="15" VPOS="1196" HPOS="390"/>
							<String ID="string_201" HPOS="405" VPOS="1196" WIDTH="112" HEIGHT="22" WC="0.96" CONTENT="fonderna"/><SP WIDTH="14" VPOS="1196" HPOS="517"/>
							<String ID="string_202" HPOS="531" VPOS="1196" WIDTH="36" HEIGHT="22" WC="0.96" CONTENT="för"/><SP WIDTH="16" VPOS="1196" HPOS="567"/>
							<String ID="string_203" HPOS="583" VPOS="1196" WIDTH="44" HEIGHT="22" WC="0.93" CONTENT="den"/><SP WIDTH="10" VPOS="1196" HPOS="627"/>
							<String ID="string_204" HPOS="637" VPOS="1196" WIDTH="122" HEIGHT="22" WC="0.91" CONTENT="obesuttna"/><SP WIDTH="9" VPOS="1196" HPOS="759"/>
							<String ID="string_205" HPOS="768" VPOS="1196" WIDTH="90" HEIGHT="22" WC="0.92" CONTENT="befolk-"/>
						</TextLine>
						<TextLine ID="line_30" HPOS="97" VPOS="1230" WIDTH="762" HEIGHT="29">
							<String ID="string_206" HPOS="97" VPOS="1230" WIDTH="94" HEIGHT="29" WC="0.94" CONTENT="ningen,"/><SP WIDTH="20" VPOS="1230" HPOS="191"/>
							<String ID="string_207" HPOS="211" VPOS="1231" WIDTH="80" HEIGHT="22" WC="0.93" CONTENT="hvilka"/><SP WIDTH="18" VPOS="1231" HPOS="291"/>
							<String ID="string_208" HPOS="309" VPOS="1231" WIDTH="176" HEIGHT="28" WC="0.91" CONTENT="öfverföringars"/><SP WIDTH="16" VPOS="1231" HPOS="485"/>
							<String ID="string_209" HPOS="501" VPOS="1231" WIDTH="130" HEIGHT="28" WC="0.96" CONTENT="betydande"/><SP WIDTH="15" VPOS="1231" HPOS="631"/>
							<String ID="string_210" HPOS="646" VPOS="1231" WIDTH="85" HEIGHT="28" WC="0.96" CONTENT="belopp"/><SP WIDTH="15" VPOS="1231" HPOS="731"/>
							<String ID="string_211" HPOS="746" VPOS="1231" WIDTH="73" HEIGHT="22" WC="0.96" CONTENT="under"/><SP WIDTH="15" VPOS="1231" HPOS="819"/>
							<String ID="string_212" HPOS="834" VPOS="1232" WIDTH="25" HEIGHT="21" WC="0.95" CONTENT="år"/>
						</TextLine>
						<TextLine ID="line_31" HPOS="98" VPOS="1265" WIDTH="761" HEIGHT="29">
							<String ID="string_213" HPOS="98" VPOS="1265" WIDTH="57" HEIGHT="21" WC="0.92" CONTENT="1903"/><SP WIDTH="15" VPOS="1265" HPOS="155"/>
							<String ID="string_214" HPOS="170" VPOS="1265" WIDTH="123" HEIGHT="29" WC="0.84" CONTENT="(2,937,000"/><SP WIDTH="9" VPOS="1265" HPOS="293"/>
							<String ID="string_215" HPOS="302" VPOS="1266" WIDTH="73" HEIGHT="27" WC="0.96" CONTENT="mark)"/><SP WIDTH="10" VPOS="1266" HPOS="375"/>
							<String ID="string_216" HPOS="385" VPOS="1265" WIDTH="111" HEIGHT="22" WC="0.93" CONTENT="förklaras"/><SP WIDTH="11" VPOS="1265" HPOS="496"/>
							<String ID="string_217" HPOS="507" VPOS="1265" WIDTH="139" HEIGHT="29" WC="0.92" CONTENT="derigenom,"/><SP WIDTH="11" VPOS="1265" HPOS="646"/>
							<String ID="string_218" HPOS="657" VPOS="1267" WIDTH="35" HEIGHT="20" WC="0.96" CONTENT="att"/><SP WIDTH="9" VPOS="1267" HPOS="692"/>
							<String ID="string_219" HPOS="701" VPOS="1265" WIDTH="158" HEIGHT="29" WC="0.96" CONTENT="tillgångarna"/>
						</TextLine>
						<TextLine ID="line_32" HPOS="98" VPOS="1299" WIDTH="762" HEIGHT="29">
							<String ID="string_220" HPOS="98" VPOS="1299" WIDTH="9" HEIGHT="22" WC="0.96" CONTENT="i"/><SP WIDTH="17" VPOS="1299" HPOS="107"/>
							<String ID="string_221" HPOS="124" VPOS="1299" WIDTH="87" HEIGHT="22" WC="0.96" CONTENT="fonden"/><SP WIDTH="16" VPOS="1299" HPOS="211"/>
							<String ID="string_222" HPOS="227" VPOS="1299" WIDTH="36" HEIGHT="22" WC="0.96" CONTENT="för"/><SP WIDTH="18" VPOS="1299" HPOS="263"/>
							<String ID="string_223" HPOS="281" VPOS="1299" WIDTH="45" HEIGHT="22" WC="0.93" CONTENT="den"/><SP WIDTH="15" VPOS="1299" HPOS="326"/>
							<String ID="string_224" HPOS="341" VPOS="1300" WIDTH="122" HEIGHT="21" WC="0.92" CONTENT="obesuttna"/><SP WIDTH="14" VPOS="1300" HPOS="463"/>
							<String ID="string_225" HPOS="477" VPOS="1299" WIDTH="179" HEIGHT="29" WC="0.93" CONTENT="befolkningens"/><SP WIDTH="15" VPOS="1299" HPOS="656"/>
							<String ID="string_226" HPOS="671" VPOS="1299" WIDTH="120" HEIGHT="22" WC="0.90" CONTENT="förseende"/><SP WIDTH="15" VPOS="1299" HPOS="791"/>
							<String ID="string_227" HPOS="806" VPOS="1299" WIDTH="54" HEIGHT="22" WC="0.94" CONTENT="med"/>
						</TextLine>
						<TextLine ID="line_33" HPOS="95" VPOS="1333" WIDTH="764" HEIGHT="30">
							<String ID="string_228" HPOS="95" VPOS="1333" WIDTH="54" HEIGHT="30" WC="0.96" CONTENT="jord"/><SP WIDTH="24" VPOS="1333" HPOS="149"/>
							<String ID="string_229" HPOS="173" VPOS="1333" WIDTH="59" HEIGHT="22" WC="0.96" CONTENT="först"/><SP WIDTH="24" VPOS="1333" HPOS="232"/>
							<String ID="string_230" HPOS="256" VPOS="1335" WIDTH="73" HEIGHT="20" WC="0.96" CONTENT="under"/><SP WIDTH="25" VPOS="1335" HPOS="329"/>
							<String ID="string_231" HPOS="354" VPOS="1335" WIDTH="24" HEIGHT="20" WC="0.96" CONTENT="är"/><SP WIDTH="26" VPOS="1335" HPOS="378"/>
							<String ID="string_232" HPOS="404" VPOS="1334" WIDTH="56" HEIGHT="22" WC="0.93" CONTENT="1903"/><SP WIDTH="23" VPOS="1334" HPOS="460"/>
							<String ID="string_233" HPOS="483" VPOS="1334" WIDTH="118" HEIGHT="29" WC="0.91" CONTENT="afskiljdes"/><SP WIDTH="25" VPOS="1334" HPOS="601"/>
							<String ID="string_234" HPOS="626" VPOS="1333" WIDTH="52" HEIGHT="22" WC="0.93" CONTENT="från"/><SP WIDTH="25" VPOS="1333" HPOS="678"/>
							<String ID="string_235" HPOS="703" VPOS="1334" WIDTH="156" HEIGHT="22" WC="0.87" CONTENT="statsfondens"/>
						</TextLine>
						<TextLine ID="line_34" HPOS="96" VPOS="1368" WIDTH="96" HEIGHT="28">
							<String ID="string_236" HPOS="96" VPOS="1368" WIDTH="96" HEIGHT="28" WC="0.74" CONTENT="kapital."/>
						</TextLine>
					</TextBlock>
				</ComposedBlock>
			</PrintSpace>
		</Page>
	</Layout>
</alto>
