<?xml version="1.0" encoding="UTF-8"?>
<alto xmlns="http://www.loc.gov/standards/alto/ns-v3#" xmlns:xlink="http://www.w3.org/1999/xlink" xmlns:xsi="http://www.w3.org/2001/XMLSchema-instance" xsi:schemaLocation="http://www.loc.gov/standards/alto/ns-v3# http://www.loc.gov/alto/v3/alto-3-0.xsd">
	<Description>
		<MeasurementUnit>pixel</MeasurementUnit>
		<sourceImageInformation>
			<fileName>/tmp/tess_zdikbjma_input.PNG</fileName>
		</sourceImageInformation>
		<OCRProcessing ID="OCR_0">
			<ocrProcessingStep>
				<processingSoftware>
					<softwareName>tesseract 5.3.4</softwareName>
				</processingSoftware>
			</ocrProcessingStep>
		</OCRProcessing>
	</Description>
	<Layout>
		<Page WIDTH="1036" HEIGHT="1620" PHYSICAL_IMG_NR="0" ID="page_0">
			<PrintSpace HPOS="0" VPOS="0" WIDTH="1036" HEIGHT="1620">
				<ComposedBlock ID="cblock_0" HPOS="367" VPOS="207" WIDTH="434" HEIGHT="25">
					<TextBlock ID="block_0" HPOS="367" VPOS="207" WIDTH="434" HEIGHT="25">
						<TextLine ID="line_0" HPOS="367" VPOS="207" WIDTH="434" HEIGHT="25">
							<String ID="string_0" HPOS="367" VPOS="207" WIDTH="283" HEIGHT="25" WC="0.90" CONTENT="Approximativ"/><SP WIDTH="22" VPOS="207" HPOS="650"/>
							<String ID="string_1" HPOS="672" VPOS="208" WIDTH="129" HEIGHT="24" WC="0.96" CONTENT="kalkyl"/>
						</TextLine>
					</TextBlock>
				</ComposedBlock>
				<ComposedBlock ID="cblock_1" HPOS="557" VPOS="257" WIDTH="55" HEIGHT="19">
					<TextBlock ID="block_1" HPOS="557" VPOS="257" WIDTH="55" HEIGHT="19">
						<TextLine ID="line_1" HPOS="557" VPOS="257" WIDTH="55" HEIGHT="19">
							<String ID="string_2" HPOS="557" VPOS="257" WIDTH="55" HEIGHT="19" WC="0.96" CONTENT="öfver"/>
						</TextLine>
					</TextBlock>
				</ComposedBlock>
				<ComposedBlock ID="cblock_2" HPOS="426" VPOS="289" WIDTH="316" HEIGHT="46">
					<TextBlock ID="block_2" HPOS="426" VPOS="289" WIDTH="316" HEIGHT="46">
						<TextLine ID="line_2" HPOS="426" VPOS="289" WIDTH="316" HEIGHT="46">
							<String ID="string_3" HPOS="426" VPOS="289" WIDTH="316" HEIGHT="46" WC="0.90" CONTENT="Statsfondens"/>
						</TextLine>
					</TextBlock>
				</ComposedBlock>
				<ComposedBlock ID="cblock_3" HPOS="168" VPOS="368" WIDTH="827" HEIGHT="29">
					<TextBlock ID="block_3" HPOS="168" VPOS="368" WIDTH="827" HEIGHT="29">
						<TextLine ID="line_3" HPOS="168" VPOS="368" WIDTH="827" HEIGHT="29">
							<String ID="string_4" HPOS="168" VPOS="368" WIDTH="207" HEIGHT="29" WC="0.96" CONTENT="extraordinarie"/><SP WIDTH="14" VPOS="368" HPOS="375"/>
							<String ID="string_5" HPOS="389" VPOS="369" WIDTH="109" HEIGHT="25" WC="0.96" CONTENT="utgifter"/><SP WIDTH="15" VPOS="369" HPOS="498"/>
							<String ID="string_6" HPOS="513" VPOS="369" WIDTH="83" HEIGHT="20" WC="0.93" CONTENT="under"/><SP WIDTH="15" VPOS="369" HPOS="596"/>
							<String ID="string_7" HPOS="611" VPOS="369" WIDTH="208" HEIGHT="26" WC="0.91" CONTENT="finansperioden"/><SP WIDTH="15" VPOS="369" HPOS="819"/>
							<String ID="string_8" HPOS="834" VPOS="369" WIDTH="161" HEIGHT="20" WC="0.89" CONTENT="1905—1907."/>
						</TextLine>
					</TextBlock>
				</ComposedBlock>
				<GraphicalElement ID="cblock_4" HPOS="149" VPOS="424" WIDTH="863" HEIGHT="8"></GraphicalElement >
				<ComposedBlock ID="cblock_5" HPOS="217" VPOS="556" WIDTH="459" HEIGHT="24">
					<TextBlock ID="block_4" HPOS="217" VPOS="556" WIDTH="459" HEIGHT="24">
						<TextLine ID="line_4" HPOS="217" VPOS="556" WIDTH="459" HEIGHT="24">
							<String ID="string_9" HPOS="217" VPOS="556" WIDTH="68" HEIGHT="23" WC="0.92" CONTENT="Enligt"/><SP WIDTH="9" VPOS="556" HPOS="285"/>
							<String ID="string_10" HPOS="294" VPOS="556" WIDTH="50" HEIGHT="18" WC="0.94" CONTENT="1905"/><SP WIDTH="12" VPOS="556" HPOS="344"/>
							<String ID="string_11" HPOS="356" VPOS="556" WIDTH="31" HEIGHT="18" WC="0.96" CONTENT="års"/><SP WIDTH="11" VPOS="556" HPOS="387"/>
							<String ID="string_12" HPOS="398" VPOS="556" WIDTH="146" HEIGHT="19" WC="0.93" CONTENT="extraordinarie"/><SP WIDTH="12" VPOS="556" HPOS="544"/>
							<String ID="string_13" HPOS="556" VPOS="557" WIDTH="120" HEIGHT="23" WC="0.89" CONTENT="statsförslag."/>
						</TextLine>
					</TextBlock>
				</ComposedBlock>
				<ComposedBlock ID="cblock_6" HPOS="152" VPOS="619" WIDTH="571" HEIGHT="94">
					<TextBlock ID="block_5" HPOS="152" VPOS="619" WIDTH="571" HEIGHT="94">
						<TextLine ID="line_5" HPOS="168" VPOS="619" WIDTH="555" HEIGHT="26">
							<String ID="string_14" HPOS="168" VPOS="621" WIDTH="40" HEIGHT="18" WC="0.96" CONTENT="För"/><SP WIDTH="17" VPOS="621" HPOS="208"/>
							<String ID="string_15" HPOS="225" VPOS="619" WIDTH="123" HEIGHT="24" WC="0.96" CONTENT="uppförande"/><SP WIDTH="18" VPOS="619" HPOS="348"/>
							<String ID="string_16" HPOS="366" VPOS="619" WIDTH="20" HEIGHT="18" WC="0.96" CONTENT="af"/><SP WIDTH="17" VPOS="619" HPOS="386"/>
							<String ID="string_17" HPOS="403" VPOS="621" WIDTH="30" HEIGHT="17" WC="0.96" CONTENT="ett"/><SP WIDTH="18" VPOS="621" HPOS="433"/>
							<String ID="string_18" HPOS="451" VPOS="620" WIDTH="81" HEIGHT="23" WC="0.95" CONTENT="sjukhus"/><SP WIDTH="18" VPOS="620" HPOS="532"/>
							<String ID="string_19" HPOS="550" VPOS="620" WIDTH="32" HEIGHT="19" WC="0.96" CONTENT="för"/><SP WIDTH="16" VPOS="620" HPOS="582"/>
							<String ID="string_20" HPOS="598" VPOS="620" WIDTH="125" HEIGHT="25" WC="0.96" CONTENT="sinnessjuka"/>
						</TextLine>
						<TextLine ID="line_6" HPOS="202" VPOS="649" WIDTH="520" HEIGHT="30">
							<String ID="string_21" HPOS="202" VPOS="655" WIDTH="72" HEIGHT="24" WC="0.96" CONTENT="fångar"/><SP WIDTH="11" VPOS="655" HPOS="274"/>
							<String ID="string_22" HPOS="285" VPOS="655" WIDTH="35" HEIGHT="17" WC="0.93" CONTENT="vid"/><SP WIDTH="10" VPOS="655" HPOS="320"/>
							<String ID="string_23" HPOS="330" VPOS="655" WIDTH="107" HEIGHT="18" WC="0.92" CONTENT="tukshuset"/><SP WIDTH="15" VPOS="655" HPOS="437"/>
							<String ID="string_24" HPOS="452" VPOS="654" WIDTH="4" HEIGHT="18" WC="0.96" CONTENT="i"/><SP WIDTH="10" VPOS="654" HPOS="456"/>
							<String ID="string_25" HPOS="466" VPOS="649" WIDTH="44" HEIGHT="24" WC="0.92" CONTENT="Åbo"/><SP WIDTH="24" VPOS="649" HPOS="510"/>
							<String ID="string_26" HPOS="534" VPOS="669" WIDTH="3" HEIGHT="3" WC="0.74" CONTENT="."/><SP WIDTH="20" VPOS="669" HPOS="537"/>
							<String ID="string_27" HPOS="557" VPOS="669" WIDTH="4" HEIGHT="4" WC="0.32" CONTENT="."/><SP WIDTH="19" VPOS="669" HPOS="561"/>
							<String ID="string_28" HPOS="580" VPOS="669" WIDTH="142" HEIGHT="4" WC="0.23" CONTENT="......."/>
						</TextLine>
						<TextLine ID="line_7" HPOS="152" VPOS="688" WIDTH="571" HEIGHT="25">
							<String ID="string_29" HPOS="152" VPOS="691" WIDTH="2" HEIGHT="3" WC="0.91" CONTENT="j"/><SP WIDTH="14" VPOS="691" HPOS="154"/>
							<String ID="string_30" HPOS="168" VPOS="690" WIDTH="40" HEIGHT="17" WC="0.96" CONTENT="För"/><SP WIDTH="16" VPOS="690" HPOS="208"/>
							<String ID="string_31" HPOS="224" VPOS="688" WIDTH="105" HEIGHT="19" WC="0.95" CONTENT="underhåll"/><SP WIDTH="16" VPOS="688" HPOS="329"/>
							<String ID="string_32" HPOS="345" VPOS="689" WIDTH="20" HEIGHT="18" WC="0.96" CONTENT="af"/><SP WIDTH="14" VPOS="689" HPOS="365"/>
							<String ID="string_33" HPOS="379" VPOS="690" WIDTH="30" HEIGHT="17" WC="0.96" CONTENT="ett"/><SP WIDTH="15" VPOS="690" HPOS="409"/>
							<String ID="string_34" HPOS="424" VPOS="690" WIDTH="110" HEIGHT="22" WC="0.93" CONTENT="temporärt"/><SP WIDTH="13" VPOS="690" HPOS="534"/>
							<String ID="string_35" HPOS="547" VPOS="689" WIDTH="176" HEIGHT="24" WC="0.91" CONTENT="militärsjukhus"/><SP WIDTH="-10" VPOS="689" HPOS="723"/>
							<String ID="string_36" HPOS="713" VPOS="684" WIDTH="13" HEIGHT="33" WC="0.96" CONTENT="i"/>
						</TextLine>
					</TextBlock>
				</ComposedBlock>
				<ComposedBlock ID="cblock_7" HPOS="154" VPOS="757" WIDTH="571" HEIGHT="406">
					<TextBlock ID="block_6" HPOS="154" VPOS="757" WIDTH="571" HEIGHT="406">
						<TextLine ID="line_8" HPOS="169" VPOS="757" WIDTH="554" HEIGHT="25">
							<String ID="string_37" HPOS="169" VPOS="759" WIDTH="40" HEIGHT="18" WC="0.94" CONTENT="Till"/><SP WIDTH="23" VPOS="759" HPOS="209"/>
							<String ID="string_38" HPOS="232" VPOS="758" WIDTH="143" HEIGHT="24" WC="0.96" CONTENT="nybyggnader"/><SP WIDTH="28" VPOS="758" HPOS="375"/>
							<String ID="string_39" HPOS="403" VPOS="757" WIDTH="33" HEIGHT="19" WC="0.93" CONTENT="för"/><SP WIDTH="26" VPOS="757" HPOS="436"/>
							<String ID="string_40" HPOS="462" VPOS="758" WIDTH="228" HEIGHT="24" WC="0.90" CONTENT="skogvaktareskolorna"/><SP WIDTH="22" VPOS="758" HPOS="690"/>
							<String ID="string_41" HPOS="712" VPOS="759" WIDTH="11" HEIGHT="18" WC="0.92" CONTENT="&amp;"/>
						</TextLine>
						<TextLine ID="line_9" HPOS="203" VPOS="792" WIDTH="520" HEIGHT="19">
							<String ID="string_42" HPOS="203" VPOS="793" WIDTH="104" HEIGHT="18" WC="0.96" CONTENT="Nikkarila"/><SP WIDTH="12" VPOS="793" HPOS="307"/>
							<String ID="string_43" HPOS="319" VPOS="793" WIDTH="37" HEIGHT="18" WC="0.96" CONTENT="och"/><SP WIDTH="11" VPOS="793" HPOS="356"/>
							<String ID="string_44" HPOS="367" VPOS="793" WIDTH="8" HEIGHT="17" WC="0.96" CONTENT="i"/><SP WIDTH="10" VPOS="793" HPOS="375"/>
							<String ID="string_45" HPOS="385" VPOS="792" WIDTH="119" HEIGHT="19" WC="0.92" CONTENT="Rovaniemi."/><SP WIDTH="33" VPOS="792" HPOS="504"/>
							<String ID="string_46" HPOS="537" VPOS="807" WIDTH="1" HEIGHT="4" WC="0.80" CONTENT="."/><SP WIDTH="19" VPOS="807" HPOS="538"/>
							<String ID="string_47" HPOS="557" VPOS="807" WIDTH="4" HEIGHT="3" WC="0.19" CONTENT="."/><SP WIDTH="20" VPOS="807" HPOS="561"/>
							<String ID="string_48" HPOS="581" VPOS="807" WIDTH="2" HEIGHT="3" WC="0.44" CONTENT="."/><SP WIDTH="20" VPOS="807" HPOS="583"/>
							<String ID="string_49" HPOS="603" VPOS="807" WIDTH="4" HEIGHT="4" WC="0.44" CONTENT="."/><SP WIDTH="19" VPOS="807" HPOS="607"/>
							<String ID="string_50" HPOS="626" VPOS="807" WIDTH="4" HEIGHT="4" WC="0.53" CONTENT="."/><SP WIDTH="19" VPOS="807" HPOS="630"/>
							<String ID="string_51" HPOS="649" VPOS="807" WIDTH="5" HEIGHT="4" WC="0.32" CONTENT="."/><SP WIDTH="19" VPOS="807" HPOS="654"/>
							<String ID="string_52" HPOS="673" VPOS="807" WIDTH="50" HEIGHT="4" WC="0.32" CONTENT="..."/>
						</TextLine>
						<TextLine ID="line_10" HPOS="169" VPOS="826" WIDTH="555" HEIGHT="26">
							<String ID="string_53" HPOS="169" VPOS="828" WIDTH="40" HEIGHT="18" WC="0.93" CONTENT="Till"/><SP WIDTH="14" VPOS="828" HPOS="209"/>
							<String ID="string_54" HPOS="223" VPOS="827" WIDTH="156" HEIGHT="19" WC="0.91" CONTENT="föranstaltande"/><SP WIDTH="17" VPOS="827" HPOS="379"/>
							<String ID="string_55" HPOS="396" VPOS="826" WIDTH="22" HEIGHT="18" WC="0.96" CONTENT="af"/><SP WIDTH="12" VPOS="826" HPOS="418"/>
							<String ID="string_56" HPOS="430" VPOS="832" WIDTH="25" HEIGHT="13" WC="0.93" CONTENT="en"/><SP WIDTH="14" VPOS="832" HPOS="455"/>
							<String ID="string_57" HPOS="469" VPOS="826" WIDTH="236" HEIGHT="26" WC="0.72" CONTENT="landtbruksutställning"/><SP WIDTH="11" VPOS="826" HPOS="705"/>
							<String ID="string_58" HPOS="716" VPOS="828" WIDTH="8" HEIGHT="18" WC="0.96" CONTENT="i"/>
						</TextLine>
						<TextLine ID="line_11" HPOS="204" VPOS="861" WIDTH="519" HEIGHT="25">
							<String ID="string_59" HPOS="204" VPOS="862" WIDTH="80" HEIGHT="24" WC="0.96" CONTENT="Kuopio"/><SP WIDTH="14" VPOS="862" HPOS="284"/>
							<String ID="string_60" HPOS="298" VPOS="861" WIDTH="44" HEIGHT="19" WC="0.96" CONTENT="stad"/><SP WIDTH="11" VPOS="861" HPOS="342"/>
							<String ID="string_61" HPOS="353" VPOS="862" WIDTH="22" HEIGHT="17" WC="0.96" CONTENT="är"/><SP WIDTH="12" VPOS="862" HPOS="375"/>
							<String ID="string_62" HPOS="387" VPOS="862" WIDTH="45" HEIGHT="18" WC="0.86" CONTENT="1906."/><SP WIDTH="34" VPOS="862" HPOS="432"/>
							<String ID="string_63" HPOS="466" VPOS="875" WIDTH="3" HEIGHT="4" WC="0.84" CONTENT="."/><SP WIDTH="22" VPOS="875" HPOS="469"/>
							<String ID="string_64" HPOS="491" VPOS="876" WIDTH="1" HEIGHT="4" WC="0.49" CONTENT="."/><SP WIDTH="19" VPOS="876" HPOS="492"/>
							<String ID="string_65" HPOS="511" VPOS="875" WIDTH="212" HEIGHT="5" WC="0.21" CONTENT="ne."/>
						</TextLine>
						<TextLine ID="line_12" HPOS="169" VPOS="896" WIDTH="554" HEIGHT="24">
							<String ID="string_66" HPOS="169" VPOS="897" WIDTH="40" HEIGHT="18" WC="0.93" CONTENT="För"/><SP WIDTH="11" VPOS="897" HPOS="209"/>
							<String ID="string_67" HPOS="220" VPOS="896" WIDTH="135" HEIGHT="24" WC="0.92" CONTENT="kanalisering"/><SP WIDTH="12" VPOS="896" HPOS="355"/>
							<String ID="string_68" HPOS="367" VPOS="896" WIDTH="22" HEIGHT="18" WC="0.93" CONTENT="af"/><SP WIDTH="7" VPOS="896" HPOS="389"/>
							<String ID="string_69" HPOS="396" VPOS="896" WIDTH="145" HEIGHT="24" WC="0.92" CONTENT="vattendragen"/><SP WIDTH="9" VPOS="896" HPOS="541"/>
							<String ID="string_70" HPOS="550" VPOS="896" WIDTH="84" HEIGHT="19" WC="0.91" CONTENT="emellan"/><SP WIDTH="8" VPOS="896" HPOS="634"/>
							<String ID="string_71" HPOS="642" VPOS="897" WIDTH="81" HEIGHT="18" WC="0.92" CONTENT="Kerma-"/>
						</TextLine>
						<TextLine ID="line_13" HPOS="204" VPOS="930" WIDTH="520" HEIGHT="25">
							<String ID="string_72" HPOS="204" VPOS="931" WIDTH="51" HEIGHT="24" WC="0.95" CONTENT="järvi"/><SP WIDTH="11" VPOS="931" HPOS="255"/>
							<String ID="string_73" HPOS="266" VPOS="931" WIDTH="38" HEIGHT="18" WC="0.93" CONTENT="och"/><SP WIDTH="12" VPOS="931" HPOS="304"/>
							<String ID="string_74" HPOS="316" VPOS="930" WIDTH="129" HEIGHT="20" WC="0.91" CONTENT="Joutsenvesi"/><SP WIDTH="12" VPOS="930" HPOS="445"/>
							<String ID="string_75" HPOS="457" VPOS="930" WIDTH="53" HEIGHT="24" WC="0.87" CONTENT="sjöar"/><SP WIDTH="24" VPOS="930" HPOS="510"/>
							<String ID="string_76" HPOS="534" VPOS="945" WIDTH="4" HEIGHT="3" WC="0.73" CONTENT="."/><SP WIDTH="20" VPOS="945" HPOS="538"/>
							<String ID="string_77" HPOS="558" VPOS="945" WIDTH="3" HEIGHT="4" WC="0.60" CONTENT="."/><SP WIDTH="20" VPOS="945" HPOS="561"/>
							<String ID="string_78" HPOS="581" VPOS="945" WIDTH="3" HEIGHT="3" WC="0.36" CONTENT="."/><SP WIDTH="20" VPOS="945" HPOS="584"/>
							<String ID="string_79" HPOS="604" VPOS="945" WIDTH="4" HEIGHT="4" WC="0.36" CONTENT="."/><SP WIDTH="19" VPOS="945" HPOS="608"/>
							<String ID="string_80" HPOS="627" VPOS="945" WIDTH="3" HEIGHT="4" WC="0.59" CONTENT="."/><SP WIDTH="21" VPOS="945" HPOS="630"/>
							<String ID="string_81" HPOS="651" VPOS="945" WIDTH="3" HEIGHT="4" WC="0.43" CONTENT="."/><SP WIDTH="19" VPOS="945" HPOS="654"/>
							<String ID="string_82" HPOS="673" VPOS="945" WIDTH="51" HEIGHT="5" WC="0.43" CONTENT="..."/>
						</TextLine>
						<TextLine ID="line_14" HPOS="154" VPOS="965" WIDTH="571" HEIGHT="24">
							<String ID="string_83" HPOS="154" VPOS="973" WIDTH="2" HEIGHT="2" WC="0.74" CONTENT="|"/><SP WIDTH="13" VPOS="973" HPOS="156"/>
							<String ID="string_84" HPOS="169" VPOS="966" WIDTH="41" HEIGHT="18" WC="0.93" CONTENT="För"/><SP WIDTH="11" VPOS="966" HPOS="210"/>
							<String ID="string_85" HPOS="221" VPOS="965" WIDTH="135" HEIGHT="24" WC="0.92" CONTENT="kanalisering"/><SP WIDTH="12" VPOS="965" HPOS="356"/>
							<String ID="string_86" HPOS="368" VPOS="965" WIDTH="19" HEIGHT="18" WC="0.93" CONTENT="af"/><SP WIDTH="10" VPOS="965" HPOS="387"/>
							<String ID="string_87" HPOS="397" VPOS="965" WIDTH="90" HEIGHT="19" WC="0.96" CONTENT="farleden"/><SP WIDTH="8" VPOS="965" HPOS="487"/>
							<String ID="string_88" HPOS="495" VPOS="965" WIDTH="85" HEIGHT="19" WC="0.93" CONTENT="emellan"/><SP WIDTH="7" VPOS="965" HPOS="580"/>
							<String ID="string_89" HPOS="587" VPOS="965" WIDTH="138" HEIGHT="19" WC="0.90" CONTENT="Keiturikoski"/>
						</TextLine>
						<TextLine ID="line_15" HPOS="206" VPOS="1000" WIDTH="466" HEIGHT="19">
							<String ID="string_90" HPOS="206" VPOS="1000" WIDTH="37" HEIGHT="19" WC="0.93" CONTENT="och"/><SP WIDTH="12" VPOS="1000" HPOS="243"/>
							<String ID="string_91" HPOS="255" VPOS="1000" WIDTH="141" HEIGHT="18" WC="0.91" CONTENT="Herraiskoski"/><SP WIDTH="10" VPOS="1000" HPOS="396"/>
							<String ID="string_92" HPOS="406" VPOS="1000" WIDTH="65" HEIGHT="18" WC="0.93" CONTENT="forsar"/><SP WIDTH="10" VPOS="1000" HPOS="471"/>
							<String ID="string_93" HPOS="481" VPOS="1000" WIDTH="9" HEIGHT="18" WC="0.93" CONTENT="i"/><SP WIDTH="11" VPOS="1000" HPOS="490"/>
							<String ID="string_94" HPOS="501" VPOS="1000" WIDTH="79" HEIGHT="19" WC="0.92" CONTENT="Virdois"/><SP WIDTH="13" VPOS="1000" HPOS="580"/>
							<String ID="string_95" HPOS="593" VPOS="1001" WIDTH="79" HEIGHT="17" WC="0.96" CONTENT="socken."/>
						</TextLine>
						<TextLine ID="line_16" HPOS="169" VPOS="1034" WIDTH="555" HEIGHT="25">
							<String ID="string_96" HPOS="169" VPOS="1036" WIDTH="41" HEIGHT="18" WC="0.93" CONTENT="För"/><SP WIDTH="17" VPOS="1036" HPOS="210"/>
							<String ID="string_97" HPOS="227" VPOS="1035" WIDTH="136" HEIGHT="24" WC="0.92" CONTENT="kanalisering"/><SP WIDTH="17" VPOS="1035" HPOS="363"/>
							<String ID="string_98" HPOS="380" VPOS="1034" WIDTH="21" HEIGHT="19" WC="0.93" CONTENT="af"/><SP WIDTH="15" VPOS="1034" HPOS="401"/>
							<String ID="string_99" HPOS="416" VPOS="1035" WIDTH="106" HEIGHT="23" WC="0.90" CONTENT="Kiurujoki"/><SP WIDTH="18" VPOS="1035" HPOS="522"/>
							<String ID="string_100" HPOS="540" VPOS="1036" WIDTH="12" HEIGHT="17" WC="0.92" CONTENT="&amp;"/><SP WIDTH="15" VPOS="1036" HPOS="552"/>
							<String ID="string_101" HPOS="567" VPOS="1035" WIDTH="44" HEIGHT="18" WC="0.92" CONTENT="irän"/><SP WIDTH="15" VPOS="1035" HPOS="611"/>
							<String ID="string_102" HPOS="626" VPOS="1035" WIDTH="52" HEIGHT="19" WC="0.96" CONTENT="Niva"/><SP WIDTH="11" VPOS="1035" HPOS="678"/>
							<String ID="string_103" HPOS="689" VPOS="1036" WIDTH="35" HEIGHT="18" WC="0.96" CONTENT="bro"/>
						</TextLine>
						<TextLine ID="line_17" HPOS="204" VPOS="1070" WIDTH="520" HEIGHT="24">
							<String ID="string_104" HPOS="204" VPOS="1070" WIDTH="63" HEIGHT="24" WC="0.25" CONTENT="UPPÅT"/><SP WIDTH="15" VPOS="1070" HPOS="267"/>
							<String ID="string_105" HPOS="282" VPOS="1084" WIDTH="4" HEIGHT="4" WC="0.71" CONTENT="«"/><SP WIDTH="19" VPOS="1084" HPOS="286"/>
							<String ID="string_106" HPOS="305" VPOS="1082" WIDTH="4" HEIGHT="6" WC="0.34" CONTENT="x"/><SP WIDTH="19" VPOS="1082" HPOS="309"/>
							<String ID="string_107" HPOS="328" VPOS="1066" WIDTH="50" HEIGHT="32" WC="0.0" CONTENT="sofa"/><SP WIDTH="19" VPOS="1066" HPOS="378"/>
							<String ID="string_108" HPOS="397" VPOS="1084" WIDTH="50" HEIGHT="4" WC="0.29" CONTENT="srt"/><SP WIDTH="20" VPOS="1084" HPOS="447"/>
							<String ID="string_109" HPOS="467" VPOS="1083" WIDTH="3" HEIGHT="5" WC="0.47" CONTENT="v"/><SP WIDTH="19" VPOS="1083" HPOS="470"/>
							<String ID="string_110" HPOS="489" VPOS="1084" WIDTH="4" HEIGHT="4" WC="0.37" CONTENT="a"/><SP WIDTH="20" VPOS="1084" HPOS="493"/>
							<String ID="string_111" HPOS="513" VPOS="1084" WIDTH="211" HEIGHT="4" WC="0.4" CONTENT="ammai"/><SP WIDTH="-76" VPOS="1084" HPOS="724"/>
							<String ID="string_112" HPOS="648" VPOS="1066" WIDTH="11" HEIGHT="32" WC="0.75" CONTENT="4"/><SP WIDTH="10" VPOS="1066" HPOS="659"/>
							<String ID="string_113" HPOS="669" VPOS="1066" WIDTH="11" HEIGHT="32" WC="0.46" CONTENT="a"/><SP WIDTH="13" VPOS="1066" HPOS="680"/>
							<String ID="string_114" HPOS="693" VPOS="1066" WIDTH="11" HEIGHT="32" WC="0.37" CONTENT="8"/><SP WIDTH="13" VPOS="1066" HPOS="704"/>
							<String ID="string_115" HPOS="717" VPOS="1066" WIDTH="11" HEIGHT="32" WC="0.23" CONTENT="5"/>
						</TextLine>
						<TextLine ID="line_18" HPOS="171" VPOS="1104" WIDTH="554" HEIGHT="24">
							<String ID="string_116" HPOS="171" VPOS="1105" WIDTH="40" HEIGHT="18" WC="0.86" CONTENT="Till"/><SP WIDTH="11" VPOS="1105" HPOS="211"/>
							<String ID="string_117" HPOS="222" VPOS="1104" WIDTH="135" HEIGHT="19" WC="0.95" CONTENT="förbättrande"/><SP WIDTH="12" VPOS="1104" HPOS="357"/>
							<String ID="string_118" HPOS="369" VPOS="1104" WIDTH="20" HEIGHT="19" WC="0.96" CONTENT="af"/><SP WIDTH="11" VPOS="1104" HPOS="389"/>
							<String ID="string_119" HPOS="400" VPOS="1104" WIDTH="73" HEIGHT="24" WC="0.92" CONTENT="Hangö"/><SP WIDTH="12" VPOS="1104" HPOS="473"/>
							<String ID="string_120" HPOS="485" VPOS="1104" WIDTH="61" HEIGHT="18" WC="0.91" CONTENT="hamn"/><SP WIDTH="14" VPOS="1104" HPOS="546"/>
							<String ID="string_121" HPOS="560" VPOS="1118" WIDTH="2" HEIGHT="4" WC="0.77" CONTENT="."/><SP WIDTH="20" VPOS="1118" HPOS="562"/>
							<String ID="string_122" HPOS="582" VPOS="1118" WIDTH="4" HEIGHT="4" WC="0.79" CONTENT="."/><SP WIDTH="19" VPOS="1118" HPOS="586"/>
							<String ID="string_123" HPOS="605" VPOS="1118" WIDTH="4" HEIGHT="4" WC="0.55" CONTENT="."/><SP WIDTH="20" VPOS="1118" HPOS="609"/>
							<String ID="string_124" HPOS="629" VPOS="1119" WIDTH="3" HEIGHT="3" WC="0.61" CONTENT="."/><SP WIDTH="19" VPOS="1119" HPOS="632"/>
							<String ID="string_125" HPOS="651" VPOS="1119" WIDTH="4" HEIGHT="3" WC="0.38" CONTENT="."/><SP WIDTH="19" VPOS="1119" HPOS="655"/>
							<String ID="string_126" HPOS="674" VPOS="1119" WIDTH="51" HEIGHT="4" WC="0.38" CONTENT="..."/>
						</TextLine>
						<TextLine ID="line_19" HPOS="170" VPOS="1139" WIDTH="555" HEIGHT="24">
							<String ID="string_127" HPOS="170" VPOS="1140" WIDTH="40" HEIGHT="18" WC="0.92" CONTENT="För"/><SP WIDTH="14" VPOS="1140" HPOS="210"/>
							<String ID="string_128" HPOS="224" VPOS="1139" WIDTH="135" HEIGHT="24" WC="0.92" CONTENT="kanalisering"/><SP WIDTH="12" VPOS="1139" HPOS="359"/>
							<String ID="string_129" HPOS="371" VPOS="1139" WIDTH="22" HEIGHT="18" WC="0.93" CONTENT="af"/><SP WIDTH="8" VPOS="1139" HPOS="393"/>
							<String ID="string_130" HPOS="401" VPOS="1139" WIDTH="122" HEIGHT="19" WC="0.91" CONTENT="Lastukoski"/><SP WIDTH="10" VPOS="1139" HPOS="523"/>
							<String ID="string_131" HPOS="533" VPOS="1139" WIDTH="43" HEIGHT="19" WC="0.96" CONTENT="fors"/><SP WIDTH="12" VPOS="1139" HPOS="576"/>
							<String ID="string_132" HPOS="588" VPOS="1139" WIDTH="8" HEIGHT="18" WC="0.96" CONTENT="i"/><SP WIDTH="10" VPOS="1139" HPOS="596"/>
							<String ID="string_133" HPOS="606" VPOS="1139" WIDTH="65" HEIGHT="19" WC="0.93" CONTENT="Nilsiä"/><SP WIDTH="11" VPOS="1139" HPOS="671"/>
							<String ID="string_134" HPOS="682" VPOS="1144" WIDTH="43" HEIGHT="14" WC="0.92" CONTENT="soc-"/>
						</TextLine>
					</TextBlock>
				</ComposedBlock>
				<ComposedBlock ID="cblock_8" HPOS="155" VPOS="1207" WIDTH="571" HEIGHT="95">
					<TextBlock ID="block_7" HPOS="155" VPOS="1207" WIDTH="571" HEIGHT="95">
						<TextLine ID="line_20" HPOS="155" VPOS="1207" WIDTH="571" HEIGHT="25">
							<String ID="string_135" HPOS="155" VPOS="1207" WIDTH="2" HEIGHT="5" WC="0.91" CONTENT="|"/><SP WIDTH="14" VPOS="1207" HPOS="157"/>
							<String ID="string_136" HPOS="171" VPOS="1210" WIDTH="40" HEIGHT="17" WC="0.96" CONTENT="För"/><SP WIDTH="17" VPOS="1210" HPOS="211"/>
							<String ID="string_137" HPOS="228" VPOS="1208" WIDTH="106" HEIGHT="24" WC="0.95" CONTENT="byggande"/><SP WIDTH="18" VPOS="1208" HPOS="334"/>
							<String ID="string_138" HPOS="352" VPOS="1208" WIDTH="19" HEIGHT="18" WC="0.92" CONTENT="ai"/><SP WIDTH="18" VPOS="1208" HPOS="371"/>
							<String ID="string_139" HPOS="389" VPOS="1214" WIDTH="26" HEIGHT="12" WC="0.93" CONTENT="en"/><SP WIDTH="14" VPOS="1214" HPOS="415"/>
							<String ID="string_140" HPOS="429" VPOS="1208" WIDTH="97" HEIGHT="24" WC="0.92" CONTENT="landsväg"/><SP WIDTH="12" VPOS="1208" HPOS="526"/>
							<String ID="string_141" HPOS="538" VPOS="1208" WIDTH="86" HEIGHT="18" WC="0.92" CONTENT="emellan"/><SP WIDTH="10" VPOS="1208" HPOS="624"/>
							<String ID="string_142" HPOS="634" VPOS="1208" WIDTH="92" HEIGHT="18" WC="0.91" CONTENT="Muonio-"/>
						</TextLine>
						<TextLine ID="line_21" HPOS="207" VPOS="1243" WIDTH="518" HEIGHT="24">
							<String ID="string_143" HPOS="207" VPOS="1243" WIDTH="57" HEIGHT="18" WC="0.96" CONTENT="niska"/><SP WIDTH="12" VPOS="1243" HPOS="264"/>
							<String ID="string_144" HPOS="276" VPOS="1243" WIDTH="38" HEIGHT="18" WC="0.93" CONTENT="och"/><SP WIDTH="10" VPOS="1243" HPOS="314"/>
							<String ID="string_145" HPOS="324" VPOS="1243" WIDTH="111" HEIGHT="18" WC="0.95" CONTENT="Enontekis"/><SP WIDTH="11" VPOS="1243" HPOS="435"/>
							<String ID="string_146" HPOS="446" VPOS="1243" WIDTH="74" HEIGHT="24" WC="0.93" CONTENT="kyrkor"/><SP WIDTH="17" VPOS="1243" HPOS="520"/>
							<String ID="string_147" HPOS="537" VPOS="1257" WIDTH="188" HEIGHT="4" WC="0.0" CONTENT="0..."/><SP WIDTH="-94" VPOS="1257" HPOS="725"/>
							<String ID="string_148" HPOS="631" VPOS="1239" WIDTH="44" HEIGHT="32" WC="0.0" CONTENT="ss."/><SP WIDTH="20" VPOS="1239" HPOS="675"/>
							<String ID="string_149" HPOS="695" VPOS="1239" WIDTH="34" HEIGHT="32" WC="0.39" CONTENT="cc"/>
						</TextLine>
						<TextLine ID="line_22" HPOS="171" VPOS="1277" WIDTH="555" HEIGHT="25">
							<String ID="string_150" HPOS="171" VPOS="1278" WIDTH="41" HEIGHT="18" WC="0.95" CONTENT="För"/><SP WIDTH="10" VPOS="1278" HPOS="212"/>
							<String ID="string_151" HPOS="222" VPOS="1277" WIDTH="107" HEIGHT="25" WC="0.95" CONTENT="byggande"/><SP WIDTH="13" VPOS="1277" HPOS="329"/>
							<String ID="string_152" HPOS="342" VPOS="1277" WIDTH="21" HEIGHT="18" WC="0.96" CONTENT="af"/><SP WIDTH="9" VPOS="1277" HPOS="363"/>
							<String ID="string_153" HPOS="372" VPOS="1283" WIDTH="36" HEIGHT="13" WC="0.93" CONTENT="sex"/><SP WIDTH="10" VPOS="1283" HPOS="408"/>
							<String ID="string_154" HPOS="418" VPOS="1277" WIDTH="198" HEIGHT="25" WC="0.92" CONTENT="järnvägsvaggoner"/><SP WIDTH="10" VPOS="1277" HPOS="616"/>
							<String ID="string_155" HPOS="626" VPOS="1277" WIDTH="33" HEIGHT="19" WC="0.91" CONTENT="för"/><SP WIDTH="10" VPOS="1277" HPOS="659"/>
							<String ID="string_156" HPOS="669" VPOS="1277" WIDTH="57" HEIGHT="19" WC="0.96" CONTENT="Hans"/>
						</TextLine>
					</TextBlock>
				</ComposedBlock>
				<GraphicalElement ID="cblock_9" HPOS="152" VPOS="430" WIDTH="7" HEIGHT="881"></GraphicalElement >
				<ComposedBlock ID="cblock_10" HPOS="203" VPOS="723" WIDTH="525" HEIGHT="24">
					<TextBlock ID="block_8" HPOS="203" VPOS="723" WIDTH="525" HEIGHT="24">
						<TextLine ID="line_23" HPOS="203" VPOS="723" WIDTH="525" HEIGHT="24">
							<String ID="string_157" HPOS="203" VPOS="723" WIDTH="164" HEIGHT="19" WC="0.91" CONTENT="Fredrikshamns"/><SP WIDTH="13" VPOS="723" HPOS="367"/>
							<String ID="string_158" HPOS="380" VPOS="723" WIDTH="45" HEIGHT="18" WC="0.93" CONTENT="stad"/><SP WIDTH="12" VPOS="723" HPOS="425"/>
							<String ID="string_159" HPOS="437" VPOS="723" WIDTH="169" HEIGHT="24" WC="0.91" CONTENT="(förslagsanslag)"/><SP WIDTH="20" VPOS="723" HPOS="606"/>
							<String ID="string_160" HPOS="626" VPOS="739" WIDTH="4" HEIGHT="3" WC="0.81" CONTENT="."/><SP WIDTH="19" VPOS="739" HPOS="630"/>
							<String ID="string_161" HPOS="649" VPOS="739" WIDTH="4" HEIGHT="3" WC="0.64" CONTENT="."/><SP WIDTH="20" VPOS="739" HPOS="653"/>
							<String ID="string_162" HPOS="673" VPOS="739" WIDTH="3" HEIGHT="3" WC="0.16" CONTENT="."/><SP WIDTH="19" VPOS="739" HPOS="676"/>
							<String ID="string_163" HPOS="695" VPOS="739" WIDTH="28" HEIGHT="4" WC="0.16" CONTENT=".."/><SP WIDTH="3" VPOS="739" HPOS="723"/>
							<String ID="string_164" HPOS="726" VPOS="729" WIDTH="2" HEIGHT="2" WC="0.74" CONTENT="d"/>
						</TextLine>
					</TextBlock>
				</ComposedBlock>
				<ComposedBlock ID="cblock_11" HPOS="206" VPOS="1163" WIDTH="535" HEIGHT="29">
					<TextBlock ID="block_9" HPOS="206" VPOS="1163" WIDTH="535" HEIGHT="29">
						<TextLine ID="line_24" HPOS="206" VPOS="1163" WIDTH="535" HEIGHT="29">
							<String ID="string_165" HPOS="206" VPOS="1174" WIDTH="42" HEIGHT="18" WC="0.0" CONTENT="Kö"/><SP WIDTH="12" VPOS="1174" HPOS="248"/>
							<String ID="string_166" HPOS="260" VPOS="1188" WIDTH="4" HEIGHT="4" WC="0.30" CONTENT="s"/><SP WIDTH="19" VPOS="1188" HPOS="264"/>
							<String ID="string_167" HPOS="283" VPOS="1188" WIDTH="4" HEIGHT="4" WC="0.64" CONTENT="x"/><SP WIDTH="19" VPOS="1188" HPOS="287"/>
							<String ID="string_168" HPOS="306" VPOS="1188" WIDTH="4" HEIGHT="4" WC="0.67" CONTENT="a"/><SP WIDTH="19" VPOS="1188" HPOS="310"/>
							<String ID="string_169" HPOS="329" VPOS="1188" WIDTH="5" HEIGHT="4" WC="0.83" CONTENT="x"/><SP WIDTH="24" VPOS="1188" HPOS="334"/>
							<String ID="string_170" HPOS="358" VPOS="1187" WIDTH="43" HEIGHT="4" WC="0.21" CONTENT="see"/><SP WIDTH="29" VPOS="1187" HPOS="401"/>
							<String ID="string_171" HPOS="430" VPOS="1188" WIDTH="18" HEIGHT="4" WC="0.30" CONTENT="a"/><SP WIDTH="20" VPOS="1188" HPOS="448"/>
							<String ID="string_172" HPOS="468" VPOS="1188" WIDTH="3" HEIGHT="4" WC="0.17" CONTENT="8"/><SP WIDTH="20" VPOS="1188" HPOS="471"/>
							<String ID="string_173" HPOS="491" VPOS="1188" WIDTH="4" HEIGHT="4" WC="0.30" CONTENT="4"/><SP WIDTH="9" VPOS="1188" HPOS="495"/>
							<String ID="string_174" HPOS="504" VPOS="1170" WIDTH="13" HEIGHT="32" WC="0.52" CONTENT="OR"/><SP WIDTH="20" VPOS="1170" HPOS="517"/>
							<String ID="string_175" HPOS="537" VPOS="1170" WIDTH="26" HEIGHT="32" WC="0.33" CONTENT="mua"/><SP WIDTH="19" VPOS="1170" HPOS="563"/>
							<String ID="string_176" HPOS="582" VPOS="1170" WIDTH="27" HEIGHT="32" WC="0.38" CONTENT="RON"/><SP WIDTH="19" VPOS="1170" HPOS="609"/>
							<String ID="string_177" HPOS="628" VPOS="1188" WIDTH="28" HEIGHT="4" WC="0.28" CONTENT="RR"/><SP WIDTH="18" VPOS="1188" HPOS="656"/>
							<String ID="string_178" HPOS="674" VPOS="1188" WIDTH="4" HEIGHT="4" WC="0.84" CONTENT="4"/><SP WIDTH="20" VPOS="1188" HPOS="678"/>
							<String ID="string_179" HPOS="698" VPOS="1187" WIDTH="3" HEIGHT="4" WC="0.40" CONTENT="m"/><SP WIDTH="20" VPOS="1187" HPOS="701"/>
							<String ID="string_180" HPOS="721" VPOS="1188" WIDTH="4" HEIGHT="4" WC="0.65" CONTENT="6"/><SP WIDTH="14" VPOS="1188" HPOS="725"/>
							<String ID="string_181" HPOS="739" VPOS="1163" WIDTH="2" HEIGHT="13" WC="0.85" CONTENT="|"/>
						</TextLine>
					</TextBlock>
				</ComposedBlock>
				<GraphicalElement ID="cblock_12" HPOS="735" VPOS="432" WIDTH="8" HEIGHT="894"></GraphicalElement >
				<ComposedBlock ID="cblock_13" HPOS="206" VPOS="1312" WIDTH="642" HEIGHT="69">
					<TextBlock ID="block_10" HPOS="206" VPOS="1312" WIDTH="642" HEIGHT="64">
						<TextLine ID="line_25" HPOS="206" VPOS="1312" WIDTH="536" HEIGHT="24">
							<String ID="string_182" HPOS="206" VPOS="1312" WIDTH="115" HEIGHT="24" WC="0.96" CONTENT="Kejserliga"/><SP WIDTH="11" VPOS="1312" HPOS="321"/>
							<String ID="string_183" HPOS="332" VPOS="1312" WIDTH="103" HEIGHT="24" WC="0.91" CONTENT="Majestäts"/><SP WIDTH="11" VPOS="1312" HPOS="435"/>
							<String ID="string_184" HPOS="446" VPOS="1312" WIDTH="63" HEIGHT="18" WC="0.83" CONTENT="behof."/><SP WIDTH="28" VPOS="1312" HPOS="509"/>
							<String ID="string_185" HPOS="537" VPOS="1326" WIDTH="3" HEIGHT="4" WC="0.75" CONTENT="."/><SP WIDTH="19" VPOS="1326" HPOS="540"/>
							<String ID="string_186" HPOS="559" VPOS="1326" WIDTH="5" HEIGHT="4" WC="0.80" CONTENT="."/><SP WIDTH="19" VPOS="1326" HPOS="564"/>
							<String ID="string_187" HPOS="583" VPOS="1326" WIDTH="3" HEIGHT="4" WC="0.64" CONTENT="."/><SP WIDTH="20" VPOS="1326" HPOS="586"/>
							<String ID="string_188" HPOS="606" VPOS="1326" WIDTH="27" HEIGHT="4" WC="0.64" CONTENT=".."/><SP WIDTH="19" VPOS="1326" HPOS="633"/>
							<String ID="string_189" HPOS="652" VPOS="1325" WIDTH="74" HEIGHT="5" WC="0.9" CONTENT="se."/><SP WIDTH="14" VPOS="1325" HPOS="726"/>
							<String ID="string_190" HPOS="740" VPOS="1333" WIDTH="2" HEIGHT="2" WC="0.79" CONTENT="|"/>
						</TextLine>
						<TextLine ID="line_26" HPOS="618" VPOS="1341" WIDTH="230" HEIGHT="40">
							<String ID="string_191" HPOS="618" VPOS="1348" WIDTH="108" HEIGHT="33" WC="0.95" CONTENT="Transport"/><SP WIDTH="15" VPOS="1348" HPOS="726"/>
							<String ID="string_192" HPOS="741" VPOS="1341" WIDTH="2" HEIGHT="25" WC="0.91" CONTENT="|"/><SP WIDTH="14" VPOS="1341" HPOS="743"/>
							<String ID="string_193" HPOS="757" VPOS="1352" WIDTH="91" HEIGHT="24" WC="0.83" CONTENT="2,935,100]"/>
						</TextLine>
					</TextBlock>
				</ComposedBlock>
				<ComposedBlock ID="cblock_14" HPOS="786" VPOS="470" WIDTH="17" HEIGHT="61">
					<TextBlock ID="block_11" HPOS="786" VPOS="470" WIDTH="17" HEIGHT="61">
						<TextLine ID="line_27" HPOS="786" VPOS="470" WIDTH="17" HEIGHT="61">
							<String ID="string_194" HPOS="786" VPOS="470" WIDTH="17" HEIGHT="61" WC="0.12" CONTENT="Un"/>
						</TextLine>
					</TextBlock>
				</ComposedBlock>
				<ComposedBlock ID="cblock_15" HPOS="771" VPOS="657" WIDTH="74" HEIGHT="22">
					<TextBlock ID="block_12" HPOS="771" VPOS="657" WIDTH="74" HEIGHT="22">
						<TextLine ID="line_28" HPOS="771" VPOS="657" WIDTH="74" HEIGHT="22">
							<String ID="string_195" HPOS="771" VPOS="657" WIDTH="74" HEIGHT="22" WC="0.32" CONTENT="100,000"/>
						</TextLine>
					</TextBlock>
				</ComposedBlock>
				<ComposedBlock ID="cblock_16" HPOS="771" VPOS="726" WIDTH="74" HEIGHT="21">
					<TextBlock ID="block_13" HPOS="771" VPOS="726" WIDTH="74" HEIGHT="21">
						<TextLine ID="line_29" HPOS="771" VPOS="726" WIDTH="74" HEIGHT="21">
							<String ID="string_196" HPOS="771" VPOS="726" WIDTH="74" HEIGHT="21" WC="0.82" CONTENT="120,000"/>
						</TextLine>
					</TextBlock>
				</ComposedBlock>
				<ComposedBlock ID="cblock_17" HPOS="771" VPOS="795" WIDTH="74" HEIGHT="22">
					<TextBlock ID="block_14" HPOS="771" VPOS="795" WIDTH="74" HEIGHT="22">
						<TextLine ID="line_30" HPOS="771" VPOS="795" WIDTH="74" HEIGHT="22">
							<String ID="string_197" HPOS="771" VPOS="795" WIDTH="74" HEIGHT="22" WC="0.47" CONTENT="132,100"/>
						</TextLine>
					</TextBlock>
				</ComposedBlock>
				<ComposedBlock ID="cblock_18" HPOS="771" VPOS="864" WIDTH="76" HEIGHT="160">
					<TextBlock ID="block_15" HPOS="771" VPOS="864" WIDTH="76" HEIGHT="160">
						<TextLine ID="line_31" HPOS="771" VPOS="864" WIDTH="75" HEIGHT="21">
							<String ID="string_198" HPOS="771" VPOS="864" WIDTH="75" HEIGHT="21" WC="0.91" CONTENT="200,000"/>
						</TextLine>
						<TextLine ID="line_32" HPOS="783" VPOS="933" WIDTH="63" HEIGHT="22">
							<String ID="string_199" HPOS="783" VPOS="933" WIDTH="63" HEIGHT="22" WC="0.78" CONTENT="70,000"/>
						</TextLine>
						<TextLine ID="line_33" HPOS="773" VPOS="1002" WIDTH="74" HEIGHT="22">
							<String ID="string_200" HPOS="773" VPOS="1002" WIDTH="74" HEIGHT="22" WC="0.89" CONTENT="110,000]"/>
						</TextLine>
					</TextBlock>
				</ComposedBlock>
				<ComposedBlock ID="cblock_19" HPOS="755" VPOS="1071" WIDTH="92" HEIGHT="57">
					<TextBlock ID="block_16" HPOS="755" VPOS="1071" WIDTH="92" HEIGHT="57">
						<TextLine ID="line_34" HPOS="784" VPOS="1071" WIDTH="63" HEIGHT="22">
							<String ID="string_201" HPOS="784" VPOS="1071" WIDTH="63" HEIGHT="22" WC="0.85" CONTENT="70,000"/>
						</TextLine>
						<TextLine ID="line_35" HPOS="755" VPOS="1105" WIDTH="92" HEIGHT="23">
							<String ID="string_202" HPOS="755" VPOS="1105" WIDTH="92" HEIGHT="23" WC="0.80" CONTENT="1,450,000]"/>
						</TextLine>
					</TextBlock>
				</ComposedBlock>
				<ComposedBlock ID="cblock_20" HPOS="773" VPOS="1174" WIDTH="75" HEIGHT="91">
					<TextBlock ID="block_17" HPOS="773" VPOS="1174" WIDTH="75" HEIGHT="91">
						<TextLine ID="line_36" HPOS="773" VPOS="1174" WIDTH="74" HEIGHT="23">
							<String ID="string_203" HPOS="773" VPOS="1174" WIDTH="74" HEIGHT="23" WC="0.75" CONTENT="158,000"/>
						</TextLine>
						<TextLine ID="line_37" HPOS="774" VPOS="1243" WIDTH="74" HEIGHT="22">
							<String ID="string_204" HPOS="774" VPOS="1243" WIDTH="74" HEIGHT="22" WC="0.42" CONTENT="180,00"/>
						</TextLine>
					</TextBlock>
				</ComposedBlock>
				<ComposedBlock ID="cblock_21" HPOS="773" VPOS="1312" WIDTH="75" HEIGHT="22">
					<TextBlock ID="block_18" HPOS="773" VPOS="1312" WIDTH="75" HEIGHT="22">
						<TextLine ID="line_38" HPOS="773" VPOS="1312" WIDTH="75" HEIGHT="22">
							<String ID="string_205" HPOS="773" VPOS="1312" WIDTH="75" HEIGHT="22" WC="0.83" CONTENT="350,000"/>
						</TextLine>
					</TextBlock>
				</ComposedBlock>
				<ComposedBlock ID="cblock_22" HPOS="854" VPOS="466" WIDTH="18" HEIGHT="70">
					<TextBlock ID="block_19" HPOS="854" VPOS="466" WIDTH="18" HEIGHT="70">
						<TextLine ID="line_39" HPOS="854" VPOS="466" WIDTH="18" HEIGHT="70">
							<String ID="string_206" HPOS="854" VPOS="466" WIDTH="18" HEIGHT="70" WC="0.3" CONTENT="Tao]"/>
						</TextLine>
					</TextBlock>
				</ComposedBlock>
				<GraphicalElement ID="cblock_23" HPOS="847" VPOS="451" WIDTH="6" HEIGHT="925"></GraphicalElement >
				<ComposedBlock ID="cblock_24" HPOS="923" VPOS="468" WIDTH="18" HEIGHT="62">
					<TextBlock ID="block_20" HPOS="923" VPOS="468" WIDTH="18" HEIGHT="62">
						<TextLine ID="line_40" HPOS="923" VPOS="468" WIDTH="18" HEIGHT="62">
							<String ID="string_207" HPOS="923" VPOS="468" WIDTH="18" HEIGHT="62" WC="0.28" CONTENT="STEN"/>
						</TextLine>
					</TextBlock>
				</ComposedBlock>
				<ComposedBlock ID="cblock_25" HPOS="991" VPOS="465" WIDTH="19" HEIGHT="70">
					<TextBlock ID="block_21" HPOS="991" VPOS="465" WIDTH="19" HEIGHT="70">
						<TextLine ID="line_41" HPOS="991" VPOS="465" WIDTH="19" HEIGHT="70">
							<String ID="string_208" HPOS="991" VPOS="465" WIDTH="19" HEIGHT="70" WC="0.8" CONTENT="&quot;tuuod"/>
						</TextLine>
					</TextBlock>
				</ComposedBlock>
				<GraphicalElement ID="cblock_26" HPOS="1012" VPOS="430" WIDTH="7" HEIGHT="944"></GraphicalElement >
				<GraphicalElement ID="cblock_27" HPOS="982" VPOS="432" WIDTH="8" HEIGHT="942"></GraphicalElement >
			</PrintSpace>
		</Page>
	</Layout>
</alto>
