1031 1620
183 67 31 46 70
486 67 34 45 U.
538 67 34 45 B.
586 94 15 3 —
616 67 31 45 IL

186 156 36 15 ser
237 150 110 21 Utskottet
361 151 56 27 förty
437 150 79 28 åtgärd
531 151 52 21 böra
596 151 101 27 vidtagas
713 151 81 27 derom,
809 152 33 19 att
857 150 26 21 de
898 149 54 28 offi-

186 191 75 14 cerare
268 184 39 21 vid
313 185 36 20 det
355 185 103 28 upplösta
464 185 87 21 Finska
559 185 220 28 dragonregementet,
789 191 48 15 som
851 185 38 21 via
901 185 46 20 det-

187 221 35 19 tas
241 219 136 28 upplösning
392 219 45 21 icke
453 219 89 21 erhållit
557 219 82 22 sådant
653 219 125 28 understöd,
793 226 48 14 som
856 219 48 21 dem
916 218 33 28 på

185 253 77 28 grund
282 253 30 27 af
330 253 162 28 ofvanciterade
514 253 53 22 nåd.
583 253 99 28 förordn.
699 253 29 28 af
746 254 42 21 den
809 254 14 21 3
838 252 114 23 Februari

186 288 64 21 1868
271 287 90 27 tillbort,
384 288 52 21 böra
456 288 50 21 med
530 287 265 29 indragningsförmäner
810 288 75 28 förses,
899 287 52 21 räk-

186 322 58 21 nadt
262 321 54 28 från
333 323 60 21 tiden
409 323 36 26 för
459 324 142 26 regementets
617 322 141 29 upplösning,
775 322 115 27 och”torde
906 321 40 22 den

187 356 73 21 härtill
276 356 103 28 ätgäende
394 357 91 28 utgiften
501 357 7 20 i
523 357 70 20 sinom
609 357 30 20 tid
655 357 22 21 af
691 356 120 22 Ständerna
825 359 60 25 tagas
895 357 8 20 i
913 356 38 21 be-

187 391 93 27 räkning
300 391 34 20 vid
350 391 117 21 anvisande
482 391 22 21 af
519 391 72 21 medel
606 391 39 27 för,
660 391 65 21 bland
740 393 72 24 annat,
826 391 69 21 finska
911 391 40 20 mi-

188 425 82 21 litären.

258 527 50 21 Med
335 528 100 22 afseende
461 528 50 22 därä
539 531 29 19 att
592 529 109 21 Utskottet
726 529 8 20 i
765 528 36 22 det
820 527 130 28 föregående

188 562 125 27 utförligare
342 562 108 28 redogjort
478 563 33 21 för
540 564 26 20 de
596 563 49 21 med
671 563 41 21 den
737 562 69 22 finska
832 562 119 21 militärens

188 596 130 28 indragning
340 597 210 28 sammanhängande
573 597 186 28 omständigheter,
775 597 72 20 hvilka
869 597 81 20 ansetts

189 637 51 14 vara
262 631 22 20 af
298 632 67 20 större
380 631 137 28 betydenhet,
534 632 39 21 har
588 631 108 22 Utskottet
711 633 51 19 trott
777 631 31 27 sig
823 631 73 20 kunna
913 636 37 15 en-

189 664 48 21 dast
258 665 7 20 i
286 665 85 21 korthet
392 665 75 22 beröra
488 666 173 21 militiemedlens
679 665 130 27 förvaltning
823 665 70 21 under
907 664 43 22 den

188 698 103 22 förflutna
306 699 107 28 perioden,
424 700 38 21 och
479 700 27 21 dä
521 699 162 22 Statsutskottet
693 700 36 21 vid
742 699 127 28 föregående
880 699 70 21 landt-

189 733 42 27 dag
247 733 107 22 allaredan
369 733 110 28 redogjort
492 735 34 20 för
541 735 45 21 äret
603 735 54 20 1898
673 735 39 20 har
727 734 36 21 det
777 741 20 14 n.
813 741 18 13 v.
840 733 111 22 Utskottet

188 768 52 19 trott
254 767 33 27 sig
301 767 74 22 kunna
390 768 59 27 börja
464 769 32 20 sin
512 769 133 27 granskning
659 768 49 21 med
724 768 23 21 år
763 768 60 21 1899.

258 801 70 21 Bland
343 802 105 27 ingäende
462 803 81 21 saldon
557 803 34 21 för
605 803 78 21 nämda
699 803 39 21 och
753 803 94 27 följande
863 802 23 21 är
897 809 52 20 upp-

190 836 58 26 tages
264 835 70 21 såsom
353 836 89 22 kontant
457 836 124 28 behållning
595 837 8 21 i
617 836 102 22 Finlands
735 836 133 22 Statskontor
883 836 32 21 för
926 836 24 21 är
968 837 4 4 '

189 870 56 20 1899
267 870 89 27 198,142
371 871 60 21 mark
447 872 26 20 69
489 872 29 27 p:i
534 873 55 19 samt
603 871 34 21 för
651 871 24 21 är
691 872 55 20 1900
763 871 110 27 2,859,240
889 871 60 21 mark

190 904 27 20 54
238 904 35 27 pii.
303 904 112 22 Storleken
437 906 21 21 af
481 906 40 21 den
544 906 103 21 kontanta
669 906 150 27 behållningen
836 905 36 21 vid
888 906 61 20 dessa

188 937 34 21 års
244 938 81 28 ingång
347 939 62 21 beror
431 940 64 28 därpå
517 942 31 20 att
571 940 41 22 den
632 940 27 21 18
677 940 54 22 Nov.
747 940 55 21 1898
817 940 33 21 till
864 939 85 21 militie-

188 972 79 21 fonden
284 972 47 22 från
342 973 291 29 bevillningsmedelsfonden
644 974 131 22 öfverfördes
785 974 91 27 400,000
886 974 63 21 mark

188 1007 56 20 samt
263 1007 41 21 den
328 1008 26 20 15
377 1014 47 15 nov.
445 1008 56 22 1899
516 1008 48 22 frän
579 1016 82 14 samma
675 1008 53 22 fond
751 1014 26 16 en
793 1008 72 28 miljon
883 1008 67 28 mark,

188 1041 110 21 äfvensom
314 1042 88 21 framför
416 1042 37 22 allt
469 1042 64 28 därpä
542 1045 37 19 :att
593 1044 8 20 i
616 1043 70 27 grund
695 1043 21 21 af
730 1043 48 21 nåd.
788 1042 81 22 brefvet
877 1042 22 22 af
907 1043 41 21 den

188 1075 27 21 16
230 1076 48 27 juni
293 1076 55 21 1899
366 1076 47 22 frän
421 1077 108 21 allmänna
537 1078 132 21 statsfonden
678 1077 31 21 till
718 1077 155 21 militiefonden
880 1077 71 21 öfver-

187 1109 53 22 förts
252 1110 12 21 2
275 1110 100 28 miljoner
385 1111 66 28 mark,
458 1112 34 20 för
499 1113 31 19 att
537 1112 114 21 framdeles
660 1112 108 21 användas
777 1112 29 20 till
816 1110 134 22 betäckande

188 1144 22 20 af
233 1144 26 22 de
282 1145 93 27 utgifter,
390 1152 46 14 som
461 1146 72 21 kunde
556 1146 76 28 uppstä
649 1146 35 21 vid
699 1146 143 27 öfvergängen
858 1146 31 20 till
907 1146 42 21 den

187 1184 43 22 nya
244 1179 148 27 militärlagen.
403 1191 27 4 —
442 1179 13 21 I
463 1180 64 28 öfrigt
537 1181 108 27 uppgingo
656 1187 84 14 summa
749 1180 122 21 inkomster
881 1180 71 22 under

188 1212 51 21 ären
254 1212 147 28 1898—1900,
418 1214 71 21 hvilka
501 1214 22 21 af
530 1214 119 21 Ständerna
657 1214 132 28 uppskattats
797 1214 32 21 till
837 1214 113 28 6,395,000

186 1245 68 28 mark,
276 1246 30 21 till
331 1247 110 26 7,149,216
464 1248 60 21 mark
548 1248 53 21 eller
623 1249 82 20 således
728 1248 32 21 till
783 1248 90 27 754216
889 1248 60 21 mark

186 1286 47 15 mer
245 1282 26 19 än
287 1281 118 22 beräknadt
420 1289 42 14 var.

256 1315 71 21 Bland
341 1316 94 28 utgifter
449 1317 39 21 har
503 1316 110 22 Utskottet
627 1318 100 20 särskildt
735 1318 40 20 fäst
785 1318 32 27 sig
828 1318 35 20 vid
873 1320 75 28 posten

187 1349 128 22 >kostnader
340 1350 33 20 för
401 1350 41 22 den
474 1350 72 22 aktiva
575 1351 80 23 finska
668 1352 118 21 militärens
811 1352 140 28 lägerplatser

182 1383 46 21 :och
249 1384 152 28 lägermöten»,
423 1385 87 22 hvilken
536 1387 49 25 post
607 1386 22 21 år
653 1386 55 21 1899
731 1386 147 21 öfverskridits
899 1386 50 21 med

257 1428 142 19 Staisutskotteis
411 1429 112 19 betänkande
535 1430 36 18 N:o
583 1431 18 17 4.
