1039 1620
745 64 26 21 19

41 127 32 22 S:t
84 127 127 27 Petersburg
221 127 90 21 existens
321 127 123 21 förutsattes
454 127 32 21 uti
495 127 99 21 Bankens
605 127 23 21 af
636 127 118 21 Ständerna
762 133 38 15 an-

39 162 66 26 tagna
120 168 41 20 nya
171 162 127 26 reglemente
315 161 38 21 och
370 162 47 26 stat,
431 161 84 22 hvarför
526 161 30 21 ett
567 161 71 21 beslut
648 157 34 25 om
692 161 108 21 kontorets

39 195 128 27 indragning
181 196 66 20 skulle
262 195 87 27 fördröjt
365 195 118 22 desammas
498 195 151 22 stadfästande.
664 194 136 22 'Sedermera

40 230 49 22 kom
107 230 37 21 hos
162 230 191 27 Bankfullmäktige
372 230 9 20 i
398 230 137 21 betraktande
554 230 32 21 att
604 230 59 27 fråga
677 230 72 21 väckts
764 236 36 15 om

39 264 121 22 inrättande
178 264 108 22 härstädes
306 264 22 22 af
345 271 25 15 en
389 264 52 22 filial
459 264 47 22 utaf
522 264 135 22 Riksbanken
676 264 8 20 i
703 264 97 27 Kejsare-

41 299 78 26 dömet,
137 299 84 21 hvilken
235 298 69 28 frågas
319 299 80 27 utgång
414 298 69 22 kunde
499 298 85 22 inverka
599 299 27 27 på
640 298 161 22 Bankfullmäk-

41 333 54 27 tiges
110 333 69 22 beslut
197 333 159 22 vidkommande
373 333 116 21 kontoret
481 328 14 37 i
504 333 32 21 S:t
554 333 137 27 Petersburg;
708 333 38 21 och
761 332 39 21 har

41 368 73 27 frågan
129 374 34 15 om
177 368 105 21 kontorets
297 368 7 21 i
320 368 30 21 St.
365 368 127 27 Petersburg
503 368 127 27 indragning
641 367 48 21 med
701 366 97 22 afseende

41 402 52 21 härå
107 402 79 21 ansetts
201 402 127 21 fortfarande
345 403 51 20 böra
411 402 82 21 lemnas
507 402 111 21 beroende.

391 465 11 26 8
420 465 32 22 14.

112 511 37 21 Uti
167 511 106 21 skrifvelse
294 511 23 21 af
333 511 41 21 den
388 511 28 21 22
432 511 88 22 Januari
538 511 53 21 1903
607 511 39 21 har
660 511 140 27 Finansexpe-
825 513 101 24 Ifrågasatt

43 545 92 22 ditionen
159 545 7 21 i
189 545 117 27 Kejserliga
333 545 97 28 Senaten,
455 545 50 22 med
526 545 104 22 förmälan
654 546 31 21 att
708 545 90 21 Senaten
817 543 82 22 ändring
912 542 24 22 af

43 580 82 21 erhållit
143 580 8 21 i
168 580 94 27 uppdrag
281 580 31 21 att
330 581 94 26 uppgöra
443 580 79 27 förslag
540 580 33 21 till
591 580 64 27 nådig
673 579 127 28 proposition
816 571 118 46 TE

42 615 33 20 till
89 614 100 21 Finlands
205 614 90 21 Ständer
309 621 35 14 om
359 614 65 21 sådan
442 614 162 28 komplettering
620 614 22 21 af
655 614 144 27 stadgandena
847 601 73 49 Bänk

42 649 7 20 i
67 649 77 26 nådiga
161 649 137 26 reglementet
315 648 32 22 för
366 649 101 21 Finlands
485 649 61 21 Bank
562 649 22 20 af
602 649 40 21 den
659 649 25 20 19
699 648 101 21 Februari

44 683 62 26 1895,
129 683 32 21 att
181 683 88 21 Banken
294 683 68 22 blefve
385 683 120 27 berättigad
527 684 31 20 att
581 683 119 21 diskontera
723 683 77 26 vexlar,

43 717 134 28 accepterade
193 717 23 22 af
227 717 8 21 i
249 718 89 21 Finland
354 718 84 21 bosatta
453 718 62 27 ryska
530 717 124 28 infödingar,
670 717 70 22 hvilka
755 717 45 21 icke

42 751 69 22 blifvit
125 752 101 21 inskrifna
239 752 9 21 i
263 751 207 28 Storfurstendömet,
483 752 60 21 äskat
553 752 108 21 utlåtande
673 752 38 21 och
722 751 78 28 förslag

42 787 7 20 i
66 787 63 20 saken
145 786 22 21 af
183 787 203 26 Bankfullmäktige;
406 787 38 20 och
459 786 63 22 hafva
536 786 193 27 Bankfullmäktige
744 786 7 21 i
767 793 35 14 an-

42 820 87 27 ledning
147 820 66 26 häraf,
232 820 52 22 efter
303 820 35 22 det
356 820 137 22 Direktionen
513 820 49 22 med
579 820 98 28 yttrande
692 820 8 21 i
716 820 85 21 ärendet

42 855 34 21 till
94 855 140 27 Fullmäktige
253 855 116 26 inkommit,
390 855 44 21 deri
451 855 72 21 utlåtit
541 855 32 27 sig
591 855 68 21 såsom
674 854 91 27 framgår
780 854 22 21 af

43 889 151 27 Fullmäktiges
209 890 100 26 protokoll
323 889 32 21 för
371 889 41 21 den
430 890 28 21 20
472 890 58 21 Mars
547 890 61 21 1903.

392 947 12 27 8
421 947 33 21 15.

112 986 58 22 Efter
193 987 35 21 det
249 988 224 27 Finansexpeditionen
496 988 7 20 i
524 988 118 27 Kejserliga
661 988 92 22 Senaten
770 982 30 37 uti
808 988 138 27 Ifrågasatt
919 982 31 37 in-

43 1021 107 22 skrifvelse
165 1021 32 21 för
212 1022 41 21 den
269 1022 26 21 12
310 1022 51 21 Juni
378 1022 53 21 1901
446 1022 107 21 meddelat
562 1022 194 28 Bankfullmäktige
767 1023 35 21 det
826 1021 85 17 rättande
923 1021 9 17 i

42 1056 60 27 fråga
120 1056 72 21 väckts
211 1062 33 16 om
258 1056 148 21 utsträckande
422 1056 24 22 af
458 1056 146 22 Riksbankens
619 1057 7 21 i
641 1057 159 27 Kejsaredömet
820 1049 116 33 Helsingfors

42 1090 134 21 verksamhet
198 1090 33 21 till
251 1090 90 21 Finland
364 1090 81 22 medels
462 1090 120 22 inrättande
602 1091 24 21 af
642 1097 26 15 en
686 1091 52 21 filial
756 1091 47 21 utaf
819 1078 117 51 Yv

42 1124 93 21 nämnda
157 1124 56 21 bank
233 1124 8 21 i
262 1124 130 27 Helsingfors
419 1125 39 20 och
476 1125 140 27 Fullmäktige
636 1125 40 21 den
697 1126 26 20 13
738 1126 158 27 derpåpanken
886 1120 11 41 i
902 1135 42 22 Koje

43 1158 92 27 följande
157 1158 89 27 Augusti
269 1158 83 27 afgifvit
375 1159 74 21 äskadt
466 1159 98 27 yttrande
583 1159 8 21 i
606 1159 114 28 anledning
734 1159 66 27 häraf,
822 1164 106 17 saredömet.

42 1193 39 21 har
95 1192 224 28 Finansexpeditionen
334 1193 32 21 uti
377 1193 109 22 skrifvelse
510 1195 23 20 för
548 1193 41 22 den
605 1194 13 21 6
634 1194 91 21 Oktober
740 1195 61 26 1902,

43 1226 49 22 med
108 1226 164 22 öfversändande
287 1226 24 22 af
325 1227 101 21 särskilda
441 1227 131 27 handlingar,
592 1227 148 22 innehällande
754 1229 49 20 när-

42 1267 58 15 mare
115 1261 128 27 upplysning
257 1268 34 14 om
307 1261 40 21 den
362 1262 153 27 utsträckning,
530 1262 8 20 i
552 1262 85 21 hvilken
652 1262 88 21 berörda
750 1262 53 22 filial

42 1296 83 20 komme
141 1296 32 20 att
187 1296 93 21 bedrifva
295 1296 197 26 bankverksamhet,
509 1296 88 22 anhållit
607 1303 34 15 om
650 1297 151 27 Fullmäktiges

43 1330 108 21 utlåtande
171 1330 77 25 derom,
267 1330 8 21 i
292 1330 56 22 hvad
362 1330 50 21 mån
427 1330 160 28 lagstiftningen
603 1332 107 26 angående
726 1331 76 21 bedrif-

42 1364 67 21 vande
129 1364 22 21 af
167 1364 134 22 bankrörelse
320 1364 57 22 inom
391 1365 73 21 landet
478 1365 70 26 borde,
563 1366 65 21 innan
644 1366 92 21 nämnda
750 1365 52 22 filial

43 1399 69 21 kunde
127 1398 85 28 vidtaga
226 1399 49 21 med
291 1399 31 22 sin
333 1400 139 26 verksamhet,
483 1400 137 21 underkastas
631 1400 169 28 komplettering;
