1034 1617
233 49 15 21 4
573 48 25 22 I

342 117 8 18 i
366 116 72 22 Malax,
455 117 90 18 Korsnäs
563 116 37 19 och
617 116 93 18 Petalaks
726 116 116 18 kommuner
858 115 21 18 af
888 120 75 14 samma

271 146 35 18 län
323 146 129 23 gemensamt,
470 146 30 17 att
516 145 121 18 fortfarande
654 144 49 24 utgä
722 144 7 18 i
748 144 28 18 tio
789 144 31 18 ärs
832 144 35 23 tid,
879 143 84 19 räknadt

273 174 45 18 från
330 174 39 18 den
381 175 8 16 1
402 173 78 24 januari
493 174 50 24 1905,
556 174 51 23 1,500
618 174 56 17 mark
685 173 82 23 årligen.

343 208 8 18 i
358 208 105 23 Jalasjärvi
470 208 38 18 och
515 208 91 18 Kurikka
612 208 118 18 kommuner
736 207 19 18 af
761 212 75 14 samma
840 207 35 17 län
883 212 80 18 gemen-
985 226 2 2 .

274 238 56 22 samt,
349 238 29 17 att
394 236 121 19 fortfarande
531 237 50 23 utgå
595 237 8 17 i
617 237 29 18 tio
662 237 31 18 års
705 236 34 24 tid,
751 236 83 18 räknadt
846 235 43 19 från
902 235 38 19 den
953 236 8 16 1

272 265 78 24 januari
363 266 49 23 1905,
425 266 51 23 1,500
487 266 56 18 mark
555 265 80 24 ärligen.

342 300 8 18 i
361 300 69 24 Alavo,
442 300 103 18 Kuortane
559 299 36 19 och
607 300 66 24 Töysä
684 300 116 18 kommuner
816 298 19 19 af
848 304 74 13 samma
929 298 34 18 län

274 330 128 23 gemensamt,
420 330 30 17 att
466 329 120 18 fortfarande
604 329 49 23 utgå
668 329 8 18 i
692 329 28 18 tio
736 329 22 17 år
773 328 44 18 från
829 328 39 18 den
880 328 37 23 dag
930 327 34 18 det

273 358 121 18 kommunen
401 358 85 24 tidigare
493 358 98 24 beviljade
598 358 90 24 anslaget
694 358 63 24 utgår,
765 358 49 23 1,200
820 357 56 17 mark
882 356 81 24 årligen.

344 392 7 17 i
367 392 30 23 Ijo
412 392 95 18 kommun
519 392 20 17 af
552 392 105 23 Uleåborgs
667 386 44 34 län,
724 393 29 17 att
764 390 120 19 fortfarande
896 390 49 24 utgå
956 390 8 17 i

274 420 28 18 tio
315 420 22 19 år
348 420 43 18 från
404 421 39 17 den
455 422 8 16 1
475 420 79 24 januari
565 421 52 23 1905,
629 421 51 22 2,000
692 421 56 17 mark
760 419 80 24 årligen.

343 454 8 18 i
365 454 105 24 Pyhäjärvi
485 455 96 18 kommun
597 455 18 18 af
630 459 74 14 samma
719 455 39 23 län,
772 455 29 17 att
812 454 49 23 utgå
872 453 8 18 i
891 453 28 18 tio
932 453 31 18 års

274 482 17 19 tid
315 482 43 19 från
371 483 39 18 den
422 483 38 24 dag
471 483 81 18 läkaren
564 483 65 18 blifvit
641 483 82 24 anstäld,
737 483 49 23 1,500
798 483 56 18 mark
865 482 81 23 årligen.

205 517 90 18 Fortsatt
307 517 70 24 anslag
387 517 32 18 för
431 517 103 19 aflönande
547 517 22 18 af
579 523 25 12 en
614 518 67 17 läkare
689 517 31 18 för
727 517 135 24 Hyrynsalmi,
871 516 92 19 Suomus-

275 546 62 23 salmi,
348 546 104 18 Puolanko
461 546 37 18 och
506 546 103 23 Ristijärvi
616 547 116 17 kommuner
740 545 20 19 af
767 545 112 24 Uleoborgs
887 545 39 23 län,
935 545 29 17 att

274 575 50 23 utgå
335 575 8 17 i
354 576 30 17 tre
396 575 32 18 års
439 575 30 18 tid
480 575 45 18 från
533 575 38 18 den
581 576 21 17 12
611 575 82 18 oktoher
702 575 49 22 1904,
760 575 50 23 5,000
818 574 56 18 mark
882 573 81 24 årligen.

205 603 77 24 Anslag
299 603 32 18 för
348 603 122 19 anstöllande
488 603 35 20 vid
539 603 68 24 hvarje
623 603 22 18 af
657 603 155 24 länesjukhusen
826 603 8 18 i
846 603 28 18 S:t
886 601 77 24 Michel,

274 632 80 24 Kuopio
370 633 37 17 och
423 633 123 18 Tavastehus
561 632 22 18 af
593 638 25 13 en
629 632 129 18 underläkare
770 631 46 18 med
827 632 51 23 2,400
890 631 56 18 mark
957 631 8 18 i

275 660 60 25 årligt
347 661 77 24 arvode,
437 663 51 22 7,200
500 661 56 18 mark
568 661 81 24 årligen.

205 689 78 24 Anslag
309 691 22 16 för
349 689 103 19 aflönande
467 689 21 18 af
502 691 29 17 ett
542 689 76 19 biträde
630 690 21 17 åt
661 690 82 17 läkaren
754 689 34 19 vid
800 689 99 18 allmänna
911 687 53 25 sjuk-

275 718 60 18 huset
346 718 8 18 i
365 718 137 24 Tammerfors,
515 719 52 24 1,000
578 719 56 17 mark
646 718 80 24 årligen,

205 746 78 24 Anslag
294 747 32 18 för
338 747 123 18 anställande
474 747 21 18 af
504 753 25 12 en
542 747 61 18 andra
614 747 129 18 underläkare
755 746 34 19 vid
799 745 167 24 länesjukhuset
957 741 12 34 i

275 771 90 42 Wiborg,
377 777 52 23 2,400
440 777 56 17 mark
508 776 82 29 ärligen.

206 804 78 24 Anslag
303 805 24 18 för
338 786 163 48 handläggning
495 812 7 11 i
511 801 161 28 Öfverstyrelsen
678 805 32 18 för
714 783 103 50 allmänna
824 804 141 24 byggnaderna

275 833 21 18 af
313 834 87 18 ärenden
416 834 90 21 rörande.
518 834 185 19 medicinalverkets
717 833 121 24 byggnader,
849 832 116 24 tillsvidare,

275 863 53 23 4,200
339 863 56 18 mark
407 863 81 24 årligen.

206 891 90 18 Fortsatt
311 891 69 24 anslag
396 891 30 18 för
438 891 144 24 tippehällande
595 891 19 18 af
626 891 148 24 »Pedagogiska
786 890 179 24 matlagningssko-

275 920 34 17 lan
321 920 8 17 i
339 920 146 24 Helsingfors»,
498 922 30 17 att
539 921 49 23 utgå
600 920 32 18 till
645 920 37 19 den
691 922 9 16 1
708 920 77 23 januari
793 921 49 22 1908,
851 921 51 22 2,500
910 919 55 18 mark

277 948 83 25 årligen.

207 977 89 18 Fortsatt
310 977 69 24 bidrag
391 977 21 18 åt
423 977 225 19 underbrandmästaren
658 977 8 18 i
684 977 121 24 Helsingfors
818 977 16 18 O
846 977 77 18 Ekman
934 976 32 18 för

276 1006 115 23 utgifvande
407 1006 19 18 af
437 1006 115 19 tidskriften
564 1007 134 18 »Brandluren
710 1017 23 2 —
744 1005 120 24 Palotorvi»,
876 1006 30 17 att
917 1005 49 24 utgå

275 1035 25 17 till
320 1035 39 18 den
371 1037 9 16 1
391 1035 78 24 januari
481 1037 50 21 1908,
545 1037 50 22 1,000
606 1036 56 17 mark
674 1035 81 24 årligen.

206 1063 74 24 Bidrag
293 1064 20 17 åt
325 1063 272 25 Sjuksköterskeföreningen
608 1064 8 18 i
627 1064 85 18 Finland
722 1064 32 18 för
766 1063 171 24 upprätthållande
947 1063 21 18 af

275 1092 129 24 föreningens
417 1093 90 18 elevhem
519 1093 7 18 i
537 1093 133 24 Helsingfors,
682 1094 52 23 5,000
746 1093 55 18 mark
813 1093 51 18 samt
876 1092 31 18 för
914 1091 51 19 före-

275 1121 86 24 ningens
373 1121 154 18 sommarkoloni
538 1121 56 18 invid
604 1121 88 18 Heinola
704 1121 49 24 stad,
762 1122 51 23 2,000
820 1121 56 18 mark
885 1120 80 24 årligen,

277 1150 30 17 att
317 1149 49 24 utgå
377 1149 8 18 i
395 1149 41 18 fom
448 1150 32 18 års
491 1150 35 23 tid,
538 1150 85 18 räknadt
634 1149 43 18 från
690 1150 39 18 den
741 1151 9 16 1
761 1149 79 24 januari
852 1150 50 23 1905,
915 1150 51 23 7,000

276 1178 56 17 mark
344 1178 82 24 årligen.

207 1206 90 18 Fortsatt
309 1206 68 24 bidrag
388 1207 32 17 för
430 1207 173 23 upprätthållande
616 1207 19 17 af
646 1207 40 17 Fru
698 1207 22 18 E.
733 1207 105 18 Mäkinens
846 1206 121 24 skyddshem

276 1234 31 19 för
324 1234 62 19 fallna
402 1235 85 19 kvinnor
502 1236 8 17 i
524 1235 133 24 Helsingfors,
673 1237 30 16 att
714 1236 49 23 utgå
774 1235 32 18 till
819 1235 38 18 den
869 1236 9 16 1
891 1235 76 23 januari

277 1264 50 23 1907,
340 1264 51 22 5,000
403 1264 56 18 mark
470 1264 83 24 årligen.

207 1292 90 18 Fortsatt
308 1292 109 19 understöd
429 1293 20 18 åt
459 1292 118 24 föreningen
592 1293 84 19 »Turva»
690 1292 31 19 för
733 1292 172 24 upprätthållande
914 1292 19 18 af
942 1298 25 12 en

276 1321 113 18 kuranstalt
400 1321 31 19 för
443 1322 96 18 drinkare.
552 1322 29 18 att
593 1322 49 23 utgå
652 1322 8 17 i
671 1322 40 18 fem
724 1321 31 19 års
767 1321 35 24 tid,
814 1320 44 19 från
870 1321 38 18 den
912 1316 12 34 1
937 1320 30 24 ja-

276 1350 58 18 nuari
347 1351 49 23 1905,
408 1351 52 23 5,000
472 1351 56 17 mark
540 1350 81 24 årligen.

577 1408 26 24 32
