1048 1625
236 64 28 22 28
579 64 13 22 I

274 134 22 27 4)
312 133 75 22 Sedan
411 133 138 22 Ständernas
571 132 216 29 Bankfullmäktige
808 132 69 22 väckt
899 132 66 28 fråga

207 175 36 14 om
268 168 123 28 ändringar
413 168 35 21 uti
472 168 40 22 och
536 168 85 28 tillägg
643 168 37 21 till
695 167 152 28 reglementet
861 166 35 22 för
910 166 55 22 Fin-

206 202 66 22 lands
287 202 69 22 Bank
371 204 60 20 samt
444 210 33 21 ny
493 204 46 20 stat
553 202 37 21 för
604 202 98 28 banken,
713 201 69 22 hafva
793 201 127 22 Ständerna
930 200 35 22 för

207 237 35 21 sin
266 237 37 21 del
318 237 90 28 antagit
427 237 70 21 sådan
511 236 143 28 förordning,
670 236 158 22 innefattande
845 236 96 28 ändring
956 236 9 20 i

206 271 61 22 vissa
290 271 62 22 delar
367 271 25 21 af
404 271 92 28 Nådiga
509 271 152 28 reglementet
675 270 36 22 för
726 270 111 22 Finlands
852 269 72 28 Bank,
941 268 23 22 af

207 305 44 22 den
263 306 27 21 19
308 306 111 21 Februari
434 305 62 29 1895,
513 307 60 20 samt
587 313 33 21 ny
635 307 46 19 stat
695 304 36 22 för
745 305 98 28 banken,
860 311 49 15 som
923 304 42 21 fin-

205 347 41 15 nes
261 340 94 28 intagen
371 340 9 22 i
395 339 140 22 Ständernas
549 340 81 21 härom
645 339 44 22 den
705 339 28 21 14
747 339 45 28 Maj
809 338 58 22 1900
881 338 84 22 aflåtna

205 374 159 28 underdåniga
375 374 125 22 skrifvelse.
517 374 118 28 Derjemte
644 373 71 22 hafva
723 373 128 22 Ständerna
859 374 23 20 åt
889 373 76 21 Bank-

206 408 146 29 fullmäktige
374 409 126 28 uppdragit
524 410 39 27 att,
584 408 75 22 derest
674 416 28 14 en
717 408 140 28 indragning
873 407 22 22 af
909 408 56 21 ban-

206 443 57 22 kens
279 443 215 29 afdelningskontor
504 443 9 21 i
524 443 33 22 S:t
572 443 140 28 Petersburg
726 442 102 22 befinnes
843 442 53 22 med
910 442 55 22 ban-

205 477 57 22 kens
277 477 75 22 fördel
367 477 254 28 öfverensstämmande,
632 478 9 20 i
651 477 104 29 enlighet
765 476 52 22 med
833 476 26 22 15
875 478 13 26 S
902 476 10 22 i
927 476 38 21 det

205 511 37 22 för
257 512 91 21 banken
370 512 107 28 gällande
499 495 152 45 reglementet
665 512 96 42 vidtaga
775 511 72 28 nödig
862 510 101 29 åtgärd
953 506 17 37 i

204 545 130 23 förberördt
348 546 66 29 syfte.

276 580 140 23 Ständernas
434 580 133 22 förenämda
586 580 76 22 beslut
677 581 42 21 har
733 580 83 23 vunnit
830 580 64 21 Hans
909 579 56 29 Kej-

206 615 84 28 serliga
304 614 120 29 Majestäts
440 614 153 28 stadfästelse;
613 615 43 21 och
674 614 42 22 har
730 614 10 21 i
755 614 103 29 enlighet
873 614 92 21 dermed

206 649 76 28 Nådig
297 649 147 28 Förordning
458 649 79 22 blifvit
553 649 44 21 den
613 649 27 21 10
655 649 51 21 Juli
721 648 55 22 1901
791 648 114 22 utfärdad.

275 683 117 29 Derjomte
411 683 59 22 hade
489 683 65 22 Hans
572 683 131 29 Kejserliga
721 683 108 28 Majestät
843 683 52 21 med
909 683 56 21 hän-

206 725 44 22 syn
266 718 83 29 dertill,
368 720 34 20 att
417 726 27 13 ur
458 718 101 21 nämnda
574 717 136 29 förordning
724 717 121 29 framgick,
862 719 33 20 att
909 717 56 22 ban-

205 753 57 21 kens
284 753 142 28 reglemente
447 753 51 21 icke
520 753 119 21 tillstadde
661 753 97 21 Banken
780 754 35 19 att
834 752 131 21 diskontera

205 787 85 29 voxlar,
306 787 147 28 accepterade
470 787 25 21 af
508 787 8 21 i
525 783 106 25 Finland
645 787 92 21 bosatta
747 786 70 29 ryska
825 786 139 28 infödingar,

206 828 49 14 som
270 822 52 20 icke
336 821 80 22 blifvit
430 821 113 22 inskrifna
559 822 9 20 i
583 820 227 28 Storfurstendömet,
825 820 62 23 velat
902 820 9 21 i
920 820 45 22 Nä-

207 856 39 21 der
268 856 121 28 uppdraga
412 856 24 21 åt
452 856 100 22 Senaten
567 858 34 19 att
615 858 106 26 uppgöra
735 855 87 28 förslag
837 855 37 21 till
888 854 77 28 Nädig

205 890 144 28 proposition
371 898 37 14 om
429 890 162 23 motsvarande
615 890 181 28 komplettering
819 889 23 22 af
862 889 103 21 bankens

205 924 141 28 reglemente
368 924 37 22 för
424 926 34 20 att
476 924 152 22 öfverlemnas
644 925 24 20 åt
683 924 128 22 Ständerna
826 924 13 20 &
853 925 112 20 nästsam-

206 958 166 22 manträdande
393 959 121 28 landtdag;
537 958 44 22 och
595 959 41 21 har
651 958 144 29 proposition
810 958 9 21 i
834 960 77 19 ämnet
925 958 40 21 vid

206 992 156 23 innevarande
376 993 113 29 landtdag
504 993 38 21 till
557 993 128 22 Ständerna
701 992 167 22 öfverlemnats.

275 1027 21 28 5)
320 1028 35 20 På
382 1027 173 29 framställning
584 1027 25 21 af
640 1027 139 22 Ständernas
808 1027 158 21 Bankutskott

205 1061 70 22 hafva
290 1061 128 22 Ständerna
434 1062 36 21 uti
484 1062 144 28 undordänig
643 1061 120 23 skrifvelse
779 1060 23 22 af
818 1061 43 21 den
877 1061 27 21 26
918 1061 45 28 Maj

207 1097 57 24 1900
278 1097 115 28 hemstält,
410 1099 34 22 att
459 1097 65 24 Hans
539 1096 108 29 Majestät
661 1097 95 26 täcktes,
766 1096 53 22 med
834 1096 98 28 ändring
943 1095 24 22 af

205 1131 91 29 Nädiga
318 1131 166 28 förordningen
499 1131 26 25 af
538 1131 43 22 den
598 1131 27 21 13
637 1131 67 28 April
727 1131 62 28 1874,
809 1130 106 29 päbjuda,
932 1132 34 20 att

206 1165 14 21 å
233 1165 113 24 Finlands
361 1165 79 24 Banks
454 1165 75 26 sedlar
536 1165 86 28 jemväl
633 1165 25 24 af
665 1165 80 25 femtio
756 1165 75 24 marks
843 1165 42 22 och
894 1165 72 28 högre

205 1199 65 22 valör
292 1199 269 28 namnunderskrifterna
582 1200 62 28 finge
665 1200 122 28 anbringas
802 1200 31 28 pä
847 1200 119 26 mekanisk

205 1236 47 25 väg
266 1233 64 28 inom
344 1234 104 24 bankens
462 1234 69 21 lokal.
746 1229 3 2 |

275 1269 141 27 Ständernas
438 1269 77 28 beslut
537 1269 41 21 har
593 1269 84 25 vunnit
691 1269 64 24 Fans
771 1268 130 31 Kejserliga
915 1268 49 25 Ma-

203 1303 83 30 jestäts
309 1303 155 28 stadfästelse;
488 1303 44 22 och
553 1303 42 28 har
616 1304 9 21 i
648 1303 103 29 enlighet
774 1303 92 22 dermed
888 1303 77 28 Nädig

205 1337 137 29 förordning
356 1337 80 22 blifvit
452 1338 44 21 den
512 1337 27 22 16
554 1338 67 28 April
637 1338 55 21 1901
708 1337 113 28 utfärdad.

275 1372 21 27 6)
311 1372 42 22 Uti
375 1372 145 29 underdånig
541 1372 120 22 skrifvelse
685 1372 22 22 af
730 1373 43 21 den
798 1372 27 22 18
847 1372 45 28 Maj
910 1371 57 23 1900

205 1405 69 27 hafva
298 1406 128 28 Ständerna
448 1406 42 27 hos
512 1407 66 27 Hans
599 1406 132 30 Kejserliga
749 1407 108 29 Majestät
880 1407 87 27 anmält
