1028 1617
356 73 30 22 U.
402 74 28 21 B.
446 86 28 2 —
489 72 28 22 I.
797 66 27 26 81

191 138 196 32 "Trafiktågkilometer
457 137 135 32 Tonkilometer
661 140 165 18 Personkilometer

64 178 57 20 1899
240 177 110 26 8,886,000
472 176 41 21 285
544 175 51 28 milj.
702 176 58 20 3189
774 174 51 27 milj.

66 211 55 22 1900
241 211 109 26 9,770,000
472 206 59 25 3404
561 218 10 11 »
703 209 57 22 3372
790 217 11 12 »

65 246 56 21 1901
241 245 109 27 9,780,000
473 244 58 21 3044
562 252 9 11 »
703 244 59 21 3384
792 252 9 11 »

67 280 55 21 1902
228 279 124 27 10,156,000
473 279 58 20 316.9
562 287 9 11 >»
704 278 58 21 3418
792 287 9 10 »

66 315 57 20 1903
227 313 125 27 11,014,000
473 313 58 21 3779
563 321 8 10 »
704 312 58 21 3823
793 321 9 10 »

137 382 49 21 Men
205 384 58 19 utom
280 382 26 21 de
322 382 112 21 minskade
449 382 146 21 inkomsterna
611 381 39 22 har
665 381 32 21 till
712 381 42 22 den
770 381 63 21 öfver

67 417 79 21 höfvan
167 416 48 28 låga
238 416 242 28 exploatationsvinsten
502 416 125 21 medverkat
650 415 41 22 den
712 415 117 28 stegring
816 411 17 38 i

66 451 206 28 statsjärnvägarnas
290 450 60 21 drift-
366 451 40 20 och
420 450 246 27 underhällskostnader,
682 456 46 15 som
742 449 49 22 med
807 449 23 21 är

70 485 55 32 1900
136 485 96 21 inträdde
244 485 40 21 och
294 485 121 20 sedermera
424 485 8 20 i
443 484 146 21 oroväckande
598 484 52 27 grad
658 484 92 28 fortgätt.
770 484 60 21 Efter

67 519 39 21 det
116 519 148 28 proportionen
279 519 78 21 mellan
372 519 118 21 inkomster
505 519 40 21 och
558 519 87 28 utgifter
657 518 47 21 frän
716 519 40 21 100
767 526 4 13 :
781 519 49 25 60.4,

68 560 49 15 som
133 553 40 22 den
190 553 96 28 utgjorde
302 553 60 26 1896,
379 553 106 21 oafbrutet
499 553 129 28 försämrats,
643 553 66 27 ansåg
724 553 33 28 sig
770 554 61 20 stats-

70 588 103 20 utskottet
184 588 34 20 vid
230 588 54 20 1900
296 587 32 21 ärs
338 587 103 27 landtdag
451 587 65 21 likväl
526 587 64 21 hafva
600 587 91 27 rikligen
701 587 131 27 tillgodosett

71 628 54 21 resp.
145 622 134 27 utgiftskonti
301 628 77 21 genom
404 621 145 22 fastställande
568 622 21 20 af
605 628 26 14 en
654 621 24 21 sä
692 617 35 37 hög
749 617 82 37 utgifts-

71 658 89 26 procent
175 662 44 15 som
237 656 25 20 72
271 656 45 27 /,.:
334 655 76 22 Denna
433 657 69 26 gräns,
517 662 46 14 som
579 657 58 19 ännu
654 656 54 21 1899
724 656 34 20 väl
772 656 60 21 inne-

72 690 71 22 hållits
160 703 28 3 —
204 690 113 28 utgifterna
340 690 107 28 uppgingo
465 690 31 21 till
511 690 54 21 69.88
573 690 28 27 9/,
617 702 25 3 —
658 690 56 22 hade
728 690 66 21 redan
810 690 23 21 är

73 725 56 21 1900
145 725 144 21 öfverskridits
306 737 24 3 —
348 724 108 22 desamma
465 724 107 28 uppgingo
589 724 26 21 dä
630 724 32 21 till
678 724 156 27 74.29/,
775 720 13 37 —
799 724 35 27 för

71 760 33 20 att
119 759 51 21 åren
187 759 52 21 1901
257 759 40 21 och
312 758 54 21 1902
383 758 86 28 springa
483 765 43 21 upp
539 758 32 21 till
581 764 54 22 resp.
646 759 44 20 82.1
702 758 39 21 och
751 758 83 26 85.2%/9-

71 793 45 21 Det
129 793 94 27 följande
236 793 50 27 året,
299 793 60 26 1903,
369 793 39 21 har
418 792 125 28 visserligen
559 799 27 15 en
597 792 105 28 sänkning
714 792 32 21 till
756 792 78 27 81.4%/,

72 829 33 20 att
115 828 105 27 framvisa,
231 834 49 14 men
290 829 72 19 senast
372 827 100 21 förflutna
480 827 28 25 är,
515 827 183 27 finansperiodens
709 827 56 24 sista,
773 827 62 21 hvar-

72 862 63 21 öfver
157 862 85 21 bokslut
263 862 66 20 likväl
351 863 58 19 ännu
430 862 48 21 icke
503 862 118 27 föreligger,
644 862 68 27 gifver
728 861 66 27 enligt
809 861 26 21 de

74 896 39 21 här
143 896 63 21 ofvan
239 896 99 21 lämnade
366 896 135 28 uppgifterna
533 896 45 20 åter
610 897 30 19 ett
674 895 93 27 förhöjdt
796 895 38 21 tal:

73 930 48 21 86.5
129 930 33 27 %
178 943 27 3 —
220 926 70 25 Äfven
311 937 34 14 om
362 930 36 21 det
411 930 48 21 icke
482 930 41 21 kan
547 930 104 26 förnekas,
674 932 30 19 att
719 930 56 21 vissa
798 930 39 20 all-

76 966 79 20 männä
169 964 114 22 kostnader
297 964 51 28 utgå
358 964 164 26 oförminskade,
536 964 67 21 ehvad
615 966 66 19 större
692 964 52 21 eller
754 964 83 27 mindre

75 998 63 21 trafik
154 999 147 26 förekommer,
316 999 42 20 kan
376 999 57 21 detta
449 999 55 20 dock
524 999 47 20 icke
587 1005 51 14 vara
658 998 118 27 förklaring
796 1005 42 21 nog

75 1033 35 21 till
125 1033 36 20 det
176 1033 54 27 höga
244 1033 144 27 procenttalet,
405 1033 66 21 redan
487 1033 76 27 därför,
580 1034 30 19 att
625 1033 23 20 är
664 1033 56 21 1904
734 1032 56 21 hvad
805 1033 33 20 in-

77 1067 123 21 komsterna
211 1067 120 20 vidkomma
344 1069 23 18 är
378 1067 35 21 det
422 1067 63 27 högst
495 1067 87 21 stäende
593 1067 45 21 äret
651 1067 69 21 under
731 1067 107 27 perioden,

77 1108 51 15 men
149 1101 93 21 likafullt
266 1101 77 21 företer
361 1101 42 21 den
418 1103 171 26 ogynsammaste
605 1101 154 28 proportionen'
775 1101 63 21 emel-

78 1136 36 21 lan
129 1136 117 21 inkomster
271 1136 40 21 och
335 1136 92 27 utgifter.
459 1136 76 27 Nägon
561 1136 146 21 uttömmande
725 1135 115 28 utredning

77 1170 113 28 angäende
208 1170 114 21 orsakerna
337 1170 32 21 till
385 1171 42 20 den
443 1177 40 14 ena
499 1170 51 21 eller
566 1170 40 21 den
629 1170 67 21 andra
713 1169 127 22 företeelsen

79 1205 59 20 inom
146 1205 202 27 statsjärnvägarnas
362 1205 135 27 förvaltning,
511 1211 45 14 som
572 1205 72 21 kunde
660 1204 92 21 förklara
766 1204 76 21 hvaraf

79 1241 31 19 ett
125 1239 23 21 sä
164 1241 111 25 ogynsamt
296 1239 89 21 resultat
400 1239 100 28 uppstätt,
515 1239 43 21 stär
573 1239 46 21 icke
636 1241 30 19 att
684 1239 64 21 vinna
763 1245 78 21 genom

80 1273 124 21 relationen.
233 1273 37 22 Ett
284 1273 104 28 ingående
404 1273 95 22 studium
522 1273 21 21 af
565 1273 222 28 Järnvägsstyrelsens
806 1273 35 21 be-

80 1307 103 27 rättelser,
206 1308 68 21 sävidt
288 1308 37 21 de
350 1307 109 28 föreligga,
482 1308 73 21 kunde
580 1307 44 22 helt
645 1308 53 21 visst
720 1307 8 21 i
747 1307 95 27 betydlig

80 1342 53 27 grad
148 1342 140 28 uuderhjelpa
303 1342 214 27 undersökningarna
528 1343 40 21 och
582 1342 88 27 bidraga
686 1343 31 20 att
727 1341 57 28 gifva
794 1339 50 23 svar

81 1376 28 27 pä
119 1376 26 21 de
160 1376 76 27 frågor,
252 1377 71 20 hvilka
338 1376 140 28 ovilkorligen
497 1378 74 26 tränga
587 1376 31 27 sig
639 1377 60 20 fram.
730 1375 49 22 Men
801 1375 43 22 den

151 1420 141 19 Staisutskottets
304 1421 113 18 betänkande
428 1421 39 18 N:o
479 1422 17 17 4.
764 1421 11 18 6
