1050 1628
467 65 25 21 I
792 62 43 23 109

171 134 52 21 Den
239 133 142 22 återstående
404 133 67 22 delen
493 132 26 22 af
534 131 265 29 undsättningsfondens
817 131 49 22 till-

100 169 91 28 gångar
209 175 41 15 var
269 167 40 23 vid
327 167 56 22 1903
399 168 36 21 års
449 168 90 27 utgång
554 167 38 21 till
607 168 84 20 största
707 166 37 21 del
758 165 108 29 placerad

101 202 10 21 i
125 202 172 29 räntebärande,
313 202 49 21 dels
377 201 120 22 inhemska
508 201 48 22 dels
566 201 125 21 utländska
703 200 161 29 obligationer,

101 236 80 22 hvilka
195 237 36 20 uti
245 236 97 22 fondens
358 235 154 28 räkenskaper
525 235 42 22 vid
577 235 72 28 sagda
658 235 112 28 tidpunkt
779 234 85 21 funnos

101 270 114 23 bokförda
229 271 37 21 till
280 271 82 22 inalles
378 269 115 30 2,029,508
507 269 66 22 mark
587 269 29 22 74
630 275 21 22 p.

171 305 155 22 Statsverkets
340 303 182 30 utlåningsfond,
538 303 69 22 hvars
622 303 90 28 kapital
726 303 9 22 i
749 303 82 28 början
841 302 24 22 af

102 339 25 21 år
142 339 57 21 1899
213 338 108 29 utgjorde
337 338 16 28 (i
367 338 76 28 jemna
457 338 109 27 tusental)
583 337 129 29 16,345,000
721 338 71 27 mark,
803 337 62 23 utvi-

102 373 53 22 sade
163 374 41 21 vid
211 374 119 28 utgången
340 373 23 21 af
373 374 24 20 år
408 373 56 21 1903
475 375 34 19 ett
518 372 172 29 kapitalbelopp
703 372 23 21 af
735 371 130 29 21,528,000

879 302 138 24 Utlåningsfon-

926 331 40 19 den.

100 408 71 21 mark.
200 408 96 21 Fonden
318 408 60 21 hade
399 407 88 22 således
509 406 73 22 under
605 406 65 22 dessa
691 406 52 29 fyra
759 407 24 21 år
799 406 66 22 ökats
884 407 3 2 '

101 442 53 21 med
169 442 64 22 öfver
248 442 14 21 5
271 442 108 28 miljoner
392 442 70 22 mark.
486 437 123 33 Ökningen
623 441 41 21 har
678 440 127 22 föranledts
816 440 49 22 dels

102 476 69 29 deraf,
188 478 34 20 att
237 476 26 22 af
274 476 98 22 fondens
386 476 193 22 ränteinkomster
598 475 72 22 under
689 475 72 28 sagda
775 474 36 22 tid
826 482 39 14 en-

102 510 51 22 dast
175 512 25 20 år
222 510 55 22 1899
297 513 34 19 ett
350 511 84 28 belopp
457 510 24 22 af
497 510 95 28 450,000
610 510 65 22 mark
690 509 122 23 öfverförts
827 509 38 22 till

102 545 150 28 statsfonden,
258 545 120 21 hvaremot
384 544 217 28 utlåningsfondens
611 544 193 22 ränteinkomster
813 543 52 21 här-

103 579 63 27 efter,
181 580 53 21 med
248 579 120 29 undantag
384 578 25 22 af
422 579 45 21 den
476 579 122 21 faststälda
608 579 73 28 årliga
692 578 173 28 öfverföringen

102 614 24 21 af
139 614 80 28 88,000
233 614 66 22 mark
313 614 37 21 till
365 613 80 29 fattig-
460 614 44 21 och
513 613 212 28 arbetshusfonden,
736 612 53 22 med
798 612 67 22 Hans

102 648 131 29 Kejserliga
247 648 120 28 Majestäts
381 648 86 28 nådiga
481 648 141 28 begifvande
631 647 80 22 blifvit
721 647 35 21 för
765 646 99 22 fondens

100 683 205 28 utlåningsrörelse
333 682 156 29 disponerade,
510 682 48 22 dels
577 681 66 22 deraf
656 683 34 20 att
703 681 74 22 under
792 681 72 28 sagda

100 717 81 28 period
195 717 38 21 till
246 716 213 29 utlåningsfonden,
475 717 76 22 såsom
566 716 70 22 ofvan
650 716 10 21 i
669 716 71 21 annat
750 723 114 15 samman-

99 751 64 28 hang
177 751 79 22 blifvit
279 751 140 28 ommnämndt,
438 759 27 14 ur
480 751 156 22 statsfondens
651 750 75 22 medel
741 749 123 22 öfverföris

99 786 82 22 inalles
204 786 115 29 3,100,000
343 786 71 21 mark.
444 786 111 21 Förutom
574 785 170 22 ofvannämnda
763 783 101 30 öfverfö-

99 820 80 28 ringar
193 819 142 22 förekomma
350 819 69 23 bland
433 819 129 30 utgifterna
576 820 9 21 i
600 819 98 22 fondens
708 819 156 28 räkenskaper

99 854 37 22 för
151 855 55 21 &ren
221 854 142 22 1899—1903
379 855 80 21 endast
475 854 92 29 144,596
578 854 69 21 mark
656 853 30 22 24
695 861 28 21 p.,
733 853 130 28 utgörande

101 889 38 22 det
153 889 86 29 belopp
261 889 111 22 hvarmed
394 889 194 28 obligationernas
606 888 70 22 värde
696 889 25 20 är
736 887 56 22 1899
807 887 56 21 ned-

101 923 104 29 skattats,
222 926 59 19 samt
295 923 81 28 55,490
389 924 66 21 mark
475 923 29 22 74
517 931 29 20 p.,
563 930 50 15 som
628 923 25 21 år
667 922 57 22 1903
739 921 124 22 öfverförts

101 958 37 21 till
155 958 82 21 osäkra
251 958 135 28 fordringar.
410 958 109 22 Fondens
533 958 128 21 inkomster
676 958 86 26 (räntor
776 957 31 27 pä
823 956 40 22 ob-

100 991 125 29 ligationer
241 992 43 22 och
298 992 47 28 län)
359 992 108 28 utgjorde
477 992 36 22 för
528 992 90 21 senaste
633 992 25 20 är
673 991 15 27 (i
698 990 77 29 jemna
784 992 80 20 tusen-

100 1026 41 28 tal)
161 1026 94 29 735,000
277 1027 70 21 mark.
377 1026 34 22 Af
431 1026 66 23 dessa
519 1026 75 22 medel
615 1033 42 15 var
678 1025 117 29 sjelffallet
817 1024 45 22 den

102 1061 143 28 ojemförligt
261 1063 84 20 största
361 1061 66 22 delen
442 1061 138 29 (19,735,000
594 1061 73 27 mark)
681 1060 108 29 placerad
803 1060 10 21 i
822 1059 40 22 lån

100 1095 43 22 och
165 1103 28 14 en
215 1095 89 22 mindre
327 1096 37 21 del
380 1095 123 30 (1,770,000
521 1095 73 28 mark)
613 1095 10 21 i
637 1095 158 28 obligationer.
825 1094 37 21 De

100 1130 62 21 olika
177 1130 112 28 ändamäl,
304 1130 36 21 för
354 1130 80 23 hvilka
453 1113 38 38 län
506 1130 74 21 under
594 1129 176 28 ifrågavarande
784 1128 36 22 tid
833 1135 30 14 ur

97 1143 207 55 atlåningsfonden
318 1164 114 29 beviljats,
447 1165 90 28 framgå
550 1172 28 13 ur
593 1163 102 29 följande
710 1163 81 22 tabell:

658 1223 21 25 x
