1031 1617
195 67 15 20 4
497 66 29 23 U.
541 67 114 22 B.
595 62 18 39 —
623 67 32 22 1

197 136 139 21 ekonomiska
351 136 162 28 konjunkturer,
529 136 33 21 till
575 136 56 21 huru
646 138 44 19 stor
705 136 34 21 del
755 136 21 21 af
791 136 98 27 politiska
899 142 56 15 orsa-

195 170 45 27 ker,
262 170 53 21 låter
338 170 32 28 sig
392 171 134 27 naturligtvis
548 171 47 21 icke
613 177 38 15 ens
667 170 164 28 approximativt
846 170 108 22 beräknas.

196 204 73 21 Kändt
291 206 23 19 är
336 205 70 26 likväl,
423 206 30 19 att
467 205 191 27 företagsamheten
673 205 8 20 i
697 204 104 27 åtskilliga
817 204 138 27 affärsgrenar

195 239 73 20 hållits
283 239 87 21 tillbaka
386 239 22 20 af
422 239 137 21 osäkerheten
575 240 8 20 i
598 239 177 26 rättstillståndet;
791 239 57 20 detta
864 239 38 20 har
916 239 39 27 gif-

195 273 69 21 vetvis
287 273 119 21 återverkat
421 273 26 28 på
462 273 42 22 den
519 273 107 21 allmänna
641 273 157 27 omsättningen
814 273 40 21 och
869 274 85 19 varurö-

196 307 71 22 relsen
288 310 55 19 samt
358 308 71 21 därför
444 308 62 21 äfven
522 307 27 28 på
564 315 27 14 en
607 308 34 21 del
657 308 22 20 af
693 309 80 20 statens
787 307 167 22 inkomstkällor.

265 342 30 21 Af
310 342 97 27 samtliga
422 343 169 20 statsinkomster
600 343 64 20 hafva
675 342 68 21 under
753 342 51 21 åren
813 342 140 21 1898—1900

197 377 27 20 70
240 377 12 20 3
268 377 25 21 71
309 379 88 25 procent
412 377 39 21 och
467 377 69 21 under
551 377 50 21 åren
617 377 141 21 1901—1903
769 376 26 21 66
807 377 12 20 ä
830 377 26 20 67
867 378 87 25 procent

195 411 81 20 influtit
298 417 77 21 genom
395 411 79 21 skatter
493 411 65 27 (2—4
572 408 161 30 afdelningarna
748 411 7 20 i
771 410 125 28 budgeten);
913 410 40 21 den

195 445 69 27 öfriga
285 445 121 21 inkomsten
428 446 38 20 har
488 445 32 21 till
539 447 75 19 största
630 445 62 21 delen
708 445 93 21 erhållits
817 445 21 20 af
853 445 101 21 domäner

195 479 42 21 och
251 486 72 14 annan
338 481 80 20 statens
432 480 147 27 förmögenhet
594 481 55 19 samt
664 479 84 27 afgifter
759 479 34 20 vid
805 479 117 21 anlitandet
932 479 21 20 af

193 513 103 22 särskilda
305 512 170 29 'statsanstaltor;
492 521 25 14 en
533 515 83 20 mindre
631 514 40 26 del,
687 514 14 20 4
716 515 13 19 a
744 514 11 20 7
766 515 93 26 procent,
869 513 39 21 har
920 515 32 19 ut-

194 548 67 27 gjorts
276 548 21 21 af
313 548 81 21 diverse
409 549 122 21 inkomster.

263 582 11 21 I
289 583 60 27 fråga
364 589 34 14 om
414 583 26 21 de
455 583 148 27 förändringar
618 589 46 14 som
683 583 26 20 de
725 582 56 21 olika
796 581 73 27 slagen
884 582 21 20 af
920 581 32 21 in-

193 616 71 21 komst
286 616 84 21 företett
387 617 69 21 under
471 617 61 21 dessa
547 617 23 21 är
585 618 55 19 samt
655 623 33 14 om
707 616 112 21 orsakerna
835 616 70 20 härtill
920 616 32 21 fär

192 650 109 22 Utskottet
315 651 88 21 hänvisa
418 651 32 21 till
460 651 183 27 framställningen
656 657 26 15 ss.
694 650 83 21 12—25
793 650 7 20 i
812 650 137 27 inledningen

191 684 34 21 till
239 684 193 22 finansrelationen.
453 684 44 22 Där
512 685 112 27 redogöres
640 685 39 21 ock
690 684 12 22 å
713 691 26 15 ss.
749 685 84 20 49—52
844 684 33 21 för
886 686 64 19 stats-

192 718 95 28 fondens
308 720 170 27 inkomstbelopp
501 720 40 20 och
563 720 45 20 däri
630 719 122 27 uppkomna
770 718 122 24 öfverskott,
908 720 42 19 sär-

191 753 65 21 skildt
271 754 46 20 frän
334 754 67 27 öfriga
420 754 81 22 fonder.

484 856 175 35 Statsutgift.

261 926 73 27 Enligt
355 926 35 21 det
405 926 45 20 frän
466 926 24 21 är
507 926 53 21 1901
576 926 83 20 införda
675 932 42 20 nya
732 926 103 26 systemet
849 925 33 21 för
897 925 53 21 bud-

191 962 75 24 getens
281 960 40 21 och
335 960 118 22 bokslutets
468 960 138 28 uppgörande
621 962 35 19 äro
667 960 168 26 statsutgifterna
843 961 107 26 upptagna

189 995 70 20 under
283 995 26 20 16
332 995 141 20 hufvudtitlar
492 995 8 20 i
515 994 70 21 stället
599 994 33 21 för
647 994 89 27 tidigare
753 994 32 21 13.
814 994 73 21 Första
901 994 49 21 huf-

191 1029 104 20 vudtiteln
312 1029 114 20 omfattade
440 1029 58 20 förut
513 1029 58 21 säväl
584 1028 61 21 Hans
661 1028 120 27 Kejserliga
794 1028 109 27 Majestäts
919 1028 31 21 di-

189 1063 185 27 spositionsmedel
390 1069 43 15 som
452 1063 40 21 ock
507 1063 175 27 styrelseverken.
712 1063 95 21 Numera
816 1063 52 20 höra
881 1062 69 21 under

189 1097 68 21 första
277 1097 27 21 H.
326 1097 21 20 T.
370 1097 75 21 endast
464 1096 60 22 Hans
539 1097 109 27 Majestäts
664 1097 206 27 dispositionsmedel
884 1097 64 27 jämte

190 1131 75 28 anslag
287 1131 32 21 till
341 1131 112 22 underhäll
471 1132 21 20 af
506 1131 112 28 kejserliga
633 1131 90 28 palatset
741 1131 4 20 i
760 1131 134 27 Helsingfors
910 1131 38 21 och

189 1165 187 28 kejsarebostaden
392 1166 8 21 i
415 1166 182 21 Willmanstrand.
608 1166 74 21 Andra
690 1165 150 27 hufvudtiteln,
858 1165 90 21 »Landt-

189 1201 188 26 dagskostnader»,
384 1201 122 27 inbegriper
512 1201 86 27 utgifter
606 1207 46 14 som
660 1201 59 20 förut
727 1200 94 21 bokförts
833 1200 42 21 dels
887 1200 63 21 under

187 1235 106 21 trettonde
303 1235 28 20 H.
342 1235 21 20 T.
377 1235 59 20 delsi
446 1235 213 27 bevillningsfonden.
674 1234 110 21 Rubriken
795 1234 154 27 »Styrelsever-

187 1269 56 20 ken»
253 1275 66 21 anger
327 1275 29 14 nu
365 1269 41 21 den
415 1269 67 27 tredje
490 1269 27 20 H.
525 1269 33 20 T:s
565 1269 95 21 föremål.
675 1269 76 27 Fjerde
758 1269 32 20 till
797 1269 39 20 och
843 1269 50 20 med
899 1270 50 19 tret-

188 1303 65 21 tonde
268 1303 144 21 hufvudtiteln
427 1305 107 19 motsvara
550 1303 40 21 den
607 1303 66 21 andra
688 1303 32 21 till
736 1303 39 21 och
786 1303 49 21 med
846 1303 41 20 den
898 1303 50 21 elfte

186 1338 68 27 enligt
264 1338 35 21 det
309 1337 56 21 förra
375 1339 108 25 systemet,
493 1337 107 28 nämligen
609 1338 116 27 utgifterna
732 1337 33 21 för
773 1337 26 21 de
807 1337 32 21 till
847 1343 54 21 resp.
911 1343 37 15 ex-

187 1372 118 27 peditioner
328 1373 7 20 i
354 1372 92 21 Senaten
462 1372 40 21 och
517 1371 32 22 till
563 1371 107 22 Ekonomi
685 1372 178 27 departementets
879 1371 69 21 kansli

256 1417 145 19 Siaitsutskottets
414 1417 112 18 betänkande
538 1417 35 17 N:o
585 1418 18 17 4.
