1009 1614
230 89 92 18 Antellska
335 89 135 23 samlingarnas
482 90 74 17 tillväxt
567 90 31 17 och
609 89 51 18 vård.
799 89 21 18 35

69 161 115 23 förklaras
208 167 84 23 genom
318 161 46 22 den
388 161 24 22 af
429 161 100 23 väfvens
546 161 144 22 kvadratnät
706 160 115 23 beroende

69 197 121 29 primitiva
212 197 120 27 tekniken,
356 197 83 22 kunna
462 197 63 23 föras
550 199 110 20 närmare
676 197 38 22 sin
728 196 94 29 lösning

70 232 84 23 endast
177 239 85 26 genom
286 232 116 28 fortsatta,
426 233 75 28 enligt
523 232 180 29 vetenskapliga
720 231 102 30 grunder

70 268 154 29 genomförda
246 269 163 28 insamlingar.
440 269 33 22 Af
490 269 100 22 intresse
606 275 42 16 var
664 268 44 23 ock
726 275 29 16 en
770 270 52 20 när-

71 311 63 16 mare
158 304 128 29 utredning
302 304 24 23 af
342 304 141 23 dräkternas
500 304 94 27 former,
605 311 56 20 som
678 305 7 21 i
698 305 68 31 vissa
782 303 41 23 fall

70 340 93 23 kunnat
184 340 65 23 ledas
265 340 99 23 tillbaka
380 340 63 23 ända
458 341 36 22 till
510 340 152 23 hednatiden.
694 340 10 22 I
721 339 45 24 alla
782 335 42 27 fall

70 377 81 28 syntes
174 376 189 29 insamlingarna
382 376 30 29 på
428 375 182 30 ifrågavarande
627 375 96 24 område
739 375 85 23 främst

71 412 80 29 åligga
167 411 45 24 den
228 411 80 24 finska
319 407 161 34 vetenskapen
492 412 44 23 och
546 419 58 16 vara
615 412 26 22 så
653 412 96 29 mycket
760 417 64 17 mera

70 447 226 30 maktpåliggande,'
305 455 51 15 som
370 448 30 22 de
411 448 79 29 gamla
500 447 178 24 folkdräkterna
689 447 133 29 säkerligen

71 483 94 23 komme
190 485 34 21 att
246 485 64 22 inom
329 484 54 22 kort
399 491 57 15 vara
471 485 9 21 i
496 484 70 23 dessa
582 483 89 23 trakter
688 483 134 23 försvunna.

70 519 177 30 Delegationen,
264 526 49 16 som
332 519 71 23 äfven
419 519 36 24 för
471 521 37 21 sin
520 519 38 23 del
569 519 111 24 omfattat
691 519 69 23 dessa
771 526 52 22 syn-

71 555 109 29 punkter,
196 555 43 23 har
255 555 29 29 på
301 555 45 23 den
362 555 78 29 grund
456 556 53 22 icke
525 556 83 22 tvekat
624 556 34 22 att
669 555 56 23 med
734 555 90 23 Antell-

71 591 44 23 ska
130 591 146 23 räntemedel
291 591 144 24 understöda
450 591 155 23 intendenten
620 591 96 23 Heikels
726 591 98 29 företag,

71 634 50 16 som
138 627 44 23 ock
200 627 126 23 resulterat
335 628 9 21 i
354 626 130 30 rikhaltiga
496 627 162 29 etnografiska
668 627 156 23 kollektioner

72 662 30 28 af,
127 663 78 22 såvidt
224 662 170 30 Delegationen
411 663 94 23 kunnat
520 663 75 28 finna,
612 664 65 26 stort,
695 663 75 22 delvis
788 669 36 16 en-

72 698 150 23 samstående
238 698 78 23 värde.

142 734 192 25 Kollektionerna
349 741 58 21 som,
425 735 41 22 allt
482 735 60 23 efter
553 742 50 15 som
615 734 29 23 de
656 734 108 28 anlände,
775 741 49 23 pro-

72 770 111 23 visoriskt
198 770 120 29 inrymdes
333 772 9 21 i
358 777 29 16 en
402 770 65 23 lokal
484 772 8 21 i
508 770 183 24 Ständerhusets
704 770 121 23 bottenvå-

44 821 4 5 +
72 808 65 28 ning,
162 806 73 23 hafva
260 806 133 23 sedermera
419 806 84 23 hösten
528 810 57 19 1902
610 806 158 29 öfverflyttats
790 806 36 22 till

72 842 167 29 Etnografiska
254 842 101 23 Museets
372 842 73 23 nedre
462 842 96 30 våning,
577 842 41 23 där
635 842 69 23 deras
714 842 111 30 uppställ-

72 880 68 27 ning,
161 879 138 28 numrering
323 878 42 23 och
389 878 189 30 katalogisering
598 885 98 16 numera
713 878 112 22 slutförts.

72 914 96 22 Antalet
192 914 24 22 af
240 914 28 22 de
284 920 102 22 numror,
404 920 53 16 som
473 914 101 23 sålunda
590 913 150 29 förvärfvats,
757 915 69 27 utgör

72 950 36 22 för
124 950 46 22 den
186 950 74 22 första
275 950 141 29 samlingen,
434 956 52 16 som
501 950 133 30 uppköptes
650 951 95 21 vintern
763 953 63 21 1901,

73 989 42 19 283
135 985 104 28 föremål,
257 989 27 19 89
301 986 143 29 teckningar
460 986 43 22 och
520 990 26 18 88
564 986 147 28 fotografier;
729 986 36 22 för
782 992 44 16 den

74 1021 79 27 andra,
178 1028 51 16 som
252 1022 138 22 förskrifver
414 1022 39 29 sig
471 1022 54 22 från
542 1022 127 22 senhösten
686 1028 92 16 samma
795 1022 31 26 år,

74 1061 42 19 622
132 1057 99 23 föremål
250 1058 43 22 och
309 1061 27 19 39
352 1057 150 29 fotografier;
520 1058 37 22 för
573 1058 44 22 den
633 1057 83 29 tredje,
733 1056 52 24 från
803 1056 25 24 är

74 1096 64 24 1902,
156 1096 43 20 914
214 1093 97 23 föremål
328 1093 44 23 och
389 1096 42 20 146
448 1093 149 29 fotografier;
612 1093 36 23 för
660 1093 46 23 den
716 1093 112 29 vepsiska

73 1129 43 23 och
128 1129 28 23 de
168 1129 102 23 twerska
281 1129 151 23 karelarenes
444 1130 138 26 kollektion,
594 1129 77 29 bägge
683 1128 53 30 från
746 1129 82 23 hösten

74 1168 64 24 1903,
161 1165 158 23 tillsammans
338 1168 42 20 340
397 1165 101 23 föremål
515 1165 43 23 och
576 1168 26 20 68
619 1165 138 29 fotografier
774 1164 54 23 eller

74 1200 176 30 sammanlagdt
274 1204 63 24 2,109
362 1200 110 29 föremål;
494 1204 42 20 336
554 1201 147 29 fotografier;
719 1204 27 20 89
764 1200 64 23 teck-

73 1238 91 27 ningar.
197 1236 82 23 Totala
302 1236 134 23 kostnaden
461 1238 75 27 stiger
559 1237 35 22 till
610 1236 61 23 Fmk
689 1240 87 24 12,959:
793 1240 34 19 57.

72 1272 10 23 I
106 1272 78 23 denna
208 1279 94 16 summa
324 1273 57 28 ingå
405 1272 47 23 ock
475 1272 131 29 utgifterna
624 1272 35 23 för
674 1272 154 23 intendenten

73 1308 95 23 Heikels
191 1315 71 20 resor,
287 1314 57 22 som,
368 1309 65 22 utom
459 1308 83 23 färden
558 1308 35 23 till
608 1315 116 22 vepserna
740 1308 44 23 och
800 1307 28 23 de

74 1343 102 23 twerska
192 1344 144 27 karelarene,
353 1344 35 23 för
404 1343 99 24 hvilken
522 1343 190 24 statsunderstöd
724 1345 104 25 vunnits,

72 1380 9 21 i
97 1379 71 30 öfrigt
182 1379 113 23 bestridts
311 1379 55 23 med
376 1380 127 22 Antellska
516 1380 82 22 medel.
615 1379 10 23 I
636 1379 57 30 följd
705 1379 24 23 af
739 1379 89 30 knapp-
