1039 1631
248 85 33 25 34

282 154 124 32 Slutligen
424 154 46 24 har
487 154 143 33 Kejserliga
648 155 113 24 Senaten
779 155 49 24 den
846 155 31 24 29
896 155 77 24 Okto-

212 189 45 24 ber
287 188 64 25 1903
378 188 92 25 hifallit
492 189 38 24 till
554 192 38 22 att
616 190 30 24 de
664 189 39 25 för
721 190 62 24 åren
803 189 168 25 1901—1903

212 223 138 25 faststälda
376 224 143 31 grunderna
540 224 40 24 för
604 224 175 24 beräknandet
802 224 26 24 af
845 224 128 32 ifrävava-

212 258 79 24 rande
314 258 141 32 ersättning
472 258 28 24 få
517 258 72 31 tjena
606 258 39 24 till
663 258 170 24 efterrättelse
850 258 58 24 från
927 258 46 24 och

212 292 58 24 med
297 292 29 24 är
355 292 65 25 1904
447 292 140 25 tillsvidare
613 293 46 24 och
682 293 39 24 till
743 293 58 24 dess
821 293 84 24 derom
922 294 52 23 kan

213 327 80 24 varda
312 327 158 24 annorlunda
486 327 153 25 förordnadt.

282 362 56 24 Den
356 362 233 32 postsparbankens
608 362 164 24 ombudsmän
785 362 188 24 tillkommande

214 396 174 32 ersättningen
414 396 40 24 för
480 396 27 24 af
530 396 57 24 dem
612 399 145 29 emottapna
779 396 196 32 insättningar
958 392 21 41 i

213 430 103 24 banken
337 431 74 31 utgår
435 430 214 32 hufvudsakligen
671 431 78 32 enligt
768 438 97 17 samma
882 431 92 24 beräk-

213 465 184 32 ningsgrunder
422 473 54 17 som
498 466 67 31 gälla
582 465 40 25 för
639 466 335 32 postsparbankskontoren;

214 500 64 24 dock
304 500 112 32 uppbära
440 500 216 24 ombudsmännen
673 500 43 24 vid
734 500 214 24 läroanstalterna
965 500 9 23 i

215 534 141 32 ersättning
367 534 39 24 för
418 534 142 32 insättning
572 535 16 23 ä
601 542 32 16 en
644 535 73 24 mark
730 534 90 25 endast
829 534 52 24 fem
892 534 82 32 penni.

283 568 56 25 Den
358 569 218 31 omständigheten
596 572 38 21 att
647 569 78 24 andra
737 569 237 31 bankinrättningar

213 603 9 24 i
240 603 87 24 landet
344 603 80 24 under
442 603 28 24 är
491 603 64 24 1899
575 603 106 25 allmänt
695 603 75 32 höjde
783 603 40 24 sin
833 603 141 32 inlänings-

213 639 76 22 ränta
306 637 39 25 till
364 637 54 32 59/,
433 637 146 25 föranledde
591 637 334 33 Postsparbanksstyrelsen
937 639 39 22 att

215 671 49 25 den
283 672 33 25 28
333 672 143 25 November
494 672 127 32 sistsagda
639 673 28 23 är
680 673 46 24 hos
738 672 143 32 Kejserliga
893 672 81 24 Sena-

214 709 45 22 ten
276 707 136 24 hemställa
432 715 40 16 om
490 709 38 22 att
539 708 94 23 räntan
646 707 15 24 ä
672 707 90 29 medel,
775 707 97 24 insatta
883 706 8 24 i
903 709 71 30 post-

215 741 168 32 sparbanken,
402 741 104 24 hvilken
524 743 75 22 ränta
617 749 90 24 genom
724 741 82 32 Nädig
823 741 151 32 kungörelse

215 775 27 24 af
264 775 48 24 den
334 775 32 25 28
389 775 137 25 December
550 776 67 24 1896
638 776 129 24 faststälts
791 778 38 22 att
851 775 58 24 frän
927 775 47 24 och

214 810 58 24 med
290 810 28 23 är
338 810 65 25 1897
422 810 140 25 tillsvidare
579 811 62 31 utgä
658 811 58 24 med
734 810 83 32 3,69/,,
831 811 79 23 mätte
922 810 54 24 för-

214 844 73 32 höjas
314 844 38 25 till
374 845 59 31 49/,
457 853 39 16 om
519 845 61 29 året,
603 845 110 24 räknadt
730 845 59 24 från
808 845 46 24 och
871 844 57 25 med
947 845 28 23 är

217 879 66 24 1900
295 879 144 25 tillsvidare.
466 879 333 33 Postsparbanksstyrelsen
812 879 79 32 ansäg
903 887 73 16 nem-

214 913 68 32 ligen
300 916 38 22 att
356 922 32 16 en
406 915 30 23 sä
455 916 52 22 stor
526 914 100 24 skilnad
643 914 9 24 i
668 914 147 24 räntefoten
831 921 53 16 som
898 913 77 25 emel-

214 948 44 24 lan
282 948 76 31 3,69/,
378 949 47 24 och
444 948 57 32 5%,
519 949 83 24 måste
621 949 79 24 hafva
718 951 37 22 ett
773 948 108 32 afgjordt
898 947 77 33 infly-

214 983 78 24 tande
309 983 33 32 pä
359 983 161 32 placeringen
538 983 27 24 af
582 983 39 24 till
640 983 46 24 och
703 983 58 24 med
778 983 96 24 mindre
886 983 89 32 belopp

216 1017 47 24 och
290 1017 82 24 derför
398 1018 101 24 komma
526 1020 38 22 att
590 1018 75 31 högst
688 1017 105 32 menligt
815 1017 108 24 inverka
942 1017 34 32 pä

215 1052 318 32 postsparbanksrörelsen.
557 1052 348 32 Postsparbanksstyrelsens
913 1052 63 24 ifrä-

215 1087 145 31 gavarande
387 1086 187 33 framställning
601 1087 52 24 blef
679 1087 78 24 äfven
784 1087 26 24 af
833 1086 144 32 Kejserliga

216 1120 180 34 Senatenzden
415 1121 33 25 20
466 1121 139 24 December
626 1121 65 25 1899
710 1121 110 24 bifallen.

286 1155 158 25 Omedelbart
468 1156 64 24 efter
555 1156 42 24 det
619 1156 170 32 nyssberörda
807 1155 169 32 ränteförhöj-

215 1189 61 33 ning
303 1190 124 30 beslutits,
454 1190 53 24 blef
532 1193 37 21 ett
593 1190 26 24 af
642 1190 334 33 Postsparbanksstyrelsen

216 1225 86 24 derom
318 1225 130 24 utfärdadt
463 1225 89 32 anslag
565 1225 150 31 anbringadt
727 1225 38 24 uti
777 1224 117 32 samtliga
905 1226 71 30 post-

216 1259 138 24 anstalters
372 1259 126 31 förstugor
517 1259 134 24 äfvensom
665 1267 92 23 genom
770 1259 206 24 Guvernörernes

215 1293 149 32 förmedling
385 1296 104 29 uppsatt
512 1294 14 24 å
549 1294 177 31 gästgifverier
745 1294 47 24 och
810 1293 79 24 andra
906 1300 71 17 mera

215 1328 154 32 trafikerade
389 1328 93 24 ställen
499 1328 9 24 i
526 1328 93 24 landet.

284 1362 67 24 Enär
374 1362 30 24 de
425 1362 9 24 i
454 1362 221 32 postsparbanken
693 1362 97 24 insatta
807 1362 107 30 medlen,
934 1362 43 23 så-

216 1404 56 17 som
288 1396 37 24 uti
336 1396 108 33 kapitlet
456 1396 24 24 V
491 1396 160 30 framhållits,
664 1397 101 24 kunnat
775 1396 80 24 under
869 1397 27 23 år
911 1396 65 24 1899
