1031 1617
382 67 29 23 U.
428 68 26 21 B.
472 80 27 3 —
515 68 27 21 IL
828 68 12 20 5

82 136 102 21 hänförda
207 136 222 28 förvaltningsgrenar.
458 137 115 27 Fjortonde
595 137 27 21 H.
645 137 20 20 T.
686 136 101 22 »Diverse
802 137 38 20 all-

82 172 78 19 männa
175 170 99 28 utgifter»
292 172 117 20 motsvarar
424 171 40 21 den
480 172 56 20 förra
551 171 106 21 trettonde
668 171 26 21 H.
705 170 21 22 T.
738 171 39 21 och
787 171 53 21 fem-

82 204 64 22 tonde
168 205 26 21 H.
217 205 21 21 T.
255 205 130 21 »Pensioner
400 206 41 20 och
455 206 106 20 allmänna
577 206 130 20 understöd»
725 205 44 21 den
783 205 56 21 förra

82 239 59 21 tolfte
162 239 27 21 H.
205 240 21 20 T.
256 238 105 28 Slutligen
380 240 39 20 har
434 246 26 14 en
476 246 29 20 ny
520 240 135 27 hufvudtitel,
671 240 42 20 den
729 240 109 26 sextonde,

82 274 69 20 blifvit
172 273 78 27 tillagd,
273 274 130 20 omfattande
424 274 115 27 utgifterna
555 274 33 21 för
603 274 149 26 statsskulden,
767 274 72 20 hvilka

82 308 135 20 därförinnan
233 314 50 14 voro
306 308 103 21 bokförda
424 308 69 21 under
508 308 289 28 Kommunikationsfonden,
811 320 28 3 -—

81 342 69 21 under
165 342 87 28 tidigare
268 342 23 21 år
306 342 68 21 delvis
389 343 68 20 under
472 343 105 21 trettonde
592 343 27 21 H.
634 343 21 21 T.

322 429 86 33 Första
423 439 180 23 hufvudtiteln.

149 503 60 21 Hans
238 503 119 28 Kejserliga
380 503 107 28 Majestäts
511 503 205 28 dispositionsmedel
740 504 98 27 utgjorde

81 539 57 20 förut
153 538 90 25 280,000
259 538 65 26 mark,
339 538 75 21 hvaraf
429 539 20 20 14

457 539 61 24 4,000
534 538 60 21 mark
609 538 88 27 utgingo
713 538 48 21 från
776 540 62 19 stats-

81 572 85 27 fonden,
184 572 74 27 56,000
274 573 59 20 mark
349 572 47 21 från
411 571 155 22 militiefonden
582 573 39 20 och
632 573 76 26 80,000
720 573 59 20 mark
789 573 47 20 från

81 607 69 26 fattig-
171 607 40 20 och
232 607 197 20 arbetshusfonden.

82 641 88 27 afskiljts
192 641 45 20 från
262 641 183 27 dispositionsmed

460 606 119 21 Sistvämda
601 607 77 27 belopp
694 607 38 20 har
747 613 89 14 numera
849 621 2 2 -

456 647 27 15 en
506 641 39 21 och
567 641 95 21 hänförts
685 641 32 21 till
732 641 105 27 fjortonde

81 675 26 21 H.
130 675 20 21 T.
172 675 68 21 såsom
256 675 73 28 anslag
345 675 32 21 för
392 675 129 21 bekostande
537 675 21 21 af
573 675 266 28 undervisningsanstalter

81 717 27 14 m.
122 717 28 14 m.
164 709 33 21 för
206 709 68 22 finska
283 710 122 27 infödingar
415 717 45 14 som
471 711 64 20 vistas
545 710 8 20 i
564 709 155 28 Kejsardömet.
737 709 102 22 Däremot

80 744 63 21 hafva
158 744 222 27 dispositionsmedlen
397 745 47 20 från

463 745 132 20 statsfonden
611 745 54 26 höjts
681 745 49 20 med
747 745 89 26 100,000

80 779 65 26 mark,
167 778 23 21 så
212 780 30 19 att
259 779 61 20 deras
336 779 113 27 totalbelop

479 779 64 21 sedan
561 779 22 21 år
600 779 55 21 1904
670 781 62 25 utgör
748 779 89 27 300,000

80 813 65 21 mark.

319 911 86 23 Andra
419 911 181 23 hufvudtiteln.

330 969 254 27 Landtdagskostnader.

147 1025 74 28 Nägon
237 1026 121 27 jämförelse
373 1027 22 20 af
409 1027 124 21 hithörande
549 1027 88 27 utgifter
651 1027 69 21 under
732 1027 25 21 de
766 1027 68 21 skilda

79 1059 49 22 åren
150 1061 23 20 är
195 1060 46 21 icke
256 1060 104 28 påkallad,
377 1063 50 19 enär
443 1061 106 21 desamma
565 1061 98 28 gifvetvis
679 1063 36 20 äro
731 1062 61 27 högst
810 1061 26 21 de

78 1094 24 20 år
126 1094 26 21 då
173 1094 102 28 landtdag
296 1095 68 21 hålles
384 1095 39 21 och
439 1095 127 22 deremellan
582 1096 116 21 inskränka
714 1096 32 27 sig
761 1095 32 22 till
808 1096 26 21 de

78 1127 34 22 för
127 1129 123 20 ständernas
263 1129 59 21 arkiv
338 1129 39 21 och
393 1130 148 21 ständerhuset
555 1129 106 28 beviljade
677 1131 79 26 anslag.

313 1226 89 29 Tredje
419 1227 181 23 bufvudtiteln.

368 1284 181 28 Siyrelseverken.

146 1340 156 22 Totalsumman
326 1342 21 20 af
365 1342 115 46 utgifterna
503 1342 32 21 för
553 1342 169 47 Btyrelseverken
739 1343 96 27 utgjorde

77 1372 66 29 enligt
160 1374 122 22 boksluten:

146 1419 140 19 Statsutskottets
298 1420 113 18 betänkande
422 1421 37 19 N:o
472 1422 18 17 4.
