1034 1617
569 48 25 23 I

203 234 78 24 Anslag
292 234 33 18 för
335 234 113 18 inrättande
459 233 35 19 vid
505 233 231 24 Justitie-expeditionen
748 233 22 19 af
778 233 113 24 Kejserliga
903 232 58 19 Sena-

272 264 46 18 tens
338 262 248 24 Ekonomiedepartement
605 262 20 18 af
643 262 117 24 ytterligare
778 263 29 17 ett
822 262 139 18 referendarie-

273 292 207 23 sekreterareembete,
494 292 62 21 12,500
567 292 57 17 mark
635 291 81 24 årligen.
780 314 6 5 N

204 320 95 19 Tillskott
313 320 8 18 i
335 320 61 18 lönen
412 320 21 18 ät
450 320 97 18 ordinarie
558 320 159 18 vaktmästarene
728 319 35 19 vid
774 319 43 19 Åbo
830 320 37 18 och
878 319 84 24 Viborgs

272 349 98 18 hofrätter
382 349 12 18 &
405 350 35 17 300
451 349 60 23 mark,
526 350 49 21 1,200
587 349 56 17 mark
654 348 82 24 ärligen.

204 378 77 23 Anslag
298 378 33 18 för
347 378 123 18 förrättande
488 377 20 18 af
525 377 72 19 urtima
612 377 44 24 ting
667 378 63 18 under
742 376 221 20 sommarmänaderna
950 372 15 34 i

273 406 88 23 Terijoki
374 406 27 24 by
416 405 23 19 af
451 405 99 19 Kivinebb
566 406 79 23 socken,
657 407 51 22 5,500
720 406 56 18 mark
786 405 32 18 för
830 405 101 19 aflönando
944 405 19 18 af

275 435 79 18 domare
371 435 37 18 och
419 435 62 23 högst
492 435 53 22 2,000
555 434 32 19 för
599 434 103 19 aflönande
715 434 19 19 af
745 435 135 23 nämndemän,
892 434 71 18 inalles

273 465 53 22 7,500
338 464 56 17 mark
406 463 80 24 ärligen.

205 492 96 18 Tillskott
317 492 8 18 i
343 492 83 19 arvodet
443 493 21 17 åt
480 492 82 18 läkaren
578 492 35 19 vid
630 493 104 18 tukthuset
751 492 8 18 i
776 487 49 28 Åbo,
844 493 50 23 1,200
908 492 56 18 mark

274 521 82 23 årligen.

205 549 239 24 Arvodesförhöjning
423 545 26 33 åt
455 549 141 19 bokhållarene
608 550 34 19 vid
652 550 110 18 tuktkusen
774 550 38 17 och
824 549 139 24 arbetsfängel-

274 583 59 13 serna
350 577 8 18 i
374 578 69 18 landet
461 579 29 16 att
506 578 50 24 utgå
574 578 51 18 efter
641 579 9 17 5
667 579 37 17 och
720 579 22 18 10
758 578 31 19 års
800 577 62 24 tjenst
874 577 45 19 med
929 579 36 16 400

275 607 56 18 mark
348 607 96 18 hvardera
462 607 85 23 gången,
565 607 77 18 hvilket
658 607 9 18 i
681 608 45 17 1905
742 607 30 18 års
786 608 40 17 stat
837 607 90 23 betingar
939 611 25 13 en

274 635 63 24 utgift
349 635 19 18 af
379 635 61 24 högst
452 637 50 20 1,600
514 636 61 18 mark.

206 663 107 19 Personelt
324 663 88 19 tillskott
423 663 8 18 i
442 663 83 19 arvodet
537 664 20 17 åt
567 663 131 24 predikanten
709 663 35 19 vid
750 663 144 24 länsfängelset
901 664 7 17 i
915 663 50 18 Hel-

276 692 87 24 singfors
375 691 22 19 E.
410 691 22 19 E.
444 691 92 25 Lundell,
548 693 34 17 700
594 692 56 18 mark
661 692 82 24 årligen,

206 721 74 23 Bidrag
291 721 33 18 till
337 720 102 19 aflönande
452 721 20 17 af
482 721 191 18 kommunalläkare:

345 749 7 18 i
364 749 81 25 Thusby
457 749 37 18 och
506 749 59 19 Sibbo
577 750 117 18 kommuner
706 749 19 19 af
740 749 89 25 Nylands
844 749 34 19 län
886 755 79 19 gemen-

276 779 57 23 samt,
352 779 29 17 att
398 779 49 22 utgå
461 778 9 18 i
480 779 29 18 tio
522 779 31 18 års
565 779 30 18 tid
606 779 45 18 från
663 779 39 18 den
714 779 38 24 dag
762 779 82 18 läkaren
855 779 65 18 blifvit
932 785 33 12 an-

277 807 57 24 stäld,
348 808 50 23 1,500
410 807 56 18 mark
478 807 82 24 ärligen.

345 835 8 18 i
364 835 91 19 Bromarf
466 836 96 18 kommun
574 836 19 18 af
605 841 75 14 samma
690 837 39 22 län,
742 837 30 17 att
783 837 48 23 utgå
842 837 7 18 i
856 836 29 19 tio
894 837 21 18 är
921 836 45 18 från

279 864 39 19 den
330 864 39 24 dag
380 865 82 18 läkaren
472 864 67 19 blifvit
551 865 83 23 anstäld,
647 867 51 22 1,200
709 866 56 17 mark
777 865 80 24 årligen.

345 893 8 18 i
367 893 51 24 Ingå
433 894 36 17 och
484 894 95 24 Degerby
593 895 117 18 kommuner
725 894 20 18 af
756 900 74 13 samma
841 895 34 17 län
887 900 79 18 gemen-

277 923 57 22 samt,
353 923 29 17 att
398 922 122 19 fortfarande
535 923 48 24 utgä
594 923 8 18 i
613 923 40 18 fem
666 923 31 18 ärs
708 923 35 24 tid,
755 923 84 18 räknadt
849 923 44 18 frän
905 923 38 18 den
956 925 9 16 1

277 950 76 23 januari
366 952 50 22 1905,
428 951 51 24 1,200
490 952 57 17 mark
559 951 81 24 ärligen.

346 979 8 18 i
363 979 108 24 Pyhäjärvi
482 979 38 18 och
531 979 75 19 Pusula
613 981 117 17 kommuner
738 980 19 18 af
765 986 74 13 samma
846 981 34 18 län
888 987 79 17 gemen-

279 1008 57 23 samt,
349 1008 29 17 att
389 1007 122 19 fortfarande
523 1008 49 24 utgä
583 1008 8 18 i
602 1008 29 19 tio
643 1009 31 18 ärs
686 1009 35 24 tid,
735 1009 49 24 1,500
795 1009 56 18 mark
863 1009 80 24 ärligen.

346 1036 8 18 i
369 1036 85 19 Wichtis
470 1037 96 18 kommun
577 1037 20 18 af
609 1043 74 13 samma
694 1038 39 22 län,
746 1039 29 16 att
785 1037 121 19 fortfarande
917 1039 51 23 utgå

277 1065 8 17 i
301 1065 29 18 tio
349 1065 26 24 är,
392 1065 85 18 räknadt
491 1065 46 18 frän
553 1066 39 18 den
604 1066 38 24 dag
653 1067 131 18 kommunens
795 1067 54 18 förra
860 1067 108 18 understöd

278 1093 64 24 utgär,
356 1095 50 22 1,200
416 1094 57 17 mark
484 1094 82 24 ärligen.

347 1122 8 17 i
366 1122 71 23 Tyrvis
448 1123 96 18 kommun
556 1123 19 18 af
586 1117 45 24 Åbo
643 1124 37 17 och
692 1123 133 24 Björneborgs
835 1124 39 24 län,
883 1125 29 17 att
919 1124 49 19 fort-

277 1150 81 19 farande
370 1151 49 24 utgå
430 1151 8 18 i
449 1151 29 18 tio
491 1152 32 17 års
534 1152 31 17 tid
575 1151 44 19 från
632 1152 38 18 den
683 1155 8 15 1
702 1152 79 24 januari
792 1153 50 24 1905,
855 1154 51 22 1,200
912 1153 56 18 mark

279 1179 83 24 årligen.

347 1208 8 17 i
372 1208 72 18 Pemar
460 1209 96 18 kommun
574 1209 20 18 at
608 1215 74 13 samma
695 1210 40 24 län,
748 1211 30 17 att
788 1210 120 18 fortfarande
920 1211 49 23 utgå

278 1236 63 18 under
358 1236 41 18 fem
417 1237 31 18 års
466 1236 34 25 tid,
517 1238 84 18 räknadt
618 1238 44 18 från
680 1238 38 18 den
734 1240 8 16 1
758 1238 78 24 januari
852 1240 49 23 1905,
918 1240 51 23 1,500

279 1266 56 17 mark
347 1266 81 23 årligen.

347 1294 8 18 i
367 1294 28 18 S:t
406 1294 94 25 Mårtens,
512 1295 80 25 Koskis,
604 1296 54 18 Eura
670 1296 37 18 och
718 1296 92 18 Karinais
822 1297 117 18 kommuner
950 1296 22 19 af

279 1328 75 12 samma
366 1323 35 18 län
416 1325 128 23 gemensamt,
561 1325 30 17 att
602 1324 120 18 fortfarande
734 1325 49 23 utgå
794 1325 8 18 i
812 1325 29 18 tio
854 1326 21 17 år
886 1325 84 18 räknadt

278 1350 45 19 från
335 1351 38 19 den
387 1354 8 15 1
407 1352 78 23 januari
497 1353 51 24 1905,
561 1354 52 22 1,500
624 1354 56 17 mark
692 1353 82 24 årligen.

580 1410 25 18 32
