1020 1614
268 62 28 24 U.
311 62 29 23 B.
358 75 26 3 —
400 61 223 29 Postsparbanken.
813 61 13 22 5

69 134 46 22 sak
139 134 37 22 till
200 131 56 35 4%/,
271 130 39 36 %/,
337 134 69 22 ännu
424 133 53 23 icke
495 133 99 29 lyckats
613 132 61 23 ernä
694 139 32 16 en
743 132 85 23 ränte-

69 168 68 23 vinst
156 168 24 22 af
198 168 49 23 den
266 168 132 29 betydelse
418 168 35 22 att
467 167 117 29 samtliga
596 167 105 29 utgifter
714 167 40 23 för
767 167 60 23 den-

69 209 95 16 samma
183 202 104 23 därmed
304 202 86 23 blefve
403 202 35 22 till
452 202 61 22 fullo
526 202 124 22 betäckta.
683 201 143 29 Utgifterna

69 236 139 30 öfverstiga
232 237 107 23 sålunda
356 236 41 23 för
415 236 216 29 femärsperioden
651 236 177 23 1899—1903

70 271 57 23 med
146 272 185 28 sammanlagdt
348 271 64 23 Fmk
432 271 97 26 87,565:
545 271 32 22 69
596 271 117 22 bankens
732 270 95 23 inkom-

69 307 58 21 ster.
164 306 50 22 För
238 306 30 22 de
292 306 31 22 17
350 306 80 22 första
456 306 61 22 åren
544 306 25 22 af
591 305 116 23 bankens
726 305 103 22 tillvaro

69 340 78 23 hafva
166 340 74 23 dessa
258 340 114 27 tillskott,
391 340 88 22 hvilka
498 340 87 22 ultimo
605 340 133 22 december
758 339 68 23 1897

70 375 72 29 stego
154 375 37 22 till
220 392 4 5 .
263 392 5 5 .
295 387 2 3 -
437 392 4 4 <
481 392 4 4 <
524 392 5 4 <.
565 374 64 22 Fmk
666 373 153 28 75,291:04

69 410 59 22 med
146 410 88 29 tillägg
254 410 25 22 af
296 392 102 40 nämda
437 426 91 5 saa
590 426 15 10 -
666 408 104 28 37,565:
785 408 32 23 69

70 455 98 23 således
186 455 88 23 inalles
292 455 110 30 uppgått
421 455 35 23 till
482 472 2 5 .
523 472 4 5 .
565 455 64 23 Fmk
649 455 120 27 112,856:
784 454 43 23 73.

70 501 100 30 Lägges
187 501 37 22 till
236 501 82 23 denna
329 508 98 15 summa
437 501 43 22 det
488 501 41 22 be-

68 536 70 31 lopp,
149 542 54 16 som
212 537 142 21 motsvarar
364 535 31 23 de
405 535 80 23 första
492 542 37 16 or-

71 570 328 29 ganisationskosinaderna
412 570 39 23 för
464 571 66 56 post:

71 605 162 28 sparbanken
251 605 55 22 med
351 622 4 5 .
394 622 4 5 .
438 622 4 5 .
525 622 4 5 .
566 604 64 23 Fmk
667 604 150 27 12,878:75

174 651 106 22 erhålles
299 658 31 15 en
349 651 160 22 totalsumma
525 651 26 22 af
567 651 63 22 Fmk
650 651 120 26 125,785:
785 651 42 27 48,

71 719 103 23 hvilken
196 720 99 23 utvisar
317 720 57 22 hela
394 720 43 22 det
454 720 99 29 belopp,
573 727 52 16 som
644 720 87 23 landet
749 720 80 23 hittils

71 754 39 23 för
128 754 223 29 Postsparbanken
370 754 110 29 utgitfvit.

140 788 145 23 Emellertid
307 789 79 22 hafva
411 789 31 22 de
463 789 8 22 i
490 789 225 28 Postsparbanken
734 789 93 22 insatta

70 823 99 22 medlen
178 823 79 22 redan
268 823 53 23 nätt
334 823 42 22 det
388 823 94 29 belopp
495 825 36 21 att
543 823 58 23 dess
614 823 104 29 utgifter
732 824 96 21 ansetts

70 857 87 23 kunna
182 858 124 22 bestridas
331 859 61 22 utan
415 858 105 22 tillskott
538 857 100 23 utifrån.
674 857 91 23 Redan
783 857 44 23 vid

71 893 99 21 senaste
195 892 123 29 landtdag
341 892 104 23 väcktes
465 892 87 23 därför
569 892 93 29 frågan
681 893 36 22 att
736 899 91 22 genom

71 933 30 16 en
125 926 197 30 fördelaktigare
347 927 130 29 placering
501 927 26 22 af
550 927 116 22 bankens
690 927 138 29 tillgångar

71 961 62 22 söka
152 962 59 22 ernå
231 962 53 22 icke
303 962 64 22 blott
380 968 31 16 en
427 962 148 26 räntevinst,
588 968 53 16 som
654 961 86 23 kunde
754 961 73 23 täcka

70 996 116 29 samtliga
205 996 58 22 dess
281 996 111 29 utgifter,
406 997 63 21 utan
482 996 76 22 äfven
570 996 136 22 framdeles
719 996 108 29 erbjuda

69 1030 96 22 tillfälle
190 1031 36 22 att
249 1030 60 30 höja
327 1030 116 23 bankens
463 1030 236 29 depositionsränta.
737 1030 90 23 Denna
851 1046 2 3 .

70 1064 98 29 åtgärd,
189 1065 84 22 såsom
290 1065 157 29 fördyrande
465 1065 47 22 och
527 1065 170 22 försvårande
711 1065 116 22 bankens

70 1099 100 27 skötsel,
196 1100 79 28 ansåg
300 1100 38 29 sig
364 1100 193 22 Statsutskottet
581 1099 138 23 emellertid
745 1100 33 22 då
803 1099 22 29 ej

68 1132 64 23 böra
158 1133 111 23 förorda.
308 1134 86 22 Sedan
422 1134 249 28 depositionsräntan
698 1134 7 22 i
733 1134 94 28 privat-

67 1164 141 31 bankerna,
234 1175 54 15 som
314 1168 27 22 år
368 1168 66 23 1899
463 1169 55 29 gått
543 1175 52 22 upp
617 1168 37 22 till
675 1169 12 21 5
699 1166 40 34 %,
760 1168 67 29 ånyo

69 1202 105 29 nedgätt
192 1203 36 22 till
242 1203 16 22 4
270 1200 27 35 !/,
314 1200 39 35 9/,,
367 1203 63 22 fann
443 1203 39 29 sig
495 1202 331 30 Postsparbanksstyrelsen

68 1236 8 22 i
95 1237 131 23 december
247 1237 65 23 1902
334 1238 66 28 ånyo
419 1238 63 22 böra
501 1238 115 28 upptaga
635 1238 84 22 denna
743 1237 82 29 fråga,

69 1270 64 23 dock
151 1272 8 21 i
178 1272 49 22 den
245 1272 71 27 form,
335 1273 36 21 att
390 1272 50 22 den
458 1272 151 29 ifrågasatta
622 1272 155 22 förändrade
790 1273 37 21 ut-

66 1304 122 30 låningen
216 1306 80 22 skulle
323 1306 154 23 värkställas
508 1313 91 23 genom
629 1306 196 27 Statskontoret,

68 1341 65 21 samt
156 1340 72 23 bestå
252 1341 9 21 i
284 1340 42 23 lån
351 1341 36 22 till
405 1341 150 22 kommuner
573 1341 47 22 och
638 1341 187 29 församlingar,

69 1374 130 23 äfvensom
224 1375 36 23 till
285 1375 114 23 enskilda
419 1376 66 22 emot
495 1375 154 62 KR
668 1376 8 22 i
672 1371 151 57 njaa

136 1417 161 19 Statsutskoiteis
310 1419 120 18 betänkande
442 1419 28 18 N:o
471 1425 34 12 2.
