1034 1620
402 137 9 26 8
430 136 20 21 5.

116 193 95 21 Emedan
233 192 36 22 det
290 193 73 27 belopp
383 192 22 22 af
419 193 78 27 50,000
511 193 66 26 mark,
593 200 45 15 som
652 194 66 26 enligt
733 194 71 21 derom
816 193 124 18 Kassörernes

51 227 121 22 meddeladt
193 227 139 21 förordnande
354 227 64 27 högst
438 227 41 21 fick
501 227 84 21 innestå
599 228 31 20 uti
645 228 109 21 kassörens
770 228 35 22 vid
819 220 120 20 kendkassor.

52 262 98 21 Bankens
172 261 74 21 kontor
267 261 8 21 i
289 261 70 21 Kotka
374 261 124 27 handkassa,
514 262 55 21 visat
584 262 31 27 sig
630 268 50 15 vara
694 262 32 21 för
741 262 63 21 rörel-

49 303 37 15 sen
108 296 139 27 otillräckligt,
264 296 63 21 hafva
349 296 192 27 Bankfullmäktige
557 296 41 21 den
613 297 12 21 3
640 296 122 28 December,
778 296 26 28 på

48 330 156 27 framställning
226 330 22 21 af
269 330 142 26 Direktionen,
426 330 93 22 faststält
534 330 36 22 det
584 331 75 27 högsta
674 331 82 21 tillåtna
770 331 34 21 be-

46 365 72 27 loppet
133 364 7 21 i
154 364 93 21 nämnda
261 364 62 22 kassa
338 364 32 22 till
386 364 78 27 75,000
478 365 67 21 mark.

403 428 11 26 8
427 413 23 48 6.

116 484 38 21 Uti
177 484 201 27 Bankreglementet
399 484 106 28 påbjuden
523 485 89 21 revision
627 485 38 22 har
679 485 67 22 under
760 485 44 22 året
820 491 89 17 Revision
923 491 24 21 af

48 519 11 21 &
81 518 136 22 föreskrifven
239 519 31 21 tid
290 519 108 22 förrättats
417 519 23 21 af
455 519 128 22 Ständernas
598 519 167 22 Bankrevisorer.
794 519 9 21 I
813 519 86 21 Bankens
911 519 38 23 för-

49 553 92 27 enlighet
163 553 49 21 med
236 553 147 22 Revisorernes
397 553 120 28 tillstyrkan
533 553 39 22 och
586 554 7 20 i
609 553 47 22 stöd
671 553 23 22 af
706 554 98 27 stadgan-
834 548 90 23 velining.

48 587 54 22 dena
117 588 73 21 härom
203 587 9 21 i
226 588 194 27 bankreglementet
434 588 63 21 hafva
511 588 192 27 Bankfullmäktige
718 588 49 21 derå
778 589 27 27 på

51 621 129 22 Ständernas
195 623 80 26 vägnar
290 622 40 21 den
346 623 12 20 6
373 622 60 28 April
447 622 107 21 meddelat
568 622 189 22 Bankdirektionen
768 629 36 15 an-

48 655 128 22 svarsfrihet
190 655 32 22 för
236 656 98 21 Bankens
349 657 127 27 förvaltning
490 657 68 21 under
573 657 22 21 år
612 657 60 22 1903.

405 720 11 27 8
433 720 19 21 7.

116 776 37 21 Uti
180 776 106 22 skrifvelse
307 777 32 21 för
361 777 41 21 den
424 777 12 21 7
452 777 57 21 Mars
524 777 39 21 har
577 777 135 21 Direktionen
727 777 80 21 anmält
828 777 66 23 Yppad
907 776 30 18 ba-

49 811 31 20 att
102 810 107 21 Kassören
223 810 35 22 vid
273 810 98 22 Bankens
387 811 73 21 kontor
474 811 8 21 i
496 811 71 21 Kotka
581 811 26 21 R.
622 811 100 21 Roschier
737 811 42 21 den
794 812 7 20 1
813 806 42 18 lans
867 806 32 17 hos
908 805 41 18 kas-

47 844 8 20 i
78 844 65 27 sagda
167 844 77 22 månad
266 844 118 22 försvunnit
401 845 47 21 från
467 846 59 20 orten
541 845 44 27 och,
601 845 65 27 enligt
680 845 55 22 hvad
749 845 36 22 vid

51 878 86 22 ärendet
160 878 147 28 försiggången
325 880 210 27 polisundersökning
548 880 89 25 utredts,
652 880 48 21 med
716 880 28 21 all
758 886 48 15 san-

50 912 93 22 nolikhet
161 913 72 27 begått
253 913 111 28 sjelfmord
383 914 105 21 äfvensom
507 914 32 21 att
552 914 8 20 i
575 914 105 21 kontorets
695 914 62 21 kassa
771 914 35 21 vid

49 947 106 21 verkstäld
178 947 133 28 inventering
331 949 75 27 yppats
429 954 27 15 en
477 948 58 27 brist,
559 948 123 28 uppgående
704 948 33 21 till
758 948 48 28 Zag

48 981 49 21 596:
113 981 34 22 67.

118 1015 147 22 Direktionens
281 1016 89 22 berörda
385 1017 99 21 anmälan
498 1016 123 43 föranledde
635 1017 44 21 icke
695 1017 32 21 till
738 1018 68 26 någon

49 1050 73 27 åtgärd
137 1050 46 21 från
201 1050 201 28 Bankfullmäktiges
418 1052 51 20 sida.

402 1114 11 27 8
430 1114 20 21 8.

116 1169 12 21 I
153 1170 92 27 enlighet
267 1170 49 21 med
338 1171 132 21 föreskriften
491 1171 8 21 i
521 1171 29 21 40
565 1171 12 27 8
593 1171 23 21 af
631 1171 96 27 gällande
742 1171 65 22 bank-
827 1171 113 18 Inventerin-

51 1203 128 27 reglemente
202 1204 63 21 hafva
288 1204 192 28 Bankfullmäktige
502 1205 41 21 den
565 1206 35 25 20,
619 1206 33 25 21,
672 1206 34 26 23,
727 1205 33 25 24,
780 1206 27 20 26
836 1199 13 37 =
855 1205 47 26 J.

29 1246 2 2 +
50 1237 39 21 och
105 1238 28 20 30
149 1237 122 28 September
286 1240 55 20 samt
355 1239 41 21 den
411 1240 19 26 1,
446 1240 14 20 3
475 1239 38 21 och
529 1240 14 20 4
558 1239 90 22 Oktober
663 1239 100 22 verkstält
777 1239 31 21 in-
815 1227 77 47 ji
891 1228 60 46 vh

48 1272 111 27 ventering
181 1272 23 21 af
227 1272 187 22 hufvudkontorets
437 1273 122 22 kassahvalf
572 1274 38 20 och
626 1274 96 26 samtliga
737 1274 71 21 kassor
921 1270 4 4 i

50 1305 106 22 äfvensom
181 1306 57 21 läne-
260 1307 38 21 och
323 1307 234 27 säkerhetshandlingar
582 1308 55 20 samt
663 1307 144 28 depositioner.

48 1339 42 22 Det
112 1340 35 21 vid
170 1340 65 28 sagda
251 1341 132 27 inventering
397 1342 148 21 konstaterade
561 1342 94 25 resultat,
671 1342 79 21 hvilket
764 1341 44 21 del-

48 1374 70 26 gifvits
134 1374 198 27 Bankdirektionen,
351 1375 39 21 har
404 1376 55 21 varit
473 1376 49 20 med
537 1376 99 21 Bankens
651 1376 76 21 böcker
742 1376 66 21 öfver-

49 1409 178 21 ensstämmande.
