1028 1617
373 67 29 23 U.
417 68 29 22 B.
461 80 29 2 —
504 66 28 22 11.
808 68 25 21 57

74 136 106 28 verkning
195 136 20 20 af
230 135 95 28 bränvin,
340 135 118 27 bevillning
479 135 33 21 för
530 135 93 27 spelkort
638 136 55 20 samt
708 136 127 28 stämpelbe-

75 170 91 28 villning
181 170 68 21 under
263 169 24 22 är
302 170 61 27 1905,
379 170 109 20 äfvensom
505 169 110 27 angående
627 169 129 27 provisionel]
766 170 69 28 regle-

75 204 48 28 ring
138 205 21 21 af
174 204 235 28 bevillningsbudgeten
424 203 64 21 hafva
503 203 119 21 Ständerna
636 204 66 21 redan
715 204 77 22 uttalat
802 205 33 27 sig

76 237 129 23 beträffande
221 237 158 28 ofvanantydda
395 237 153 27 öfverföringar
559 237 21 21 af
589 237 69 22 finska
669 239 123 21 statsmedel
802 239 33 21 till

73 273 76 27 Ryska
163 272 228 26 riksskattkammaren,
406 272 83 21 hvadan
506 272 109 21 Utskottet
628 272 71 21 finner
714 272 65 28 nägot
793 275 42 25 ytt-

75 307 68 27 rande
157 308 21 20 af
194 307 115 21 detsamma
323 307 8 20 i
346 306 70 22 denna
432 306 35 22 del
481 306 47 21 icke
544 313 30 14 nu
589 313 51 15 vara
654 306 113 28 päkalladt.

145 341 100 21 Deremot
258 341 42 21 kan
314 340 110 22 Utskottet
438 341 18 27 ej
473 340 111 22 underläta
600 342 30 20 att
644 336 118 37 framhälla,
776 342 59 20 huru-

77 382 46 15 som
139 376 42 21 den
196 375 147 28 egendomliga
357 375 99 28 omgäng,
472 381 45 15 som
533 375 101 21 bestämts
650 375 33 21 för
697 375 138 21 utbetalande

78 417 77 21 genom
173 410 31 21 för
214 409 72 22 landet
295 409 132 22 främmande
438 409 150 28 myndigheter
599 409 21 21 af
631 409 69 21 finska
712 409 123 22 statsmedel

77 444 33 21 till
128 438 10 37 —
145 443 68 22 finska
240 443 192 28 statsinrättningar
458 443 70 21 såsom
554 443 122 28 Lifgardets
695 443 55 28 3:dje
765 443 70 22 finska

77 478 234 28 skarpskyttebataljon,
327 477 229 28 Garnisonssjukhuset
566 477 39 22 och
617 473 218 32 Öfverkrigsdomsto-

77 513 42 28 len,
135 512 66 21 mäste
216 512 105 21 betraktas
337 512 70 21 säsom
421 512 8 20 i
440 512 74 27 högsta
529 511 52 28 grad
597 511 112 28 oegentlig.
732 511 104 22 Särskildt

77 547 39 21 bör
136 546 121 22 framhållas
280 548 29 19 att
328 546 25 21 de
373 546 33 21 för
428 546 61 21 dessa
511 546 141 27 inrättningar
675 546 100 21 anvisade
798 553 37 14 an-

78 581 45 27 slag
141 583 36 19 äro
192 581 169 27 förslagsanslag,
371 580 82 21 hvilkas
462 580 68 21 under
542 580 44 21 äret
595 580 47 21 icke
654 580 96 22 använda
758 580 77 28 belopp

77 614 40 21 bör
141 614 67 22 finska
226 615 81 21 kronan
323 615 105 27 besparas,
443 616 30 19 ett
488 614 105 28 ändamäl,
608 620 45 15 som
670 614 53 21 dock
739 615 97 27 omöjlig-

78 651 61 25 göres
154 655 77 22 genom
244 649 141 27 nyssberörda
397 648 176 28 tillvägagäende,
583 649 81 21 hvilket
677 649 62 21 äfven
752 648 23 21 sä
785 649 52 27 godt

78 690 46 14 som
134 683 132 28 fullständigt
276 683 119 22 förhindrar
405 683 73 27 hvarje
489 683 92 21 kontroll
591 683 59 21 öfver
660 683 36 21 det
706 684 40 20 sätt
756 682 80 28 hvarpä

78 717 101 28 anslagen
195 717 102 21 användts
313 717 39 21 och
367 717 104 21 utesluter
487 717 40 20 den
543 717 131 28 granskning
686 723 76 22 genom
774 717 61 22 Stän-

79 751 78 22 dernas
172 751 85 28 utskott,
272 758 46 15 som
333 751 135 22 omförmäles
484 751 6 20 i
505 751 23 21 L.
545 751 35 21 O:s
597 751 12 28 &
624 752 32 20 27.
666 751 20 28 *)
702 751 48 22 Med
764 751 73 22 anled-

77 786 53 27 ning
152 786 58 21 häraf
233 786 37 21 har
292 785 109 22 Utskottet
422 787 51 20 trott
495 785 33 28 sig
550 785 51 22 böra
624 785 80 22 föreslä
726 786 36 21 det
776 785 62 22 Stän-

79 821 66 20 derna
160 820 49 22 ville
225 820 77 21 uttala:

284 855 33 20 att
340 854 36 28 för
401 854 140 21 utbetalande
560 854 28 28 af
596 855 107 27 anslagen
715 854 35 21 till
758 855 78 27 ofvan-

217 889 84 21 nämda
322 888 75 28 finska
416 888 101 21 militära
533 888 155 28 inrättningar
702 888 137 28 oförtöfvadt

216 923 37 21 bör
270 923 88 27 införas
376 929 27 15 en
413 922 124 28 förändrad
546 923 101 28 ordning,
663 922 89 22 hvilken
762 923 73 28 öfver-

216 959 145 20 ensstämmer
383 957 49 21 med
445 957 104 27 gällande
562 957 168 28 grundlagsbud
744 957 39 22 och
792 957 46 22 icke

217 991 100 28 betingar
339 991 103 28 afvikelse
459 991 53 28 från
529 991 58 21 hvad
598 991 134 28 beträffande
743 992 96 21 allmän-

218 1032 31 15 na
271 1025 166 28 inrättningars
458 1025 276 29 redovisningsskyldighet
747 1026 10 21 i
772 1025 68 28 öfrigt

216 1061 26 20 är
257 1060 108 27 stadgadt.

150 1157 59 21 Efter
220 1157 35 21 det
270 1157 89 21 sålunda
369 1157 41 22 den
423 1157 69 21 finska
501 1157 117 22 militärens
629 1157 127 28 upplösning
766 1157 8 20 i
786 1157 53 21 strid

79 1191 50 20 med
153 1191 97 27 gällande
271 1191 129 27 grundlagar
420 1191 70 21 blifvit
515 1193 30 19 ett
566 1191 83 21 faktam
669 1191 55 21 hade
746 1191 36 21 det
804 1191 35 21 väl

80 1224 69 28 ålegat
170 1225 83 21 landets
268 1225 89 27 styrelse
373 1227 30 19 att
417 1226 56 21 tillse
489 1226 36 20 det
543 1225 69 22 denna
626 1226 130 27 upplösning
770 1225 69 21 skulle

148 1287 17 23 *)
190 1287 73 19 Härvid
279 1288 32 18 mä
327 1288 68 18 erinras
412 1289 28 17 att
451 1287 25 19 då
487 1288 43 18 från
546 1288 36 18 den
594 1288 9 18 1
616 1287 169 19 nästinstundande
796 1287 43 23 maj,

78 1322 18 17 g.
109 1318 22 16 st.
144 1316 23 18 de
178 1316 56 23 ryska
245 1316 120 22 embetsverk,
372 1322 40 12 som
418 1316 46 19 höra
470 1317 29 17 till
503 1316 107 19 finländska
615 1317 69 18 militär
690 1316 149 22 distriktsstyrel-

78 1350 39 17 sen,
131 1344 52 19 torde
200 1345 75 18 komma
292 1346 29 17 att
331 1344 93 24 indragas,
436 1345 74 19 osäkert
522 1346 21 18 är
554 1346 47 18 hvar
613 1345 141 23 utbetalningen
766 1344 19 18 af
796 1344 44 18 ifrå-

78 1373 105 23 gavarande
195 1374 63 23 anslag
270 1373 80 19 därefter
361 1374 83 18 kommer
456 1375 30 17 att
498 1380 33 18 ega
542 1380 47 12 rum.

149 1414 142 18 Statsutskottets
304 1413 112 18 betänkande
428 1414 36 18 N:o
476 1414 17 17 4.
