1039 1623
781 58 11 22 7

134 121 47 21 Den
196 122 26 21 27
236 121 118 22 November
367 121 55 22 1902
434 121 82 28 vidtogo
529 121 24 21 de
565 121 150 22 förberedande
723 121 100 22 arbetena

65 155 50 22 med
130 155 136 28 tryckningen
286 156 22 21 af
323 162 42 21 nya
381 156 120 21 emissioner
516 156 25 21 af
553 156 14 21 5
581 156 70 21 marks
667 156 90 26 valören,
773 162 50 15 men

63 190 54 27 egde
132 190 63 27 ingen
210 191 94 20 leverans
316 190 46 21 från
374 190 111 27 tryckeriet
496 190 23 21 af
528 190 81 27 färdiga
621 190 68 21 sedlar
702 190 23 21 af
730 190 92 21 nämnda

66 225 37 27 typ
118 225 67 20 under
200 225 43 20 året
257 231 53 15 rum.

133 259 73 21 Under
231 259 23 20 år
281 259 55 21 1903
362 259 73 27 pågick
462 259 81 21 arbetet
561 259 12 21 å
591 259 170 27 sedeltryckeriet
779 259 42 21 oaf-

65 293 70 22 brutet
165 293 38 21 och
228 293 137 22 -tillverkades
390 293 103 22 derunder
519 293 69 22 sedlar
611 293 23 21 af
650 294 20 25 5,
691 294 27 20 10
736 293 38 22 och
794 294 27 21 20

62 327 71 22 marks
164 327 65 22 valör.
274 328 145 27 Tryckningen
451 327 23 22 af
504 328 14 22 5
551 328 70 21 marks
658 328 163 27 sedelupplagan

64 361 112 22 slutfördes
195 362 67 21 under
277 362 51 25 året,
344 362 77 21 medan
437 363 80 20 arbetet
531 363 49 20 med
595 362 26 22 de
637 363 36 21 två
689 362 66 27 öfriga
769 369 52 21 upp-

63 400 86 23 lagorna
165 397 58 20 ännu
237 397 35 21 vid
287 397 106 21 årsskiftet
407 396 93 28 fortgick.

131 431 32 20 De
186 431 149 22 förberedande
359 431 98 22 arbetena
478 431 32 22 för
533 432 13 21 5
566 431 71 22 marks
657 431 164 28 sedelupplagan

63 465 61 27 hade,
141 465 68 22 såsom
222 465 57 22 förut
293 467 92 26 nämnts,
401 466 12 21 å
428 466 111 27 tryckeriet
554 466 89 27 vidtagit
657 466 64 21 redan
737 466 41 21 den
793 466 27 21 27

65 500 119 21 November
209 499 61 23 1902.
302 501 134 21 Leveransen
460 501 33 20 till
515 501 89 20 Banken
627 500 22 22 af
669 501 61 20 dessa
752 501 69 21 sedlar

65 534 83 27 började
171 534 40 21 den
231 535 26 21 19
275 534 89 22 Januari
384 535 53 22 1903
457 535 38 22 och
513 535 89 27 fortgick
622 535 33 21 till
672 535 40 21 den
728 535 27 21 24
771 535 50 27 Sep-

64 569 87 26 tember,
178 569 26 21 då
224 569 48 22 hela
295 570 112 27 upplagan,
429 569 117 28 utgörande
569 570 113 26 7,202,000
704 570 25 20 st.
751 569 70 21 sedlar

53 619 3 3 -
63 603 121 22 levererats.
214 604 268 27 Tillverkningskostnaden
500 604 33 21 för
549 604 68 21 denna
632 604 91 27 upplaga
738 603 82 28 belöpte

61 637 34 28 sig
117 638 32 21 till
171 638 47 27 Ze
241 639 34 21 39:
294 638 28 21 09
341 645 36 21 pro
395 639 67 25 mille;
481 639 39 21 och
538 639 96 26 utgjorde
649 639 41 21 den
709 639 12 20 &
738 638 81 27 trycke-

62 672 40 21 riet
109 673 119 27 uppkomna
238 673 120 21 makulatur
369 673 43 28 0,13
420 672 28 28 0/0
464 673 22 22 af
496 673 80 21 antalet
586 673 33 21 till
626 673 111 28 tryckeriet
745 673 75 21 utlem-

63 707 55 21 nade
133 707 86 27 dugliga
234 707 122 22 blanketter.
689 721 2 2 :

131 742 47 21 Den
186 742 14 21 4
209 742 121 28 September
337 743 53 21 1903
398 742 83 28 vidtogo
489 742 178 22 förberedelserna
674 742 32 21 för
715 742 27 22 10
749 742 70 21 marks

63 776 163 28 sedelupplagan
245 777 38 21 och
302 777 41 21 den
358 777 14 21 3
388 777 90 21 Oktober
494 777 51 27 egde
561 777 41 21 den
617 777 66 21 första
697 777 124 21 leveransen

61 810 34 22 till
117 810 88 22 Banken
227 811 23 22 af
269 812 61 21 dessa
350 811 68 22 sedlar
436 818 54 15 rum.
518 812 31 21 På
571 811 68 28 grund
658 811 23 22 af
698 812 31 21 att
751 811 25 21 de
799 810 23 22 af

61 845 77 21 firman
145 845 116 28 Bradbury,
269 846 116 21 Wilkinson
394 846 16 21 &
422 846 35 21 C:o
465 846 8 21 i
480 846 87 21 London
576 846 119 21 levererade
703 846 118 21 blanketter

61 879 33 21 för
117 879 68 22 denna
206 887 91 21 upplaga
316 881 53 26 tagit
388 881 42 20 slut
448 881 39 21 och
505 887 42 21 nya
566 881 78 21 sådana
662 881 45 21 icke
722 880 99 21 hunnit
810 875 15 37 i

61 914 32 21 tid
115 914 95 26 anlända,
234 915 80 21 afbröts
337 915 162 27 tillverkningen
520 915 23 21 af
563 915 60 21 dessa
645 915 69 21 sedlar
733 915 40 21 den
792 915 28 22 26

61 948 124 22 November.
217 949 59 22 Intill
297 950 93 21 nämnda
416 949 40 28 dag
478 949 54 22 hade
555 949 33 22 till
605 949 89 22 Banken
707 949 113 22 levererats

65 983 113 27 1,656,000
193 984 25 21 st.
233 983 68 22 sedlar
317 984 23 21 af
352 984 66 27 sagda
432 984 64 21 valör.
528 1005 3 2 .

129 1017 89 22 Arbetet
232 1018 48 21 med
296 1019 28 20 20
338 1018 70 21 marks
425 1018 164 28 sedelupplagan
601 1018 123 27 påbörjades
741 1018 41 21 den
795 1019 25 20 12

62 1052 118 21 November
192 1053 54 21 1903
258 1053 38 21 och
307 1053 88 27 fortgick
411 1053 91 21 därefter
512 1053 33 20 till
556 1053 54 21 ärets
623 1053 49 20 slut.
693 1053 47 21 Den
754 1054 9 20 1
777 1053 42 21 De-

61 1086 84 21 cember
162 1086 130 22 levererades
310 1087 34 21 till
361 1087 87 21 Banken
468 1087 25 21 de
512 1087 65 21 första
593 1087 99 21 sedlarna
711 1087 22 22 af
751 1087 69 21 denna

61 1121 100 27 upplaga;
184 1121 57 21 inom
264 1121 54 22 ärets
338 1121 79 28 utgäng
435 1122 80 27 mottog
533 1121 88 22 Banken
646 1121 47 22 frän
707 1121 112 28 tryckeriet

63 1155 92 26 750,000
169 1155 26 21 st.
210 1155 68 22 sedlar
293 1155 23 22 af
329 1156 29 21 20
371 1156 71 21 marks
454 1156 64 21 valör.

413 1214 11 27 8
440 1214 20 21 4.

129 1258 59 21 Efter
208 1259 35 21 det
262 1259 129 22 Ständernas
409 1259 35 21 vid
460 1260 83 21 senaste
560 1260 88 27 lagtima
662 1260 102 27 landtdag
779 1259 40 22 fat-

849 1259 94 19 Finlands

60 1292 49 21 tade
131 1293 70 21 beslut
222 1294 108 27 angående
348 1294 133 28 upptagande
500 1294 23 21 af
539 1294 31 21 ett
588 1295 48 27 nytt
656 1295 109 21 utländskt
783 1294 34 21 län
841 1288 63 19 Barks
917 1289 35 18 del-

58 1327 33 21 för
114 1327 70 22 vidare
204 1328 221 28 jernvägsbyggnader
446 1329 68 22 blifvit
533 1329 7 21 i
558 1329 65 21 nåder
646 1330 95 27 stadfäst,
765 1329 50 27 god-

59 1362 78 21 kändes
160 1362 22 21 af
202 1362 191 28 Bankfullmäktige
416 1363 40 21 den
479 1364 13 20 2
514 1363 42 27 Maj
581 1364 53 21 1901
659 1364 30 21 ett
708 1364 23 21 af
748 1363 61 21 Bank:

847 1318 80 22 tagande
938 1317 10 18 i

843 1346 103 18 konsortier

809 1374 10 4 "
839 1374 32 23 för
882 1376 68 22 uppta-

59 1396 129 21 direktionen
209 1397 141 27 Fullmäktige
372 1397 104 27 förelagdt
493 1397 79 27 förslag
591 1398 31 20 att
639 1398 100 21 Finlands
757 1392 55 38 Bank
824 1403 58 23 gande
895 1403 25 23 af
926 1403 37 18 län.
