1050 1625
76 1260 90 15 1901—1904.

221 51 30 21 76
560 54 25 20 I

190 120 64 28 hang
275 118 143 31 framhållits,
439 121 19 29 ej
474 121 80 22 blifvit
575 122 3 21 i
592 123 308 22 kommunikationsfondens
916 127 35 18 rä-

190 155 129 27 kenskaper
335 155 140 22 observerad.

260 189 69 22 Hvad
343 190 310 22 kommunikationsfondens
668 191 98 29 utgifter
780 192 73 21 under
867 192 85 28 ifråga-

192 224 101 21 varande
307 224 80 28 period
401 224 150 30 vidkommer,
568 228 37 19 äro
622 226 28 21 de
659 226 67 22 flesta
735 226 94 22 härmed
839 234 113 14 samman-

191 258 102 22 hörande
309 259 197 29 omständigheter
520 259 36 22 för
572 260 127 22 Ständerna
714 261 70 21 redan
804 261 76 22 kända.
909 262 44 21 Att

193 293 161 22 annuiteterna
369 294 13 21 å
397 294 56 21 1882
470 295 43 21 och
528 295 56 21 1886
600 295 35 21 års
650 295 40 21 lån
705 297 64 27 stego
784 295 38 22 till
835 295 118 29 betydligt

192 328 66 28 lägre
275 327 42 22 och
333 329 12 20 å
361 328 39 22 det
414 336 46 21 nya
475 329 63 21 lånet
553 329 37 21 till
604 329 118 29 betydligt
736 330 72 28 högre
822 330 85 28 belopp
924 333 29 18 än

192 362 96 22 hvartill
310 362 115 22 desamma
446 363 123 22 beräknats
591 363 42 22 har
655 364 35 21 sin
714 364 66 21 orsak
796 364 53 28 deri,
866 365 34 20 att
915 364 38 21 det

193 404 48 21 nya
256 397 122 21 statslånet
391 398 102 27 upptogs
510 397 40 22 och
567 397 29 22 de
609 398 101 21 nämnda
726 398 62 21 äldre
809 399 58 21 lånen
876 399 10 20 i
896 398 59 29 följd

192 431 70 21 häraf
283 431 165 22 återbetalades
470 432 72 21 redan
565 433 25 20 år
604 433 62 21 1898.
695 433 87 21 Posten
796 433 158 28 bankirprovi-

194 466 77 21 sioner
291 466 137 29 öfverstiger
448 467 49 21 åter
512 467 74 28 enligt
600 467 145 22 förestående
759 467 64 22 tablå
839 467 116 28 ansenligt

196 500 38 21 det
248 501 132 21 beräknade
396 501 22 21 af
434 501 66 22 orsak
516 503 34 20 att
565 501 50 22 häri
629 502 132 28 inbegripas
777 501 68 22 äfven
860 501 28 22 de
902 501 54 22 med

194 535 160 29 upptagandet
373 535 29 22 :af
427 536 56 22 1898
509 537 35 21 års
566 537 39 20 lån
627 536 108 22 förenade
759 537 196 21 omkostnaderna.

195 570 37 21 De
246 570 9 21 i
270 570 53 22 flere
339 570 123 22 afseenden
476 573 60 19 mest
551 571 236 28 anmärkningsvärda
805 574 70 19 poster
884 570 72 22 bland

195 604 310 22 kommunikationsfondens
524 604 98 30 utgifter
640 608 39 19 äro
694 608 57 19 utan
766 605 83 22 tvifvel
863 606 93 21 kostna-

196 639 71 21 derna
281 639 36 21 för
331 640 171 28 nybyggnader
517 640 43 21 och
575 640 148 22 anskaffande
739 639 25 22 af
771 640 71 28 rörlig
852 639 105 22 materiel

195 674 37 22 för
247 674 219 28 statsjernvägarnes
480 674 76 22 behof.
582 674 35 22 De
626 674 107 22 häröfver
745 674 69 22 ofvan
823 674 133 22 meddelade

195 708 152 29 uppgifterna
363 712 37 18 äro
416 708 106 22 hemtado
536 716 28 14 ur
580 708 220 29 statsjernvägarnes
815 708 9 22 i
836 708 121 29 jernvägs-

197 744 124 27 styrelsens
344 743 170 22 öärsberättelser
536 743 98 28 intagna
654 743 221 28 hufvudräkningar,
899 745 59 20 samt

198 777 145 29 ädagalägga
358 778 87 21 således
460 777 62 22 hvad
536 777 72 22 under
623 777 176 29 ifrågavarande
813 779 25 20 är
847 777 35 22 för
893 774 65 25 dessa

198 812 107 21 ändamål
320 812 119 28 användts,
454 820 55 13 vare
525 813 36 28 sig
577 812 25 21 af
616 813 59 21 årets
689 813 132 21 trafikvinst
837 813 54 20 eller
905 812 54 21 med

199 847 116 21 anlitande
332 846 23 22 af
369 846 51 22 frän
434 847 100 28 tidigare
550 848 24 20 är
588 847 145 22 reserverade
743 847 56 22 eller
810 847 70 21 andra
891 849 67 19 stats-

198 881 81 22 medel.
313 881 35 22 De
371 882 149 27 synnerligen
543 881 73 29 dryga
637 882 91 28 belopp,
752 889 50 14 som
824 881 35 22 för
881 881 77 28 bägge

199 915 66 22 dessa
288 915 106 22 ändamål
412 915 109 29 utgifvits
540 929 27 2 —
584 916 36 21 till
634 915 170 30 nybyggnader
819 918 103 19 närmare
938 915 20 28 5,

198 950 38 21 till
256 950 146 22 anskaffande
421 950 23 21 af
458 958 33 21 ny
505 950 72 29 rörlig
592 950 104 21 materiel
711 949 64 22 öfver
791 950 45 28 12,8
851 949 109 29 miljoner

199 985 67 22 mark
283 985 92 22 utöfver
396 985 39 22 det
449 985 8 21 i
473 985 195 28 finansperiodens
682 985 89 28 budget
785 984 121 22 faststälda
921 984 39 21 be-

199 1020 80 28 loppet
303 1033 27 2 —
353 1019 174 29 möjliggjordes
554 1019 195 28 hufvudsakligen
773 1025 85 22 genom
882 1018 78 22 ofvan-

199 1054 101 21 nämnda
323 1053 167 29 öfverföringar
512 1061 27 14 ur
561 1053 149 22 statsfonden.
740 1053 128 28 Angående
888 1052 72 23 öfver-

202 1089 87 21 skottet
305 1089 7 21 i
326 1088 298 22 kommunikationsfonden
644 1088 41 22 vid
703 1089 120 27 utgången
839 1087 25 21 af
876 1087 85 29 ifräga-

201 1123 100 21 varande
319 1123 161 28 finansperiod,
502 1124 19 20 d.
539 1130 21 14 v.
576 1130 16 14 s.
606 1123 41 21 vid
662 1123 71 21 slutet
749 1122 22 22 af
786 1123 25 20 är
827 1122 61 28 1900,
904 1122 58 21 lika-

202 1164 49 15 som
266 1157 142 22 beträffande
422 1157 98 22 fondens
536 1157 111 28 ställning
662 1157 9 21 i
686 1156 127 22 allmänhet
826 1156 41 21 vid
880 1156 82 28 ingän-

202 1199 45 21 gen
264 1191 22 22 af
302 1192 44 22 den
361 1200 47 20 nya
421 1192 190 28 finansperioden,
628 1192 59 21 skall
700 1191 9 21 i
719 1191 39 21 det
773 1190 102 29 följande
891 1190 71 22 ordas.

271 1261 52 22 Den
344 1261 89 28 budget
456 1261 128 22 Ständerna
605 1261 39 21 vid
668 1261 57 21 1900
747 1261 36 20 ärs
801 1259 112 28 landtdag
928 1259 36 22 för

203 1295 36 22 sin
262 1295 37 22 del
318 1295 122 28 godkände
460 1295 36 22 för
513 1294 309 23 kommunikationsfondens
838 1294 126 21 inkomster

204 1330 41 21 och
264 1329 98 29 utgifter
381 1329 73 22 under
468 1329 185 29 finansperioden
669 1329 145 22 1901—1904
827 1327 51 22 blef
890 1328 51 21 icke
955 1328 10 21 i

204 1364 148 22 oförändradt
376 1365 65 21 skick
464 1364 25 21 af
504 1365 65 21 Hans
584 1364 131 28 Kejserliga
730 1363 109 29 Majestät
852 1362 112 22 faststäld.
