<?xml version="1.0" encoding="UTF-8"?>
<alto xmlns="http://www.loc.gov/standards/alto/ns-v3#" xmlns:xlink="http://www.w3.org/1999/xlink" xmlns:xsi="http://www.w3.org/2001/XMLSchema-instance" xsi:schemaLocation="http://www.loc.gov/standards/alto/ns-v3# http://www.loc.gov/alto/v3/alto-3-0.xsd">
	<Description>
		<MeasurementUnit>pixel</MeasurementUnit>
		<sourceImageInformation>
			<fileName>/tmp/tess_4qw290lz_input.PNG</fileName>
		</sourceImageInformation>
		<OCRProcessing ID="OCR_0">
			<ocrProcessingStep>
				<processingSoftware>
					<softwareName>tesseract 5.3.4</softwareName>
				</processingSoftware>
			</ocrProcessingStep>
		</OCRProcessing>
	</Description>
	<Layout>
		<Page WIDTH="1028" HEIGHT="1620" PHYSICAL_IMG_NR="0" ID="page_0">
			<PrintSpace HPOS="0" VPOS="0" WIDTH="1028" HEIGHT="1620">
				<GraphicalElement ID="cblock_0" HPOS="570" VPOS="89" WIDTH="28" HEIGHT="2"></GraphicalElement >
				<ComposedBlock ID="cblock_1" HPOS="175" VPOS="75" WIDTH="465" HEIGHT="22">
					<TextBlock ID="block_0" HPOS="175" VPOS="75" WIDTH="465" HEIGHT="22">
						<TextLine ID="line_0" HPOS="175" VPOS="75" WIDTH="465" HEIGHT="22">
							<String ID="string_0" HPOS="175" VPOS="77" WIDTH="27" HEIGHT="20" WC="0.95" CONTENT="86"/><SP WIDTH="277" VPOS="77" HPOS="202"/>
							<String ID="string_1" HPOS="479" VPOS="75" WIDTH="29" HEIGHT="22" WC="0.89" CONTENT="U."/><SP WIDTH="18" VPOS="75" HPOS="508"/>
							<String ID="string_2" HPOS="526" VPOS="76" WIDTH="28" HEIGHT="21" WC="0.90" CONTENT="B."/><SP WIDTH="59" VPOS="76" HPOS="554"/>
							<String ID="string_3" HPOS="613" VPOS="75" WIDTH="27" HEIGHT="22" WC="0.75" CONTENT="I."/>
						</TextLine>
					</TextBlock>
				</ComposedBlock>
				<ComposedBlock ID="cblock_2" HPOS="174" VPOS="144" WIDTH="764" HEIGHT="577">
					<TextBlock ID="block_1" HPOS="174" VPOS="144" WIDTH="764" HEIGHT="577">
						<TextLine ID="line_1" HPOS="176" VPOS="144" WIDTH="759" HEIGHT="28">
							<String ID="string_4" HPOS="176" VPOS="146" WIDTH="83" HEIGHT="20" WC="0.92" CONTENT="kunnat"/><SP WIDTH="16" VPOS="146" HPOS="259"/>
							<String ID="string_5" HPOS="275" VPOS="145" WIDTH="48" HEIGHT="21" WC="0.92" CONTENT="fullt"/><SP WIDTH="16" VPOS="145" HPOS="323"/>
							<String ID="string_6" HPOS="339" VPOS="144" WIDTH="104" HEIGHT="28" WC="0.92" CONTENT="uppbäras"/><SP WIDTH="15" VPOS="144" HPOS="443"/>
							<String ID="string_7" HPOS="458" VPOS="145" WIDTH="22" HEIGHT="20" WC="0.93" CONTENT="af"/><SP WIDTH="14" VPOS="145" HPOS="480"/>
							<String ID="string_8" HPOS="494" VPOS="144" WIDTH="97" HEIGHT="21" WC="0.92" CONTENT="trafiken."/><SP WIDTH="23" VPOS="144" HPOS="591"/>
							<String ID="string_9" HPOS="614" VPOS="144" WIDTH="114" HEIGHT="28" WC="0.95" CONTENT="Utskottet,"/><SP WIDTH="16" VPOS="144" HPOS="728"/>
							<String ID="string_10" HPOS="744" VPOS="151" WIDTH="45" HEIGHT="14" WC="0.96" CONTENT="som"/><SP WIDTH="15" VPOS="151" HPOS="789"/>
							<String ID="string_11" HPOS="804" VPOS="144" WIDTH="8" HEIGHT="21" WC="0.93" CONTENT="i"/><SP WIDTH="15" VPOS="144" HPOS="812"/>
							<String ID="string_12" HPOS="827" VPOS="144" WIDTH="108" HEIGHT="27" WC="0.86" CONTENT="statsjärn-"/>
						</TextLine>
						<TextLine ID="line_2" HPOS="175" VPOS="178" WIDTH="760" HEIGHT="29">
							<String ID="string_13" HPOS="175" VPOS="181" WIDTH="105" HEIGHT="26" WC="0.90" CONTENT="vägarnas"/><SP WIDTH="21" VPOS="181" HPOS="280"/>
							<String ID="string_14" HPOS="301" VPOS="179" WIDTH="111" HEIGHT="21" WC="0.93" CONTENT="minskade"/><SP WIDTH="20" VPOS="179" HPOS="412"/>
							<String ID="string_15" HPOS="432" VPOS="179" WIDTH="54" HEIGHT="21" WC="0.93" CONTENT="vinst"/><SP WIDTH="20" VPOS="179" HPOS="486"/>
							<String ID="string_16" HPOS="506" VPOS="185" WIDTH="65" HEIGHT="22" WC="0.92" CONTENT="gerna"/><SP WIDTH="18" VPOS="185" HPOS="571"/>
							<String ID="string_17" HPOS="589" VPOS="179" WIDTH="38" HEIGHT="20" WC="0.96" CONTENT="vill"/><SP WIDTH="19" VPOS="179" HPOS="627"/>
							<String ID="string_18" HPOS="646" VPOS="185" WIDTH="22" HEIGHT="15" WC="0.96" CONTENT="se"/><SP WIDTH="19" VPOS="185" HPOS="668"/>
							<String ID="string_19" HPOS="687" VPOS="181" WIDTH="31" HEIGHT="19" WC="0.93" CONTENT="ett"/><SP WIDTH="19" VPOS="181" HPOS="718"/>
							<String ID="string_20" HPOS="737" VPOS="178" WIDTH="141" HEIGHT="28" WC="0.91" CONTENT="öfvergäende"/><SP WIDTH="15" VPOS="178" HPOS="878"/>
							<String ID="string_21" HPOS="893" VPOS="179" WIDTH="42" HEIGHT="20" WC="0.93" CONTENT="för-"/>
						</TextLine>
						<TextLine ID="line_3" HPOS="175" VPOS="212" WIDTH="759" HEIGHT="28">
							<String ID="string_22" HPOS="175" VPOS="213" WIDTH="108" HEIGHT="27" WC="0.92" CONTENT="hällande,"/><SP WIDTH="14" VPOS="213" HPOS="283"/>
							<String ID="string_23" HPOS="297" VPOS="213" WIDTH="81" HEIGHT="21" WC="0.92" CONTENT="hvilket"/><SP WIDTH="20" VPOS="213" HPOS="378"/>
							<String ID="string_24" HPOS="398" VPOS="213" WIDTH="34" HEIGHT="21" WC="0.96" CONTENT="väl"/><SP WIDTH="19" VPOS="213" HPOS="432"/>
							<String ID="string_25" HPOS="451" VPOS="213" WIDTH="37" HEIGHT="21" WC="0.96" CONTENT="bör"/><SP WIDTH="19" VPOS="213" HPOS="488"/>
							<String ID="string_26" HPOS="507" VPOS="219" WIDTH="65" HEIGHT="14" WC="0.96" CONTENT="mana"/><SP WIDTH="17" VPOS="219" HPOS="572"/>
							<String ID="string_27" HPOS="589" VPOS="213" WIDTH="33" HEIGHT="22" WC="0.93" CONTENT="till"/><SP WIDTH="14" VPOS="213" HPOS="622"/>
							<String ID="string_28" HPOS="636" VPOS="213" WIDTH="134" HEIGHT="27" WC="0.90" CONTENT="försigtighet"/><SP WIDTH="14" VPOS="213" HPOS="770"/>
							<String ID="string_29" HPOS="784" VPOS="213" WIDTH="37" HEIGHT="20" WC="0.93" CONTENT="vid"/><SP WIDTH="14" VPOS="213" HPOS="821"/>
							<String ID="string_30" HPOS="835" VPOS="212" WIDTH="99" HEIGHT="21" WC="0.92" CONTENT="trafikens"/>
						</TextLine>
						<TextLine ID="line_4" HPOS="176" VPOS="247" WIDTH="759" HEIGHT="28">
							<String ID="string_31" HPOS="176" VPOS="247" WIDTH="131" HEIGHT="28" WC="0.95" CONTENT="utveckling,"/><SP WIDTH="15" VPOS="247" HPOS="307"/>
							<String ID="string_32" HPOS="322" VPOS="253" WIDTH="49" HEIGHT="15" WC="0.96" CONTENT="men"/><SP WIDTH="16" VPOS="253" HPOS="371"/>
							<String ID="string_33" HPOS="387" VPOS="247" WIDTH="70" HEIGHT="21" WC="0.93" CONTENT="därför"/><SP WIDTH="14" VPOS="247" HPOS="457"/>
							<String ID="string_34" HPOS="471" VPOS="247" WIDTH="48" HEIGHT="21" WC="0.96" CONTENT="icke"/><SP WIDTH="16" VPOS="247" HPOS="519"/>
							<String ID="string_35" HPOS="535" VPOS="247" WIDTH="163" HEIGHT="27" WC="0.96" CONTENT="nödvändigtvis"/><SP WIDTH="17" VPOS="247" HPOS="698"/>
							<String ID="string_36" HPOS="715" VPOS="247" WIDTH="39" HEIGHT="21" WC="0.93" CONTENT="bör"/><SP WIDTH="10" VPOS="247" HPOS="754"/>
							<String ID="string_37" HPOS="764" VPOS="247" WIDTH="50" HEIGHT="21" WC="0.95" CONTENT="leda"/><SP WIDTH="11" VPOS="247" HPOS="814"/>
							<String ID="string_38" HPOS="825" VPOS="247" WIDTH="32" HEIGHT="20" WC="0.89" CONTENT="till"/><SP WIDTH="10" VPOS="247" HPOS="857"/>
							<String ID="string_39" HPOS="867" VPOS="247" WIDTH="68" HEIGHT="28" WC="0.92" CONTENT="ätgär-"/>
						</TextLine>
						<TextLine ID="line_5" HPOS="174" VPOS="281" WIDTH="760" HEIGHT="28">
							<String ID="string_40" HPOS="174" VPOS="282" WIDTH="45" HEIGHT="26" WC="0.94" CONTENT="der,"/><SP WIDTH="21" VPOS="282" HPOS="219"/>
							<String ID="string_41" HPOS="240" VPOS="288" WIDTH="47" HEIGHT="15" WC="0.93" CONTENT="som"/><SP WIDTH="16" VPOS="288" HPOS="287"/>
							<String ID="string_42" HPOS="303" VPOS="281" WIDTH="127" HEIGHT="21" WC="0.92" CONTENT="hämmande"/><SP WIDTH="14" VPOS="281" HPOS="430"/>
							<String ID="string_43" HPOS="444" VPOS="281" WIDTH="89" HEIGHT="21" WC="0.93" CONTENT="inverka"/><SP WIDTH="15" VPOS="281" HPOS="533"/>
							<String ID="string_44" HPOS="548" VPOS="281" WIDTH="28" HEIGHT="28" WC="0.93" CONTENT="pä"/><SP WIDTH="15" VPOS="281" HPOS="576"/>
							<String ID="string_45" HPOS="591" VPOS="281" WIDTH="129" HEIGHT="28" WC="0.91" CONTENT="densamma,"/><SP WIDTH="15" VPOS="281" HPOS="720"/>
							<String ID="string_46" HPOS="735" VPOS="281" WIDTH="68" HEIGHT="21" WC="0.92" CONTENT="häller"/><SP WIDTH="15" VPOS="281" HPOS="803"/>
							<String ID="string_47" HPOS="818" VPOS="281" WIDTH="116" HEIGHT="21" WC="0.91" CONTENT="emellertid"/>
						</TextLine>
						<TextLine ID="line_6" HPOS="176" VPOS="315" WIDTH="757" HEIGHT="28">
							<String ID="string_48" HPOS="176" VPOS="317" WIDTH="52" HEIGHT="25" WC="0.96" CONTENT="före,"/><SP WIDTH="15" VPOS="317" HPOS="228"/>
							<String ID="string_49" HPOS="243" VPOS="318" WIDTH="31" HEIGHT="19" WC="0.96" CONTENT="att"/><SP WIDTH="15" VPOS="318" HPOS="274"/>
							<String ID="string_50" HPOS="289" VPOS="316" WIDTH="42" HEIGHT="21" WC="0.96" CONTENT="den"/><SP WIDTH="15" VPOS="316" HPOS="331"/>
							<String ID="string_51" HPOS="346" VPOS="315" WIDTH="68" HEIGHT="22" WC="0.96" CONTENT="under"/><SP WIDTH="16" VPOS="315" HPOS="414"/>
							<String ID="string_52" HPOS="430" VPOS="315" WIDTH="25" HEIGHT="22" WC="0.93" CONTENT="de"/><SP WIDTH="15" VPOS="315" HPOS="455"/>
							<String ID="string_53" HPOS="470" VPOS="317" WIDTH="85" HEIGHT="20" WC="0.92" CONTENT="senaste"/><SP WIDTH="16" VPOS="317" HPOS="555"/>
							<String ID="string_54" HPOS="571" VPOS="315" WIDTH="50" HEIGHT="22" WC="0.92" CONTENT="ären"/><SP WIDTH="15" VPOS="315" HPOS="621"/>
							<String ID="string_55" HPOS="636" VPOS="315" WIDTH="130" HEIGHT="28" WC="0.93" CONTENT="fortgäende,"/><SP WIDTH="16" VPOS="315" HPOS="766"/>
							<String ID="string_56" HPOS="782" VPOS="316" WIDTH="7" HEIGHT="20" WC="0.93" CONTENT="i"/><SP WIDTH="14" VPOS="316" HPOS="789"/>
							<String ID="string_57" HPOS="803" VPOS="315" WIDTH="130" HEIGHT="22" WC="0.92" CONTENT="förhällande"/>
						</TextLine>
						<TextLine ID="line_7" HPOS="174" VPOS="350" WIDTH="760" HEIGHT="27">
							<String ID="string_58" HPOS="174" VPOS="351" WIDTH="34" HEIGHT="20" WC="0.96" CONTENT="till"/><SP WIDTH="12" VPOS="351" HPOS="208"/>
							<String ID="string_59" HPOS="220" VPOS="350" WIDTH="147" HEIGHT="21" WC="0.93" CONTENT="inkomsterna"/><SP WIDTH="10" VPOS="350" HPOS="367"/>
							<String ID="string_60" HPOS="377" VPOS="350" WIDTH="198" HEIGHT="27" WC="0.92" CONTENT="oproportionerligt"/><SP WIDTH="10" VPOS="350" HPOS="575"/>
							<String ID="string_61" HPOS="585" VPOS="350" WIDTH="76" HEIGHT="27" WC="0.93" CONTENT="starka,"/><SP WIDTH="11" VPOS="350" HPOS="661"/>
							<String ID="string_62" HPOS="672" VPOS="350" WIDTH="122" HEIGHT="27" WC="0.92" CONTENT="stegringen"/><SP WIDTH="10" VPOS="350" HPOS="794"/>
							<String ID="string_63" HPOS="804" VPOS="350" WIDTH="6" HEIGHT="20" WC="0.93" CONTENT="i"/><SP WIDTH="10" VPOS="350" HPOS="810"/>
							<String ID="string_64" HPOS="820" VPOS="350" WIDTH="114" HEIGHT="27" WC="0.95" CONTENT="utgifterna"/>
						</TextLine>
						<TextLine ID="line_8" HPOS="176" VPOS="383" WIDTH="758" HEIGHT="29">
							<String ID="string_65" HPOS="176" VPOS="385" WIDTH="95" HEIGHT="27" WC="0.92" CONTENT="påkallar"/><SP WIDTH="20" VPOS="385" HPOS="271"/>
							<String ID="string_66" HPOS="291" VPOS="385" WIDTH="42" HEIGHT="20" WC="0.94" CONTENT="den"/><SP WIDTH="18" VPOS="385" HPOS="333"/>
							<String ID="string_67" HPOS="351" VPOS="384" WIDTH="52" HEIGHT="21" WC="0.94" CONTENT="allra"/><SP WIDTH="15" VPOS="384" HPOS="403"/>
							<String ID="string_68" HPOS="418" VPOS="386" WIDTH="75" HEIGHT="19" WC="0.96" CONTENT="största"/><SP WIDTH="16" VPOS="386" HPOS="493"/>
							<String ID="string_69" HPOS="509" VPOS="385" WIDTH="192" HEIGHT="27" WC="0.96" CONTENT="uppmärksamhet,"/><SP WIDTH="16" VPOS="385" HPOS="701"/>
							<String ID="string_70" HPOS="717" VPOS="385" WIDTH="40" HEIGHT="20" WC="0.96" CONTENT="och"/><SP WIDTH="15" VPOS="385" HPOS="757"/>
							<String ID="string_71" HPOS="772" VPOS="391" WIDTH="61" HEIGHT="14" WC="0.96" CONTENT="anser"/><SP WIDTH="16" VPOS="391" HPOS="833"/>
							<String ID="string_72" HPOS="849" VPOS="384" WIDTH="32" HEIGHT="27" WC="0.90" CONTENT="sig"/><SP WIDTH="14" VPOS="384" HPOS="881"/>
							<String ID="string_73" HPOS="895" VPOS="383" WIDTH="39" HEIGHT="22" WC="0.90" CONTENT="Ut-"/>
						</TextLine>
						<TextLine ID="line_9" HPOS="176" VPOS="418" WIDTH="758" HEIGHT="28">
							<String ID="string_74" HPOS="176" VPOS="419" WIDTH="80" HEIGHT="21" WC="0.91" CONTENT="skottet"/><SP WIDTH="27" VPOS="419" HPOS="256"/>
							<String ID="string_75" HPOS="283" VPOS="419" WIDTH="70" HEIGHT="20" WC="0.95" CONTENT="därför"/><SP WIDTH="20" VPOS="419" HPOS="353"/>
							<String ID="string_76" HPOS="373" VPOS="418" WIDTH="51" HEIGHT="22" WC="0.96" CONTENT="böra"/><SP WIDTH="20" VPOS="418" HPOS="424"/>
							<String ID="string_77" HPOS="444" VPOS="418" WIDTH="83" HEIGHT="28" WC="0.96" CONTENT="föreslå,"/><SP WIDTH="16" VPOS="418" HPOS="527"/>
							<String ID="string_78" HPOS="543" VPOS="418" WIDTH="36" HEIGHT="21" WC="0.93" CONTENT="det"/><SP WIDTH="22" VPOS="418" HPOS="579"/>
							<String ID="string_79" HPOS="601" VPOS="418" WIDTH="117" HEIGHT="22" WC="0.90" CONTENT="Ständerna"/><SP WIDTH="24" VPOS="418" HPOS="718"/>
							<String ID="string_80" HPOS="742" VPOS="418" WIDTH="50" HEIGHT="21" WC="0.95" CONTENT="ville"/><SP WIDTH="22" VPOS="418" HPOS="792"/>
							<String ID="string_81" HPOS="814" VPOS="418" WIDTH="66" HEIGHT="21" WC="0.96" CONTENT="uttala"/><SP WIDTH="22" VPOS="418" HPOS="880"/>
							<String ID="string_82" HPOS="902" VPOS="418" WIDTH="32" HEIGHT="27" WC="0.96" CONTENT="sig"/>
						</TextLine>
						<TextLine ID="line_10" HPOS="177" VPOS="454" WIDTH="86" HEIGHT="26">
							<String ID="string_83" HPOS="177" VPOS="454" WIDTH="86" HEIGHT="26" WC="0.96" CONTENT="därhän,"/>
						</TextLine>
						<TextLine ID="line_11" HPOS="383" VPOS="486" WIDTH="555" HEIGHT="29">
							<String ID="string_84" HPOS="383" VPOS="489" WIDTH="33" HEIGHT="19" WC="0.95" CONTENT="att"/><SP WIDTH="20" VPOS="489" HPOS="416"/>
							<String ID="string_85" HPOS="436" VPOS="494" WIDTH="27" HEIGHT="14" WC="0.96" CONTENT="en"/><SP WIDTH="22" VPOS="494" HPOS="463"/>
							<String ID="string_86" HPOS="485" VPOS="488" WIDTH="29" HEIGHT="27" WC="0.95" CONTENT="af"/><SP WIDTH="17" VPOS="488" HPOS="514"/>
							<String ID="string_87" HPOS="531" VPOS="487" WIDTH="91" HEIGHT="28" WC="0.95" CONTENT="erfarna"/><SP WIDTH="24" VPOS="487" HPOS="622"/>
							<String ID="string_88" HPOS="646" VPOS="487" WIDTH="128" HEIGHT="28" WC="0.95" CONTENT="affärsmän"/><SP WIDTH="26" VPOS="487" HPOS="774"/>
							<String ID="string_89" HPOS="800" VPOS="487" WIDTH="37" HEIGHT="22" WC="0.96" CONTENT="och"/><SP WIDTH="25" VPOS="487" HPOS="837"/>
							<String ID="string_90" HPOS="862" VPOS="486" WIDTH="76" HEIGHT="22" WC="0.93" CONTENT="andra."/>
						</TextLine>
						<TextLine ID="line_12" HPOS="311" VPOS="521" WIDTH="623" HEIGHT="28">
							<String ID="string_91" HPOS="311" VPOS="522" WIDTH="136" HEIGHT="27" WC="0.96" CONTENT="kompetenta"/><SP WIDTH="18" VPOS="522" HPOS="447"/>
							<String ID="string_92" HPOS="465" VPOS="528" WIDTH="107" HEIGHT="21" WC="0.96" CONTENT="personer"/><SP WIDTH="22" VPOS="528" HPOS="572"/>
							<String ID="string_93" HPOS="594" VPOS="521" WIDTH="112" HEIGHT="21" WC="0.96" CONTENT="bestående"/><SP WIDTH="18" VPOS="521" HPOS="706"/>
							<String ID="string_94" HPOS="724" VPOS="521" WIDTH="144" HEIGHT="21" WC="0.91" CONTENT="kommission"/><SP WIDTH="14" VPOS="521" HPOS="868"/>
							<String ID="string_95" HPOS="882" VPOS="528" WIDTH="52" HEIGHT="14" WC="0.90" CONTENT="sna-"/>
						</TextLine>
						<TextLine ID="line_13" HPOS="313" VPOS="556" WIDTH="620" HEIGHT="28">
							<String ID="string_96" HPOS="313" VPOS="558" WIDTH="49" HEIGHT="19" WC="0.93" CONTENT="rast"/><SP WIDTH="13" VPOS="558" HPOS="362"/>
							<String ID="string_97" HPOS="375" VPOS="556" WIDTH="67" HEIGHT="21" WC="0.93" CONTENT="måtte"/><SP WIDTH="15" VPOS="556" HPOS="442"/>
							<String ID="string_98" HPOS="457" VPOS="556" WIDTH="113" HEIGHT="21" WC="0.91" CONTENT="nedsättas"/><SP WIDTH="15" VPOS="556" HPOS="570"/>
							<String ID="string_99" HPOS="585" VPOS="556" WIDTH="39" HEIGHT="21" WC="0.93" CONTENT="och"/><SP WIDTH="15" VPOS="556" HPOS="624"/>
							<String ID="string_100" HPOS="639" VPOS="556" WIDTH="107" HEIGHT="21" WC="0.91" CONTENT="ombetros"/><SP WIDTH="16" VPOS="556" HPOS="746"/>
							<String ID="string_101" HPOS="762" VPOS="557" WIDTH="33" HEIGHT="20" WC="0.95" CONTENT="att"/><SP WIDTH="9" VPOS="557" HPOS="795"/>
							<String ID="string_102" HPOS="804" VPOS="562" WIDTH="55" HEIGHT="22" WC="0.93" CONTENT="egna"/><SP WIDTH="10" VPOS="562" HPOS="859"/>
							<String ID="string_103" HPOS="869" VPOS="557" WIDTH="64" HEIGHT="19" WC="0.88" CONTENT="stats-"/>
						</TextLine>
						<TextLine ID="line_14" HPOS="309" VPOS="590" WIDTH="625" HEIGHT="28">
							<String ID="string_104" HPOS="309" VPOS="590" WIDTH="177" HEIGHT="28" WC="0.69" CONTENT="Järnvägarnas&quot;"/><SP WIDTH="15" VPOS="590" HPOS="486"/>
							<String ID="string_105" HPOS="501" VPOS="590" WIDTH="139" HEIGHT="28" WC="0.95" CONTENT="förvaltning"/><SP WIDTH="24" VPOS="590" HPOS="640"/>
							<String ID="string_106" HPOS="664" VPOS="590" WIDTH="10" HEIGHT="21" WC="0.91" CONTENT="i"/><SP WIDTH="25" VPOS="590" HPOS="674"/>
							<String ID="string_107" HPOS="699" VPOS="590" WIDTH="46" HEIGHT="21" WC="0.96" CONTENT="alla"/><SP WIDTH="13" VPOS="590" HPOS="745"/>
							<String ID="string_108" HPOS="758" VPOS="590" WIDTH="48" HEIGHT="21" WC="0.97" CONTENT="dess"/><SP WIDTH="21" VPOS="590" HPOS="806"/>
							<String ID="string_109" HPOS="827" VPOS="590" WIDTH="60" HEIGHT="21" WC="0.96" CONTENT="delar"/><SP WIDTH="19" VPOS="590" HPOS="887"/>
							<String ID="string_110" HPOS="906" VPOS="596" WIDTH="28" HEIGHT="14" WC="0.96" CONTENT="en"/>
						</TextLine>
						<TextLine ID="line_15" HPOS="315" VPOS="624" WIDTH="618" HEIGHT="28">
							<String ID="string_111" HPOS="315" VPOS="631" WIDTH="117" HEIGHT="21" WC="0.95" CONTENT="noggrann"/><SP WIDTH="14" VPOS="631" HPOS="432"/>
							<String ID="string_112" HPOS="446" VPOS="625" WIDTH="170" HEIGHT="27" WC="0.93" CONTENT="undersökning,"/><SP WIDTH="14" VPOS="625" HPOS="616"/>
							<String ID="string_113" HPOS="630" VPOS="624" WIDTH="104" HEIGHT="28" WC="0.92" CONTENT="häröfver"/><SP WIDTH="9" VPOS="624" HPOS="734"/>
							<String ID="string_114" HPOS="743" VPOS="624" WIDTH="88" HEIGHT="28" WC="0.91" CONTENT="afgifva"/><SP WIDTH="9" VPOS="624" HPOS="831"/>
							<String ID="string_115" HPOS="840" VPOS="624" WIDTH="93" HEIGHT="27" WC="0.96" CONTENT="utförlig"/>
						</TextLine>
						<TextLine ID="line_16" HPOS="315" VPOS="658" WIDTH="618" HEIGHT="28">
							<String ID="string_116" HPOS="315" VPOS="659" WIDTH="131" HEIGHT="27" WC="0.96" CONTENT="redogörelse"/><SP WIDTH="9" VPOS="659" HPOS="446"/>
							<String ID="string_117" HPOS="455" VPOS="661" WIDTH="60" HEIGHT="19" WC="0.93" CONTENT="samt"/><SP WIDTH="9" VPOS="661" HPOS="515"/>
							<String ID="string_118" HPOS="524" VPOS="659" WIDTH="115" HEIGHT="21" WC="0.94" CONTENT="inkomma"/><SP WIDTH="10" VPOS="659" HPOS="639"/>
							<String ID="string_119" HPOS="649" VPOS="659" WIDTH="49" HEIGHT="21" WC="0.95" CONTENT="med"/><SP WIDTH="11" VPOS="659" HPOS="698"/>
							<String ID="string_120" HPOS="709" VPOS="659" WIDTH="85" HEIGHT="27" WC="0.96" CONTENT="förslag"/><SP WIDTH="12" VPOS="659" HPOS="794"/>
							<String ID="string_121" HPOS="806" VPOS="658" WIDTH="35" HEIGHT="22" WC="0.96" CONTENT="till"/><SP WIDTH="12" VPOS="658" HPOS="841"/>
							<String ID="string_122" HPOS="853" VPOS="658" WIDTH="80" HEIGHT="28" WC="0.96" CONTENT="nödiga"/>
						</TextLine>
						<TextLine ID="line_17" HPOS="313" VPOS="693" WIDTH="112" HEIGHT="28">
							<String ID="string_123" HPOS="313" VPOS="693" WIDTH="112" HEIGHT="28" WC="0.95" CONTENT="reformer."/>
						</TextLine>
					</TextBlock>
				</ComposedBlock>
				<ComposedBlock ID="cblock_3" HPOS="173" VPOS="761" WIDTH="764" HEIGHT="645">
					<TextBlock ID="block_2" HPOS="173" VPOS="761" WIDTH="763" HEIGHT="577">
						<TextLine ID="line_18" HPOS="245" VPOS="761" WIDTH="689" HEIGHT="29">
							<String ID="string_124" HPOS="245" VPOS="762" WIDTH="32" HEIGHT="20" WC="0.96" CONTENT="En"/><SP WIDTH="25" VPOS="762" HPOS="277"/>
							<String ID="string_125" HPOS="302" VPOS="762" WIDTH="65" HEIGHT="28" WC="0.96" CONTENT="fråga,"/><SP WIDTH="21" VPOS="762" HPOS="367"/>
							<String ID="string_126" HPOS="388" VPOS="769" WIDTH="45" HEIGHT="14" WC="0.95" CONTENT="som"/><SP WIDTH="22" VPOS="769" HPOS="433"/>
							<String ID="string_127" HPOS="455" VPOS="762" WIDTH="7" HEIGHT="20" WC="0.95" CONTENT="i"/><SP WIDTH="23" VPOS="762" HPOS="462"/>
							<String ID="string_128" HPOS="485" VPOS="762" WIDTH="124" HEIGHT="28" WC="0.95" CONTENT="anslutning"/><SP WIDTH="22" VPOS="762" HPOS="609"/>
							<String ID="string_129" HPOS="631" VPOS="762" WIDTH="71" HEIGHT="20" WC="0.96" CONTENT="härtill"/><SP WIDTH="22" VPOS="762" HPOS="702"/>
							<String ID="string_130" HPOS="724" VPOS="762" WIDTH="36" HEIGHT="20" WC="0.96" CONTENT="må"/><SP WIDTH="22" VPOS="762" HPOS="760"/>
							<String ID="string_131" HPOS="782" VPOS="762" WIDTH="84" HEIGHT="20" WC="0.96" CONTENT="beröras"/><SP WIDTH="28" VPOS="762" HPOS="866"/>
							<String ID="string_132" HPOS="894" VPOS="761" WIDTH="40" HEIGHT="21" WC="0.96" CONTENT="och"/>
						</TextLine>
						<TextLine ID="line_19" HPOS="176" VPOS="796" WIDTH="758" HEIGHT="27">
							<String ID="string_133" HPOS="176" VPOS="796" WIDTH="87" HEIGHT="20" WC="0.96" CONTENT="hvilken"/><SP WIDTH="15" VPOS="796" HPOS="263"/>
							<String ID="string_134" HPOS="278" VPOS="796" WIDTH="63" HEIGHT="27" WC="0.96" CONTENT="länge"/><SP WIDTH="15" VPOS="796" HPOS="341"/>
							<String ID="string_135" HPOS="356" VPOS="796" WIDTH="109" HEIGHT="27" WC="0.91" CONTENT="sysselsatt"/><SP WIDTH="14" VPOS="796" HPOS="465"/>
							<String ID="string_136" HPOS="479" VPOS="796" WIDTH="216" HEIGHT="25" WC="0.90" CONTENT="fackmannakretsar,"/><SP WIDTH="15" VPOS="796" HPOS="695"/>
							<String ID="string_137" HPOS="710" VPOS="798" WIDTH="35" HEIGHT="18" WC="0.96" CONTENT="rör"/><SP WIDTH="12" VPOS="798" HPOS="745"/>
							<String ID="string_138" HPOS="757" VPOS="796" WIDTH="137" HEIGHT="27" WC="0.95" CONTENT="möjligheten"/><SP WIDTH="10" VPOS="796" HPOS="894"/>
							<String ID="string_139" HPOS="904" VPOS="796" WIDTH="30" HEIGHT="19" WC="0.96" CONTENT="att"/>
						</TextLine>
						<TextLine ID="line_20" HPOS="176" VPOS="829" WIDTH="758" HEIGHT="28">
							<String ID="string_140" HPOS="176" VPOS="829" WIDTH="81" HEIGHT="22" WC="0.89" CONTENT="fördela"/><SP WIDTH="26" VPOS="829" HPOS="257"/>
							<String ID="string_141" HPOS="283" VPOS="830" WIDTH="203" HEIGHT="21" WC="0.89" CONTENT="trafikkostnaderna"/><SP WIDTH="22" VPOS="830" HPOS="486"/>
							<String ID="string_142" HPOS="508" VPOS="830" WIDTH="27" HEIGHT="27" WC="0.88" CONTENT="på"/><SP WIDTH="21" VPOS="830" HPOS="535"/>
							<String ID="string_143" HPOS="556" VPOS="836" WIDTH="146" HEIGHT="21" WC="0.88" CONTENT="passagerare-"/><SP WIDTH="24" VPOS="836" HPOS="702"/>
							<String ID="string_144" HPOS="726" VPOS="830" WIDTH="39" HEIGHT="21" WC="0.96" CONTENT="och"/><SP WIDTH="23" VPOS="830" HPOS="765"/>
							<String ID="string_145" HPOS="788" VPOS="829" WIDTH="146" HEIGHT="28" WC="0.96" CONTENT="godstrafiken."/>
						</TextLine>
						<TextLine ID="line_21" HPOS="175" VPOS="861" WIDTH="759" HEIGHT="31">
							<String ID="string_146" HPOS="175" VPOS="864" WIDTH="40" HEIGHT="21" WC="0.96" CONTENT="Till"/><SP WIDTH="22" VPOS="864" HPOS="215"/>
							<String ID="string_147" HPOS="237" VPOS="865" WIDTH="39" HEIGHT="20" WC="0.96" CONTENT="och"/><SP WIDTH="22" VPOS="865" HPOS="276"/>
							<String ID="string_148" HPOS="298" VPOS="865" WIDTH="48" HEIGHT="20" WC="0.96" CONTENT="med"/><SP WIDTH="20" VPOS="865" HPOS="346"/>
							<String ID="string_149" HPOS="366" VPOS="871" WIDTH="26" HEIGHT="15" WC="0.96" CONTENT="en"/><SP WIDTH="19" VPOS="871" HPOS="392"/>
							<String ID="string_150" HPOS="411" VPOS="865" WIDTH="53" HEIGHT="20" WC="0.93" CONTENT="blott"/><SP WIDTH="15" VPOS="865" HPOS="464"/>
							<String ID="string_151" HPOS="479" VPOS="865" WIDTH="137" HEIGHT="20" WC="0.92" CONTENT="närmelsevis"/><SP WIDTH="15" VPOS="865" HPOS="616"/>
							<String ID="string_152" HPOS="631" VPOS="865" WIDTH="65" HEIGHT="27" WC="0.96" CONTENT="riktig"/><SP WIDTH="14" VPOS="865" HPOS="696"/>
							<String ID="string_153" HPOS="710" VPOS="861" WIDTH="86" HEIGHT="31" WC="0.96" CONTENT="lösning"/><SP WIDTH="14" VPOS="861" HPOS="796"/>
							<String ID="string_154" HPOS="810" VPOS="864" WIDTH="59" HEIGHT="21" WC="0.96" CONTENT="häraf"/><SP WIDTH="16" VPOS="864" HPOS="869"/>
							<String ID="string_155" HPOS="885" VPOS="870" WIDTH="49" HEIGHT="15" WC="0.96" CONTENT="vore"/>
						</TextLine>
						<TextLine ID="line_22" HPOS="177" VPOS="899" WIDTH="757" HEIGHT="28">
							<String ID="string_156" HPOS="177" VPOS="899" WIDTH="21" HEIGHT="20" WC="0.95" CONTENT="af"/><SP WIDTH="22" VPOS="899" HPOS="198"/>
							<String ID="string_157" HPOS="220" VPOS="901" WIDTH="44" HEIGHT="19" WC="0.96" CONTENT="stor"/><SP WIDTH="20" VPOS="901" HPOS="264"/>
							<String ID="string_158" HPOS="284" VPOS="899" WIDTH="109" HEIGHT="27" WC="0.96" CONTENT="betydelse"/><SP WIDTH="20" VPOS="899" HPOS="393"/>
							<String ID="string_159" HPOS="413" VPOS="899" WIDTH="32" HEIGHT="21" WC="0.96" CONTENT="för"/><SP WIDTH="21" VPOS="899" HPOS="445"/>
							<String ID="string_160" HPOS="466" VPOS="905" WIDTH="53" HEIGHT="22" WC="0.93" CONTENT="resp."/><SP WIDTH="16" VPOS="905" HPOS="519"/>
							<String ID="string_161" HPOS="535" VPOS="899" WIDTH="89" HEIGHT="21" WC="0.90" CONTENT="tariffers"/><SP WIDTH="20" VPOS="899" HPOS="624"/>
							<String ID="string_162" HPOS="644" VPOS="899" WIDTH="88" HEIGHT="21" WC="0.93" CONTENT="rättvisa"/><SP WIDTH="15" VPOS="899" HPOS="732"/>
							<String ID="string_163" HPOS="747" VPOS="899" WIDTH="123" HEIGHT="27" WC="0.91" CONTENT="afvägande,"/><SP WIDTH="17" VPOS="899" HPOS="870"/>
							<String ID="string_164" HPOS="887" VPOS="901" WIDTH="47" HEIGHT="18" WC="0.96" CONTENT="men"/>
						</TextLine>
						<TextLine ID="line_23" HPOS="176" VPOS="932" WIDTH="757" HEIGHT="29">
							<String ID="string_165" HPOS="176" VPOS="933" WIDTH="117" HEIGHT="21" WC="0.95" CONTENT="tillsvidare"/><SP WIDTH="21" VPOS="933" HPOS="293"/>
							<String ID="string_166" HPOS="314" VPOS="933" WIDTH="43" HEIGHT="21" WC="0.95" CONTENT="står"/><SP WIDTH="20" VPOS="933" HPOS="357"/>
							<String ID="string_167" HPOS="377" VPOS="933" WIDTH="110" HEIGHT="28" WC="0.96" CONTENT="uppgiften"/><SP WIDTH="16" VPOS="933" HPOS="487"/>
							<String ID="string_168" HPOS="503" VPOS="933" WIDTH="59" HEIGHT="21" WC="0.93" CONTENT="olöst."/><SP WIDTH="30" VPOS="933" HPOS="562"/>
							<String ID="string_169" HPOS="592" VPOS="933" WIDTH="210" HEIGHT="28" WC="0.92" CONTENT="Järnvägsstyrelsen"/><SP WIDTH="16" VPOS="933" HPOS="802"/>
							<String ID="string_170" HPOS="818" VPOS="935" WIDTH="37" HEIGHT="18" WC="0.96" CONTENT="har"/><SP WIDTH="15" VPOS="935" HPOS="855"/>
							<String ID="string_171" HPOS="870" VPOS="932" WIDTH="63" HEIGHT="21" WC="0.95" CONTENT="likväl"/>
						</TextLine>
						<TextLine ID="line_24" HPOS="176" VPOS="967" WIDTH="759" HEIGHT="28">
							<String ID="string_172" HPOS="176" VPOS="967" WIDTH="32" HEIGHT="21" WC="0.96" CONTENT="för"/><SP WIDTH="15" VPOS="967" HPOS="208"/>
							<String ID="string_173" HPOS="223" VPOS="969" WIDTH="30" HEIGHT="19" WC="0.96" CONTENT="ett"/><SP WIDTH="15" VPOS="969" HPOS="253"/>
							<String ID="string_174" HPOS="268" VPOS="967" WIDTH="57" HEIGHT="22" WC="0.96" CONTENT="antal"/><SP WIDTH="16" VPOS="967" HPOS="325"/>
							<String ID="string_175" HPOS="341" VPOS="967" WIDTH="22" HEIGHT="22" WC="0.96" CONTENT="år"/><SP WIDTH="16" VPOS="967" HPOS="363"/>
							<String ID="string_176" HPOS="379" VPOS="967" WIDTH="64" HEIGHT="21" WC="0.96" CONTENT="sedan"/><SP WIDTH="15" VPOS="967" HPOS="443"/>
							<String ID="string_177" HPOS="458" VPOS="968" WIDTH="74" HEIGHT="21" WC="0.96" CONTENT="länkat"/><SP WIDTH="12" VPOS="968" HPOS="532"/>
							<String ID="string_178" HPOS="544" VPOS="968" WIDTH="32" HEIGHT="20" WC="0.96" CONTENT="sin"/><SP WIDTH="11" VPOS="968" HPOS="576"/>
							<String ID="string_179" HPOS="587" VPOS="967" WIDTH="189" HEIGHT="28" WC="0.96" CONTENT="uppmärksamhet"/><SP WIDTH="9" VPOS="967" HPOS="776"/>
							<String ID="string_180" HPOS="785" VPOS="967" WIDTH="27" HEIGHT="28" WC="0.96" CONTENT="på"/><SP WIDTH="10" VPOS="967" HPOS="812"/>
							<String ID="string_181" HPOS="822" VPOS="967" WIDTH="39" HEIGHT="21" WC="0.96" CONTENT="och"/><SP WIDTH="10" VPOS="967" HPOS="861"/>
							<String ID="string_182" HPOS="871" VPOS="967" WIDTH="64" HEIGHT="21" WC="0.96" CONTENT="insett"/>
						</TextLine>
						<TextLine ID="line_25" HPOS="176" VPOS="1001" WIDTH="759" HEIGHT="28">
							<String ID="string_183" HPOS="176" VPOS="1002" WIDTH="187" HEIGHT="27" WC="0.96" CONTENT="nödvändigheten"/><SP WIDTH="16" VPOS="1002" HPOS="363"/>
							<String ID="string_184" HPOS="379" VPOS="1002" WIDTH="22" HEIGHT="21" WC="0.96" CONTENT="af"/><SP WIDTH="14" VPOS="1002" HPOS="401"/>
							<String ID="string_185" HPOS="415" VPOS="1008" WIDTH="27" HEIGHT="15" WC="0.96" CONTENT="en"/><SP WIDTH="14" VPOS="1008" HPOS="442"/>
							<String ID="string_186" HPOS="456" VPOS="1002" WIDTH="93" HEIGHT="21" WC="0.96" CONTENT="revision"/><SP WIDTH="16" VPOS="1002" HPOS="549"/>
							<String ID="string_187" HPOS="565" VPOS="1002" WIDTH="21" HEIGHT="21" WC="0.93" CONTENT="af"/><SP WIDTH="12" VPOS="1002" HPOS="586"/>
							<String ID="string_188" HPOS="598" VPOS="1001" WIDTH="226" HEIGHT="28" WC="0.90" CONTENT="passageraretariffen,"/><SP WIDTH="13" VPOS="1001" HPOS="824"/>
							<String ID="string_189" HPOS="837" VPOS="1001" WIDTH="98" HEIGHT="21" WC="0.96" CONTENT="särskildt"/>
						</TextLine>
						<TextLine ID="line_26" HPOS="173" VPOS="1035" WIDTH="761" HEIGHT="28">
							<String ID="string_190" HPOS="173" VPOS="1036" WIDTH="43" HEIGHT="21" WC="0.94" CONTENT="den"/><SP WIDTH="24" VPOS="1036" HPOS="216"/>
							<String ID="string_191" HPOS="240" VPOS="1036" WIDTH="33" HEIGHT="21" WC="0.93" CONTENT="för"/><SP WIDTH="24" VPOS="1036" HPOS="273"/>
							<String ID="string_192" HPOS="297" VPOS="1036" WIDTH="225" HEIGHT="27" WC="0.90" CONTENT="rundresebiljetterna"/><SP WIDTH="24" VPOS="1036" HPOS="522"/>
							<String ID="string_193" HPOS="546" VPOS="1037" WIDTH="58" HEIGHT="20" WC="0.96" CONTENT="inom"/><SP WIDTH="25" VPOS="1037" HPOS="604"/>
							<String ID="string_194" HPOS="629" VPOS="1036" WIDTH="74" HEIGHT="21" WC="0.96" CONTENT="landet"/><SP WIDTH="21" VPOS="1036" HPOS="703"/>
							<String ID="string_195" HPOS="724" VPOS="1036" WIDTH="103" HEIGHT="27" WC="0.95" CONTENT="gällande,"/><SP WIDTH="21" VPOS="1036" HPOS="827"/>
							<String ID="string_196" HPOS="848" VPOS="1035" WIDTH="86" HEIGHT="21" WC="0.96" CONTENT="hvilken"/>
						</TextLine>
						<TextLine ID="line_27" HPOS="177" VPOS="1070" WIDTH="758" HEIGHT="28">
							<String ID="string_197" HPOS="177" VPOS="1077" WIDTH="64" HEIGHT="20" WC="0.96" CONTENT="synes"/><SP WIDTH="23" VPOS="1077" HPOS="241"/>
							<String ID="string_198" HPOS="264" VPOS="1077" WIDTH="50" HEIGHT="14" WC="0.96" CONTENT="vara"/><SP WIDTH="22" VPOS="1077" HPOS="314"/>
							<String ID="string_199" HPOS="336" VPOS="1071" WIDTH="7" HEIGHT="20" WC="0.93" CONTENT="i"/><SP WIDTH="23" VPOS="1071" HPOS="343"/>
							<String ID="string_200" HPOS="366" VPOS="1071" WIDTH="63" HEIGHT="20" WC="0.92" CONTENT="behof"/><SP WIDTH="22" VPOS="1071" HPOS="429"/>
							<String ID="string_201" HPOS="451" VPOS="1071" WIDTH="21" HEIGHT="20" WC="0.95" CONTENT="af"/><SP WIDTH="20" VPOS="1071" HPOS="472"/>
							<String ID="string_202" HPOS="492" VPOS="1077" WIDTH="27" HEIGHT="15" WC="0.95" CONTENT="en"/><SP WIDTH="18" VPOS="1077" HPOS="519"/>
							<String ID="string_203" HPOS="537" VPOS="1070" WIDTH="126" HEIGHT="28" WC="0.96" CONTENT="justering"/><SP WIDTH="-9" VPOS="1070" HPOS="663"/>
							<String ID="string_204" HPOS="654" VPOS="1066" WIDTH="12" HEIGHT="36" WC="0.96" CONTENT="i"/><SP WIDTH="13" VPOS="1066" HPOS="666"/>
							<String ID="string_205" HPOS="679" VPOS="1070" WIDTH="56" HEIGHT="27" WC="0.96" CONTENT="syfte"/><SP WIDTH="16" VPOS="1070" HPOS="735"/>
							<String ID="string_206" HPOS="751" VPOS="1071" WIDTH="30" HEIGHT="20" WC="0.93" CONTENT="att"/><SP WIDTH="14" VPOS="1071" HPOS="781"/>
							<String ID="string_207" HPOS="795" VPOS="1071" WIDTH="96" HEIGHT="26" WC="0.92" CONTENT="borttaga"/><SP WIDTH="15" VPOS="1071" HPOS="891"/>
							<String ID="string_208" HPOS="906" VPOS="1072" WIDTH="29" HEIGHT="19" WC="0.94" CONTENT="ett"/>
						</TextLine>
						<TextLine ID="line_28" HPOS="177" VPOS="1104" WIDTH="758" HEIGHT="28">
							<String ID="string_209" HPOS="177" VPOS="1105" WIDTH="92" HEIGHT="27" WC="0.93" CONTENT="ensidigt"/><SP WIDTH="20" VPOS="1105" HPOS="269"/>
							<String ID="string_210" HPOS="289" VPOS="1105" WIDTH="122" HEIGHT="27" WC="0.88" CONTENT="gynnande."/><SP WIDTH="28" VPOS="1105" HPOS="411"/>
							<String ID="string_211" HPOS="439" VPOS="1105" WIDTH="65" HEIGHT="21" WC="0.94" CONTENT="Detta"/><SP WIDTH="14" VPOS="1105" HPOS="504"/>
							<String ID="string_212" HPOS="518" VPOS="1106" WIDTH="89" HEIGHT="20" WC="0.96" CONTENT="intresse"/><SP WIDTH="17" VPOS="1106" HPOS="607"/>
							<String ID="string_213" HPOS="624" VPOS="1105" WIDTH="65" HEIGHT="20" WC="0.95" CONTENT="borde"/><SP WIDTH="15" VPOS="1105" HPOS="689"/>
							<String ID="string_214" HPOS="704" VPOS="1105" WIDTH="74" HEIGHT="20" WC="0.91" CONTENT="kunna"/><SP WIDTH="15" VPOS="1105" HPOS="778"/>
							<String ID="string_215" HPOS="793" VPOS="1104" WIDTH="142" HEIGHT="27" WC="0.91" CONTENT="tillvaratagas"/>
						</TextLine>
						<TextLine ID="line_29" HPOS="176" VPOS="1139" WIDTH="759" HEIGHT="26">
							<String ID="string_216" HPOS="176" VPOS="1141" WIDTH="51" HEIGHT="19" WC="0.95" CONTENT="utan"/><SP WIDTH="16" VPOS="1141" HPOS="227"/>
							<String ID="string_217" HPOS="243" VPOS="1141" WIDTH="30" HEIGHT="19" WC="0.96" CONTENT="att"/><SP WIDTH="18" VPOS="1141" HPOS="273"/>
							<String ID="string_218" HPOS="291" VPOS="1140" WIDTH="4" HEIGHT="20" WC="0.93" CONTENT="i"/><SP WIDTH="15" VPOS="1140" HPOS="295"/>
							<String ID="string_219" HPOS="310" VPOS="1139" WIDTH="153" HEIGHT="21" WC="0.91" CONTENT="nämnvärdare"/><SP WIDTH="16" VPOS="1139" HPOS="463"/>
							<String ID="string_220" HPOS="479" VPOS="1139" WIDTH="51" HEIGHT="21" WC="0.96" CONTENT="mån"/><SP WIDTH="14" VPOS="1139" HPOS="530"/>
							<String ID="string_221" HPOS="544" VPOS="1139" WIDTH="69" HEIGHT="21" WC="0.96" CONTENT="rubba"/><SP WIDTH="14" VPOS="1139" HPOS="613"/>
							<String ID="string_222" HPOS="627" VPOS="1141" WIDTH="65" HEIGHT="19" WC="0.95" CONTENT="taxan"/><SP WIDTH="16" VPOS="1141" HPOS="692"/>
							<String ID="string_223" HPOS="708" VPOS="1139" WIDTH="34" HEIGHT="20" WC="0.96" CONTENT="för"/><SP WIDTH="15" VPOS="1139" HPOS="742"/>
							<String ID="string_224" HPOS="757" VPOS="1139" WIDTH="41" HEIGHT="21" WC="0.96" CONTENT="den"/><SP WIDTH="16" VPOS="1139" HPOS="798"/>
							<String ID="string_225" HPOS="814" VPOS="1145" WIDTH="45" HEIGHT="14" WC="0.93" CONTENT="mer"/><SP WIDTH="14" VPOS="1145" HPOS="859"/>
							<String ID="string_226" HPOS="873" VPOS="1145" WIDTH="62" HEIGHT="20" WC="0.91" CONTENT="regu-"/>
						</TextLine>
						<TextLine ID="line_30" HPOS="176" VPOS="1173" WIDTH="759" HEIGHT="28">
							<String ID="string_227" HPOS="176" VPOS="1173" WIDTH="52" HEIGHT="21" WC="0.87" CONTENT="liära"/><SP WIDTH="21" VPOS="1173" HPOS="228"/>
							<String ID="string_228" HPOS="249" VPOS="1173" WIDTH="231" HEIGHT="28" WC="0.92" CONTENT="passageraretrafiken."/><SP WIDTH="30" VPOS="1173" HPOS="480"/>
							<String ID="string_229" HPOS="510" VPOS="1173" WIDTH="77" HEIGHT="22" WC="0.95" CONTENT="Likaså"/><SP WIDTH="20" VPOS="1173" HPOS="587"/>
							<String ID="string_230" HPOS="607" VPOS="1174" WIDTH="41" HEIGHT="21" WC="0.96" CONTENT="kan"/><SP WIDTH="22" VPOS="1174" HPOS="648"/>
							<String ID="string_231" HPOS="670" VPOS="1173" WIDTH="122" HEIGHT="28" WC="0.95" CONTENT="ytterligare"/><SP WIDTH="16" VPOS="1173" HPOS="792"/>
							<String ID="string_232" HPOS="808" VPOS="1173" WIDTH="127" HEIGHT="27" WC="0.96" CONTENT="framhållas,"/>
						</TextLine>
						<TextLine ID="line_31" HPOS="173" VPOS="1207" WIDTH="762" HEIGHT="28">
							<String ID="string_233" HPOS="173" VPOS="1209" WIDTH="34" HEIGHT="19" WC="0.89" CONTENT="att"/><SP WIDTH="18" VPOS="1209" HPOS="207"/>
							<String ID="string_234" HPOS="225" VPOS="1214" WIDTH="51" HEIGHT="14" WC="0.95" CONTENT="man"/><SP WIDTH="20" VPOS="1214" HPOS="276"/>
							<String ID="string_235" HPOS="296" VPOS="1208" WIDTH="26" HEIGHT="27" WC="0.92" CONTENT="på"/><SP WIDTH="21" VPOS="1208" HPOS="322"/>
							<String ID="string_236" HPOS="343" VPOS="1208" WIDTH="107" HEIGHT="20" WC="0.92" CONTENT="initieradt"/><SP WIDTH="14" VPOS="1208" HPOS="450"/>
							<String ID="string_237" HPOS="464" VPOS="1208" WIDTH="44" HEIGHT="20" WC="0.96" CONTENT="håll"/><SP WIDTH="15" VPOS="1208" HPOS="508"/>
							<String ID="string_238" HPOS="523" VPOS="1215" WIDTH="105" HEIGHT="20" WC="0.96" CONTENT="upprepar"/><SP WIDTH="15" VPOS="1215" HPOS="628"/>
							<String ID="string_239" HPOS="643" VPOS="1209" WIDTH="36" HEIGHT="19" WC="0.96" CONTENT="sitt"/><SP WIDTH="16" VPOS="1209" HPOS="679"/>
							<String ID="string_240" HPOS="695" VPOS="1208" WIDTH="76" HEIGHT="26" WC="0.95" CONTENT="många"/><SP WIDTH="14" VPOS="1208" HPOS="771"/>
							<String ID="string_241" HPOS="785" VPOS="1207" WIDTH="79" HEIGHT="27" WC="0.93" CONTENT="gånger"/><SP WIDTH="14" VPOS="1207" HPOS="864"/>
							<String ID="string_242" HPOS="878" VPOS="1207" WIDTH="57" HEIGHT="20" WC="0.92" CONTENT="földa"/>
						</TextLine>
						<TextLine ID="line_32" HPOS="175" VPOS="1241" WIDTH="760" HEIGHT="28">
							<String ID="string_243" HPOS="175" VPOS="1241" WIDTH="107" HEIGHT="28" WC="0.75" CONTENT="omdöme,"/><SP WIDTH="21" VPOS="1241" HPOS="282"/>
							<String ID="string_244" HPOS="303" VPOS="1244" WIDTH="30" HEIGHT="19" WC="0.96" CONTENT="att"/><SP WIDTH="21" VPOS="1244" HPOS="333"/>
							<String ID="string_245" HPOS="354" VPOS="1242" WIDTH="153" HEIGHT="26" WC="0.95" CONTENT="lokaltrafiken,"/><SP WIDTH="19" VPOS="1242" HPOS="507"/>
							<String ID="string_246" HPOS="526" VPOS="1242" WIDTH="65" HEIGHT="21" WC="0.96" CONTENT="sådan"/><SP WIDTH="22" VPOS="1242" HPOS="591"/>
							<String ID="string_247" HPOS="613" VPOS="1242" WIDTH="40" HEIGHT="20" WC="0.96" CONTENT="den"/><SP WIDTH="21" VPOS="1242" HPOS="653"/>
							<String ID="string_248" HPOS="674" VPOS="1242" WIDTH="100" HEIGHT="27" WC="0.94" CONTENT="gestaltat"/><SP WIDTH="20" VPOS="1242" HPOS="774"/>
							<String ID="string_249" HPOS="794" VPOS="1242" WIDTH="32" HEIGHT="26" WC="0.97" CONTENT="sig"/><SP WIDTH="17" VPOS="1242" HPOS="826"/>
							<String ID="string_250" HPOS="843" VPOS="1241" WIDTH="32" HEIGHT="21" WC="0.96" CONTENT="till"/><SP WIDTH="21" VPOS="1241" HPOS="875"/>
							<String ID="string_251" HPOS="896" VPOS="1241" WIDTH="39" HEIGHT="21" WC="0.96" CONTENT="och"/>
						</TextLine>
						<TextLine ID="line_33" HPOS="177" VPOS="1275" WIDTH="759" HEIGHT="28">
							<String ID="string_252" HPOS="177" VPOS="1275" WIDTH="46" HEIGHT="21" WC="0.95" CONTENT="från"/><SP WIDTH="20" VPOS="1275" HPOS="223"/>
							<String ID="string_253" HPOS="243" VPOS="1276" WIDTH="136" HEIGHT="27" WC="0.96" CONTENT="Petersburg,"/><SP WIDTH="14" VPOS="1276" HPOS="379"/>
							<String ID="string_254" HPOS="393" VPOS="1282" WIDTH="49" HEIGHT="15" WC="0.96" CONTENT="men"/><SP WIDTH="22" VPOS="1282" HPOS="442"/>
							<String ID="string_255" HPOS="464" VPOS="1276" WIDTH="40" HEIGHT="21" WC="0.96" CONTENT="ock"/><SP WIDTH="21" VPOS="1276" HPOS="504"/>
							<String ID="string_256" HPOS="525" VPOS="1278" WIDTH="94" HEIGHT="19" WC="0.93" CONTENT="närmast"/><SP WIDTH="14" VPOS="1278" HPOS="619"/>
							<String ID="string_257" HPOS="633" VPOS="1276" WIDTH="142" HEIGHT="27" WC="0.95" CONTENT="Helsingfors,"/><SP WIDTH="15" VPOS="1276" HPOS="775"/>
							<String ID="string_258" HPOS="790" VPOS="1278" WIDTH="24" HEIGHT="18" WC="0.96" CONTENT="är"/><SP WIDTH="14" VPOS="1278" HPOS="814"/>
							<String ID="string_259" HPOS="828" VPOS="1275" WIDTH="32" HEIGHT="21" WC="0.93" CONTENT="för"/><SP WIDTH="15" VPOS="1275" HPOS="860"/>
							<String ID="string_260" HPOS="875" VPOS="1276" WIDTH="61" HEIGHT="21" WC="0.88" CONTENT="stats-"/>
						</TextLine>
						<TextLine ID="line_34" HPOS="177" VPOS="1311" WIDTH="758" HEIGHT="27">
							<String ID="string_261" HPOS="177" VPOS="1310" WIDTH="141" HEIGHT="28" WC="0.96" CONTENT="järnvägarna"/><SP WIDTH="15" VPOS="1310" HPOS="318"/>
							<String ID="string_262" HPOS="333" VPOS="1312" WIDTH="30" HEIGHT="19" WC="0.93" CONTENT="ett"/><SP WIDTH="14" VPOS="1312" HPOS="363"/>
							<String ID="string_263" HPOS="377" VPOS="1311" WIDTH="109" HEIGHT="27" WC="0.90" CONTENT="tyngande"/><SP WIDTH="15" VPOS="1311" HPOS="486"/>
							<String ID="string_264" HPOS="501" VPOS="1317" WIDTH="60" HEIGHT="14" WC="0.90" CONTENT="onus."/><SP WIDTH="371" VPOS="1317" HPOS="561"/>
							<String ID="string_265" HPOS="932" VPOS="1321" WIDTH="3" HEIGHT="3" WC="0.65" CONTENT=":"/>
						</TextLine>
					</TextBlock>
					<TextBlock ID="block_3" HPOS="178" VPOS="1344" WIDTH="759" HEIGHT="62">
						<TextLine ID="line_35" HPOS="244" VPOS="1344" WIDTH="693" HEIGHT="26">
							<String ID="string_266" HPOS="244" VPOS="1344" WIDTH="126" HEIGHT="22" WC="0.96" CONTENT="Emellertid"/><SP WIDTH="21" VPOS="1344" HPOS="370"/>
							<String ID="string_267" HPOS="391" VPOS="1345" WIDTH="38" HEIGHT="20" WC="0.96" CONTENT="har"/><SP WIDTH="22" VPOS="1345" HPOS="429"/>
							<String ID="string_268" HPOS="451" VPOS="1345" WIDTH="36" HEIGHT="21" WC="0.96" CONTENT="det"/><SP WIDTH="23" VPOS="1345" HPOS="487"/>
							<String ID="string_269" HPOS="510" VPOS="1344" WIDTH="107" HEIGHT="22" WC="0.93" CONTENT="allmänna"/><SP WIDTH="25" VPOS="1344" HPOS="617"/>
							<String ID="string_270" HPOS="642" VPOS="1344" WIDTH="122" HEIGHT="21" WC="0.93" CONTENT="förtroende"/><SP WIDTH="18" VPOS="1344" HPOS="764"/>
							<String ID="string_271" HPOS="782" VPOS="1344" WIDTH="83" HEIGHT="21" WC="0.93" CONTENT="landets"/><SP WIDTH="15" VPOS="1344" HPOS="865"/>
							<String ID="string_272" HPOS="880" VPOS="1344" WIDTH="57" HEIGHT="26" WC="0.92" CONTENT="järn-"/>
						</TextLine>
						<TextLine ID="line_36" HPOS="178" VPOS="1378" WIDTH="758" HEIGHT="28">
							<String ID="string_273" HPOS="178" VPOS="1379" WIDTH="182" HEIGHT="27" WC="0.80" CONTENT="vägsförvaltning"/><SP WIDTH="15" VPOS="1379" HPOS="360"/>
							<String ID="string_274" HPOS="375" VPOS="1379" WIDTH="85" HEIGHT="27" WC="0.92" CONTENT="ätnjutit"/><SP WIDTH="15" VPOS="1379" HPOS="460"/>
							<String ID="string_275" HPOS="475" VPOS="1379" WIDTH="27" HEIGHT="27" WC="0.93" CONTENT="pä"/><SP WIDTH="15" VPOS="1379" HPOS="502"/>
							<String ID="string_276" HPOS="517" VPOS="1380" WIDTH="84" HEIGHT="20" WC="0.96" CONTENT="senaste"/><SP WIDTH="15" VPOS="1380" HPOS="601"/>
							<String ID="string_277" HPOS="616" VPOS="1379" WIDTH="31" HEIGHT="21" WC="0.96" CONTENT="tid"/><SP WIDTH="14" VPOS="1379" HPOS="647"/>
							<String ID="string_278" HPOS="661" VPOS="1379" WIDTH="8" HEIGHT="20" WC="0.93" CONTENT="i"/><SP WIDTH="15" VPOS="1379" HPOS="669"/>
							<String ID="string_279" HPOS="684" VPOS="1379" WIDTH="62" HEIGHT="27" WC="0.93" CONTENT="högst"/><SP WIDTH="16" VPOS="1379" HPOS="746"/>
							<String ID="string_280" HPOS="762" VPOS="1378" WIDTH="107" HEIGHT="28" WC="0.92" CONTENT="betänklig"/><SP WIDTH="15" VPOS="1378" HPOS="869"/>
							<String ID="string_281" HPOS="884" VPOS="1378" WIDTH="52" HEIGHT="28" WC="0.96" CONTENT="grad"/>
						</TextLine>
					</TextBlock>
				</ComposedBlock>
				<ComposedBlock ID="cblock_4" HPOS="244" VPOS="1422" WIDTH="347" HEIGHT="20">
					<TextBlock ID="block_4" HPOS="244" VPOS="1422" WIDTH="347" HEIGHT="20">
						<TextLine ID="line_37" HPOS="244" VPOS="1422" WIDTH="347" HEIGHT="20">
							<String ID="string_282" HPOS="244" VPOS="1424" WIDTH="143" HEIGHT="18" WC="0.45" CONTENT="Staisutskottets"/><SP WIDTH="12" VPOS="1424" HPOS="387"/>
							<String ID="string_283" HPOS="399" VPOS="1424" WIDTH="113" HEIGHT="17" WC="0.95" CONTENT="betänkande"/><SP WIDTH="10" VPOS="1424" HPOS="512"/>
							<String ID="string_284" HPOS="522" VPOS="1422" WIDTH="39" HEIGHT="19" WC="0.94" CONTENT="N:o"/><SP WIDTH="12" VPOS="1422" HPOS="561"/>
							<String ID="string_285" HPOS="573" VPOS="1424" WIDTH="18" HEIGHT="17" WC="0.96" CONTENT="4."/>
						</TextLine>
					</TextBlock>
				</ComposedBlock>
			</PrintSpace>
		</Page>
	</Layout>
</alto>
