1034 1620
91 780 86 18 Bankens
189 780 25 18 lå-

103 808 96 19 nerörelse.

89 1237 86 18 Bankens
179 1239 30 17 ut-

82 1266 78 18 ländska
171 1272 38 12 om-

131 1295 40 18 bud.

253 78 13 22 2

225 141 38 21 der
284 141 66 27 sagda
372 141 22 21 år
416 141 33 21 till
466 141 89 21 Banken
577 141 112 21 levererats
705 142 93 26 750,000
812 141 86 27 stycken
913 141 70 27 dylika

225 175 76 21 sedlar.
325 175 73 22 Under
412 182 30 14 nu
456 175 137 22 förevarande
609 176 22 20 år
645 176 108 21 fortsattes
768 176 81 20 arbetet
863 175 48 21 med
922 175 61 21 dessa

225 210 76 25 sedlar,
317 209 43 21 tills
382 210 49 21 hela
453 210 113 27 upplagan,
582 210 115 26 2,170,000
719 210 93 27 stycken,
828 210 41 21 den
885 210 26 21 12
925 210 57 21 Mars

225 244 114 21 levererats
361 244 32 21 till
408 244 93 22 Banken.
531 244 271 27 Tillverkningskostnaden
816 244 32 21 för
863 244 60 21 dessa
938 244 45 21 sed-

225 278 33 21 lar
280 278 47 27 steg
349 278 33 21 till
403 279 49 27 9
474 278 34 22 55:
524 280 28 20 49
574 279 32 21 för
628 279 68 21 tusen.
727 279 32 21 De
782 279 12 21 å
814 278 169 27 sedeltryckeriet

225 313 120 27 uppkomna
363 313 237 22 utskottsblanketterna
618 314 95 27 utgjorde
731 314 32 26 0,2
778 313 28 27 %/o
822 313 22 21 af
857 313 78 21 antalet
950 312 33 21 till

225 347 114 28 tryckeriet
353 347 120 22 utlemnade
489 348 86 27 dugliga
590 348 122 21 blanketter.

294 382 88 20 Arbetet
406 382 50 21 med
482 382 26 21 10
530 382 70 21 marks
623 382 169 29 sedelupplagan,
816 388 44 16 som
882 382 22 21 år
927 382 56 21 1903

227 415 80 28 pågått!
321 415 48 22 från
391 416 41 21 den
454 416 14 21 4
491 416 122 27 September
632 416 33 21 till
680 416 40 21 den
736 417 28 21 26
779 416 123 26 November,
916 415 67 22 under

226 450 85 21 hvilken
334 450 31 21 tid
387 450 34 21 till
442 450 90 21 Banken
550 451 112 21 levererats
679 451 114 26 1,656,000
808 451 85 27 stycken
908 450 74 27 sedlar,

227 485 135 26 återupptogs
377 485 41 20 den
433 485 28 22 25
475 485 101 21 Februari
593 485 55 21 1904
662 485 39 21 och
715 485 89 27 fortgick
819 484 62 28 derpä
896 484 32 21 till
943 484 40 21 den

227 518 13 21 8
256 518 57 28 Juni,
329 518 27 21 dä
370 518 48 22 hela
432 519 113 27 upplagan,
558 518 115 27 4,446,000
688 519 86 27 stycken
790 518 73 26 sedlar,
872 518 111 22 levererats

227 552 33 21 till
281 552 95 22 Banken.
404 553 123 21 Kostnaden
549 553 32 21 för
603 553 69 21 denna
691 553 149 28 sedelupplaga
854 553 82 27 belöpte
952 553 32 27 sig

226 586 34 21 till
281 586 48 28 my
352 587 35 21 44:
403 588 29 20 84
452 587 33 21 för
507 588 67 20 tusen.
596 587 42 21 Det
653 588 13 20 &
682 588 169 27 sedeltryckeriet
865 587 118 27 uppkomna

227 621 103 21 utskottet
345 622 94 27 utgjorde
454 622 44 26 0,35
514 621 28 27 9/9
557 622 23 21 af
593 622 79 21 antalet
687 622 33 21 till
737 622 112 27 tryckeriet
863 621 120 21 utlemnade

227 655 87 27 dugliga
329 655 123 23 blanketter.

583 721 11 26 8
610 721 19 21 3.

297 778 11 20 1
330 777 75 28 början
428 778 22 21 af
470 778 53 22 Juni
538 778 54 22 hade
611 778 23 22 af
646 778 197 25 Bankdirektionen,
858 779 8 19 i
881 777 103 22 anseende

229 811 32 22 till
277 811 40 22 den
333 811 122 28 förändring
470 813 41 20 den
527 813 133 21 ekonomiska
675 812 127 21 situationen
816 812 118 27 undergätt,
943 811 42 21 för-

227 846 47 27 slag
296 846 116 21 framstälts
428 853 34 15 om
477 853 26 15 en
519 847 74 28 partiel
607 847 120 27 förhöjning
741 847 49 21 med
807 846 26 23 !'2
848 845 27 29 9/0
891 846 22 21 af
928 846 57 21 Ban-

227 881 52 21 kens
294 881 134 26 räntesatser,
442 881 123 22 sträckande
583 882 33 27 sig
631 881 51 22 dock
698 881 74 22 endast
786 881 33 22 till
834 881 55 21 vissa
904 881 45 27 slag
964 881 23 21 af

230 915 138 27 hypotekslän
383 915 39 22 och
436 916 158 21 kassakreditiv.
617 913 93 24 Ärendet
724 915 142 22 behandlades
882 915 22 21 af
916 915 69 21 Bank-

228 949 132 27 fullmäktige
383 949 34 22 vid
440 950 183 21 sammanträdena
645 951 41 20 den
708 951 12 20 8
744 950 38 21 och
807 950 25 21 13
854 949 61 25 Juni;
934 956 51 14 men

227 983 66 21 funno
315 984 139 27 Fullmäktige
470 984 46 21 skäl
530 984 115 22 förefinnas
660 985 32 21 att
706 984 84 22 afvakta
804 984 146 27 utvecklingen
965 983 22 22 af

231 1018 25 21 de
280 1018 133 22 ekonomiska
428 1019 165 27 förhällandena,
609 1019 71 21 förrän
694 1019 69 27 nägon
778 1018 73 28 ätgärd
866 1018 32 21 uti
911 1018 74 27 ifräga-

229 1052 65 21 rande
317 1052 97 22 afseende
436 1053 88 27 vidtogs.
548 1053 44 22 Och
614 1053 38 21 har
677 1053 119 21 sedermera
810 1052 113 27 anledning
940 1052 45 21 icke

227 1086 135 22 förekommit
377 1088 31 20 att
423 1087 33 22 till
469 1088 89 27 förnyad
570 1088 98 27 pröfning
676 1088 92 27 upptaga
776 1087 72 27 frågan
855 1093 34 15 om
898 1086 88 27 ändring

228 1120 23 22 af
264 1120 99 22 Bankens
378 1122 133 21 räntesatser.

587 1184 47 29 854.

300 1242 57 21 Enär
379 1242 99 21 Finlands
500 1242 61 21 Bank
583 1241 89 28 tidigare
695 1242 35 27 egt
752 1242 53 21 blott
828 1241 30 21 ett
880 1240 77 21 ombud
978 1241 8 20 i

229 1276 91 21 Förenta
343 1276 104 27 Staterna,
462 1277 108 26 nämligen
591 1277 57 20 First
662 1276 102 21 National
778 1275 60 21 Bank
853 1275 23 21 of
889 1274 96 28 Chicago,

230 1317 49 15 men
301 1311 65 21 behof
382 1311 32 20 för
432 1311 88 21 Banken
536 1311 23 21 af
572 1311 30 21 ett
617 1311 99 21 särskildt
731 1310 77 22 ombud
820 1309 80 28 jemväl
913 1309 8 21 i
935 1309 52 22 New

231 1345 55 21 York
309 1345 54 27 gjort
385 1345 32 27 sig
432 1345 103 27 gällande,
552 1345 164 27 bemyndigades
732 1344 136 21 Direktionen
883 1343 22 22 af
917 1343 70 22 Bank-

228 1379 132 27 fullmäktige
376 1379 41 21 den
432 1379 28 22 28
475 1379 52 21 Juni
543 1379 32 21 att
590 1379 70 21 dertill
676 1380 76 26 antaga
768 1379 42 20 The
825 1378 99 21 National
939 1377 48 28 City

229 1413 61 21 Bank
305 1413 22 21 of
339 1413 51 21 New
405 1413 61 21 York.
