1048 1625
465 59 13 21 I
796 60 28 20 33

93 130 73 22 måtte
188 131 55 27 taga
265 128 73 22 under
361 127 148 29 ompröfning
530 128 61 22 huru
611 128 38 22 det
666 128 123 28 missbruk,
805 135 50 14 som

92 164 53 22 med
160 163 183 28 alkoholbaltiga
356 162 129 22 läkemedel
498 162 123 28 bedrifves,
634 162 123 28 lämpligast
779 162 76 22 skulle

92 198 78 22 kunna
194 197 79 29 stäfjas
297 196 119 22 äfvensom
435 196 96 28 vidtaga
547 196 23 22 af
585 196 75 22 denna
673 196 127 29 utredning
814 196 41 22 be-

92 232 95 29 tingade
202 232 113 28 åtgärder.

161 266 43 22 Uti
219 266 44 21 den
278 267 13 21 7
306 266 63 28 April
390 266 55 21 1902
459 265 100 29 afgifvet
568 265 155 28 underdånigt
732 265 121 22 utlåtande

92 302 41 21 har
147 300 131 29 Kejserliga
293 300 101 21 Senaten
412 300 116 28 hemstält,
548 300 115 21 huruvida
677 299 177 29 ifrågavarande

92 336 100 28 petition
206 334 71 22 borde
291 334 38 21 till
343 334 80 22 vidare
438 334 81 28 åtgärd
534 334 125 28 föranleda,
673 334 72 28 jemte
761 334 39 21 det
815 334 40 22 Se-

92 372 69 19 naten
186 368 121 23 anbefalde
329 369 107 28 samtlige
457 368 145 23 Guvernörer
617 368 8 22 i
640 368 79 22 landet
735 368 119 22 äfvensom

92 404 237 28 Medicinalstyrelsen
350 405 34 19 att
402 410 63 22 noga
485 402 130 29 öfvervaka,
632 403 39 21 det
685 402 102 22 handeln
801 402 53 22 med

94 437 181 29 alkoholhaltiga
293 437 128 22 läkemedel
438 437 122 22 framdeles
576 437 59 28 egde
649 444 52 14 rum
714 438 10 20 i
739 437 115 22 öfverens-

93 472 129 22 stämmelse
236 472 53 21 med
303 472 81 28 lagens
399 474 61 19 rätta
476 472 60 21 anda
551 471 44 22 och
608 472 103 27 mening.

161 512 65 21 Hans
241 512 131 28 Kejserliga
387 512 108 28 Majestät
509 512 42 21 har
567 511 43 22 den
626 507 16 12 2
703 512 56 21 1902
777 512 77 21 täckts

621 530 15 12 12
620 525 71 18 Juni

92 553 10 21 i
116 553 76 22 Näder
215 552 114 21 anbefalla
351 554 35 19 att
408 551 171 23 ofvannämnda
596 552 99 28 petition
711 552 65 28 skall,
792 552 9 21 i
817 559 38 14 an-

93 587 82 22 seende
197 587 37 21 till
257 587 27 21 de
307 586 22 21 af
352 586 100 22 Senaten
473 587 113 28 vidtagna
609 587 106 28 åtgärder
729 587 10 20 i
754 587 100 28 ärendet,

93 621 87 21 lemnas
196 623 57 19 utan
267 620 113 22 afseende.
813 645 2 2 N

163 655 35 28 10)
220 655 42 22 Uti
283 655 145 28 underdänig
447 655 121 22 skrifvelse
588 655 25 21 af
630 655 44 22 den
692 655 27 21 22
735 655 45 28 Maj
798 655 59 22 1900

93 689 70 22 hafva
186 689 127 22 Ständerna
337 689 97 21 anhållit
457 691 34 20 att
512 689 66 22 Hans
597 689 131 28 Kejserliga
745 689 111 28 Majestät

93 725 55 21 ville
170 725 48 20 låta
239 723 135 22 införskaffa
396 724 125 28 utredning
543 723 143 23 beträffande
707 725 148 27 lämpligaste

94 761 70 19 sättet
187 761 35 19 att
242 758 107 22 befordra
371 759 166 28 utvecklingen
560 758 26 22 af
606 759 114 21 arbetares
740 759 43 21 och
802 758 53 21 med

95 793 51 21 dem
158 792 133 29 jemförliga
306 800 119 20 personers
440 793 132 28 försäkring
587 795 50 19 mot
651 793 107 28 varaktig
769 793 86 21 arbets-

95 826 117 29 oförmåga
227 827 37 21 till
278 826 60 29 följd
353 834 13 13 af
391 827 117 21 ålderdom
524 827 56 21 eller
595 827 71 21 andra
681 827 98 28 orsaker,
789 829 65 19 utom

94 861 122 28 olycksfall
230 861 9 21 i
255 860 93 29 arbetet,
365 860 124 29 äfvensom,
500 862 9 20 i
519 861 110 21 händelse
643 861 74 21 denna
729 861 126 28 utredning

96 895 77 22 dertill
191 895 70 29 gäfve
281 895 131 29 anledning,
429 896 9 21 i
453 896 74 22 sinom
542 896 35 21 tid
591 895 120 29 förelägga
727 895 127 23 Ständerna

93 930 144 28 proposition
252 930 10 21 i
277 932 81 19 ämnet.

161 964 92 29 Frågan
276 968 24 18 är
321 964 73 21 under
416 964 165 22 förberedande
603 964 142 29 behandling
765 964 25 22 af
803 965 52 21 en
841 960 17 37 i

95 999 81 21 sådant
192 998 105 22 afseende
312 999 85 21 tillsatt
411 999 92 21 komité.

163 1033 35 27 11)
218 1033 42 22 Uti
278 1033 144 29 underdånig
438 1033 121 22 skrifvelse
575 1033 23 22 af
613 1034 44 21 den
672 1034 29 21 30
715 1034 68 28 April
799 1033 57 22 1900

93 1067 70 22 hafva
185 1067 128 22 Ständerna
335 1068 98 21 anhällit
456 1070 34 19 att
512 1068 65 21 Hans
597 1068 131 29 Kejserliga
747 1068 109 29 Majestät

93 1101 89 22 täcktes
200 1102 47 21 låta
264 1101 130 22 undersöka
408 1102 115 22 huruvida
538 1102 86 21 sådana
638 1103 117 28 generella
769 1103 86 21 skatte-

93 1136 170 29 förmedlingar,
285 1144 50 14 som
349 1144 85 21 genom
448 1137 92 28 Nådiga
555 1137 97 22 brefven
667 1137 22 22 af
704 1137 44 22 den
765 1138 27 21 11
807 1137 46 28 Maj

94 1171 56 21 1896
174 1171 43 21 och
239 1171 44 21 den
303 1171 13 20 2
335 1171 135 28 September
490 1171 56 22 1899
566 1167 125 47 påbjudits,
707 1179 55 14 vore
778 1171 26 22 af
816 1171 39 22 be-

92 1205 82 22 hofvet
194 1205 121 28 påkallade
337 1205 68 22 äfven
427 1206 10 21 i
460 1205 76 28 andra,
554 1208 28 19 än
601 1205 28 22 de
646 1206 10 21 i
675 1205 71 29 sagda
763 1205 93 29 Nådiga

93 1239 51 22 bref
166 1239 150 34 omförmälda
339 1234 63 27 delar
425 1240 23 21 af
469 1241 65 21 kust-
552 1241 44 21 och
615 1240 241 29 skärgårdstrakterna

92 1274 64 21 inom
175 1267 51 28 Åbo
247 1274 43 21 och
308 1274 157 29 Björneborgs
484 1275 46 28 län,
548 1274 120 23 äfvensom
681 1275 36 21 uti
731 1275 65 21 kust-
812 1274 44 22 och

94 1308 249 29 skärgårdssocknarna
362 1308 23 22 af
404 1309 105 28 Nylands
528 1309 46 28 län,
595 1311 59 20 samt
671 1309 10 21 i
694 1309 78 22 Nåder
787 1309 68 21 anbe-

92 1342 57 21 falla
167 1342 256 29 skatteförmedlingens
441 1343 165 22 utsträckande
620 1343 10 22 i
645 1343 44 22 den
703 1344 54 21 mån
772 1343 84 22 under-

785 1413 11 16 3
