1050 1625
234 60 29 22 34
575 61 24 21 II

205 129 87 21 stäldes
308 129 38 21 till
361 130 257 28 generalguvernörens
634 129 146 29 disposition,
796 130 53 22 med
864 130 102 21 redovis-

204 163 210 29 ningsskyldighet
429 164 78 21 direkt
522 164 38 21 till
576 164 67 21 Hans
658 164 135 28 Kejserliga
808 164 116 28 Majestät,
941 164 26 21 af

204 198 78 21 finska
296 198 137 22 statsmedel
443 200 36 19 ett
488 198 86 28 belopp
585 198 26 22 af
619 198 80 29 80,000
710 198 66 22 mark
788 206 37 14 om
836 198 50 22 äret
894 198 72 29 jemte

206 232 40 21 det
262 232 82 29 anslag
360 233 13 21 &
387 232 80 29 40,000
482 233 73 28 mark,
571 232 92 22 hvilket
679 233 75 21 såsom
771 232 105 29 aflöning
891 232 75 22 skulle

205 266 133 22 tillkomma
348 267 255 28 generalguvernörens
617 266 97 29 adjoint.
734 267 137 22 Sedermera
879 267 41 21 har
928 274 38 21 ge-

205 309 55 14 nom
274 301 89 28 nädiga
372 301 158 29 kungörelsen
541 302 27 21 af
577 301 46 22 den
633 301 27 22 19
669 301 54 29 juni
738 301 56 22 1902
806 303 34 20 ett
850 301 116 22 ordinarie

206 335 421 29 generalguvernörsadjointsembete
636 336 60 28 änyo
705 336 111 21 inrättats
825 335 44 22 och
877 335 28 22 de
914 335 52 22 med

206 369 130 22 detsamma
359 369 112 22 förenade
493 370 174 21 löneförmäner
688 369 118 22 faststälts
830 369 36 22 till
883 369 83 22 inalles

205 404 80 29 40,000
300 404 73 29 mark,
390 404 101 22 hvarhos
506 404 9 21 i
531 404 113 22 samband
659 404 97 21 härmed
771 405 8 20 i
794 404 73 21 näder
876 403 90 22 förord-

206 441 60 26 nats,
286 440 36 19 att
338 439 182 28 ofvannämnda,
536 438 360 29 generalguvernörsadjointens
912 437 54 22 aflö-

206 473 58 28 ning
286 473 166 21 motsvarande
475 472 38 22 del
536 469 27 25 af
584 473 45 21 den
652 472 38 22 till
712 472 254 29 generalouvernörens

206 507 141 28 förfogande
368 507 77 21 stälda
465 507 184 22 extraordinarie
667 507 227 28 penningesumman
908 506 58 21 fort-

205 541 106 30 farande,
328 541 75 29 enligt
418 541 81 22 härför
514 541 101 29 tidigare
631 541 125 22 faststälda
771 541 109 29 grunder,
892 541 75 22 skulle

206 576 37 21 stä
253 576 39 21 till
298 576 255 28 generalguvernörens
563 576 168 28 disposition
708 571 36 38 1).
744 588 24 4 —
782 575 88 23 Genom
880 577 87 20 tvänne

207 610 115 22 särskilda
347 610 88 28 nädiga
460 610 177 22 förordnanden
659 610 43 22 har
724 610 243 28 generalguvernören

206 644 75 22 under
300 645 57 21 åren
377 644 57 22 1900
453 644 44 22 och
513 645 56 21 1903
585 644 165 29 bemyndigats
767 646 35 20 att
817 644 42 22 hos
875 644 36 28 sig
927 651 40 14 an-

206 678 70 22 ställa
297 678 85 22 inalles
400 686 41 14 sex
459 679 143 29 tjenstemän
617 679 37 21 för
670 678 116 23 särskilda
801 674 107 32 uppdrag
924 678 43 22 och

206 713 80 28 uppgä
304 712 68 22 dessa
390 712 141 30 tjenstemän
549 713 100 28 tillagda
667 712 174 22 löneförmäner
856 712 38 22 till
909 720 58 14 sam-

206 747 123 28 manlagdt
344 747 79 29 57,500
438 748 73 21 mark.
529 760 23 3 —
570 747 49 21 Till
633 747 124 21 aflönande
773 747 26 21 af
809 747 157 29 translatorer,

207 781 154 22 anskaffande
385 782 26 21 af
432 782 120 21 litteratur
574 782 54 21 med
650 782 56 21 flere
728 781 71 22 behof
812 781 42 22 vid
870 781 45 21 den
930 782 38 21 för

206 815 185 28 pressärendena
406 816 100 21 tillsatta
521 815 160 22 konsultativa
696 815 106 22 komitön
818 815 42 22 har
876 816 24 21 är
911 815 55 22 1901

206 850 9 21 i
230 849 73 22 nåder
325 850 110 29 beviljats
459 852 34 19 ett
516 850 81 29 anslag
620 857 37 15 om
678 850 79 29 12,500
772 850 72 29 mark,
860 853 35 18 att
910 850 58 27 utgå

206 884 39 21 till
260 884 44 22 och
319 885 54 21 med
389 886 25 21 är
429 885 62 28 1903,
508 885 91 22 hvilket
615 885 83 28 anslag
714 885 102 21 derefter
825 884 82 23 blifvit
916 891 52 21 pro-

206 918 126 29 longeradt
348 919 32 29 pä
398 919 122 22 obestämd
535 919 41 22 tid.
593 932 27 3 —
635 919 173 28 Utgiftsstaten
823 919 37 21 för
874 918 94 29 Kejser-

206 953 49 28 liga
278 953 110 30 Senaten,
411 953 98 22 hvilken
530 953 9 22 i
562 953 57 22 1904
642 954 36 21 ärs
697 953 151 28 statsförslag
866 953 74 22 slutar
955 953 13 21 &

208 987 114 29 1,759,810
341 988 73 29 mark,
433 988 88 22 företer
536 988 9 21 i
559 988 134 29 jemförelse
712 988 54 21 med
784 988 132 28 utgifterna
931 987 38 22 för

208 1022 103 22 Senaten
334 1023 26 21 är
382 1023 83 28 19002)
481 1030 29 14 en
526 1022 88 29 ökning
630 1023 27 21 af
670 1023 94 28 314,000
778 1022 73 29 mark,
868 1023 101 20 motsva-

206 1057 74 21 rande
295 1058 35 20 ett
345 1057 72 29 årligt
432 1057 111 22 medeltal
559 1057 26 22 af
597 1057 72 29 5,3%/,
686 1057 44 22 och
740 1057 60 22 hade
810 1057 55 21 från
876 1057 25 21 är
912 1057 56 22 1897

206 1091 40 22 till
268 1092 26 21 är
316 1092 57 22 1900
389 1091 67 23 ökats
472 1092 54 21 med
541 1092 108 28 omkring
666 1091 174 29 144,000:mark
856 1091 56 22 eller
926 1098 43 14 un-

276 1166 14 24 1)
308 1166 36 18 Uti
362 1166 147 24 statsförslaget
526 1166 31 18 för
571 1166 21 18 är
609 1166 46 18 1904
669 1166 36 18 har
723 1166 33 18 det
773 1166 33 18 till
817 1165 152 25 generalguver-

206 1196 74 17 nörens
297 1194 118 24 förfogande
434 1194 64 19 stälda
512 1194 72 24 belopp
604 1194 19 18 af
635 1195 75 23 120,000
722 1195 62 23 mark,
796 1194 81 18 hvilken
889 1194 80 24 utgifis-

206 1224 47 22 post
268 1223 85 24 tidigare
368 1223 76 19 funnits
459 1225 101 22 upptagen
575 1223 63 18 under
654 1222 280 25 generalguvernörsembetet
946 1222 23 24 (3,

206 1252 16 23 I,
236 1252 57 24 1—6),
305 1252 109 24 förflyttats
429 1252 32 18 till
479 1253 22 17 14
513 1252 141 23 hufvudtiteln,
666 1252 82 18 hvarest
760 1252 39 18 den
811 1251 158 24 sammanslagits

207 1281 45 19 med
267 1282 218 23 generalguvernörens
501 1281 194 23 dispositionsmedel
711 1281 22 25 (I,
751 1281 22 24 1).
796 1281 72 18 Denna
879 1280 91 18 formella

207 1310 84 24 ändring
302 1310 37 18 bör
349 1310 35 18 vid
395 1310 127 23 jemförelsen
535 1310 120 18 observeras.

276 1344 14 24 2)
308 1345 193 23 Resekostnaderna,
516 1344 68 19 hvilka
599 1345 21 17 är
636 1346 45 16 1900
692 1344 74 18 funnos
778 1344 97 24 uppförda
887 1344 11 17 &
910 1345 60 16 annat

207 1373 59 18 ställe
277 1373 9 18 i
297 1373 154 24 statsförslaget,
463 1373 51 19 dock
525 1373 44 18 icke
581 1373 137 19 medräknade,
