<?xml version="1.0" encoding="UTF-8"?>
<alto xmlns="http://www.loc.gov/standards/alto/ns-v3#" xmlns:xlink="http://www.w3.org/1999/xlink" xmlns:xsi="http://www.w3.org/2001/XMLSchema-instance" xsi:schemaLocation="http://www.loc.gov/standards/alto/ns-v3# http://www.loc.gov/alto/v3/alto-3-0.xsd">
	<Description>
		<MeasurementUnit>pixel</MeasurementUnit>
		<sourceImageInformation>
			<fileName>/tmp/tess_ypeh5sej_input.PNG</fileName>
		</sourceImageInformation>
		<OCRProcessing ID="OCR_0">
			<ocrProcessingStep>
				<processingSoftware>
					<softwareName>tesseract 5.3.4</softwareName>
				</processingSoftware>
			</ocrProcessingStep>
		</OCRProcessing>
	</Description>
	<Layout>
		<Page WIDTH="1025" HEIGHT="1617" PHYSICAL_IMG_NR="0" ID="page_0">
			<PrintSpace HPOS="0" VPOS="0" WIDTH="1025" HEIGHT="1617">
				<ComposedBlock ID="cblock_0" HPOS="359" VPOS="61" WIDTH="474" HEIGHT="42">
					<TextBlock ID="block_0" HPOS="359" VPOS="61" WIDTH="474" HEIGHT="42">
						<TextLine ID="line_0" HPOS="359" VPOS="61" WIDTH="474" HEIGHT="42">
							<String ID="string_0" HPOS="359" VPOS="61" WIDTH="34" HEIGHT="42" WC="0.91" CONTENT="U."/><SP WIDTH="18" VPOS="61" HPOS="393"/>
							<String ID="string_1" HPOS="411" VPOS="61" WIDTH="36" HEIGHT="42" WC="0.91" CONTENT="B."/><SP WIDTH="17" VPOS="61" HPOS="447"/>
							<String ID="string_2" HPOS="464" VPOS="84" WIDTH="14" HEIGHT="3" WC="0.91" CONTENT="—"/><SP WIDTH="10" VPOS="84" HPOS="478"/>
							<String ID="string_3" HPOS="488" VPOS="61" WIDTH="39" HEIGHT="42" WC="0.85" CONTENT="11."/><SP WIDTH="278" VPOS="61" HPOS="527"/>
							<String ID="string_4" HPOS="805" VPOS="64" WIDTH="28" HEIGHT="28" WC="0.96" CONTENT="49"/>
						</TextLine>
					</TextBlock>
				</ComposedBlock>
				<ComposedBlock ID="cblock_1" HPOS="304" VPOS="174" WIDTH="300" HEIGHT="36">
					<TextBlock ID="block_1" HPOS="304" VPOS="174" WIDTH="300" HEIGHT="36">
						<TextLine ID="line_1" HPOS="304" VPOS="174" WIDTH="300" HEIGHT="36">
							<String ID="string_5" HPOS="304" VPOS="174" WIDTH="300" HEIGHT="36" WC="0.84" CONTENT="Militiefonden."/>
						</TextLine>
					</TextBlock>
				</ComposedBlock>
				<ComposedBlock ID="cblock_2" HPOS="66" VPOS="240" WIDTH="782" HEIGHT="1164">
					<TextBlock ID="block_2" HPOS="66" VPOS="240" WIDTH="776" HEIGHT="581">
						<TextLine ID="line_2" HPOS="142" VPOS="240" WIDTH="693" HEIGHT="34">
							<String ID="string_6" HPOS="142" VPOS="241" WIDTH="41" HEIGHT="27" WC="0.96" CONTENT="Vid"/><SP WIDTH="23" VPOS="241" HPOS="183"/>
							<String ID="string_7" HPOS="206" VPOS="246" WIDTH="55" HEIGHT="22" WC="0.93" CONTENT="1900"/><SP WIDTH="23" VPOS="246" HPOS="261"/>
							<String ID="string_8" HPOS="284" VPOS="246" WIDTH="34" HEIGHT="22" WC="0.93" CONTENT="års"/><SP WIDTH="21" VPOS="246" HPOS="318"/>
							<String ID="string_9" HPOS="339" VPOS="246" WIDTH="103" HEIGHT="28" WC="0.92" CONTENT="landtdag"/><SP WIDTH="21" VPOS="246" HPOS="442"/>
							<String ID="string_10" HPOS="463" VPOS="245" WIDTH="107" HEIGHT="21" WC="0.92" CONTENT="förelades"/><SP WIDTH="15" VPOS="245" HPOS="570"/>
							<String ID="string_11" HPOS="585" VPOS="244" WIDTH="119" HEIGHT="22" WC="0.91" CONTENT="Ständerna"/><SP WIDTH="14" VPOS="244" HPOS="704"/>
							<String ID="string_12" HPOS="718" VPOS="244" WIDTH="9" HEIGHT="21" WC="0.93" CONTENT="i"/><SP WIDTH="14" VPOS="244" HPOS="727"/>
							<String ID="string_13" HPOS="741" VPOS="240" WIDTH="94" HEIGHT="32" WC="0.91" CONTENT="lagenlig"/>
						</TextLine>
						<TextLine ID="line_3" HPOS="66" VPOS="279" WIDTH="770" HEIGHT="29">
							<String ID="string_14" HPOS="66" VPOS="281" WIDTH="96" HEIGHT="27" WC="0.77" CONTENT="ordning"/><SP WIDTH="15" VPOS="281" HPOS="162"/>
							<String ID="string_15" HPOS="177" VPOS="280" WIDTH="64" HEIGHT="28" WC="0.96" CONTENT="nådig"/><SP WIDTH="15" VPOS="280" HPOS="241"/>
							<String ID="string_16" HPOS="256" VPOS="281" WIDTH="131" HEIGHT="27" WC="0.96" CONTENT="proposition"/><SP WIDTH="19" VPOS="281" HPOS="387"/>
							<String ID="string_17" HPOS="406" VPOS="287" WIDTH="35" HEIGHT="15" WC="0.91" CONTENT="om"/><SP WIDTH="17" VPOS="287" HPOS="441"/>
							<String ID="string_18" HPOS="458" VPOS="279" WIDTH="116" HEIGHT="22" WC="0.91" CONTENT="anvisande"/><SP WIDTH="17" VPOS="279" HPOS="574"/>
							<String ID="string_19" HPOS="591" VPOS="279" WIDTH="21" HEIGHT="21" WC="0.96" CONTENT="af"/><SP WIDTH="14" VPOS="279" HPOS="612"/>
							<String ID="string_20" HPOS="626" VPOS="279" WIDTH="72" HEIGHT="21" WC="0.96" CONTENT="medel"/><SP WIDTH="14" VPOS="279" HPOS="698"/>
							<String ID="string_21" HPOS="712" VPOS="279" WIDTH="33" HEIGHT="21" WC="0.93" CONTENT="till"/><SP WIDTH="14" VPOS="279" HPOS="745"/>
							<String ID="string_22" HPOS="759" VPOS="279" WIDTH="77" HEIGHT="21" WC="0.88" CONTENT="bestri-"/>
						</TextLine>
						<TextLine ID="line_4" HPOS="66" VPOS="312" WIDTH="768" HEIGHT="30">
							<String ID="string_23" HPOS="66" VPOS="315" WIDTH="76" HEIGHT="21" WC="0.84" CONTENT="dande"/><SP WIDTH="23" VPOS="315" HPOS="142"/>
							<String ID="string_24" HPOS="165" VPOS="315" WIDTH="21" HEIGHT="21" WC="0.96" CONTENT="af"/><SP WIDTH="23" VPOS="315" HPOS="186"/>
							<String ID="string_25" HPOS="209" VPOS="314" WIDTH="142" HEIGHT="22" WC="0.96" CONTENT="kostnaderna"/><SP WIDTH="22" VPOS="314" HPOS="351"/>
							<String ID="string_26" HPOS="373" VPOS="315" WIDTH="33" HEIGHT="21" WC="0.96" CONTENT="för"/><SP WIDTH="14" VPOS="315" HPOS="406"/>
							<String ID="string_27" HPOS="420" VPOS="314" WIDTH="70" HEIGHT="22" WC="0.93" CONTENT="finska"/><SP WIDTH="14" VPOS="314" HPOS="490"/>
							<String ID="string_28" HPOS="504" VPOS="314" WIDTH="107" HEIGHT="21" WC="0.95" CONTENT="militären"/><SP WIDTH="16" VPOS="314" HPOS="611"/>
							<String ID="string_29" HPOS="627" VPOS="313" WIDTH="69" HEIGHT="21" WC="0.93" CONTENT="under"/><SP WIDTH="16" VPOS="313" HPOS="696"/>
							<String ID="string_30" HPOS="712" VPOS="312" WIDTH="51" HEIGHT="22" WC="0.96" CONTENT="åren"/><SP WIDTH="10" VPOS="312" HPOS="763"/>
							<String ID="string_31" HPOS="773" VPOS="313" WIDTH="61" HEIGHT="29" WC="0.96" CONTENT="1901"/>
						</TextLine>
						<TextLine ID="line_5" HPOS="69" VPOS="347" WIDTH="773" HEIGHT="30">
							<String ID="string_32" HPOS="69" VPOS="349" WIDTH="94" HEIGHT="27" WC="0.88" CONTENT="—1904,"/><SP WIDTH="15" VPOS="349" HPOS="163"/>
							<String ID="string_33" HPOS="178" VPOS="349" WIDTH="7" HEIGHT="20" WC="0.92" CONTENT="i"/><SP WIDTH="16" VPOS="349" HPOS="185"/>
							<String ID="string_34" HPOS="201" VPOS="349" WIDTH="86" HEIGHT="21" WC="0.96" CONTENT="hvilken"/><SP WIDTH="15" VPOS="349" HPOS="287"/>
							<String ID="string_35" HPOS="302" VPOS="349" WIDTH="131" HEIGHT="27" WC="0.93" CONTENT="proposition"/><SP WIDTH="19" VPOS="349" HPOS="433"/>
							<String ID="string_36" HPOS="452" VPOS="348" WIDTH="116" HEIGHT="27" WC="0.96" CONTENT="utgifterna"/><SP WIDTH="18" VPOS="348" HPOS="568"/>
							<String ID="string_37" HPOS="586" VPOS="348" WIDTH="34" HEIGHT="21" WC="0.93" CONTENT="för"/><SP WIDTH="15" VPOS="348" HPOS="620"/>
							<String ID="string_38" HPOS="635" VPOS="347" WIDTH="149" HEIGHT="28" WC="0.87" CONTENT="nyssantydda"/><SP WIDTH="15" VPOS="347" HPOS="784"/>
							<String ID="string_39" HPOS="799" VPOS="348" WIDTH="43" HEIGHT="29" WC="0.93" CONTENT="än-,"/>
						</TextLine>
						<TextLine ID="line_6" HPOS="67" VPOS="382" WIDTH="769" HEIGHT="27">
							<String ID="string_40" HPOS="67" VPOS="383" WIDTH="75" HEIGHT="21" WC="0.26" CONTENT="-damäl"/><SP WIDTH="17" VPOS="383" HPOS="142"/>
							<String ID="string_41" HPOS="159" VPOS="383" WIDTH="141" HEIGHT="21" WC="0.96" CONTENT="beräknades:"/><SP WIDTH="17" VPOS="383" HPOS="300"/>
							<String ID="string_42" HPOS="317" VPOS="383" WIDTH="27" HEIGHT="21" WC="0.93" CONTENT="de"/><SP WIDTH="16" VPOS="383" HPOS="344"/>
							<String ID="string_43" HPOS="360" VPOS="383" WIDTH="105" HEIGHT="21" WC="0.96" CONTENT="ordinarie"/><SP WIDTH="16" VPOS="383" HPOS="465"/>
							<String ID="string_44" HPOS="481" VPOS="382" WIDTH="116" HEIGHT="27" WC="0.96" CONTENT="utgifterna"/><SP WIDTH="12" VPOS="382" HPOS="597"/>
							<String ID="string_45" HPOS="609" VPOS="382" WIDTH="33" HEIGHT="21" WC="0.93" CONTENT="till"/><SP WIDTH="13" VPOS="382" HPOS="642"/>
							<String ID="string_46" HPOS="655" VPOS="382" WIDTH="111" HEIGHT="27" WC="0.93" CONTENT="6,578,350"/><SP WIDTH="10" VPOS="382" HPOS="766"/>
							<String ID="string_47" HPOS="776" VPOS="382" WIDTH="60" HEIGHT="20" WC="0.96" CONTENT="mark"/>
						</TextLine>
						<TextLine ID="line_7" HPOS="68" VPOS="415" WIDTH="769" HEIGHT="29">
							<String ID="string_48" HPOS="68" VPOS="417" WIDTH="45" HEIGHT="22" WC="0.65" CONTENT="-och"/><SP WIDTH="15" VPOS="417" HPOS="113"/>
							<String ID="string_49" HPOS="128" VPOS="419" WIDTH="61" HEIGHT="19" WC="0.93" CONTENT="extra"/><SP WIDTH="14" VPOS="419" HPOS="189"/>
							<String ID="string_50" HPOS="203" VPOS="417" WIDTH="116" HEIGHT="27" WC="0.96" CONTENT="utgifterna"/><SP WIDTH="16" VPOS="417" HPOS="319"/>
							<String ID="string_51" HPOS="335" VPOS="417" WIDTH="32" HEIGHT="21" WC="0.93" CONTENT="till"/><SP WIDTH="15" VPOS="417" HPOS="367"/>
							<String ID="string_52" HPOS="382" VPOS="417" WIDTH="91" HEIGHT="27" WC="0.93" CONTENT="200,000"/><SP WIDTH="16" VPOS="417" HPOS="473"/>
							<String ID="string_53" HPOS="489" VPOS="416" WIDTH="66" HEIGHT="26" WC="0.96" CONTENT="mark,"/><SP WIDTH="16" VPOS="416" HPOS="555"/>
							<String ID="string_54" HPOS="571" VPOS="416" WIDTH="37" HEIGHT="21" WC="0.96" CONTENT="allt"/><SP WIDTH="11" VPOS="416" HPOS="608"/>
							<String ID="string_55" HPOS="619" VPOS="416" WIDTH="31" HEIGHT="21" WC="0.92" CONTENT="för"/><SP WIDTH="12" VPOS="416" HPOS="650"/>
							<String ID="string_56" HPOS="662" VPOS="415" WIDTH="56" HEIGHT="22" WC="0.92" CONTENT="hvart"/><SP WIDTH="8" VPOS="415" HPOS="718"/>
							<String ID="string_57" HPOS="726" VPOS="415" WIDTH="40" HEIGHT="22" WC="0.96" CONTENT="och"/><SP WIDTH="11" VPOS="415" HPOS="766"/>
							<String ID="string_58" HPOS="777" VPOS="417" WIDTH="30" HEIGHT="20" WC="0.0" CONTENT="ett"/><SP WIDTH="8" VPOS="417" HPOS="807"/>
							<String ID="string_59" HPOS="815" VPOS="415" WIDTH="22" HEIGHT="21" WC="0.0" CONTENT="af"/>
						</TextLine>
						<TextLine ID="line_8" HPOS="67" VPOS="449" WIDTH="769" HEIGHT="29">
							<String ID="string_60" HPOS="67" VPOS="451" WIDTH="164" HEIGHT="22" WC="0.92" CONTENT="-ofvannämnda"/><SP WIDTH="15" VPOS="451" HPOS="231"/>
							<String ID="string_61" HPOS="246" VPOS="451" WIDTH="28" HEIGHT="26" WC="0.84" CONTENT="är,"/><SP WIDTH="8" VPOS="451" HPOS="274"/>
							<String ID="string_62" HPOS="282" VPOS="453" WIDTH="56" HEIGHT="19" WC="0.84" CONTENT="samt"/><SP WIDTH="20" VPOS="453" HPOS="338"/>
							<String ID="string_63" HPOS="358" VPOS="451" WIDTH="110" HEIGHT="22" WC="0.94" CONTENT="dessutom"/><SP WIDTH="15" VPOS="451" HPOS="468"/>
							<String ID="string_64" HPOS="483" VPOS="451" WIDTH="33" HEIGHT="20" WC="0.93" CONTENT="för"/><SP WIDTH="15" VPOS="451" HPOS="516"/>
							<String ID="string_65" HPOS="531" VPOS="450" WIDTH="191" HEIGHT="28" WC="0.92" CONTENT="kasernbyggnads"/><SP WIDTH="15" VPOS="450" HPOS="722"/>
							<String ID="string_66" HPOS="737" VPOS="449" WIDTH="99" HEIGHT="22" WC="0.95" CONTENT="ändamål"/>
						</TextLine>
						<TextLine ID="line_9" HPOS="68" VPOS="485" WIDTH="767" HEIGHT="28">
							<String ID="string_67" HPOS="68" VPOS="486" WIDTH="96" HEIGHT="27" WC="0.49" CONTENT=":675,000"/><SP WIDTH="22" VPOS="486" HPOS="164"/>
							<String ID="string_68" HPOS="186" VPOS="485" WIDTH="61" HEIGHT="22" WC="0.96" CONTENT="mark"/><SP WIDTH="23" VPOS="485" HPOS="247"/>
							<String ID="string_69" HPOS="270" VPOS="485" WIDTH="51" HEIGHT="22" WC="0.96" CONTENT="eller"/><SP WIDTH="23" VPOS="485" HPOS="321"/>
							<String ID="string_70" HPOS="344" VPOS="486" WIDTH="141" HEIGHT="21" WC="0.96" CONTENT="tillsammans"/><SP WIDTH="17" VPOS="486" HPOS="485"/>
							<String ID="string_71" HPOS="502" VPOS="485" WIDTH="34" HEIGHT="21" WC="0.96" CONTENT="för"/><SP WIDTH="14" VPOS="485" HPOS="536"/>
							<String ID="string_72" HPOS="550" VPOS="485" WIDTH="49" HEIGHT="21" WC="0.93" CONTENT="hela"/><SP WIDTH="14" VPOS="485" HPOS="599"/>
							<String ID="string_73" HPOS="613" VPOS="485" WIDTH="174" HEIGHT="28" WC="0.92" CONTENT="finansperioden"/><SP WIDTH="16" VPOS="485" HPOS="787"/>
							<String ID="string_74" HPOS="803" VPOS="485" WIDTH="32" HEIGHT="21" WC="0.94" CONTENT="till"/>
						</TextLine>
						<TextLine ID="line_10" HPOS="72" VPOS="519" WIDTH="764" HEIGHT="30">
							<String ID="string_75" HPOS="72" VPOS="520" WIDTH="127" HEIGHT="27" WC="0.72" CONTENT="27,788,400"/><SP WIDTH="25" VPOS="520" HPOS="199"/>
							<String ID="string_76" HPOS="224" VPOS="520" WIDTH="65" HEIGHT="21" WC="0.95" CONTENT="mark."/><SP WIDTH="33" VPOS="520" HPOS="289"/>
							<String ID="string_77" HPOS="322" VPOS="520" WIDTH="68" HEIGHT="21" WC="0.95" CONTENT="Dessa"/><SP WIDTH="23" VPOS="520" HPOS="390"/>
							<String ID="string_78" HPOS="413" VPOS="520" WIDTH="143" HEIGHT="27" WC="0.93" CONTENT="beräkningar"/><SP WIDTH="22" VPOS="520" HPOS="556"/>
							<String ID="string_79" HPOS="578" VPOS="519" WIDTH="71" HEIGHT="22" WC="0.96" CONTENT="blefvo"/><SP WIDTH="24" VPOS="519" HPOS="649"/>
							<String ID="string_80" HPOS="673" VPOS="520" WIDTH="23" HEIGHT="21" WC="0.93" CONTENT="af"/><SP WIDTH="21" VPOS="520" HPOS="696"/>
							<String ID="string_81" HPOS="717" VPOS="519" WIDTH="119" HEIGHT="30" WC="0.87" CONTENT="Ständerna"/>
						</TextLine>
						<TextLine ID="line_11" HPOS="71" VPOS="553" WIDTH="766" HEIGHT="29">
							<String ID="string_82" HPOS="71" VPOS="554" WIDTH="142" HEIGHT="21" WC="0.96" CONTENT="oförändrade"/><SP WIDTH="22" VPOS="554" HPOS="213"/>
							<String ID="string_83" HPOS="235" VPOS="555" WIDTH="112" HEIGHT="27" WC="0.96" CONTENT="godkända"/><SP WIDTH="23" VPOS="555" HPOS="347"/>
							<String ID="string_84" HPOS="370" VPOS="555" WIDTH="38" HEIGHT="21" WC="0.92" CONTENT="och"/><SP WIDTH="23" VPOS="555" HPOS="408"/>
							<String ID="string_85" HPOS="431" VPOS="555" WIDTH="78" HEIGHT="26" WC="0.91" CONTENT="nödiga"/><SP WIDTH="22" VPOS="555" HPOS="509"/>
							<String ID="string_86" HPOS="531" VPOS="554" WIDTH="72" HEIGHT="21" WC="0.96" CONTENT="medel"/><SP WIDTH="14" VPOS="554" HPOS="603"/>
							<String ID="string_87" HPOS="617" VPOS="555" WIDTH="33" HEIGHT="20" WC="0.93" CONTENT="för"/><SP WIDTH="15" VPOS="555" HPOS="650"/>
							<String ID="string_88" HPOS="665" VPOS="554" WIDTH="133" HEIGHT="21" WC="0.91" CONTENT="betäckande"/><SP WIDTH="17" VPOS="554" HPOS="798"/>
							<String ID="string_89" HPOS="815" VPOS="553" WIDTH="22" HEIGHT="22" WC="0.96" CONTENT="af"/>
						</TextLine>
						<TextLine ID="line_12" HPOS="68" VPOS="583" WIDTH="769" HEIGHT="33">
							<String ID="string_90" HPOS="68" VPOS="588" WIDTH="108" HEIGHT="28" WC="0.81" CONTENT="anslagen"/><SP WIDTH="33" VPOS="588" HPOS="176"/>
							<String ID="string_91" HPOS="209" VPOS="589" WIDTH="79" HEIGHT="27" WC="0.93" CONTENT="jämväl"/><SP WIDTH="29" VPOS="589" HPOS="288"/>
							<String ID="string_92" HPOS="317" VPOS="589" WIDTH="109" HEIGHT="21" WC="0.94" CONTENT="anvisade."/><SP WIDTH="45" VPOS="589" HPOS="426"/>
							<String ID="string_93" HPOS="471" VPOS="589" WIDTH="83" HEIGHT="21" WC="0.87" CONTENT="Genom"/><SP WIDTH="29" VPOS="589" HPOS="554"/>
							<String ID="string_94" HPOS="583" VPOS="583" WIDTH="129" HEIGHT="33" WC="0.95" CONTENT="kungörelse"/><SP WIDTH="30" VPOS="583" HPOS="712"/>
							<String ID="string_95" HPOS="742" VPOS="589" WIDTH="22" HEIGHT="20" WC="0.95" CONTENT="af"/><SP WIDTH="31" VPOS="589" HPOS="764"/>
							<String ID="string_96" HPOS="795" VPOS="588" WIDTH="42" HEIGHT="24" WC="0.95" CONTENT="den"/>
						</TextLine>
						<TextLine ID="line_13" HPOS="73" VPOS="622" WIDTH="765" HEIGHT="29">
							<String ID="string_97" HPOS="73" VPOS="623" WIDTH="27" HEIGHT="20" WC="0.96" CONTENT="16"/><SP WIDTH="16" VPOS="623" HPOS="100"/>
							<String ID="string_98" HPOS="116" VPOS="623" WIDTH="62" HEIGHT="27" WC="0.96" CONTENT="April"/><SP WIDTH="23" VPOS="623" HPOS="178"/>
							<String ID="string_99" HPOS="201" VPOS="623" WIDTH="61" HEIGHT="28" WC="0.95" CONTENT="1901,"/><SP WIDTH="20" VPOS="623" HPOS="262"/>
							<String ID="string_100" HPOS="282" VPOS="623" WIDTH="110" HEIGHT="28" WC="0.96" CONTENT="angående"/><SP WIDTH="16" VPOS="623" HPOS="392"/>
							<String ID="string_101" HPOS="408" VPOS="623" WIDTH="26" HEIGHT="21" WC="0.95" CONTENT="de"/><SP WIDTH="21" VPOS="623" HPOS="434"/>
							<String ID="string_102" HPOS="455" VPOS="623" WIDTH="22" HEIGHT="21" WC="0.95" CONTENT="af"/><SP WIDTH="14" VPOS="623" HPOS="477"/>
							<String ID="string_103" HPOS="491" VPOS="622" WIDTH="102" HEIGHT="22" WC="0.93" CONTENT="Finlands"/><SP WIDTH="16" VPOS="622" HPOS="593"/>
							<String ID="string_104" HPOS="609" VPOS="622" WIDTH="91" HEIGHT="22" WC="0.92" CONTENT="Ständer"/><SP WIDTH="16" VPOS="622" HPOS="700"/>
							<String ID="string_105" HPOS="716" VPOS="622" WIDTH="35" HEIGHT="21" WC="0.93" CONTENT="vid"/><SP WIDTH="16" VPOS="622" HPOS="751"/>
							<String ID="string_106" HPOS="767" VPOS="622" WIDTH="71" HEIGHT="21" WC="0.91" CONTENT="landt-"/>
						</TextLine>
						<TextLine ID="line_14" HPOS="70" VPOS="657" WIDTH="769" HEIGHT="28">
							<String ID="string_107" HPOS="70" VPOS="657" WIDTH="74" HEIGHT="28" WC="0.51" CONTENT="dagen"/><SP WIDTH="15" VPOS="657" HPOS="144"/>
							<String ID="string_108" HPOS="159" VPOS="657" WIDTH="23" HEIGHT="21" WC="0.96" CONTENT="är"/><SP WIDTH="15" VPOS="657" HPOS="182"/>
							<String ID="string_109" HPOS="197" VPOS="657" WIDTH="55" HEIGHT="22" WC="0.95" CONTENT="1900"/><SP WIDTH="16" VPOS="657" HPOS="252"/>
							<String ID="string_110" HPOS="268" VPOS="657" WIDTH="106" HEIGHT="28" WC="0.96" CONTENT="beviljade"/><SP WIDTH="15" VPOS="657" HPOS="374"/>
							<String ID="string_111" HPOS="389" VPOS="657" WIDTH="74" HEIGHT="28" WC="0.95" CONTENT="anslag"/><SP WIDTH="14" VPOS="657" HPOS="463"/>
							<String ID="string_112" HPOS="477" VPOS="657" WIDTH="34" HEIGHT="21" WC="0.93" CONTENT="för"/><SP WIDTH="14" VPOS="657" HPOS="511"/>
							<String ID="string_113" HPOS="525" VPOS="657" WIDTH="132" HEIGHT="21" WC="0.92" CONTENT="betäckande"/><SP WIDTH="20" VPOS="657" HPOS="657"/>
							<String ID="string_114" HPOS="677" VPOS="657" WIDTH="23" HEIGHT="21" WC="0.93" CONTENT="af"/><SP WIDTH="14" VPOS="657" HPOS="700"/>
							<String ID="string_115" HPOS="714" VPOS="657" WIDTH="125" HEIGHT="27" WC="0.90" CONTENT="landtdags-"/>
						</TextLine>
						<TextLine ID="line_15" HPOS="72" VPOS="691" WIDTH="765" HEIGHT="28">
							<String ID="string_116" HPOS="72" VPOS="691" WIDTH="122" HEIGHT="28" WC="0.96" CONTENT="kostnader,"/><SP WIDTH="15" VPOS="691" HPOS="194"/>
							<String ID="string_117" HPOS="209" VPOS="691" WIDTH="34" HEIGHT="22" WC="0.93" CONTENT="för"/><SP WIDTH="14" VPOS="691" HPOS="243"/>
							<String ID="string_118" HPOS="257" VPOS="692" WIDTH="155" HEIGHT="21" WC="0.92" CONTENT="folkskolornas"/><SP WIDTH="15" VPOS="692" HPOS="412"/>
							<String ID="string_119" HPOS="427" VPOS="692" WIDTH="8" HEIGHT="20" WC="0.96" CONTENT="i"/><SP WIDTH="15" VPOS="692" HPOS="435"/>
							<String ID="string_120" HPOS="450" VPOS="691" WIDTH="73" HEIGHT="22" WC="0.93" CONTENT="landet"/><SP WIDTH="13" VPOS="691" HPOS="523"/>
							<String ID="string_121" HPOS="536" VPOS="691" WIDTH="113" HEIGHT="21" WC="0.91" CONTENT="underhäll"/><SP WIDTH="15" VPOS="691" HPOS="649"/>
							<String ID="string_122" HPOS="664" VPOS="691" WIDTH="40" HEIGHT="21" WC="0.96" CONTENT="och"/><SP WIDTH="15" VPOS="691" HPOS="704"/>
							<String ID="string_123" HPOS="719" VPOS="691" WIDTH="33" HEIGHT="21" WC="0.96" CONTENT="för"/><SP WIDTH="15" VPOS="691" HPOS="752"/>
							<String ID="string_124" HPOS="767" VPOS="691" WIDTH="70" HEIGHT="21" WC="0.96" CONTENT="finska"/>
						</TextLine>
						<TextLine ID="line_16" HPOS="72" VPOS="725" WIDTH="766" HEIGHT="28">
							<String ID="string_125" HPOS="72" VPOS="725" WIDTH="108" HEIGHT="22" WC="0.92" CONTENT="militären"/><SP WIDTH="15" VPOS="725" HPOS="180"/>
							<String ID="string_126" HPOS="195" VPOS="732" WIDTH="28" HEIGHT="14" WC="0.97" CONTENT="m."/><SP WIDTH="15" VPOS="732" HPOS="223"/>
							<String ID="string_127" HPOS="238" VPOS="732" WIDTH="27" HEIGHT="14" WC="0.96" CONTENT="m."/><SP WIDTH="16" VPOS="732" HPOS="265"/>
							<String ID="string_128" HPOS="281" VPOS="727" WIDTH="55" HEIGHT="20" WC="0.96" CONTENT="samt"/><SP WIDTH="15" VPOS="727" HPOS="336"/>
							<String ID="string_129" HPOS="351" VPOS="733" WIDTH="35" HEIGHT="14" WC="0.93" CONTENT="om"/><SP WIDTH="14" VPOS="733" HPOS="386"/>
							<String ID="string_130" HPOS="400" VPOS="727" WIDTH="119" HEIGHT="26" WC="0.92" CONTENT="utvägarna"/><SP WIDTH="14" VPOS="727" HPOS="519"/>
							<String ID="string_131" HPOS="533" VPOS="725" WIDTH="34" HEIGHT="22" WC="0.93" CONTENT="till"/><SP WIDTH="14" VPOS="725" HPOS="567"/>
							<String ID="string_132" HPOS="581" VPOS="725" WIDTH="62" HEIGHT="22" WC="0.93" CONTENT="dessa"/><SP WIDTH="16" VPOS="725" HPOS="643"/>
							<String ID="string_133" HPOS="659" VPOS="725" WIDTH="85" HEIGHT="28" WC="0.93" CONTENT="anslags"/><SP WIDTH="16" VPOS="725" HPOS="744"/>
							<String ID="string_134" HPOS="760" VPOS="725" WIDTH="78" HEIGHT="22" WC="0.93" CONTENT="bestri-"/>
						</TextLine>
						<TextLine ID="line_17" HPOS="70" VPOS="759" WIDTH="769" HEIGHT="28">
							<String ID="string_135" HPOS="70" VPOS="759" WIDTH="80" HEIGHT="27" WC="0.74" CONTENT="-dande,"/><SP WIDTH="20" VPOS="759" HPOS="150"/>
							<String ID="string_136" HPOS="170" VPOS="759" WIDTH="77" HEIGHT="22" WC="0.81" CONTENT="-blefvo"/><SP WIDTH="24" VPOS="759" HPOS="247"/>
							<String ID="string_137" HPOS="271" VPOS="759" WIDTH="129" HEIGHT="22" WC="0.92" CONTENT="Ständernas"/><SP WIDTH="17" VPOS="759" HPOS="400"/>
							<String ID="string_138" HPOS="417" VPOS="760" WIDTH="33" HEIGHT="21" WC="0.92" CONTENT="för"/><SP WIDTH="15" VPOS="760" HPOS="450"/>
							<String ID="string_139" HPOS="465" VPOS="759" WIDTH="78" HEIGHT="22" WC="0.96" CONTENT="nämda"/><SP WIDTH="15" VPOS="759" HPOS="543"/>
							<String ID="string_140" HPOS="558" VPOS="759" WIDTH="100" HEIGHT="22" WC="0.96" CONTENT="ändamål"/><SP WIDTH="15" VPOS="759" HPOS="658"/>
							<String ID="string_141" HPOS="673" VPOS="760" WIDTH="74" HEIGHT="27" WC="0.91" CONTENT="gjorda"/><SP WIDTH="16" VPOS="760" HPOS="747"/>
							<String ID="string_142" HPOS="763" VPOS="759" WIDTH="76" HEIGHT="22" WC="0.90" CONTENT="beräk-"/>
						</TextLine>
						<TextLine ID="line_18" HPOS="72" VPOS="793" WIDTH="469" HEIGHT="28">
							<String ID="string_143" HPOS="72" VPOS="794" WIDTH="78" HEIGHT="27" WC="0.96" CONTENT="ningar"/><SP WIDTH="16" VPOS="794" HPOS="150"/>
							<String ID="string_144" HPOS="166" VPOS="793" WIDTH="39" HEIGHT="22" WC="0.93" CONTENT="och"/><SP WIDTH="16" VPOS="793" HPOS="205"/>
							<String ID="string_145" HPOS="221" VPOS="794" WIDTH="100" HEIGHT="21" WC="0.96" CONTENT="anvisade"/><SP WIDTH="16" VPOS="794" HPOS="321"/>
							<String ID="string_146" HPOS="337" VPOS="794" WIDTH="74" HEIGHT="27" WC="0.93" CONTENT="anslag"/><SP WIDTH="14" VPOS="794" HPOS="411"/>
							<String ID="string_147" HPOS="425" VPOS="794" WIDTH="116" HEIGHT="21" WC="0.92" CONTENT="faststälda."/>
						</TextLine>
					</TextBlock>
					<TextBlock ID="block_3" HPOS="72" VPOS="827" WIDTH="776" HEIGHT="577">
						<TextLine ID="line_19" HPOS="144" VPOS="827" WIDTH="695" HEIGHT="29">
							<String ID="string_148" HPOS="144" VPOS="827" WIDTH="50" HEIGHT="22" WC="0.96" CONTENT="Den"/><SP WIDTH="15" VPOS="827" HPOS="194"/>
							<String ID="string_149" HPOS="209" VPOS="828" WIDTH="90" HEIGHT="21" WC="0.96" CONTENT="sålunda"/><SP WIDTH="16" VPOS="828" HPOS="299"/>
							<String ID="string_150" HPOS="315" VPOS="830" WIDTH="91" HEIGHT="26" WC="0.92" CONTENT="antagna"/><SP WIDTH="15" VPOS="830" HPOS="406"/>
							<String ID="string_151" HPOS="421" VPOS="828" WIDTH="187" HEIGHT="28" WC="0.91" CONTENT="militärbudgeten"/><SP WIDTH="15" VPOS="828" HPOS="608"/>
							<String ID="string_152" HPOS="623" VPOS="828" WIDTH="50" HEIGHT="21" WC="0.96" CONTENT="kom"/><SP WIDTH="21" VPOS="828" HPOS="673"/>
							<String ID="string_153" HPOS="694" VPOS="828" WIDTH="54" HEIGHT="21" WC="0.96" CONTENT="dock"/><SP WIDTH="15" VPOS="828" HPOS="748"/>
							<String ID="string_154" HPOS="763" VPOS="828" WIDTH="76" HEIGHT="21" WC="0.96" CONTENT="endast"/>
						</TextLine>
						<TextLine ID="line_20" HPOS="72" VPOS="862" WIDTH="767" HEIGHT="28">
							<String ID="string_155" HPOS="72" VPOS="862" WIDTH="72" HEIGHT="21" WC="0.91" CONTENT="delvis"/><SP WIDTH="15" VPOS="862" HPOS="144"/>
							<String ID="string_156" HPOS="159" VPOS="862" WIDTH="32" HEIGHT="21" WC="0.96" CONTENT="till"/><SP WIDTH="15" VPOS="862" HPOS="191"/>
							<String ID="string_157" HPOS="206" VPOS="862" WIDTH="140" HEIGHT="28" WC="0.95" CONTENT="tillämpning."/><SP WIDTH="21" VPOS="862" HPOS="346"/>
							<String ID="string_158" HPOS="367" VPOS="863" WIDTH="74" HEIGHT="21" WC="0.95" CONTENT="Redan"/><SP WIDTH="16" VPOS="863" HPOS="441"/>
							<String ID="string_159" HPOS="457" VPOS="863" WIDTH="54" HEIGHT="21" WC="0.96" CONTENT="efter"/><SP WIDTH="16" VPOS="863" HPOS="511"/>
							<String ID="string_160" HPOS="527" VPOS="863" WIDTH="36" HEIGHT="21" WC="0.96" CONTENT="det"/><SP WIDTH="14" VPOS="863" HPOS="563"/>
							<String ID="string_161" HPOS="577" VPOS="863" WIDTH="42" HEIGHT="21" WC="0.96" CONTENT="den"/><SP WIDTH="11" VPOS="863" HPOS="619"/>
							<String ID="string_162" HPOS="630" VPOS="862" WIDTH="33" HEIGHT="21" WC="0.93" CONTENT="till"/><SP WIDTH="10" VPOS="862" HPOS="663"/>
							<String ID="string_163" HPOS="673" VPOS="862" WIDTH="119" HEIGHT="21" WC="0.91" CONTENT="Ständerna"/><SP WIDTH="10" VPOS="862" HPOS="792"/>
							<String ID="string_164" HPOS="802" VPOS="862" WIDTH="37" HEIGHT="21" WC="0.96" CONTENT="vid"/>
						</TextLine>
						<TextLine ID="line_21" HPOS="77" VPOS="896" WIDTH="762" HEIGHT="28">
							<String ID="string_165" HPOS="77" VPOS="897" WIDTH="55" HEIGHT="20" WC="0.96" CONTENT="1900"/><SP WIDTH="19" VPOS="897" HPOS="132"/>
							<String ID="string_166" HPOS="151" VPOS="896" WIDTH="34" HEIGHT="21" WC="0.93" CONTENT="års"/><SP WIDTH="14" VPOS="896" HPOS="185"/>
							<String ID="string_167" HPOS="199" VPOS="896" WIDTH="102" HEIGHT="28" WC="0.91" CONTENT="landtdag"/><SP WIDTH="16" VPOS="896" HPOS="301"/>
							<String ID="string_168" HPOS="317" VPOS="896" WIDTH="78" HEIGHT="22" WC="0.92" CONTENT="aflåtna"/><SP WIDTH="14" VPOS="896" HPOS="395"/>
							<String ID="string_169" HPOS="409" VPOS="897" WIDTH="160" HEIGHT="27" WC="0.96" CONTENT="propositionen"/><SP WIDTH="16" VPOS="897" HPOS="569"/>
							<String ID="string_170" HPOS="585" VPOS="897" WIDTH="110" HEIGHT="27" WC="0.96" CONTENT="angående"/><SP WIDTH="15" VPOS="897" HPOS="695"/>
							<String ID="string_171" HPOS="710" VPOS="896" WIDTH="129" HEIGHT="22" WC="0.96" CONTENT="inställande"/>
						</TextLine>
						<TextLine ID="line_22" HPOS="72" VPOS="930" WIDTH="768" HEIGHT="27">
							<String ID="string_172" HPOS="72" VPOS="930" WIDTH="26" HEIGHT="21" WC="0.93" CONTENT="af"/><SP WIDTH="14" VPOS="930" HPOS="98"/>
							<String ID="string_173" HPOS="112" VPOS="936" WIDTH="112" HEIGHT="15" WC="0.91" CONTENT="reservens"/><SP WIDTH="15" VPOS="936" HPOS="224"/>
							<String ID="string_174" HPOS="239" VPOS="930" WIDTH="157" HEIGHT="27" WC="0.91" CONTENT="öfningsmöten"/><SP WIDTH="19" VPOS="930" HPOS="396"/>
							<String ID="string_175" HPOS="415" VPOS="931" WIDTH="69" HEIGHT="20" WC="0.95" CONTENT="under"/><SP WIDTH="13" VPOS="931" HPOS="484"/>
							<String ID="string_176" HPOS="497" VPOS="930" WIDTH="24" HEIGHT="21" WC="0.96" CONTENT="år"/><SP WIDTH="14" VPOS="930" HPOS="521"/>
							<String ID="string_177" HPOS="535" VPOS="931" WIDTH="54" HEIGHT="21" WC="0.96" CONTENT="1900"/><SP WIDTH="16" VPOS="931" HPOS="589"/>
							<String ID="string_178" HPOS="605" VPOS="931" WIDTH="127" HEIGHT="21" WC="0.96" CONTENT="oförändrad"/><SP WIDTH="16" VPOS="931" HPOS="732"/>
							<String ID="string_179" HPOS="748" VPOS="931" WIDTH="22" HEIGHT="20" WC="0.88" CONTENT="af"/><SP WIDTH="8" VPOS="931" HPOS="770"/>
							<String ID="string_180" HPOS="778" VPOS="931" WIDTH="62" HEIGHT="20" WC="0.88" CONTENT="Stän-"/>
						</TextLine>
						<TextLine ID="line_23" HPOS="72" VPOS="965" WIDTH="776" HEIGHT="28">
							<String ID="string_181" HPOS="72" VPOS="965" WIDTH="71" HEIGHT="21" WC="0.84" CONTENT="derna"/><SP WIDTH="16" VPOS="965" HPOS="143"/>
							<String ID="string_182" HPOS="159" VPOS="965" WIDTH="96" HEIGHT="28" WC="0.93" CONTENT="antagits,"/><SP WIDTH="16" VPOS="965" HPOS="255"/>
							<String ID="string_183" HPOS="271" VPOS="965" WIDTH="53" HEIGHT="27" WC="0.92" CONTENT="egde"/><SP WIDTH="15" VPOS="965" HPOS="324"/>
							<String ID="string_184" HPOS="339" VPOS="965" WIDTH="69" HEIGHT="21" WC="0.96" CONTENT="under"/><SP WIDTH="10" VPOS="965" HPOS="408"/>
							<String ID="string_185" HPOS="418" VPOS="965" WIDTH="78" HEIGHT="21" WC="0.96" CONTENT="nämda"/><SP WIDTH="8" VPOS="965" HPOS="496"/>
							<String ID="string_186" HPOS="504" VPOS="965" WIDTH="23" HEIGHT="21" WC="0.96" CONTENT="år"/><SP WIDTH="10" VPOS="965" HPOS="527"/>
							<String ID="string_187" HPOS="537" VPOS="967" WIDTH="72" HEIGHT="19" WC="0.96" CONTENT="möten"/><SP WIDTH="12" VPOS="967" HPOS="609"/>
							<String ID="string_188" HPOS="621" VPOS="965" WIDTH="50" HEIGHT="21" WC="0.96" CONTENT="med"/><SP WIDTH="11" VPOS="965" HPOS="671"/>
							<String ID="string_189" HPOS="682" VPOS="971" WIDTH="103" HEIGHT="15" WC="0.95" CONTENT="reserven"/><SP WIDTH="6" VPOS="971" HPOS="785"/>
							<String ID="string_190" HPOS="791" VPOS="965" WIDTH="57" HEIGHT="26" WC="0.77" CONTENT="icke."/>
						</TextLine>
						<TextLine ID="line_24" HPOS="76" VPOS="997" WIDTH="764" HEIGHT="30">
							<String ID="string_191" HPOS="76" VPOS="997" WIDTH="49" HEIGHT="23" WC="0.86" CONTENT="rum"/><SP WIDTH="23" VPOS="997" HPOS="125"/>
							<String ID="string_192" HPOS="148" VPOS="999" WIDTH="40" HEIGHT="21" WC="0.96" CONTENT="och"/><SP WIDTH="23" VPOS="999" HPOS="188"/>
							<String ID="string_193" HPOS="211" VPOS="1005" WIDTH="77" HEIGHT="21" WC="0.96" CONTENT="genom"/><SP WIDTH="18" VPOS="1005" HPOS="288"/>
							<String ID="string_194" HPOS="306" VPOS="999" WIDTH="128" HEIGHT="28" WC="0.96" CONTENT="kungörelse"/><SP WIDTH="16" VPOS="999" HPOS="434"/>
							<String ID="string_195" HPOS="450" VPOS="999" WIDTH="22" HEIGHT="22" WC="0.96" CONTENT="af"/><SP WIDTH="15" VPOS="999" HPOS="472"/>
							<String ID="string_196" HPOS="487" VPOS="999" WIDTH="41" HEIGHT="22" WC="0.96" CONTENT="den"/><SP WIDTH="17" VPOS="999" HPOS="528"/>
							<String ID="string_197" HPOS="545" VPOS="1000" WIDTH="26" HEIGHT="21" WC="0.96" CONTENT="26"/><SP WIDTH="16" VPOS="1000" HPOS="571"/>
							<String ID="string_198" HPOS="587" VPOS="999" WIDTH="94" HEIGHT="22" WC="0.96" CONTENT="februari"/><SP WIDTH="16" VPOS="999" HPOS="681"/>
							<String ID="string_199" HPOS="697" VPOS="999" WIDTH="55" HEIGHT="21" WC="0.96" CONTENT="1901"/><SP WIDTH="16" VPOS="999" HPOS="752"/>
							<String ID="string_200" HPOS="768" VPOS="999" WIDTH="72" HEIGHT="21" WC="0.96" CONTENT="blefvo"/>
						</TextLine>
						<TextLine ID="line_25" HPOS="73" VPOS="1033" WIDTH="766" HEIGHT="28">
							<String ID="string_201" HPOS="73" VPOS="1039" WIDTH="116" HEIGHT="16" WC="0.88" CONTENT="reservens"/><SP WIDTH="31" VPOS="1039" HPOS="189"/>
							<String ID="string_202" HPOS="220" VPOS="1033" WIDTH="158" HEIGHT="28" WC="0.76" CONTENT="öfningsmöten"/><SP WIDTH="26" VPOS="1033" HPOS="378"/>
							<String ID="string_203" HPOS="404" VPOS="1034" WIDTH="62" HEIGHT="21" WC="0.96" CONTENT="äfven"/><SP WIDTH="26" VPOS="1034" HPOS="466"/>
							<String ID="string_204" HPOS="492" VPOS="1034" WIDTH="33" HEIGHT="21" WC="0.96" CONTENT="för"/><SP WIDTH="25" VPOS="1034" HPOS="525"/>
							<String ID="string_205" HPOS="550" VPOS="1034" WIDTH="116" HEIGHT="21" WC="0.94" CONTENT="sistnämda"/><SP WIDTH="27" VPOS="1034" HPOS="666"/>
							<String ID="string_206" HPOS="693" VPOS="1033" WIDTH="23" HEIGHT="22" WC="0.93" CONTENT="är"/><SP WIDTH="23" VPOS="1033" HPOS="716"/>
							<String ID="string_207" HPOS="739" VPOS="1033" WIDTH="100" HEIGHT="22" WC="0.91" CONTENT="instälda."/>
						</TextLine>
						<TextLine ID="line_26" HPOS="75" VPOS="1067" WIDTH="767" HEIGHT="28">
							<String ID="string_208" HPOS="75" VPOS="1067" WIDTH="50" HEIGHT="22" WC="0.96" CONTENT="Den"/><SP WIDTH="24" VPOS="1067" HPOS="125"/>
							<String ID="string_209" HPOS="149" VPOS="1068" WIDTH="27" HEIGHT="20" WC="0.95" CONTENT="12"/><SP WIDTH="23" VPOS="1068" HPOS="176"/>
							<String ID="string_210" HPOS="199" VPOS="1068" WIDTH="41" HEIGHT="27" WC="0.95" CONTENT="juli"/><SP WIDTH="22" VPOS="1068" HPOS="240"/>
							<String ID="string_211" HPOS="262" VPOS="1068" WIDTH="55" HEIGHT="21" WC="0.95" CONTENT="1901"/><SP WIDTH="24" VPOS="1068" HPOS="317"/>
							<String ID="string_212" HPOS="341" VPOS="1068" WIDTH="123" HEIGHT="21" WC="0.95" CONTENT="utfärdades"/><SP WIDTH="22" VPOS="1068" HPOS="464"/>
							<String ID="string_213" HPOS="486" VPOS="1069" WIDTH="8" HEIGHT="20" WC="0.92" CONTENT="i"/><SP WIDTH="15" VPOS="1069" HPOS="494"/>
							<String ID="string_214" HPOS="509" VPOS="1068" WIDTH="52" HEIGHT="21" WC="0.92" CONTENT="strid"/><SP WIDTH="15" VPOS="1068" HPOS="561"/>
							<String ID="string_215" HPOS="576" VPOS="1068" WIDTH="49" HEIGHT="21" WC="0.96" CONTENT="med"/><SP WIDTH="16" VPOS="1068" HPOS="625"/>
							<String ID="string_216" HPOS="641" VPOS="1068" WIDTH="33" HEIGHT="21" WC="0.96" CONTENT="för"/><SP WIDTH="14" VPOS="1068" HPOS="674"/>
							<String ID="string_217" HPOS="688" VPOS="1067" WIDTH="93" HEIGHT="22" WC="0.93" CONTENT="Finland"/><SP WIDTH="15" VPOS="1067" HPOS="781"/>
							<String ID="string_218" HPOS="796" VPOS="1067" WIDTH="46" HEIGHT="28" WC="0.93" CONTENT="gäl-"/>
						</TextLine>
						<TextLine ID="line_27" HPOS="72" VPOS="1101" WIDTH="771" HEIGHT="29">
							<String ID="string_219" HPOS="72" VPOS="1102" WIDTH="68" HEIGHT="21" WC="0.89" CONTENT="lande"/><SP WIDTH="23" VPOS="1102" HPOS="140"/>
							<String ID="string_220" HPOS="163" VPOS="1101" WIDTH="128" HEIGHT="28" WC="0.91" CONTENT="grundlagar"/><SP WIDTH="23" VPOS="1101" HPOS="291"/>
							<String ID="string_221" HPOS="314" VPOS="1102" WIDTH="36" HEIGHT="21" WC="0.93" CONTENT="det"/><SP WIDTH="22" VPOS="1102" HPOS="350"/>
							<String ID="string_222" HPOS="372" VPOS="1102" WIDTH="105" HEIGHT="28" WC="0.92" CONTENT="manifest,"/><SP WIDTH="24" VPOS="1102" HPOS="477"/>
							<String ID="string_223" HPOS="501" VPOS="1102" WIDTH="139" HEIGHT="27" WC="0.92" CONTENT="hvarigenom"/><SP WIDTH="24" VPOS="1102" HPOS="640"/>
							<String ID="string_224" HPOS="664" VPOS="1102" WIDTH="42" HEIGHT="21" WC="0.96" CONTENT="den"/><SP WIDTH="16" VPOS="1102" HPOS="706"/>
							<String ID="string_225" HPOS="722" VPOS="1102" WIDTH="21" HEIGHT="21" WC="0.96" CONTENT="af"/><SP WIDTH="14" VPOS="1102" HPOS="743"/>
							<String ID="string_226" HPOS="757" VPOS="1101" WIDTH="86" HEIGHT="28" WC="0.96" CONTENT="Regent"/>
						</TextLine>
						<TextLine ID="line_28" HPOS="73" VPOS="1135" WIDTH="769" HEIGHT="29">
							<String ID="string_227" HPOS="73" VPOS="1137" WIDTH="45" HEIGHT="20" WC="0.86" CONTENT="ch"/><SP WIDTH="15" VPOS="1137" HPOS="118"/>
							<String ID="string_228" HPOS="133" VPOS="1136" WIDTH="90" HEIGHT="21" WC="0.91" CONTENT="Ständer"/><SP WIDTH="21" VPOS="1136" HPOS="223"/>
							<String ID="string_229" HPOS="244" VPOS="1138" WIDTH="133" HEIGHT="25" WC="0.93" CONTENT="gemensamt"/><SP WIDTH="22" VPOS="1138" HPOS="377"/>
							<String ID="string_230" HPOS="399" VPOS="1138" WIDTH="92" HEIGHT="26" WC="0.93" CONTENT="antagna"/><SP WIDTH="17" VPOS="1138" HPOS="491"/>
							<String ID="string_231" HPOS="508" VPOS="1136" WIDTH="198" HEIGHT="28" WC="0.90" CONTENT="Värnepligtslagen"/><SP WIDTH="16" VPOS="1136" HPOS="706"/>
							<String ID="string_232" HPOS="722" VPOS="1135" WIDTH="22" HEIGHT="22" WC="0.96" CONTENT="af"/><SP WIDTH="12" VPOS="1135" HPOS="744"/>
							<String ID="string_233" HPOS="756" VPOS="1135" WIDTH="42" HEIGHT="22" WC="0.96" CONTENT="den"/><SP WIDTH="16" VPOS="1135" HPOS="798"/>
							<String ID="string_234" HPOS="814" VPOS="1135" WIDTH="28" HEIGHT="21" WC="0.96" CONTENT="18"/>
						</TextLine>
						<TextLine ID="line_29" HPOS="72" VPOS="1169" WIDTH="771" HEIGHT="30">
							<String ID="string_235" HPOS="72" VPOS="1170" WIDTH="118" HEIGHT="22" WC="0.21" CONTENT="december"/><SP WIDTH="22" VPOS="1170" HPOS="190"/>
							<String ID="string_236" HPOS="212" VPOS="1171" WIDTH="55" HEIGHT="20" WC="0.90" CONTENT="1878"/><SP WIDTH="24" VPOS="1171" HPOS="267"/>
							<String ID="string_237" HPOS="291" VPOS="1171" WIDTH="91" HEIGHT="27" WC="0.93" CONTENT="ensidigt"/><SP WIDTH="29" VPOS="1171" HPOS="382"/>
							<String ID="string_238" HPOS="411" VPOS="1171" WIDTH="119" HEIGHT="28" WC="0.81" CONTENT="upphäfdes"/><SP WIDTH="23" VPOS="1171" HPOS="530"/>
							<String ID="string_239" HPOS="553" VPOS="1171" WIDTH="40" HEIGHT="20" WC="0.96" CONTENT="och"/><SP WIDTH="22" VPOS="1171" HPOS="593"/>
							<String ID="string_240" HPOS="615" VPOS="1177" WIDTH="27" HEIGHT="15" WC="0.95" CONTENT="en"/><SP WIDTH="23" VPOS="1177" HPOS="642"/>
							<String ID="string_241" HPOS="665" VPOS="1177" WIDTH="31" HEIGHT="21" WC="0.91" CONTENT="ny"/><SP WIDTH="20" VPOS="1177" HPOS="696"/>
							<String ID="string_242" HPOS="716" VPOS="1169" WIDTH="127" HEIGHT="28" WC="0.96" CONTENT="förordning"/>
						</TextLine>
						<TextLine ID="line_30" HPOS="73" VPOS="1204" WIDTH="770" HEIGHT="28">
							<String ID="string_243" HPOS="73" VPOS="1205" WIDTH="11" HEIGHT="20" WC="0.92" CONTENT="i"/><SP WIDTH="25" VPOS="1205" HPOS="84"/>
							<String ID="string_244" HPOS="109" VPOS="1206" WIDTH="72" HEIGHT="19" WC="0.93" CONTENT="ämnet"/><SP WIDTH="24" VPOS="1206" HPOS="181"/>
							<String ID="string_245" HPOS="205" VPOS="1205" WIDTH="96" HEIGHT="27" WC="0.77" CONTENT="päbjöds."/><SP WIDTH="36" VPOS="1205" HPOS="301"/>
							<String ID="string_246" HPOS="337" VPOS="1204" WIDTH="43" HEIGHT="22" WC="0.96" CONTENT="Det"/><SP WIDTH="24" VPOS="1204" HPOS="380"/>
							<String ID="string_247" HPOS="404" VPOS="1205" WIDTH="40" HEIGHT="21" WC="0.93" CONTENT="kan"/><SP WIDTH="27" VPOS="1205" HPOS="444"/>
							<String ID="string_248" HPOS="471" VPOS="1205" WIDTH="19" HEIGHT="27" WC="0.95" CONTENT="ej"/><SP WIDTH="27" VPOS="1205" HPOS="490"/>
							<String ID="string_249" HPOS="517" VPOS="1211" WIDTH="51" HEIGHT="14" WC="0.93" CONTENT="vara"/><SP WIDTH="25" VPOS="1211" HPOS="568"/>
							<String ID="string_250" HPOS="593" VPOS="1204" WIDTH="171" HEIGHT="22" WC="0.89" CONTENT="Statsutskottets"/><SP WIDTH="25" VPOS="1204" HPOS="764"/>
							<String ID="string_251" HPOS="789" VPOS="1210" WIDTH="54" HEIGHT="22" WC="0.92" CONTENT="upp-"/>
						</TextLine>
						<TextLine ID="line_31" HPOS="76" VPOS="1238" WIDTH="768" HEIGHT="29">
							<String ID="string_252" HPOS="76" VPOS="1239" WIDTH="42" HEIGHT="27" WC="0.94" CONTENT="gift"/><SP WIDTH="24" VPOS="1239" HPOS="118"/>
							<String ID="string_253" HPOS="142" VPOS="1240" WIDTH="30" HEIGHT="20" WC="0.94" CONTENT="att"/><SP WIDTH="24" VPOS="1240" HPOS="172"/>
							<String ID="string_254" HPOS="196" VPOS="1239" WIDTH="8" HEIGHT="20" WC="0.96" CONTENT="i"/><SP WIDTH="23" VPOS="1239" HPOS="204"/>
							<String ID="string_255" HPOS="227" VPOS="1239" WIDTH="56" HEIGHT="21" WC="0.95" CONTENT="detta"/><SP WIDTH="23" VPOS="1239" HPOS="283"/>
							<String ID="string_256" HPOS="306" VPOS="1239" WIDTH="154" HEIGHT="28" WC="0.93" CONTENT="sammanhang"/><SP WIDTH="23" VPOS="1239" HPOS="460"/>
							<String ID="string_257" HPOS="483" VPOS="1238" WIDTH="130" HEIGHT="28" WC="0.92" CONTENT="ädagalägga"/><SP WIDTH="24" VPOS="1238" HPOS="613"/>
							<String ID="string_258" HPOS="637" VPOS="1239" WIDTH="42" HEIGHT="21" WC="0.96" CONTENT="den"/><SP WIDTH="23" VPOS="1239" HPOS="679"/>
							<String ID="string_259" HPOS="702" VPOS="1245" WIDTH="43" HEIGHT="21" WC="0.93" CONTENT="nya"/><SP WIDTH="23" VPOS="1245" HPOS="745"/>
							<String ID="string_260" HPOS="768" VPOS="1240" WIDTH="76" HEIGHT="19" WC="0.92" CONTENT="värne-"/>
						</TextLine>
						<TextLine ID="line_32" HPOS="74" VPOS="1272" WIDTH="769" HEIGHT="29">
							<String ID="string_261" HPOS="74" VPOS="1273" WIDTH="231" HEIGHT="27" WC="0.91" CONTENT="pligtsförordningens"/><SP WIDTH="16" VPOS="1273" HPOS="305"/>
							<String ID="string_262" HPOS="321" VPOS="1273" WIDTH="115" HEIGHT="28" WC="0.92" CONTENT="olaglighet"/><SP WIDTH="16" VPOS="1273" HPOS="436"/>
							<String ID="string_263" HPOS="452" VPOS="1274" WIDTH="40" HEIGHT="20" WC="0.93" CONTENT="och"/><SP WIDTH="14" VPOS="1274" HPOS="492"/>
							<String ID="string_264" HPOS="506" VPOS="1273" WIDTH="104" HEIGHT="28" WC="0.92" CONTENT="redogöra"/><SP WIDTH="15" VPOS="1273" HPOS="610"/>
							<String ID="string_265" HPOS="625" VPOS="1273" WIDTH="34" HEIGHT="21" WC="0.96" CONTENT="för"/><SP WIDTH="10" VPOS="1273" HPOS="659"/>
							<String ID="string_266" HPOS="669" VPOS="1273" WIDTH="42" HEIGHT="21" WC="0.96" CONTENT="alla"/><SP WIDTH="11" VPOS="1273" HPOS="711"/>
							<String ID="string_267" HPOS="722" VPOS="1273" WIDTH="48" HEIGHT="21" WC="0.93" CONTENT="dess"/><SP WIDTH="11" VPOS="1273" HPOS="770"/>
							<String ID="string_268" HPOS="781" VPOS="1272" WIDTH="62" HEIGHT="22" WC="0.91" CONTENT="ödes-"/>
						</TextLine>
						<TextLine ID="line_33" HPOS="74" VPOS="1306" WIDTH="770" HEIGHT="28">
							<String ID="string_269" HPOS="74" VPOS="1307" WIDTH="64" HEIGHT="27" WC="0.90" CONTENT="digra"/><SP WIDTH="23" VPOS="1307" HPOS="138"/>
							<String ID="string_270" HPOS="161" VPOS="1307" WIDTH="166" HEIGHT="27" WC="0.90" CONTENT="konsegvenser."/><SP WIDTH="31" VPOS="1307" HPOS="327"/>
							<String ID="string_271" HPOS="358" VPOS="1307" WIDTH="109" HEIGHT="22" WC="0.92" CONTENT="Utskottet"/><SP WIDTH="15" VPOS="1307" HPOS="467"/>
							<String ID="string_272" HPOS="482" VPOS="1308" WIDTH="43" HEIGHT="21" WC="0.96" CONTENT="kan"/><SP WIDTH="16" VPOS="1308" HPOS="525"/>
							<String ID="string_273" HPOS="541" VPOS="1308" WIDTH="23" HEIGHT="21" WC="0.96" CONTENT="sä"/><SP WIDTH="15" VPOS="1308" HPOS="564"/>
							<String ID="string_274" HPOS="579" VPOS="1307" WIDTH="87" HEIGHT="27" WC="0.93" CONTENT="mycket"/><SP WIDTH="15" VPOS="1307" HPOS="666"/>
							<String ID="string_275" HPOS="681" VPOS="1307" WIDTH="68" HEIGHT="21" WC="0.88" CONTENT="hellre"/><SP WIDTH="15" VPOS="1307" HPOS="749"/>
							<String ID="string_276" HPOS="764" VPOS="1306" WIDTH="80" HEIGHT="21" WC="0.92" CONTENT="under-"/>
						</TextLine>
						<TextLine ID="line_34" HPOS="75" VPOS="1340" WIDTH="770" HEIGHT="29">
							<String ID="string_277" HPOS="75" VPOS="1341" WIDTH="45" HEIGHT="21" WC="0.91" CONTENT="läta"/><SP WIDTH="23" VPOS="1341" HPOS="120"/>
							<String ID="string_278" HPOS="143" VPOS="1342" WIDTH="58" HEIGHT="20" WC="0.94" CONTENT="detta"/><SP WIDTH="22" VPOS="1342" HPOS="201"/>
							<String ID="string_279" HPOS="223" VPOS="1348" WIDTH="46" HEIGHT="14" WC="0.93" CONTENT="som"/><SP WIDTH="24" VPOS="1348" HPOS="269"/>
							<String ID="string_280" HPOS="293" VPOS="1341" WIDTH="118" HEIGHT="22" WC="0.91" CONTENT="Ständerna"/><SP WIDTH="15" VPOS="1341" HPOS="411"/>
							<String ID="string_281" HPOS="426" VPOS="1342" WIDTH="32" HEIGHT="21" WC="0.93" CONTENT="uti"/><SP WIDTH="16" VPOS="1342" HPOS="458"/>
							<String ID="string_282" HPOS="474" VPOS="1342" WIDTH="34" HEIGHT="21" WC="0.93" CONTENT="sin"/><SP WIDTH="15" VPOS="1342" HPOS="508"/>
							<String ID="string_283" HPOS="523" VPOS="1341" WIDTH="147" HEIGHT="28" WC="0.92" CONTENT="underdäniga"/><SP WIDTH="15" VPOS="1341" HPOS="670"/>
							<String ID="string_284" HPOS="685" VPOS="1340" WIDTH="160" HEIGHT="28" WC="0.96" CONTENT="framställning"/>
						</TextLine>
						<TextLine ID="line_35" HPOS="74" VPOS="1374" WIDTH="769" HEIGHT="30">
							<String ID="string_285" HPOS="74" VPOS="1375" WIDTH="26" HEIGHT="21" WC="0.95" CONTENT="af"/><SP WIDTH="14" VPOS="1375" HPOS="100"/>
							<String ID="string_286" HPOS="114" VPOS="1376" WIDTH="43" HEIGHT="20" WC="0.96" CONTENT="den"/><SP WIDTH="17" VPOS="1376" HPOS="157"/>
							<String ID="string_287" HPOS="174" VPOS="1376" WIDTH="26" HEIGHT="20" WC="0.93" CONTENT="31"/><SP WIDTH="17" VPOS="1376" HPOS="200"/>
							<String ID="string_288" HPOS="217" VPOS="1376" WIDTH="43" HEIGHT="20" WC="0.92" CONTENT="dec."/><SP WIDTH="17" VPOS="1376" HPOS="260"/>
							<String ID="string_289" HPOS="277" VPOS="1376" WIDTH="91" HEIGHT="21" WC="0.92" CONTENT="sistlidet"/><SP WIDTH="14" VPOS="1376" HPOS="368"/>
							<String ID="string_290" HPOS="382" VPOS="1376" WIDTH="29" HEIGHT="28" WC="0.92" CONTENT="är,"/><SP WIDTH="15" VPOS="1376" HPOS="411"/>
							<String ID="string_291" HPOS="426" VPOS="1376" WIDTH="103" HEIGHT="21" WC="0.92" CONTENT="hvarmed"/><SP WIDTH="16" VPOS="1376" HPOS="529"/>
							<String ID="string_292" HPOS="545" VPOS="1376" WIDTH="26" HEIGHT="21" WC="0.96" CONTENT="de"/><SP WIDTH="15" VPOS="1376" HPOS="571"/>
							<String ID="string_293" HPOS="586" VPOS="1376" WIDTH="39" HEIGHT="21" WC="0.96" CONTENT="hos"/><SP WIDTH="15" VPOS="1376" HPOS="625"/>
							<String ID="string_294" HPOS="640" VPOS="1375" WIDTH="27" HEIGHT="21" WC="0.95" CONTENT="H."/><SP WIDTH="12" VPOS="1375" HPOS="667"/>
							<String ID="string_295" HPOS="679" VPOS="1375" WIDTH="27" HEIGHT="21" WC="0.96" CONTENT="K."/><SP WIDTH="12" VPOS="1375" HPOS="706"/>
							<String ID="string_296" HPOS="718" VPOS="1375" WIDTH="27" HEIGHT="21" WC="0.93" CONTENT="M."/><SP WIDTH="13" VPOS="1375" HPOS="745"/>
							<String ID="string_297" HPOS="758" VPOS="1374" WIDTH="85" HEIGHT="22" WC="0.92" CONTENT="anhöllo"/>
						</TextLine>
					</TextBlock>
				</ComposedBlock>
				<ComposedBlock ID="cblock_3" HPOS="149" VPOS="1420" WIDTH="626" HEIGHT="20">
					<TextBlock ID="block_4" HPOS="149" VPOS="1420" WIDTH="626" HEIGHT="20">
						<TextLine ID="line_36" HPOS="149" VPOS="1420" WIDTH="626" HEIGHT="20">
							<String ID="string_298" HPOS="149" VPOS="1420" WIDTH="146" HEIGHT="20" WC="0.87" CONTENT="Statsutskotteis"/><SP WIDTH="12" VPOS="1420" HPOS="295"/>
							<String ID="string_299" HPOS="307" VPOS="1421" WIDTH="113" HEIGHT="19" WC="0.92" CONTENT="betänkande"/><SP WIDTH="11" VPOS="1421" HPOS="420"/>
							<String ID="string_300" HPOS="431" VPOS="1422" WIDTH="39" HEIGHT="18" WC="0.96" CONTENT="N:o"/><SP WIDTH="13" VPOS="1422" HPOS="470"/>
							<String ID="string_301" HPOS="483" VPOS="1422" WIDTH="17" HEIGHT="18" WC="0.96" CONTENT="4."/><SP WIDTH="262" VPOS="1422" HPOS="500"/>
							<String ID="string_302" HPOS="762" VPOS="1421" WIDTH="13" HEIGHT="17" WC="0.96" CONTENT="4"/>
						</TextLine>
					</TextBlock>
				</ComposedBlock>
			</PrintSpace>
		</Page>
	</Layout>
</alto>
