1036 1620
254 65 29 20 30

225 127 26 28 på
275 127 112 21 kassörens
410 133 75 15 ansvar
505 127 130 26 tillhandagä
654 127 66 20 denne
740 126 48 21 med
806 126 32 21 in-
856 127 37 20 och
912 127 72 21 utvex-

224 162 73 26 lingen
313 161 23 21 af
348 161 66 21 finskt.
426 162 71 26 mynt;

296 196 21 26 d)
338 196 41 21 den
397 196 27 21 22
442 196 116 20 December
576 195 90 27 följande
684 195 77 27 jemväl
779 195 88 27 tidigare
887 195 96 21 använda

225 231 58 21 extra
300 230 73 27 anslag
388 230 38 21 och
441 230 166 26 arvodestillägg,
623 230 117 26 nämligen:

297 266 39 23 1:0)
348 265 100 27 anslagen
459 264 12 21 &
481 270 54 22 resp.
549 264 40 21 100
601 264 38 21 och
649 264 42 22 225
699 264 185 21 mark
765 259 13 38 i
789 264 86 21 månaden
891 264 32 21 för
931 263 51 21 aflö-

225 299 70 21 nande
307 299 23 21 af
339 299 179 21 kassörsbiträden
529 298 35 22 vid
575 299 101 21 kontoren
684 299 8 20 i
700 298 138 22 Tammerfors
846 299 38 21 och
892 298 91 26 Viborg
973 294 13 35 ;

296 334 41 26 2:0)
358 334 35 20 det
410 333 33 21 till
457 333 145 21 förstärkande
618 333 22 21 af
650 333 277 27 tjenstemannapersonalen
946 332 35 22 vid

226 368 178 21 hufvudkontoret
418 368 100 26 beviljade
534 368 95 26 anslaget
645 368 23 20 af
682 368 41 21 300
738 368 60 20 mark
812 368 7 20 i
834 368 114 25 månaden;

296 403 41 25 3:0)
356 402 95 27 anslaget
469 402 13 21 å
501 402 41 21 150
559 402 60 21 mark
633 402 8 20 i
656 402 102 21 månaden
773 402 33 20 till
821 402 109 21 aflönande
945 401 35 22 vid

225 437 96 20 kontoret
336 437 7 20 i
358 431 44 26 Åbo
421 436 23 21 af
461 437 30 20 ett
505 436 65 27 tredje
585 436 164 26 kassörsbiträde
765 436 39 21 och
819 436 30 21 ett
863 436 81 21 biträde
959 436 22 21 åt

225 471 158 21 vaktmästaren
405 471 55 21 samt
478 471 12 20 å
510 471 40 20 100
571 471 59 20 mark
649 471 7 20 i
674 470 103 21 månaden
796 470 32 21 för
847 470 132 22 anställande

226 505 34 22 vid
275 505 97 21 kontoret
386 505 7 21 i
409 505 77 27 Viborg
498 505 22 21 af
534 505 30 21 ett
579 505 66 27 tredje
660 505 177 24 kontorsbiträde
828 501 13 35 ;

295 539 42 26 4:0)
358 540 35 21 det
411 546 25 15 en
455 540 140 21 vaktmästare
611 539 7 21 i
632 539 87 21 Banken
734 546 24 14 ur
774 539 209 21 diskretionsmedlen

225 574 90 27 tillagda
330 574 175 21 arvodestillskott
520 573 22 22 af
555 574 28 21 25
598 574 60 21 mark
673 574 8 21 i
695 573 104 22 mänaden
814 574 55 20 samt

295 609 42 27 5:0)
357 609 35 20 det
410 608 101 21 särskilda
530 608 33 21 vid
579 608 98 21 Bankens
695 608 73 21 kontor
786 608 7 21 i
809 607 30 22 St.
854 608 130 27 Petersburg"

227 643 94 21 anstälde
341 643 125 26 tjenstemän
485 643 37 20 och
538 642 90 27 betjente
645 642 91 27 tillagda,
753 642 48 21 med
818 643 26 20 12
859 643 86 27 procent
960 641 26 22 af

226 677 97 21 bemälde
346 677 136 27 tjenstemäns
501 677 12 21 &
531 677 43 20 stat
592 677 107 27 upptagna
718 676 92 27 aflöning
828 677 103 26 utgäende
950 683 30 14 ar-

226 711 146 28 vodestillägg.

297 745 142 22 Omförmälda
455 746 73 27 anslag
544 747 58 25 togos
617 746 8 20 i
641 745 88 28 anspräk
743 745 56 21 intill
814 745 40 21 den
869 746 10 20 1
891 744 91 28 Augusti

228 781 61 26 1901,
307 780 26 21 dä
348 781 40 20 den
405 787 40 20 nya
460 781 70 20 staten
544 780 32 21 för
591 780 87 21 Banken
693 779 73 22 trädde
782 780 7 21 i
801 779 139 28 tillämpning.

296 814 72 28 Enligt
389 814 202 27 Bankfullmäktiges
614 814 40 21 den
679 815 25 21 12
727 814 90 21 Oktober
836 814 39 21 och
893 814 27 20 23
939 813 43 21 No-

225 850 86 20 vember
328 849 52 21 1901
398 849 79 21 fattade
497 849 68 21 beslut
584 849 111 27 beviljades
710 855 24 15 ur
750 848 36 21 det
800 848 12 21 å
826 848 98 21 Bankens
939 848 43 20 stat

226 884 107 27 upptagna
356 884 73 26 anslag
448 883 32 21 för
498 883 108 21 aflönande
627 883 22 21 af
665 883 104 27 tillfälliga
788 883 95 21 biträden
901 882 33 22 vid
957 882 28 21 de

226 918 82 21 mindre
331 917 218 27 afdelningskontoren
567 918 73 20 trenne
660 917 73 27 anslag
752 924 33 14 om
803 923 53 21 resp.
875 917 48 25 900,
940 917 42 21 900

227 952 38 21 och
282 952 42 21 600
339 952 59 21 mark
412 952 32 21 för
456 952 108 21 aflönande
578 952 22 20 af
614 951 182 22 kontorsbiträden
811 952 34 21 vid
859 952 101 20 kontoren
975 950 8 21 i

226 986 77 26 Kotka,
317 986 29 22 St.
354 986 77 21 Michel
439 987 38 21 och
486 986 118 22 Sordavala.
628 986 68 27 Sagde
706 986 74 27 ätgärd
790 986 121 27 betingades
924 985 60 21 deraf

228 1021 31 21 att
283 1020 41 21 den
347 1020 123 28 tilltagande
488 1021 93 21 rörelsen
599 1021 35 21 vid
652 1021 92 21 nämnda
762 1020 72 22 kontor
852 1020 130 27 nödvändig-

227 1055 54 27 gjort
300 1055 116 21 anlitandet
435 1055 22 21 af
469 1055 143 28 praktikanter
627 1056 69 20 säsom
709 1055 103 25 biträden,
828 1054 70 22 hvilka
912 1060 70 22 perso-

227 1096 37 14 ner
281 1090 46 20 icke
346 1090 85 26 ätnjutit
449 1096 70 15 annan
538 1090 116 27 ersättning
674 1091 26 19 än
719 1090 79 20 smärre
816 1089 122 27 belöningar
957 1095 26 15 ur

227 1124 224 27 diskretionsanslaget.
482 1123 143 22 Omförmälda
648 1124 73 26 anslag
744 1124 112 26 beviljades
879 1124 31 20 för
932 1124 51 20 kon-

226 1159 59 20 toren
307 1159 8 20 i
338 1158 30 21 St.
390 1159 77 20 Michel
489 1159 39 20 och
550 1158 113 22 Sordavala
686 1159 32 20 till
742 1165 26 14 en
787 1158 73 27 början
879 1158 52 21 blott
951 1157 33 21 till

227 1193 106 26 utgängen
356 1192 23 21 af
399 1193 23 20 är
441 1193 60 26 1902,
520 1199 50 14 men
588 1193 96 26 medgafs
704 1193 118 21 sedermera
840 1192 39 21 den
899 1193 28 20 23
942 1192 42 21 De-

227 1226 84 22 cember
330 1227 103 27 sistsagda
452 1226 22 22 är
493 1227 31 21 att
542 1226 107 22 desamma
662 1227 78 27 jemväl
754 1226 111 21 framdeles
880 1226 55 26 finge
950 1226 35 20 för

229 1261 119 21 ändamälet
364 1261 125 27 disponeras.

297 1295 69 21 Sedan
381 1295 135 21 Direktionen
530 1296 38 20 hos
583 1296 193 26 Bankfullmäktige
791 1295 114 21 framhällit
920 1296 65 20 huru-

227 1336 45 14 som
296 1330 35 20 vid
353 1330 96 21 kontoret
467 1330 7 20 i
493 1330 78 27 Viborg
589 1330 64 22 behof
670 1330 23 21 af
706 1330 30 21 ett
750 1330 165 21 kassörsbiträde
931 1330 56 26 gjort

227 1364 32 27 sig
278 1364 97 27 gällande
394 1364 8 21 i
419 1364 51 27 följd
487 1364 23 22 af
523 1364 35 22 det
574 1365 94 27 ständigt
683 1364 64 22 ökade
764 1364 80 21 arbetet
860 1364 38 21 och
913 1364 7 20 i
936 1370 48 21 syn-

227 1398 75 22 nerhet
328 1398 32 22 för
386 1398 132 28 afhjelpande
541 1399 23 21 af
584 1399 35 21 det
640 1398 189 26 missförhällande,
852 1399 31 21 att
907 1399 78 21 största
