1050 1625
449 61 13 23 i
779 62 28 22 31

76 129 89 31 ögande
189 129 194 31 isbrytarefartyg
404 129 112 24 vintertid
539 128 149 32 öppenhäller
702 124 52 29 Åbo
774 131 62 22 stads

75 165 70 21 hamn
169 166 44 21 och
234 165 73 22 farled
329 171 85 23 genom
430 165 50 22 isen
499 165 100 22 derifrän
618 165 38 22 till
673 165 109 22 Ledsund
797 165 40 22 vid

75 193 89 29 Ålands
186 200 40 21 haf
248 202 59 20 samt
325 200 9 21 i
352 200 96 22 främsta
466 202 99 19 rummet
583 201 36 20 ut-
635 200 43 21 och
692 199 146 22 inassisterar

76 234 28 22 de
119 238 63 24 post-
198 234 43 22 och
255 234 233 29 passagerarefartyg,
504 234 80 22 hvilka
596 234 158 28 upprätthälla
763 234 74 28 regel-

77 268 95 22 bundna
187 271 63 19 turer
264 269 86 21 mellan
364 262 78 28 Äland
458 268 43 22 och
515 268 60 22 fasta
589 268 106 22 Finland.

146 303 21 27 3)
189 303 42 22 Uti
252 303 144 28 underdänig
418 302 120 23 skrifvelse
562 302 25 22 af
604 303 44 21 den
666 302 13 22 9
698 303 61 21 Mars
780 302 58 22 1900

75 335 71 24 hafva
163 337 127 22 Ständerna
305 337 98 22 anhällit
419 339 33 20 att
466 337 87 22 kvinna
563 337 156 28 berättigades
729 339 40 26 att,
780 339 58 19 utan

75 371 83 21 hinder
181 371 25 22 af
224 372 41 21 sitt
283 372 53 28 kön,
353 371 71 22 vinna
439 372 143 27 anställning
597 379 49 14 som
662 371 51 22 elev
727 371 41 22 vid
783 378 55 21 apo-

76 405 40 22 tek
141 405 49 29 och,
220 405 57 22 efter
303 406 147 28 afläggandet
475 405 25 22 af
523 406 111 28 stadgade
658 405 178 29 kunskapsprof,

76 439 92 22 komma
185 440 9 21 i
217 440 135 29 ätnjutando
374 440 25 21 af
420 447 85 15 samma
522 441 143 28 rättigheter,
682 447 50 15 som
746 439 92 29 Nädiga

73 473 169 30 förordningen
264 474 22 22 af
306 475 45 21 den
368 475 28 21 26
412 475 97 21 Januari
524 475 63 28 1897,
604 482 37 14 om
657 475 40 21 det
711 474 127 22 farmaceu-

76 509 62 21 tiska
152 509 189 29 undervisnings-
357 509 43 22 och
410 509 218 22 examensväsendet
638 509 8 22 i
656 509 107 28 Finland,
774 509 63 22 med-

76 543 77 29 gifver
168 551 59 14 man.

146 578 66 22 Hans
231 578 131 29 Kejserliga
382 578 108 28 Majestät
504 578 42 22 har
562 578 43 22 den
621 578 28 22 29
664 578 102 28 Augusti
781 578 57 21 1902

88 612 42 22 ätit
148 612 92 22 utfärda
257 613 78 28 Nädig
353 612 136 29 förordning
503 613 9 21 i
527 612 148 23 förevarande
690 616 73 18 ämne.

146 647 22 27 4)
190 647 42 21 Uti
254 647 144 28 underdänig
417 646 120 23 skrifvelse
557 646 26 22 af
601 647 44 21 den
661 647 27 21 13
703 647 61 21 Mars
780 647 58 21 1900

77 680 70 23 hafva
170 681 128 22 Ständerna
317 682 100 23 anhällit
439 684 34 19 att
494 682 65 21 Hans
580 681 131 29 Kejserliga
729 681 110 29 Majestät

89 716 77 21 äcktes
186 716 3 21 i
204 716 77 22 Näder
297 716 48 21 låta
360 716 106 22 utarbeta
482 716 42 22 och
538 715 120 29 förelägga
672 717 167 21 nästsamman-

88 750 100 22 rädande
204 750 91 22 ständer
309 751 146 28 proposition
471 758 37 14 om
522 750 122 22 införande
655 750 58 22 efter
722 750 62 22 hand
796 750 42 22 och

77 785 9 21 i
102 785 43 21 den
162 786 54 20 män
231 786 226 27 omständigheterna
471 785 119 28 medgifva
606 784 25 23 af
644 787 34 19 ett
689 784 98 22 ordnadt
797 792 41 14 no-

90 819 158 22 ariatväsende
262 820 9 21 i
285 819 105 22 Finland.

146 854 13 21 I
182 854 125 28 anledning
328 854 69 21 häraf
416 854 42 22 har
480 854 100 22 Senaten
600 853 114 23 anbefalts
732 856 107 26 uppgöra

89 888 77 28 örslag
182 888 44 32 till
247 888 144 28 proposition
410 888 10 21 i
438 890 77 20 ämnet
534 889 74 28 enligt
628 888 28 22 de
672 887 23 22 af
710 887 129 22 Ständerna

78 921 94 29 angifna
192 923 109 28 grunder;
325 923 43 21 och
386 923 41 21 har
441 923 145 28 proposition
600 923 10 21 i
625 924 78 20 ämnet
717 922 41 22 vid
773 922 65 21 inne-

78 956 100 22 varande
192 957 112 28 landtdag
319 957 38 21 till
372 957 128 22 Ständerna
516 957 168 22 öfverlämnats.

147 991 21 27 5)
190 991 43 22 Uti
254 991 145 28 underdänig
421 991 120 22 skrifvelse
561 991 25 22 af
603 991 45 22 den
666 991 12 22 6
698 991 68 28 April
782 991 58 21 1900

83 1025 64 22 hafva
167 1025 128 22 Ständerna
315 1025 97 22 anhällit
427 1028 35 19 att
486 1026 3 21 1
504 1033 67 14 mom.
586 1026 10 21 i
609 1025 93 29 Nädiga
716 1025 123 28 kungörel-

78 1067 40 14 sen
134 1059 26 22 af
173 1060 44 21 den
232 1060 27 21 21
275 1060 50 22 Juli
341 1060 61 28 1898,
420 1060 118 29 angående
553 1060 137 29 behörighet
704 1060 38 21 till
756 1060 83 21 lärare-

79 1095 43 21 och
139 1095 211 28 lärarinnetjenster
368 1095 40 22 vid
426 1095 73 28 högre
516 1094 128 22 folkskolor
658 1095 9 21 i
682 1094 79 22 landet
779 1096 61 20 samt

78 1128 66 22 dessa
163 1129 108 28 tjensters
290 1130 135 21 besättande
444 1129 118 22 äfvensom
580 1129 65 22 tiden
660 1129 35 22 för
711 1129 127 21 desammas

77 1164 48 21 till-
141 1164 43 21 och
203 1163 140 29 afträdande,
359 1163 77 23 blefve
452 1164 96 21 ändradt
564 1164 91 28 derhän,
672 1165 35 20 att
723 1163 50 28 den,
789 1170 51 15 som

78 1199 137 27 genomgätt
232 1198 136 22 läroanstalt
386 1198 53 22 med
457 1198 179 31 dimissionsrätt
650 1198 38 21 till
703 1198 136 22 universite-

77 1234 35 19 tet
133 1232 55 21 eller
206 1230 71 24 minst
296 1234 85 20 tvenne
395 1232 88 22 klasser
499 1232 23 22 af
537 1235 87 19 statens
639 1232 200 28 fortbildningslä-

77 1266 83 22 roverk
175 1266 37 22 för
227 1266 151 29 fruntimmer,
394 1266 62 29 finge
471 1268 47 20 rätt
533 1269 40 26 att,
591 1266 57 22 efter
663 1266 137 29 alläggande
816 1266 23 22 af

77 1300 139 22 föreskrifna
231 1301 198 28 kompletterande
444 1301 78 22 förhör
538 1301 42 21 och
595 1300 58 29 prof,
667 1301 71 22 varda
749 1300 91 22 anstäld

78 1335 75 21 såsom
175 1335 74 21 lärare
272 1335 55 21 eller
345 1335 114 21 lärarinna
478 1335 40 22 vid
537 1335 73 28 högre
627 1335 116 22 folkskola
760 1335 10 21 i
788 1335 52 22 stad

78 1369 44 22 och
136 1369 30 28 pä
181 1369 85 22 landet.
