1031 1617
177 70 32 20 66
478 58 28 33 U.
525 69 27 22 B.
568 82 28 3 —
610 70 29 21 II.

182 144 38 16 var
241 140 31 20 att
289 138 51 21 söka
356 138 30 22 uti
402 138 42 21 den
458 138 224 26 kränkande,misstro
698 138 33 21 till
747 138 41 22 den
804 138 70 22 finska
888 139 57 21 mili-

177 174 77 20 *tärens
275 172 100 27 loyalitet,
391 172 28 27 pä
437 172 89 22 hvilken
544 172 84 22 misstro
644 172 42 22 den
701 172 95 28 följande
812 174 58 20 tiden
885 174 60 21 med-

181 207 62 22 förde
258 206 24 22 sä
297 207 77 27 mänga
389 207 67 21 andra
470 207 60 21 bevis
546 208 39 20 och
601 207 86 21 hvilken
703 208 8 20 i
724 208 220 22 öfverensstämmelse

179 241 92 21 härmed
294 241 58 28 afsäg
368 241 113 28 afväpning
498 241 21 21 af
534 241 42 21 den
591 241 69 21 finska
674 242 118 21 militärens
807 248 77 20 reserv,
900 249 44 15 om-

182 275 80 22 fattade
278 275 69 22 bortät
362 276 61 26 7,000
440 277 69 26 gevär,
524 276 74 20 hvilka
612 276 8 20 i
634 276 60 21 tiden
709 276 70 22 kostat
794 283 50 21 ung.
861 277 26 21 18
898 276 46 21 rub.

182 310 53 22 eller
258 310 86 28 vidpass
365 311 28 20 48
416 310 60 21 mark
496 310 89 27 stycket.
616 310 55 21 Hela
687 310 35 22 det
737 317 31 14 nu
782 310 162 28 ifrågavarande

174 345 86 27 "partiet
274 346 64 26 gevär
353 344 55 21 hade
423 344 83 21 således
522 344 36 21 vid
573 344 162 28 anskaffningen
745 345 93 21 medfört
848 351 27 15 en
888 345 56 21 kost-

182 379 43 21 nad
248 379 22 21 af
289 386 49 21 ung.
356 379 90 26 336,000
461 379 66 27 mark,
542 386 51 14 men
614 379 172 27 representerade
809 379 135 27 naturligtvis

176 413 42 21 "wid
235 413 168 22 aflevererandet
418 414 30 20 ett
462 413 85 27 ringare
563 413 70 21 värde.

253 448 30 21 Af
304 447 25 22 de
353 447 71 21 aktiva
446 447 156 28 bataljonernas
620 448 40 20 och
676 447 222 28 dragonregementets
913 448 44 26 4,2.

177 481 80 22 liniers
279 481 146 28 berdangevär
438 481 80 21 funnos
534 481 35 21 vid
586 481 167 27 aflevereringen
768 481 32 21 till
812 481 131 28 artilleristy-

183 517 71 21 relsen
276 516 76 27 11,388
376 515 94 28 stycken,
492 515 74 21 hvaraf
589 516 62 26 7,489
674 515 124 28 begagnade
822 516 40 21 och
883 516 60 26 3,849

184 550 144 28 obegagnade.
358 550 43 21 Vid
424 550 72 21 dessas
519 549 159 22 äterlemnande
701 550 78 21 stäldes
802 551 8 20 i
832 551 65 27 utsigt
917 557 27 14 en

184 585 112 27 afräkning
319 585 27 27 pä
367 585 65 27 priset
447 584 21 21 af
483 585 27 20 de
525 591 43 20 nya
584 585 12 20 3
610 584 74 21 liniers
700 585 97 26 gevären,
813 591 45 14 som
874 584 70 21 seder-

183 625 60 15 mera
263 619 101 26 infördes,
378 625 50 15 men
448 618 117 28 veterligen
580 618 39 21 har
634 625 25 14 en
676 618 66 21 sådan
758 618 68 27 aldrig
841 619 35 26 egt
890 625 53 14 rum.

184 653 76 21 Säsom
283 653 69 28 grund
374 653 34 21 för
422 653 147 27 beräkningen
584 652 22 21 af
621 652 61 21 deras
698 652 64 21 värde
778 653 34 20 vid
828 652 116 21 aflemnan-

184 687 36 22 det
236 687 42 21 kan
293 687 90 28 anföras,
399 689 30 19 att
444 693 27 15 en
487 687 34 21 del
537 687 21 20 af
573 687 109 30 desamma
697 687 21 21 af
734 687 26 20 de
776 686 62 28 ryska
854 687 90 21 militära

182 722 180 27 myndigheterna
376 721 76 27 säldes,
467 721 27 21 de
505 721 123 28 begagnade
638 721 34 21 för
682 722 12 19 2
705 721 46 21 rub.
762 721 40 21 och
813 721 26 21 de
852 721 91 27 obegag-

183 756 57 21 nade
251 756 33 21 för
299 757 11 20 7
334 756 46 21 rub.
396 755 89 28 stycket.

252 790 34 21 De
309 791 13 20 3
343 791 74 20 liniers
439 792 70 25 gevär,
524 790 72 21 hvilka
619 790 26 21 de
661 790 71 21 aktiva
747 789 145 28 bataljonerna
909 789 35 22 vid

184 825 32 21 sin
233 825 129 28 upplösning
377 825 112 26 innehade,
505 825 79 20 funnos
600 824 32 21 till
646 824 94 27 följande
757 824 68 21 antal:

283 866 13 20 8
312 865 118 27 bataljoner
460 866 12 19 ä
487 865 41 21 976
544 866 64 26 gevär
623 865 53 20 hvar
690 873 29 10 =
734 865 62 25 7,808
811 865 65 26 gevär

282 900 14 21 8
312 899 133 28 depotkomp.
461 900 13 20 ä
489 899 41 21 345
572 907 8 11 =»
612 899 62 21 hvart
688 907 29 10 =
732 898 62 26 2,760
836 906 8 11 »

718 938 76 28 10,568
836 946 9 11 —»

184 981 86 22 hvartill
285 981 85 21 kommo
388 971 46 30 998
444 979 151 28 dragongevär.
624 978 34 22 Då
672 979 194 26 infanterigevären
878 977 68 22 betin-

185 1015 54 28 gade
255 1017 29 20 ett
299 1015 43 28 pris
358 1015 21 20 af
395 1015 26 20 23
436 1014 47 21 rub.
499 1014 40 21 och
552 1013 172 28 dragongevären
736 1013 22 20 af
768 1013 27 20 22
805 1012 46 21 rub.
863 1012 83 27 stycket

186 1050 90 21 erhälles
298 1056 27 14 en
348 1055 84 15 summa
454 1049 22 20 af
497 1048 90 28 265,020
602 1047 68 26 rubel,
687 1047 52 21 eller
755 1047 84 27 vidpass
856 1047 89 25 700,000

185 1085 67 26 mark,
268 1084 12 21 å
295 1083 80 22 hvilket
391 1083 63 21 värde
471 1083 65 26 några
552 1083 66 20 större
634 1082 147 27 afprutningar
791 1081 18 27 ej
823 1081 46 21 bort
880 1082 67 26 göras,

186 1121 51 20 enär
258 1120 93 26 gevären
369 1117 129 21 fortfarande
514 1123 51 14 voro
579 1117 8 20 i
602 1117 65 26 ryska
682 1117 72 20 armön
771 1115 98 27 brukliga
885 1115 39 20 och
939 1115 8 20 i

185 1153 50 21 fullt
250 1151 194 23 tillfredsställande
460 1151 66 21 skick.

255 1187 33 20 Då
310 1187 22 20 af
354 1185 155 22 ofvananförda
528 1185 68 21 siffror
614 1191 64 21 synes
693 1183 82 27 framgå
790 1185 31 20 att
836 1185 64 25 gevär
914 1183 34 21 för

186 1222 66 20 minst
267 1228 27 14 en
312 1221 75 27 miljon
403 1220 59 21 mark
477 1220 33 20 till
525 1219 65 27 ryska
605 1218 181 22 militärväsendet
800 1218 22 20 af
838 1217 26 21 de
878 1217 70 21 finska

187 1258 115 25 trupperna
327 1255 35 20 vid
385 1254 105 21 särskilda
523 1253 97 21 tillfällen
644 1252 156 26 öfverlemnats,
823 1258 64 21 synes
913 1252 35 20 det

187 1296 50 14 vara
260 1296 27 14 en
306 1289 60 27 billig
388 1288 88 22 fordran
499 1289 34 20 att
554 1288 125 21 desammas
708 1286 72 27 värde,
810 1286 55 27 efter
884 1293 62 14 sam-

186 1325 115 27 vetsgrant
316 1323 39 21 och
370 1322 152 28 omsorgsfullt
534 1322 64 28 gjord
612 1320 167 30 uppskattning,
796 1320 58 22 skall
873 1320 75 28 finska

186 1358 129 22 statsverket
332 1359 99 19 ersättas.

258 1420 141 18 Statsutskottets
411 1420 112 18 betänkande
535 1419 35 19 N:o
582 1420 18 17 4.
