1025 1620
370 61 27 22 U.
415 61 26 22 B.
458 74 27 2 —
500 61 27 21 IL
794 62 40 21 105

426 164 62 18 1898
576 163 62 18 1899
727 164 62 19 1900

380 207 16 46 |
384 212 73 37 Ss
491 215 32 29 176]
567 211 59 31 mp
650 223 24 21 178]
718 212 39 31 Fm
791 216 33 29 Tab

491 281 2 2 |
791 252 2 27 I

92 285 166 23 Stämpelkontoret
279 285 34 18 och
335 291 31 11 an-
491 284 2 38 |
681 251 4 45 |
792 283 2 29 |

115 319 33 18 dra
171 320 20 17 af
215 319 152 24 stämpelskatten
491 323 2 15 I
641 338 2 5 i
792 323 2 20 !

114 353 109 19 föranledda
233 353 100 19 kostnader
362 367 4 4 .|
409 354 113 22 103,381/32]
559 354 115 22 131,756/70
710 353 73 23 119,598
792 352 2 32 |
802 355 22 17 74

91 388 27 18 Af
129 389 118 17 maltskatten
260 387 108 19 föranledda
792 385 2 16 :

115 422 100 19 kostnader
275 436 62 4 0.0.
419 422 63 22 24489
487 418 11 30 |
501 423 22 18 50
570 423 63 21 27,306
638 419 8 29 |
651 424 23 17 74
721 423 63 22 31,250
792 419 5 30 |
802 424 22 18 25

92 457 107 23 Utoifterna
207 457 25 18 för
240 456 127 18 folkskoloma
390 457 91 23 2,002,362
491 468 2 18 |
503 457 20 19 04
541 457 92 22 2,204,315
638 453 9 32 |
651 458 22 18 02
681 453 8 32 |
692 457 132 22 2,435,557
790 453 9 32 |
806 453 22 32 66

92 491 134 19 Ständerhuset
242 492 35 19 och
291 493 75 18 kostna-
792 498 2 19 |

115 526 56 18 derna
182 526 29 18 för
221 526 112 24 landtdagen
362 541 4 3 .
419 526 64 22 40,000
491 537 31 22 =
569 526 98 22 46,000|—
678 522 12 31 |
710 526 74 23 390,200
792 538 32 22 -

91 560 78 19 Vården
181 561 19 18 af
212 561 95 18 Antellska
319 567 47 12 sam-
491 560 1 4 |

114 596 83 23 lingame
218 610 3 4 .
246 610 3 3 .
280 610 1 3 0
333 610 32 3 0.0.
432 596 51 22 5,000
494 589 9 33 |
500 606 23 2 —
582 595 51 23 5,000
644 589 9 33 |
651 606 22 2 —
732 593 93 25 5,000
791 589 9 33 |
807 589 20 33 —

92 631 77 18 Diverse
180 631 77 23 utgifter
275 645 4 4 .
304 645 4 4 .
333 645 3 3 .
362 645 4 3 .
448 630 34 18 281
490 626 7 33 |
501 630 21 19 85
599 630 74 19 230]39|
720 631 104 22 —22,330|53

92 664 117 24 Afskrifning
220 671 24 12 m.
257 671 24 12 m.
303 679 4 4 .
333 679 3 4 .
362 679 3 4 .
419 665 62 22 21,562
487 660 11 31 |
502 665 21 18 63
583 665 91 21 1,490/—[
703 660 11 31 =
720 665 64 22 24,652
790 660 8 31 |
802 665 23 18 29

289 706 79 18 Summa
391 693 243 35 |2,200,077
488 689 9 44 |
505 689 17 44 34
532 689 9 44 |
546 693 86 35 2,416,008
639 689 9 44 |
656 705 17 18 85
681 694 5 35 |
693 705 91 23 3,028,589
788 689 12 44 |
802 706 22 17 47

148 751 99 22 »Diverse
270 752 99 27 utgifter»
399 753 86 26 utgöras
512 752 21 21 af
558 752 214 21 revisionskontorets
800 758 36 15 an-

76 785 239 28 märkningsprocenter,
337 786 86 21 hvartill
444 787 69 20 under
531 786 23 21 är
570 787 55 20 1900
642 786 93 21 bokförts
750 787 86 20 kostna-

76 820 66 20 derna
164 820 33 21 för
219 820 27 21 då
270 820 87 21 utförda
373 827 42 21 nya
431 820 92 22 klichéer
539 820 32 21 för
586 820 189 28 stämpelkontoret
797 821 38 20 och

76 854 87 21 dermed
184 854 102 22 förenade
309 855 87 27 utgifter
417 855 55 27 (Sy
494 855 132 26 21,734:19).
657 854 67 22 Dessa
751 855 86 27 utgifter

75 889 54 20 hade
145 889 111 27 rätteligen
273 889 62 21 bordt
350 889 82 27 påföras
448 889 101 21 rubriken
568 889 33 21 »af
612 889 171 27 stämpelskatten
794 889 42 21 för-

76 922 90 22 anledda
182 923 132 26 kostnader»,
329 923 138 27 hvarigenom
483 924 121 20 inkomsten
620 924 33 20 för
664 924 70 20 denna
744 923 92 21 beskatt-

76 957 51 27 ning
150 957 53 21 hade
227 957 69 21 blifvit
317 957 97 21 minskad
438 958 49 20 med
511 957 145 27 nyssnämnda
677 964 88 14 summa.
796 957 40 21 Om

75 992 74 26 posten
172 992 157 27 »afskrifning»,
353 992 47 26 ye
424 992 119 26 21,562:63
563 992 22 20 är
610 992 60 25 1898,
686 993 67 25 yttrar
771 992 66 20 Stats-

75 1026 102 20 utskottet
192 1026 35 20 vid
244 1026 54 21 1900
315 1026 33 21 års
363 1026 110 27 landtdag:
496 1026 23 21 »I
535 1026 70 20 denna
619 1028 48 24 post
681 1026 60 28 ingår
756 1028 30 19 ett
802 1026 35 21 be-

76 1060 48 27 lopp
146 1062 52 19 stort
220 1056 47 32 Za
292 1060 125 28 16,953:60,
432 1067 46 15 som
494 1060 110 28 rätteligen
620 1062 61 26 utgör
698 1060 138 21 öfverlevere-

75 1094 48 27 ring
138 1094 22 21 af
175 1094 294 28 stämpelbevillningsmedel,
486 1095 39 21 och
540 1094 89 22 sålunda
645 1095 94 20 minskar
751 1095 41 20 den
805 1095 31 19 in-

72 1124 74 26 komst
162 1129 21 20 af
197 1129 70 21 denna
284 1128 121 28 bevillning,
421 1136 45 14 som
482 1129 7 20 i
504 1129 130 27 räkningens
654 1128 66 25 debet
734 1129 32 20 för
781 1128 56 21 före-

76 1162 82 28 gående
174 1163 23 20 är
212 1163 101 27 angifves.
343 1163 39 21 Att
398 1170 30 14 nu
443 1164 7 20 i
466 1163 63 27 detalj
549 1163 126 21 sönderdela
691 1164 61 20 dessa
767 1165 70 25 poster

77 1197 59 20 torde
160 1197 53 21 dock
237 1197 23 21 så
283 1198 85 26 mycket
388 1198 83 20 mindre
487 1204 62 14 anses
565 1198 78 26 nödigt,
659 1204 46 14 som
721 1197 66 27 enligt
802 1197 36 20 det

76 1237 42 20 nya
141 1231 225 28 bokföringssystemet
390 1231 74 27 dylika
487 1231 166 28 oegentligheter
673 1231 33 22 för
723 1231 114 21 framtiden

75 1265 163 28 undanrödjas».
269 1266 29 21 Af
313 1272 81 15 samma
410 1266 117 28 anledning
542 1266 38 21 har
595 1266 109 21 Utskottet
713 1266 47 21 icke
770 1265 67 22 heller

75 1306 30 14 nu
120 1302 97 20 närmare
234 1301 70 21 utredt
319 1300 61 26 dessa
396 1302 76 26 poster.
490 1309 9 11 »
503 1300 146 28 Afskrifning»
664 1307 28 14 m.
704 1307 25 22 m.
742 1300 24 21 är
776 1300 62 26 1900,

75 1334 117 28 utgörande
212 1336 43 25 Sy
277 1335 119 26 24,652:29
419 1335 60 21 torde
500 1335 31 21 till
550 1336 76 20 största
642 1335 62 21 delen
721 1336 74 26 utgöra
810 1340 26 15 en

75 1368 175 28 bokföringspost,
272 1369 26 21 dä
320 1369 144 27 öfvergängen
482 1369 33 21 till
530 1369 35 21 det
580 1376 43 20 nya
639 1369 198 27 räkenskapssyste-

144 1414 147 18 Statsutskoitets
304 1415 111 17 betänkande
428 1414 38 18 N:o
479 1415 18 17 4.
