1011 1609
181 50 12 20 6
326 49 28 22 U.
369 49 29 22 B.
413 62 29 4 —
457 49 30 22 H.
503 49 28 22 F.
544 50 97 22 Antells
657 50 141 27 samlingar.

180 121 132 29 synpunkt
332 122 32 21 än
383 121 64 23 efter
465 121 209 29 raritetshänsyn.
704 116 82 27 Äfven
798 120 9 23 i
820 120 118 23 afseende

178 156 17 22 å
216 155 31 23 de
266 155 219 27 konsthistoriska,
504 155 172 29 etnografiska
696 155 46 23 och
762 155 177 29 arkeologiska

180 190 186 29 samlingarnas
385 190 101 22 ökande
504 190 48 22 har
570 190 206 22 önskvärdheten
795 190 25 22 af
839 191 35 21 ett
886 189 53 23 vid-

180 224 120 30 lyftigare
324 231 120 23 program
468 224 158 27 framhållits,
647 224 130 23 äfvensom
802 224 137 23 ernäendet

180 259 27 22 af
225 260 35 21 ett
279 260 79 21 större
380 258 260 30 jämförelsematerial
658 259 66 22 ifrån
734 258 205 30 grannländerna

182 294 66 22 samt
267 294 31 22 de
318 293 199 29 sydeuropeiska
535 293 127 23 klassiska
680 293 130 22 länderna.

252 328 192 22 Statsutskottet
468 328 47 22 har
539 328 124 28 klarligen
688 328 54 22 icke
763 328 98 22 kunnat
878 327 60 30 ingå

178 362 35 29 pä
243 369 31 16 en
300 363 118 22 närmare
445 362 173 30 granskning
613 358 8 38 ,
632 362 26 22 af
684 362 31 23 de
740 362 107 22 sålunda
865 362 74 22 fram-

179 397 85 22 stälda
289 397 200 29 synpunkterna.
527 397 86 22 Under
635 397 50 22 den
702 396 183 29 förutsättning
904 397 35 21 att

180 432 52 22 den
252 427 136 38 Antellska
411 431 193 29 Delegationen,
629 431 68 22 inom
721 431 103 23 hvilken
851 431 88 22 härför

179 466 80 29 nödig
290 466 192 22 sakkännedom
508 466 146 26 förefinnes,
683 466 43 22 vid
754 465 184 29 samlingarnas

179 500 196 29 komplettering
404 500 59 23 med
493 500 164 29 iakttagande
685 500 26 22 af
738 500 48 22 den
816 499 123 23 modärna

179 535 188 28 vetenskapens
385 535 59 22 kraf
461 535 34 28 på
513 534 74 23 bästa
606 535 50 21 sätt
674 534 46 22 och
738 534 9 22 i
765 534 59 22 mån
843 534 26 22 af
883 534 56 22 där-

178 570 42 22 för
245 569 143 29 disponibla
418 569 83 23 medel
530 570 57 22 sökt
617 569 110 29 fullgöra
756 569 118 22 testätors
905 568 34 22 af-

180 604 87 27 sikter,
292 604 76 28 hyser
393 604 128 22 Utskottet
545 604 78 22 tillika
645 603 49 23 den
712 603 172 29 förhoppning
903 604 37 24 att

180 639 32 22 de
237 638 147 22 framstälda
409 638 232 29 önskningsmålen,
667 638 88 22 hvilka
776 638 48 21 här
841 637 98 23 kunnat

180 673 92 22 endast
297 673 194 29 antydningsvis
515 672 113 27 beröras,
654 672 72 22 skola
749 672 190 28 uppmärksam-

179 714 56 16 mas
255 707 28 23 så
302 707 53 23 vidt
373 708 71 22 detta
467 707 49 22 blir
534 707 98 29 möjligt
655 708 62 21 utan
743 707 35 22 att
802 706 138 23 ernåendet

180 742 27 22 af
225 742 193 29 fullständighet
436 742 33 28 på
487 741 78 25 hittils
585 741 137 23 omfattade
738 741 46 22 och
798 740 25 23 af
835 742 104 21 testator

180 776 122 23 särskildt
337 776 153 22 omhuldade
524 776 121 22 områden
674 776 9 21 i
712 776 79 29 något
822 775 117 23 afseende

176 812 163 22 äsidosättes.

250 846 72 22 Inom
346 845 191 23 Prästeständet
561 845 47 22 har
631 845 89 29 yrkats
744 846 35 20 att
798 845 34 21 ett
851 844 88 29 anslag

180 880 78 22 mätte
286 880 108 30 beviljas
422 880 39 23 för
489 880 135 29 tryckning
652 880 25 22 af
704 885 32 16 en
764 878 175 29 vetenskaplig

178 915 108 29 katalog
309 914 71 23 öfver
406 914 50 22 den
480 914 131 22 Antellska
635 913 220 30 myntsamlingen,
877 913 63 22 hvil-

180 950 51 22 ken
257 949 119 23 särskildt
394 950 9 21 i
423 949 118 23 afseende
561 949 14 21 å
599 947 195 30 mytitväsendet
812 948 67 22 inom
898 947 42 23 det

179 984 114 22 svenska
317 984 86 22 väldet
428 984 28 22 är
481 983 25 23 af
528 984 63 21 nära
610 989 51 23 nog
680 982 154 23 enastäende
852 981 86 27 värde,

180 1025 60 15 men
252 1019 62 21 utan
332 1024 31 16 en
382 1018 49 22 slik
449 1018 124 22 öfversikt
585 1018 55 22 icke
652 1018 52 21 kan
716 1016 35 23 till
765 1016 62 22 fullo
840 1016 100 22 komma

180 1052 176 29 vetenskapen
378 1052 38 23 till
437 1052 75 30 godo.
549 1052 50 22 För
617 1051 171 29 päbörjandet
807 1051 25 22 af
850 1052 35 21 ett
903 1050 37 23 sä-

180 1087 65 23 dant
270 1087 93 26 arbete,
389 1087 78 23 hvars
492 1087 116 22 närmare
631 1086 132 22 ordnande
787 1085 46 23 och
850 1085 90 22 fördel-

180 1120 64 30 ning
269 1122 80 22 skulle
374 1121 134 23 ankomma
526 1121 33 29 pä
582 1121 49 22 den
651 1120 131 23 Antellska
800 1119 141 29 Delegatio-

180 1162 60 20 nen,
260 1156 46 22 och
328 1156 78 23 hvars
425 1155 135 29 tryckning
579 1156 64 22 samt
661 1154 134 23 förseende
813 1154 57 22 med
887 1154 54 22 illu-

181 1191 137 22 strationer
341 1190 138 23 beräknats
502 1190 101 22 komma
629 1191 35 21 att
682 1189 82 29 draga
782 1195 31 15 en
832 1188 112 22 kostnad

182 1224 27 23 af
232 1225 89 22 inalles
346 1224 118 30 omkring
490 1224 95 27 10,000
603 1225 15 21 ä
639 1223 95 27 12,000
758 1223 80 26 mark,
857 1222 84 23 finner

181 1259 42 29 sig
250 1259 127 23 Utskottet
404 1259 64 22 böra
494 1258 104 23 förorda
625 1259 35 21 ett
688 1258 90 28 anslag
804 1257 39 22 för
867 1258 74 21 nästa

180 1293 183 29 finansperiod,
381 1294 48 22 och
446 1293 41 23 fär
504 1294 9 21 i
531 1293 92 22 sädant
642 1292 119 23 afseende
780 1291 92 23 föreslä

253 1405 141 19 Statsutskotteis
407 1404 111 19 betänkande
531 1407 36 15 N:o
580 1405 18 17 3.
