1031 1623
291 78 176 28 Bankutskottets
484 79 136 26 hemställan.

349 388 215 22 Bankutskottets
577 388 154 24 hemställan
742 389 91 23 rörande

279 423 78 22 extra:
361 423 121 22 direktören
504 423 4 22 i
531 423 95 23 Finlands
651 424 59 23 Bank
725 423 26 23 af
763 424 67 22 Bank-

277 456 131 29 fullmäktige
429 457 159 28 tillförsäkradt
610 456 63 29 årligt
692 458 114 31 understöd
826 458 6 22 i

279 491 102 22 händelse
389 491 27 22 af
419 491 118 23 framdeles
545 492 94 23 skeende
647 492 183 28 afskedstagande

278 523 273 32 från[direktörstjänsten.

141 595 44 21 Vid
206 596 175 27 genomgåendet
402 596 23 21 af
444 596 206 27 Banktullmäktiges
666 596 111 27 protokoll
792 597 39 20 har

71 628 118 22 Utskottet
207 629 78 26 erfärit,
294 633 33 18 att
341 631 60 20 inom
415 629 135 28 fullmäktige
565 631 6 20 i
584 630 83 27 januari
683 636 55 21 1904
753 631 77 21 väckts

70 663 61 27 fråga
154 670 36 14 om
205 664 172 21 tillförsäkrande
393 665 23 20 åt
430 665 154 20 innehafvaren
599 665 25 20 af
636 668 63 17 extra
714 665 117 21 direktörs-

70 698 98 21 embetet
183 699 6 20 i
204 698 102 21 Finlands
329 699 62 21 Bank
413 699 37 20 vid
468 699 185 27 afskedstagande
669 699 22 21 af
707 702 31 19 ett
753 700 78 21 under-

70 732 57 26 stöd,
149 733 154 21 motsvarande
324 733 43 21 den
382 735 92 25 pension
490 740 48 14 som
552 733 130 21 tillkommer
697 734 132 21 ordförande

70 766 43 21 och
135 767 105 20 ordinarie
262 767 118 22 ledamot
370 758 17 42 i
398 767 150 22 Direktionen.
578 767 155 28 Fullmäktiges
756 762 74 34 proto-

69 801 45 21 koll
135 801 105 21 innehålla
255 801 76 22 härom
345 801 29 22 bl.
391 809 18 14 a.
424 802 103 27 följande:

138 835 196 29 Bankfullmäktige
355 836 59 21 hade
435 837 83 21 erhållit
533 837 123 21 kännedom
672 837 82 26 därom,
770 840 33 18 att
818 838 13 20 å

70 873 63 18 extra
155 873 44 18 stat
219 872 8 19 i
248 870 86 22 banken
356 870 101 22 anstälde
479 871 124 21 direktören
626 871 49 21 Clas
693 879 43 13 von
754 871 76 22 Collan

68 906 104 26 mottagit
193 905 114 27 förfrågan,
323 905 105 21 huruvida
446 906 43 26 han
503 913 54 13 vore
571 906 60 27 villig
646 909 32 18 att
692 906 96 21 tillträda
803 913 28 15 en

68 938 231 29 ledamotsbefattning
314 941 7 19 i
339 939 107 27 styrelsen
468 940 33 21 för
524 947 27 14 en
568 940 24 21 af
604 940 86 21 landets
705 940 126 28 privatban-

68 972 45 22 ker.
143 974 10 20 I
168 974 115 28 anledning
305 974 65 21 häraf
387 974 125 22 framhöllos
531 976 58 20 inom
607 974 134 28 fullmäktige
757 976 28 20 de
799 976 31 20 in-

68 1007 68 21 sikter
159 1008 42 20 och
223 1008 123 27 förtjänster
368 1016 21 14 v.
413 1008 76 22 Collan
510 1009 117 27 ådagalagt
647 1010 68 20 under
735 1010 42 20 den
796 1010 33 20 tid

68 1042 43 21 han
133 1044 56 20 varit
211 1043 84 21 anstäld
310 1045 7 19 i
328 1043 104 21 Finlands
454 1043 62 21 Bank
534 1047 56 18 samt
605 1044 28 20 de
648 1044 135 27 svårigheter
797 1044 34 21 för

68 1076 223 29 bankförvaltningen,
314 1085 48 13 som
385 1078 162 28 otvifvelaktigt
567 1078 88 21 komme
672 1082 33 18 att
719 1079 88 27 uppstå,
823 1080 7 20 i

67 1111 106 21 händelse
195 1112 67 21 under
285 1112 28 21 då
334 1112 96 22 rådande
449 1112 148 22 förhållanden
613 1120 20 14 v.
651 1112 74 22 Collan
740 1113 90 27 afginge

68 1146 46 20 från
129 1146 92 21 banken.
244 1147 35 21 Då
295 1147 119 21 emellertid
429 1147 123 27 aflöningen
567 1147 33 21 för
616 1148 41 20 den
672 1154 20 14 v.
708 1146 76 22 Collan
797 1155 33 13 er-

67 1179 80 28 bjudna
169 1180 150 28 befattningen
341 1188 53 14 vore
417 1182 118 27 väsentligt
555 1182 69 20 större
647 1182 28 20 än
693 1182 28 20 de
736 1182 93 21 löneför-

67 1215 80 25 måner,
163 1222 49 14 som
227 1216 38 20 äro
280 1216 104 20 förenade
399 1216 52 20 med
466 1216 38 21 det
517 1216 23 21 af
548 1216 82 21 honom
639 1216 116 21 innehafda
766 1220 63 18 extra

68 1248 205 23 direktörsembetet
295 1252 7 18 i
323 1250 103 21 Finlands
446 1251 68 25 Bank,
532 1258 54 14 vore
606 1251 37 21 det
660 1254 33 18 att
707 1250 75 22 befara
797 1254 33 18 att

67 1283 39 21 det
119 1291 21 13 v.
155 1283 75 22 Collan
245 1284 76 28 gjorda
336 1285 97 21 anbudet
448 1285 87 21 komme
550 1288 33 18 att
598 1285 23 21 af
633 1285 82 21 honom
730 1288 98 24 antagas,

66 1318 127 26 isynnerhet
211 1325 50 14 som
278 1318 51 28 föga
347 1319 68 21 utsikt
430 1319 34 21 för
478 1319 83 21 honom
575 1322 76 24 syntes
666 1319 114 21 förefinnas
796 1322 33 18 att

66 1354 65 19 vinna
147 1352 116 22 befordran
278 1353 33 21 till
325 1354 109 20 ordinarie
448 1354 98 21 ledamot
561 1355 7 19 i
576 1354 144 20 Direktionen
736 1354 34 20 för
780 1354 48 21 Fin-

65 1386 62 21 lands
143 1386 68 22 Bank.
233 1387 182 22 Bankutskottets
430 1388 37 21 vid
485 1388 54 27 1897
555 1389 33 20 års
604 1388 105 27 landtdag
717 1388 112 21 uttalande
