1009 1603
189 73 23 18 14
424 73 139 23 Delegationens
575 73 91 18 berättelse
680 79 28 12 om

188 137 77 30 siliers
280 145 100 29 porträtt
395 151 52 16 som
462 145 93 22 Philine
571 145 8 22 i
595 145 102 28 Mignon,
714 144 90 23 utfördt
820 144 24 23 af
859 145 86 22 Maria

188 180 76 23 Wiik
288 181 42 22 och
354 180 99 23 försåldt
477 181 24 22 af
509 181 180 26 assessorskan
710 181 24 22 E.
752 180 86 23 Florell
854 180 46 23 den
918 184 26 19 16

188 216 209 25 november
328 212 12 36 ,
343 216 54 25 1901
422 216 36 23 för
483 216 59 23 Fmk
569 220 71 24 1,200:
673 224 18 20 —
716 216 93 23 Marcus
830 216 114 24 Larssons

187 253 108 28 porträtt,
319 252 89 23 utfördt
433 252 25 23 af
476 253 29 22 M.
524 252 67 23 Röhl
608 252 43 23 och
666 253 72 22 inlöst
754 259 29 16 ur
799 252 145 23 konsthand-

187 288 90 23 landen
293 288 141 23 Bukowskis
445 289 8 22 i
465 288 136 23 Stockholm
610 288 186 29 kvarlätenskap
807 289 8 21 i
826 289 48 28 maj
888 291 56 20 1900

187 323 37 23 för
245 324 61 22 Fmk
330 327 34 19 50:
382 332 35 19 —;
442 324 80 22 därtill
539 324 33 22 ett
587 324 101 28 porträtt
704 323 24 23 af
745 323 85 23 Gustaf
846 324 98 22 Mauritz

187 354 109 33 Armfelt,
315 360 23 22 af
349 359 83 30 okänd
448 359 71 28 hand,
534 359 98 23 försäldt
644 359 24 23 af
678 359 127 23 framlidne
817 359 127 23 statsrådet

188 395 84 23 Rafael
295 402 21 16 v.
340 395 131 23 Haartman
494 396 9 22 i
527 395 34 23 S:t
580 395 144 29 Petersburg
740 395 46 22 den
802 398 29 19 24
848 394 97 24 oktober

190 434 57 20 1900
282 433 24 21 för
324 431 60 23 Fmk
402 435 71 24 1,000:
490 445 36 13 —,
544 431 124 23 äfvensom
684 430 93 23 mindre
794 431 99 29 porträtt
910 431 33 22 ut-

188 467 69 22 förda
274 467 23 23 af
312 467 24 22 L.
354 466 76 23 Pasch
448 467 44 22 och
508 467 20 23 J.
546 466 83 23 Lindh.
654 466 45 23 Till
710 466 234 30 porträttsamlingen

171 500 101 25 "kunna
288 503 44 22 ock
348 502 88 23 räknas
453 502 56 23 Rob.
527 502 95 30 Stigells
640 502 177 23 ofvannämnda
828 502 80 29 byster
920 502 24 22 af

187 538 82 23 Antell
293 538 43 23 och
352 538 83 23 doktor
451 539 27 22 A.
496 538 59 23 Lille
572 538 123 23 äfvensom
712 539 35 21 ett
762 539 8 21 i
786 539 53 28 gips
855 538 89 22 utfördt

188 574 237 30 medaljongporträtt
448 574 24 23 af
496 575 51 22 vice
568 574 150 29 presidenten
742 574 40 22 vid
805 573 73 23 Wasa
894 574 49 23 hof-

187 611 50 22 rätt
258 610 53 23 Carl
326 610 90 29 Hising,
435 610 45 23 död
498 614 64 23 1806,
579 610 91 23 utfördt
686 610 24 23 af
726 609 94 30 Sergels
836 610 108 29 lärjunge

188 646 143 22 Hofmeister
347 646 42 22 och
406 646 99 22 försäldt
522 646 24 22 af
561 653 21 15 v.
594 645 220 29 häradshöfdingen
825 645 25 23 R.
862 645 81 29 Jäger-

189 681 61 23 horn
263 681 42 23 och
316 682 60 22 hans
385 682 76 28 syster
471 682 82 22 fröken
562 682 26 22 H.
598 682 131 28 Jägerhorn
738 681 36 22 för
782 680 61 24 Fmk
852 684 91 20 300:—.

260 718 10 22 I
294 717 142 23 berättelsen
455 717 35 23 till
508 721 56 19 1900
582 717 38 23 ärs
637 717 101 23 Ständer
753 717 43 22 har
813 716 43 23 den
874 717 69 22 däva-

188 753 75 23 rande
286 753 171 29 Delegationen
482 753 120 23 allaredan
625 752 131 24 framhällit
773 754 37 21 sin
828 752 62 23 äsikt
906 759 38 16 om

188 789 41 23 det
244 789 212 29 maktpäliggande
472 790 8 22 i
496 789 178 23 förvärfvandet
690 796 23 16 af
724 788 129 23 utländska
865 788 78 23 konst-

188 825 66 27 verk,
278 832 84 22 genom
387 825 81 22 hvilka
485 825 40 22 det
540 824 128 24 inhemska
683 825 164 22 konstsinnets
864 824 90 29 odling.
979 824 5 4 '

187 860 83 23 kunde
288 860 126 30 befrämjas
432 860 66 23 säväl
510 860 40 23 hos
562 861 58 22 vära
630 860 141 23 konstnärer
782 867 51 15 som
845 860 41 22 hos
898 860 44 22 den

188 896 186 23 konstälskande
392 896 168 27 allmänheten,
576 896 134 30 hvarjämte
721 896 171 29 Delegationen
905 902 37 16 an-

188 932 73 29 tydde
278 932 38 22 det
332 932 134 23 önskvärda
482 934 7 20 i
508 933 34 22 att
557 932 31 29 pä
604 932 120 22 utlandets
736 932 63 22 stora
811 932 132 22 konstorter

188 968 78 22 skulle
290 967 176 23 ästadkommas
490 974 56 23 rege

187 1003 61 23 verk
271 1010 27 16 ur
322 1003 72 23 redan
415 1003 118 23 afslutade

187 1039 144 29 förmedling
348 1039 23 22 af
387 1040 8 22 i
410 1039 110 23 utlandet
538 1039 12 22 b

556 967 97 23 bundna
675 968 72 28 inköp
773 967 23 22 af
812 967 132 23 värdefulla

556 1003 206 29 konstriktningar,
780 1003 62 22 helst
858 1009 85 22 genom

554 1040 74 21 osatte
644 1039 134 22 landsmän.
808 1038 84 29 Nägon
909 1040 33 21 ut-

187 1078 49 27 väg
256 1075 35 23 för
308 1075 109 29 åtgärder
433 1077 8 21 i
458 1075 64 23 detta
538 1075 62 29 syfte
616 1075 44 22 har
675 1075 171 29 Delegationen
862 1075 80 22 tillsvi-

188 1111 56 22 dare
259 1111 53 22 icke
326 1111 86 31 funnit.
438 1111 113 23 Däremot

188 1147 29 22 de
229 1148 8 21 i
248 1146 145 29 Helsingfors
406 1147 146 22 anordnade
542 1142 15 37 f

188 1189 52 16 som
263 1183 31 29 på
310 1183 94 22 senaste
422 1183 25 22 år
464 1183 79 22 blifvit

567 1111 43 22 har
626 1111 178 29 Delegationen,
821 1111 9 22 i
844 1110 57 30 följd
920 1111 24 22 af

554 1147 144 32 främmande
708 1147 234 28 konstexpositioner,

559 1189 29 16 en
605 1183 41 22 allt
663 1182 74 23 oftare
752 1183 9 22 i
777 1182 53 23 vårt
846 1182 97 23 konstlif

188 1217 195 24 återkommande
399 1218 130 28 företeelse,
546 1219 93 28 lyckats
656 1219 30 28 på
703 1219 36 21 ort
755 1218 44 22 och
815 1217 67 23 ställe
898 1218 44 22 för-

187 1254 87 23 värfva
288 1254 58 23 flere
362 1254 129 23 utländska
507 1254 136 26 konstverk,
661 1254 114 23 ehuruväl
792 1253 40 23 det
846 1253 76 30 ligger
936 1255 8 22 i

188 1290 88 23 sakens
292 1291 70 21 natur
379 1291 35 21 att
430 1290 86 23 endast
532 1290 151 29 tillfälligtvis
701 1289 29 23 de
747 1291 62 21 mest
824 1296 118 22 represen-

186 1326 78 22 tativa
279 1325 153 23 konstnärers
449 1325 59 23 verk
524 1326 94 22 kunnat
634 1326 30 29 på
676 1325 65 23 detta
752 1326 48 21 sätt
810 1326 86 21 vinnas
908 1325 35 23 för

187 1361 142 29 samlingen.
