1036 1623
253 58 29 21 40

224 122 32 21 ste
274 121 22 21 F.
316 121 25 22 G.
359 121 127 27 Björnbergs
505 121 40 22 den
565 122 27 21 19
610 122 57 21 Mars
688 123 55 21 1900
762 122 77 21 skedda
854 123 125 27 utnämning

224 155 33 22 till
272 160 103 23 guvernör
390 156 7 21 i
413 155 63 22 Wasa
491 156 41 25 län,
548 156 35 21 vid
599 156 96 22 kontoret
710 157 8 20 i
734 157 33 21 S:t
781 157 78 21 Michel
872 157 8 21 i
894 157 51 28 följd
960 157 24 22 af

224 190 219 21 Bankkommissarien
457 190 163 22 Kammarrådet
634 191 24 20 A.
674 191 24 21 G.
713 191 116 28 Bergboms
845 191 41 22 den
900 193 28 20 24
940 192 40 22 Ok-

224 225 59 21 tober
298 231 81 14 samma
394 225 22 21 år
431 224 109 22 inträffade
556 225 102 27 frånfälle,
674 225 35 22 vid
723 226 95 21 kontoret
830 226 7 21 i
848 226 129 21 Nikolaistad

225 259 121 27 derigenom
357 259 31 21 att
398 259 219 21 Bankkommissarien
629 259 106 22 derstädes
748 260 26 21 N.
785 260 24 21 E.
817 260 108 22 Sundman
939 261 40 20 den

226 294 26 21 12
271 293 58 22 Mars
349 294 54 21 1903
423 293 66 22 aflidit
507 294 55 21 samt
578 293 36 22 vid
632 294 94 21 kontoret
745 295 7 20 i
770 295 85 27 Wiborg
870 295 26 28 på
910 295 70 27 grund

226 328 64 27 deraf,
310 329 31 20 att
358 328 218 21 Bankkommissarien
594 328 181 22 Bankdirektören
794 329 21 22 C.
835 329 24 22 G.
875 329 102 22 Ramstén

226 362 41 21 den
285 363 29 21 24
331 363 57 21 Mars
406 363 142 21 nästnämnda
563 363 22 21 år
600 363 26 27 på
641 363 91 27 begäran
747 363 84 22 undfått
846 364 71 21 afsked
932 364 45 21 från

226 397 96 27 tjensten.
793 423 2 2 N

294 431 350 33 Bankkommissariebefattningen
663 432 33 21 vid
715 433 96 20 kontoret
828 433 9 20 i
853 433 31 21 S:t
898 433 82 21 Peters-

225 467 54 26 burg
294 467 40 20 har
348 466 39 21 fätt
402 466 96 21 förblifva
513 466 82 21 obesatt
609 466 122 27 tillsvidare,
748 467 94 27 emedan,
859 467 67 22 säsom
941 474 39 14 un-

226 500 37 22 der
278 501 12 27 8
302 501 24 21 13
341 502 96 19 närmare
455 501 131 26 framhällits,
602 501 60 27 fråga
679 501 72 21 väckts
770 508 34 15 om
818 501 126 28 indragning
960 501 24 22 af

226 535 66 28 sagda
309 535 74 22 kontor
401 535 38 21 och
458 535 69 21 denna
544 535 60 27 fråga
619 536 56 20 ännu
689 535 46 22 icke
750 535 69 22 blifvit
833 535 104 22 definitivt
952 535 31 22 af-

226 570 64 27 gjord.
319 569 160 28 Ifrägavarande
501 569 63 28 tjenst
581 570 39 21 har
639 570 65 27 enligt
721 569 202 28 Bankfullmäktiges
938 570 43 21 för-

226 604 121 22 ordnanden
363 604 67 21 skötts
445 604 33 21 till
493 603 41 22 den
551 604 24 21 11
592 603 45 22 Juli
654 604 51 21 1901
720 604 23 21 af
750 604 106 21 Kassören
866 605 36 21 vid
911 605 72 21 konto-

226 640 33 20 ret
266 639 8 21 i
282 639 32 21 S:t
321 639 126 26 Petersburg
457 638 60 21 K..0.
523 638 113 27 Lindberg,
648 638 91 21 derefter
747 639 33 20 till
788 639 40 20 den
838 640 10 20 1
858 639 122 28 September

228 674 55 21 1903
302 673 24 21 af
341 673 70 21 Andre
426 673 107 21 Kassören
549 672 167 29 Stabskaptenen
733 673 26 21 K.
774 673 23 21 L.
811 673 24 21 E.
849 673 131 28 Jägerskiöld

227 709 55 21 samt
299 708 67 21 under
385 707 118 22 äterstoden
523 707 22 22 af
558 707 23 22 är
598 708 55 21 1903
668 708 45 21 äter
729 707 22 22 af
765 708 83 21 dämera
862 708 119 22 Bankkom-

226 742 111 22 missarien
351 742 36 22 vid
401 742 96 22 kontoret
511 742 8 21 i
535 742 32 21 S:t
580 742 78 22 Michel
672 742 115 28 Lindberg.

296 777 30 21 På
344 777 99 27 förslaget
461 776 33 22 till
509 777 167 21 äterbesättande
693 777 22 21 af
729 777 252 27 bankkommissarietjen-

228 812 47 21 sten
289 811 35 22 vid
339 812 94 21 kontoret
448 811 7 21 i
471 811 32 22 S:t
517 811 77 22 Michel
608 811 54 22 hade
679 812 22 21 af
713 811 137 22 Direktionen
865 812 94 27 uppförts
974 811 10 22 i

227 845 65 22 första
307 847 91 20 rummet
412 846 106 21 Kassören
533 846 35 21 vid
582 846 96 21 kontoret
696 846 5 21 i
711 841 45 26 Äbo
767 846 87 21 Werner
868 846 114 27 Wegelius,

227 881 8 20 i
243 881 65 21 andra
316 881 91 20 rummet
414 881 106 20 Kassören
528 880 107 27 Lindberg
644 881 38 20 och
690 881 7 20 i
705 880 64 27 tredje
777 881 91 20 rummet
876 881 105 21 Kassören

227 915 35 21 vid
277 915 95 22 kontoret
386 915 8 21 i
409 915 32 21 S:t
455 915 81 21 Michel
552 915 60 21 Knut
627 915 78 22 Gustaf
716 909 100 27 Åkesson.
845 915 29 21 Af
885 915 97 22 bemälde

228 956 98 21 personer
350 949 119 22 förordades
492 949 106 22 Kassören
620 949 106 28 Wegelius
749 949 23 22 af
791 949 192 28 Bankfullmäktige

227 984 38 21 hos
285 983 116 28 Kejserliga
417 983 91 22 Senaten
522 984 33 21 till
570 984 119 21 erhällande
705 984 23 21 af
740 983 156 28 ifrägavarande
912 984 69 27 tjenst,

227 1025 50 14 men
291 1018 46 22 blef
344 1018 104 21 Kassören
464 1013 106 32 Lindberg
586 1018 40 21 den
643 1019 27 22 10
684 1018 45 22 Juli
745 1019 54 20 1901
816 1018 23 21 af
849 1018 91 21 Senaten
949 1018 33 21 till

228 1053 90 26 tjensten
333 1053 109 21 utnämnd.

296 1087 43 22 Det
357 1087 22 22 af
395 1087 135 22 Direktionen
548 1087 124 28 upprättade
694 1087 113 28 föreslaget
824 1087 33 21 till
872 1088 111 21 äterbesät-

228 1122 64 21 tande
308 1122 22 21 af
342 1121 290 28 bankkommissarietjensten
646 1122 8 21 i
668 1122 131 21 Nikolaistad
812 1122 79 27 upptog
900 1122 7 20 i
917 1121 66 22 första

228 1157 92 21 rummet
335 1157 106 21 Kassören
459 1156 34 22 vid
508 1157 96 21 kontoret
618 1157 7 20 i
640 1157 86 27 Wiborg
745 1152 76 37 Walter
836 1156 75 21 Ossian
927 1156 55 22 Gad-

229 1191 57 27 ding,
301 1191 8 21 i
324 1191 66 21 andra
403 1191 92 21 rummet
510 1188 62 24 Äldre
584 1191 135 22 bokhällaren
735 1191 34 21 vid
784 1191 98 21 Bankens
892 1191 91 21 hufvud-

228 1225 74 22 kontor
318 1225 48 22 Carl
380 1225 63 22 Adolf
455 1225 87 22 Fredrik
556 1225 116 22 Lindeblad
688 1226 38 21 och
736 1225 7 21 i
753 1225 65 27 tredje
828 1225 92 21 rummet
930 1225 52 21 Kas-

229 1261 61 20 sören
309 1259 34 22 vid
361 1260 95 21 kontoret
473 1260 8 20 i
499 1259 139 22 Tammerfors
657 1260 80 21 Walter
755 1259 98 28 Krogius.
882 1259 40 21 Till
940 1266 46 14 om-

228 1294 105 21 förmälda
347 1293 118 28 befattning
480 1294 126 21 utnämndes
629 1294 40 21 den
692 1294 27 21 15
741 1293 44 22 Juli
805 1293 54 22 1903
878 1293 106 22 Kassören

230 1328 102 28 Gadding,
349 1335 44 15 som
405 1328 78 28 jemväl
499 1329 83 21 erhällit
596 1328 204 28 Bankfullmäktiges
815 1328 75 22 förord.

298 1364 38 20 Att
350 1363 83 21 komma
447 1364 8 20 i
471 1363 74 21 åtanke
560 1363 35 22 vid
610 1363 123 22 besättande
745 1363 22 21 af
776 1363 208 21 bankkommissarie-

229 1397 91 27 tjensten
334 1397 35 22 vid
383 1398 96 21 kontoret
498 1398 2 20 i
515 1398 86 27 Wiborg
615 1398 54 21 hade
686 1398 22 21 af
720 1398 136 21 Direktionen
866 1397 119 28 föreslagits
