1034 1623
225 470 46 37 Till
295 470 114 37 Finlands
434 470 138 46 Höglofliga
596 470 109 38 Ständer.

160 577 50 21 Hos
227 576 128 21 Ständerna
370 577 35 21 får
420 577 168 28 Delegationen
604 577 36 21 för
650 576 122 23 Antellska
783 584 56 14 sam-

87 612 117 29 lingarnas
220 612 58 22 vård
301 612 127 21 härmedels
449 613 93 26 anmäla,
559 614 33 20 att
608 613 38 21 det
661 613 113 28 uppdrag,
791 620 49 14 som

87 648 168 29 Delegationen
279 648 118 28 emottagit
421 648 22 21 af
466 651 29 20 år
508 651 56 20 1900
580 649 138 21 församlade
734 648 105 27 Ständer,

88 684 53 21 med
155 683 156 22 innevarande
328 686 23 19 år
367 686 74 26 utgår.

158 720 37 21 Då
212 720 38 21 det
273 719 74 29 ålegat
369 719 168 29 Delegationen
560 722 33 19 att
612 720 36 21 för
663 719 176 29 ifrågavarande

87 755 80 29 period
183 755 35 22 till
235 755 128 22 Ständerna
375 755 101 22 inlämna
487 755 63 22 såväl
560 751 147 33 vederbörlig
717 755 122 22 berättelse

88 791 65 22 öfver
170 791 28 21 de
214 791 120 21 Antellska
358 791 164 29 samlingarnas
541 791 90 22 tillväxt
648 791 42 22 och
706 791 64 27 vård,
787 791 53 21 med

86 827 88 29 förslag
197 827 35 21 till
254 827 140 21 instruktion
417 827 36 21 för
475 827 101 29 följande
593 827 180 28 ständerperiod,
790 834 49 15 som

88 863 42 21 ock
146 863 151 28 redovisning
318 863 36 21 för
374 863 195 21 omhänderhafda
584 862 185 29 penningmedel,
787 870 52 14 men

86 898 164 29 förvaltnings-
267 899 43 20 och
326 897 211 30 redovisningsåret
553 901 60 18 ännu
624 898 52 21 icke
686 898 152 29 tilländagått,

86 934 66 21 torde
168 941 29 14 en
213 934 142 29 provisorisk
371 934 81 29 åtgärd
467 941 55 15 vara
537 935 36 20 för
583 934 100 21 tillfället
695 934 142 29 erforderlig.

86 970 70 21 Utom
180 972 32 19 att
235 970 168 28 Delegationen
425 970 51 21 icke
499 970 46 21 kan
564 970 78 21 förrän
659 970 57 21 efter
732 970 107 21 årsslutet

86 1005 116 22 inkomma
217 1005 53 22 med
285 1005 157 29 nyssnämnda
457 1005 128 26 berättelse,
602 1013 49 14 som
665 1008 48 19 åter
723 1005 42 22 bör
775 1005 64 29 ligga

86 1041 35 21 till
136 1041 76 29 grund
228 1041 36 21 för
280 1041 139 22 Ständernas
436 1041 106 28 åtgärder
558 1041 41 22 vid
613 1041 141 21 tillsättande
771 1041 23 21 af
810 1049 28 14 en

86 1084 32 21 ny
133 1077 145 28 Delegation,
296 1084 68 21 synes
381 1077 69 22 äfven
465 1077 61 22 valet
544 1077 23 21 af
584 1085 29 13 en
624 1077 71 21 sådan
704 1077 134 28 lämpligare

86 1112 104 29 försiggå
204 1113 79 26 under
295 1115 32 19 ett
343 1120 79 14 senare
439 1113 70 21 skede
526 1113 22 21 af
558 1113 218 28 landtdagsarbetet.
793 1113 46 21 Till

85 1148 150 21 undvikande
259 1148 23 21 af
305 1151 32 18 ett
358 1149 85 20 afbrott
458 1149 8 20 i
482 1149 87 22 vården
586 1149 42 21 och
644 1148 111 29 tillsynen
771 1149 22 20 af
810 1149 28 21 de

65 1212 2 2 —
84 1184 123 21 Antellska
223 1184 153 29 samlingarna
391 1184 35 21 får
444 1184 167 29 Delegationen
628 1184 77 21 därför
720 1184 119 22 vördsamt

84 1215 94 38 föreslå:
432 1223 3 2 :

301 1293 33 20 att
357 1291 128 22 Ständerna
507 1291 51 22 ville
582 1291 105 28 förlänga
710 1291 43 22 den
768 1299 69 14 nuva-

228 1327 70 22 rande
314 1327 173 28 Delegationens
503 1327 109 28 uppdrag,
624 1327 61 21 intill
701 1327 49 22 dess
767 1334 27 14 en
807 1334 31 21 ny

229 1363 132 27 Delegation
378 1363 80 21 hinner
475 1363 69 27 blifva
559 1363 9 21 i
582 1363 51 27 laga
644 1363 95 27 ordning
750 1363 86 21 tillsatt.
