1028 1617
188 66 29 21 28
493 65 30 23 U.
539 66 28 22 B.
583 65 28 15 —
625 66 28 20 11.

188 134 118 22 föranledis
329 134 75 22 endast
425 135 22 20 af
468 134 170 21 vederbörandes
660 135 101 26 missnöje
777 134 48 20 med
842 140 27 15 en
883 134 65 21 fram-

189 168 88 22 stäende
292 168 183 22 fiskerifackmans
491 168 99 28 politiska
604 169 114 21 tänkesätt.

437 306 66 22 Elfte
518 306 182 23 hufvudtiteln.

383 374 373 29 Kommunikationseapeditionen.

263 434 172 33 Öfverstyrelsen
450 439 39 21 och
504 439 170 28 ingeniörkären
688 439 37 28 för
739 441 53 26 väg-
811 439 39 22 och
864 440 86 20 vatten-

192 473 155 28 byggnaderna
362 473 91 22 kostade
799 475 2 3 |

410 531 24 20 år
449 531 56 21 1898
532 531 55 21 Fmk
604 531 96 25 225,362:
717 531 26 21 82

415 573 9 11 »
452 565 55 22 1900
554 574 9 11 »
603 565 97 27 284412:
717 566 27 20 84

415 608 9 11 »
455 600 55 21 1902
557 609 8 10 »
599 600 96 25 342,099:
711 600 28 21 48
762 599 41 22 och
820 601 105 26 upptages
944 599 8 20 i

192 633 159 28 statsförslaget
364 633 35 22 för
411 633 24 22 är
447 634 56 21 1904
513 633 52 21 till»
597 634 97 26 370,950:
710 633 36 29 —]

261 695 43 22 Till
319 697 52 27 väg-
387 696 40 21 och
443 696 277 28 vattenbyggnadsarbeten
736 696 38 21 har
789 695 105 22 användts

307 730 24 21 är
346 730 55 21 1898
416 730 56 21 F'mk
488 731 96 26 355,436:
601 731 27 20 64

313 774 8 10 »
347 765 56 21 1900
435 773 8 10 »
485 765 98 25 —461,017:
601 765 26 21 72

313 808 10 10 »
348 799 56 21 1902
437 807 8 11 »
487 799 97 27 350,000:
605 811 17 3 —
634 799 79 28 (obegr.
724 798 228 28 reservationsanslag)

314 841 9 12 »
349 833 56 22 1904
437 842 8 10 »
488 833 97 26 350,000:
601 845 28 4 —
715 833 34 21 d:o
817 833 33 20 d:o

263 901 128 28 Stegringen
406 902 7 20 i
428 901 93 28 utgiften
544 901 35 22 för
600 901 168 29 öfverstyrelsen
791 901 41 21 och
846 901 107 28 ingeniör-

194 935 66 28 kåren
275 935 48 22 med
348 936 63 27 65"/,
433 938 120 19 motsvaras
572 935 90 22 sålunda
685 935 49 22 icke
750 935 22 21 af
787 935 70 28 någon
873 935 81 28 ökning

193 970 24 21 af
232 969 27 22 de
273 969 88 22 utförda
376 970 108 25 arbetena,
499 969 25 22 så
539 970 48 21 vidt
602 970 73 21 dessas
686 970 131 27 omfattning
826 969 93 28 framgår
930 969 23 21 af

193 1003 127 22 kostnaden.
350 1003 49 22 Den
414 1004 98 28 verkliga
528 1004 165 28 arbetsutgiften
708 1004 69 21 under
793 1003 26 22 de
834 1004 53 21 sista
902 1003 51 21 åren

193 1039 106 21 inhemtas
322 1038 34 21 för
377 1038 66 28 öfrigt
458 1039 48 20 icke
522 1038 23 21 af
565 1038 114 27 bokslutet,
695 1039 28 21 då
739 1038 59 21 detta
814 1037 76 22 endast
904 1037 50 21 från

195 1073 106 28 budgeten
325 1073 85 28 återger
431 1073 250 28 reservationsanslaget,
704 1080 49 14 men
775 1072 48 22 icke
839 1071 37 22 det
891 1071 63 22 däraf

194 1106 99 23 använda
309 1107 109 28 beloppet;
435 1107 97 28 anslaget
547 1107 34 21 får
595 1107 111 22 betraktas
721 1107 71 22 såsom
808 1109 31 19 ett
854 1106 100 28 ungefär-

194 1142 39 25 ligt
248 1141 101 22 medeltal
364 1141 23 21 af
403 1141 26 21 de
445 1141 67 28 årliga
527 1141 123 28 utgifterna.
667 1142 15 27 +)

263 1227 28 19 11
303 1228 110 18 relationens
430 1227 101 23 inledning,
550 1227 64 19 tablån
625 1233 15 12 s.
656 1228 29 21 41,
698 1228 21 17 är
731 1226 82 24 utgiften
824 1226 29 18 för
864 1226 44 23 väg-
920 1226 36 18 och

194 1256 249 24 vattenbyggnadsarbetena
458 1257 21 17 år
494 1256 47 18 1904
550 1258 96 22 upptagen
657 1256 29 18 till
698 1256 76 22 638,000
785 1255 59 18 mark.
868 1254 86 19 Emeller-

194 1285 28 18 tid
231 1285 99 19 återfinnes
341 1285 84 18 hvarken
435 1285 8 17 i
454 1284 38 19 tab.
505 1285 22 18 30
540 1285 43 18 eller
594 1285 7 17 i
611 1284 57 19 andra
674 1285 30 17 uti
709 1284 101 18 relationen
817 1283 73 23 tryckta
896 1282 59 18 hand-

193 1315 60 23 lingar
269 1314 59 23 några
345 1315 61 22 poster
423 1313 12 18 å
452 1313 76 23 288,000
542 1314 59 22 mark,
614 1319 40 13 som
668 1312 57 20 borde
736 1314 64 22 läggas
810 1312 28 18 till
849 1312 83 23 anslaget
944 1312 12 17 &

194 1343 51 18 Fmk
256 1342 80 24 350,000.
345 1352 23 3 —
375 1342 10 18 I
393 1342 49 18 hvad
453 1342 12 18 &
477 1348 14 12 s.
500 1342 23 18 43
532 1342 20 18 af
560 1341 118 25 inledningen
686 1343 21 17 är
715 1341 56 23 sagdt
779 1347 31 13 om
819 1342 43 22 väg-
871 1340 35 18 och
915 1342 39 16 vat-

194 1370 165 25 tenbyggnaderna
370 1371 53 23 ingår
435 1372 27 16 ett
478 1370 88 24 tryckfel:
585 1370 45 19 1904
642 1371 7 17 i
661 1372 23 17 st.
695 1370 14 18 f.
723 1370 50 18 1894.

264 1417 143 18 Statsutskottets
419 1416 112 18 betänkande
543 1416 38 18 N:o
594 1417 17 17 4.
