1050 1625
465 61 12 27 I
809 64 13 24 Kl

93 134 46 23 stät
153 132 79 26 blifvit
247 135 141 23 stadfästado
402 137 59 20 samt
476 135 55 22 därä
540 136 9 21 i
558 135 112 22 Finlands
680 135 173 29 Förfatinings-

93 170 99 28 samling
206 170 154 28 publicerade.

162 204 34 28 19)
220 199 75 27 Sedan
318 204 127 22 Ständerna
466 204 10 22 i
492 202 78 31 Nädig
591 204 147 29 proposition
755 204 97 22 rörande

92 239 106 28 partiella
221 239 124 29 ändringar
361 239 8 21 i
383 240 231 28 Rättegängsbalken
636 239 111 29 förelagts
765 239 87 28 förslag

92 274 37 21 till
151 273 162 29 förordningar
336 273 20 29 ej
379 272 89 23 mindre
487 274 118 28 angäende
624 274 87 21 ändrad
725 274 89 28 lydelse
830 272 23 22 af

93 308 111 21 särskilda
226 308 132 28 paragrafer
377 308 9 21 i
401 308 71 28 sagda
493 308 56 22 balk
564 311 28 18 än
609 316 36 14 om
662 308 189 28 stämningsmän,

92 342 70 22 hafva
184 342 128 22 Ständerna
329 343 9 21 i
357 342 144 29 underdänig
524 342 120 23 skrifvelse
664 343 23 21 af
703 343 44 21 den
761 343 32 21 21
804 339 47 31 Maj

94 376 56 22 1900
165 377 41 22 hos
220 377 65 21 Hans
295 377 131 29 Kejserliga
436 377 109 29 Majestät
554 377 93 29 anmält,
659 380 33 19 att
703 376 150 23 förenämnda

92 411 87 28 förslag
193 411 80 22 blifvit
289 411 23 22 af
327 411 127 22 Ständerna
465 414 101 26 antagna
576 412 52 21 med
638 412 73 28 några
723 412 129 27 ändringar.

161 446 13 20 I
189 446 125 28 anledning
325 445 69 22 häraf
406 446 40 21 har
460 446 66 22 Hans
541 446 131 28 Kejserliga
681 445 109 29 Majestät
800 446 54 21 låtit

94 480 44 22 den
153 481 13 21 7
182 480 134 28 September
331 480 55 22 1901
402 480 92 22 utfärda
509 480 166 29 författningar
688 480 9 22 i
709 482 77 20 ämnet
795 480 10 21 i
815 488 38 13 en-

92 514 74 29 lighet
181 515 53 21 med
249 514 139 22 Ständernas
404 515 80 22 beslut.

162 549 35 28 20)
213 549 42 22 Uti
269 549 78 29 Nädig
362 550 144 28 proposition
522 550 41 21 har
578 550 65 21 Hans
658 549 132 29 Kejserliga
805 549 48 22 Ma-

90 583 72 29 jestät
176 583 100 29 förelagt
291 583 127 23 Ständerna
433 583 87 29 förslag
535 584 37 21 till
587 584 136 28 förordning
734 584 120 28 angående

94 618 87 21 ändrad
202 619 89 28 lydelse
313 618 23 22 af
358 618 14 21 9
395 619 42 21 och
460 619 27 21 13
510 620 27 26 $$
557 619 9 21 i
584 618 166 29 förordningen
765 619 46 21 den
826 618 26 21 11

93 653 111 21 Februari
222 653 57 21 1889
298 660 37 14 om
350 653 76 28 skydd
440 653 36 22 för
491 653 160 27 varumärken;
668 651 49 24 och
725 653 42 21 har
782 652 72 29 sagda

93 686 244 29 författningsförslag,
354 688 30 27 på
399 689 45 20 sätt
460 687 128 22 Ständerna
605 687 8 21 i
623 687 145 28 underdånig
786 686 68 23 skrif-

93 722 63 21 velse
178 721 37 22 för
230 721 44 22 den
289 722 28 21 21
332 721 46 29 Maj
395 721 57 22 1900
466 722 9 21 i
489 721 186 29 underdånighet
690 722 93 28 anmält,
798 721 55 22 blif-

93 756 35 22 vit
146 755 26 22 af
188 756 128 22 Ständerna
334 757 52 21 med
402 757 72 28 några
488 757 90 21 mindre
594 756 124 29 ändringar
733 755 121 30 godkändt

93 791 73 21 under
188 790 173 29 förutsättning,
378 793 34 19 att
427 791 119 21 enahanda
560 790 121 29 förmåner,
701 798 50 14 som
769 797 85 22 genom

93 824 175 30 ifrågavarande
283 825 135 29 förordning
430 826 92 21 komme
534 827 34 20 att
577 826 95 22 beredas
683 826 56 28 rysk
748 825 106 28 närings-

93 860 80 21 idkare
192 860 9 21 i
219 860 106 28 Finland,
342 860 68 21 äfven
424 860 71 22 varda
509 860 61 22 finsk
584 859 175 29 näringsidkare
774 860 9 20 i
799 859 55 29 Kej-

94 894 129 22 saredömet
237 894 145 22 tillerkända.

162 928 66 22 Hans
250 928 130 29 Kejserliga
402 928 108 29 Majestät
525 928 41 22 har
582 928 44 22 den
641 929 28 21 22
684 929 99 21 Januari
798 928 56 22 1903

94 963 75 21 täckts
184 963 9 21 i
207 963 77 22 Nåder
306 962 114 23 fastställa
443 963 38 22 det
504 963 25 22 af
550 963 128 22 Ständerna
693 965 101 27 antagna
809 962 46 22 för-

94 998 75 27 slaget
183 998 37 21 till
234 997 137 29 förordning
385 997 10 21 i
410 1000 86 25 ämnet;
513 998 43 21 och
566 998 41 20 har
617 997 166 28 förordningen
793 996 63 22 trädt

94 1032 7 21 i
117 1031 63 22 kraft
196 1032 43 21 den
255 1032 29 21 14
298 1032 51 21 Juli
361 1037 89 16 samma
466 1033 30 27 år,
512 1032 120 28 samtidigt
647 1031 52 22 med
715 1039 28 13 en
753 1031 36 21 för
799 1030 57 29 Kej-

95 1066 128 22 saredömet
237 1066 108 22 utfärdad
359 1066 135 29 förordning
510 1066 120 29 angående
645 1066 75 29 skydd
735 1065 35 23 för
780 1065 76 22 finska

94 1100 190 23 industriidkares
299 1101 157 22 varumärken.
844 1129 2 2 .

164 1135 36 28 21)
215 1135 34 22 På
264 1137 46 20 sätt
326 1135 128 22 Ständerna
468 1136 9 21 i
491 1135 145 28 underdånig
647 1134 120 23 skrifvelse
777 1134 24 22 af
812 1135 44 21 den

95 1170 28 21 22
137 1170 46 28 Maj
201 1170 56 22 1900
273 1171 92 27 anmält,
380 1169 72 24 hafva
467 1170 129 22 Ständerna
610 1169 54 22 med
678 1171 73 27 några
765 1169 90 22 mindre

95 1204 125 29 ändringar
246 1205 90 28 antagit
363 1204 39 22 det
427 1205 8 21 i
456 1205 78 28 Nädig
559 1204 144 29 proposition
727 1203 129 22 Ständerna

94 1238 120 29 förelagda
235 1238 111 29 förslaget
368 1239 37 21 till
423 1239 40 28 lag
481 1239 119 28 angående
618 1238 183 29 fartygsredares
818 1245 38 14 an-

95 1273 119 29 svarighet
227 1273 36 22 för
278 1273 163 29 kroppsskada,
458 1275 50 20 som
522 1273 98 22 drabbar
630 1273 89 28 sjöman
729 1273 9 20 i
748 1273 107 28 tjensten,

92 1307 72 28 jemte
180 1307 39 22 det
234 1307 128 22 Ständerna
378 1307 108 22 aflemnat
500 1308 156 28 underdänigt
670 1307 109 28 yttrande
793 1306 63 22 öfver

96 1342 38 21 det
148 1342 36 22 uti
199 1342 71 28 sagda
284 1342 146 29 proposition
445 1343 52 21 dem
511 1342 37 21 till
563 1342 144 29 upplysning
722 1341 135 22 meddelade

94 1375 88 30 förslag
200 1377 38 21 till
256 1377 140 28 reglemente
411 1376 36 22 för
463 1375 394 30 olycksfallsförsäkringsanstalten

94 1410 36 22 för
146 1411 89 28 sjömän
250 1411 8 21 i
273 1411 116 21 Finland.:
