1009 1606
235 71 93 17 Antellska
341 71 134 23 samlingarnas
488 72 73 18 tillväxt
572 72 30 17 och
615 72 50 17 vård.
767 71 60 18 27

74 142 46 22 Det
143 144 70 27 säger
235 143 38 28 sig
297 142 72 29 själft,
391 143 35 22 att
441 150 30 15 en
487 144 48 22 stor
551 143 38 23 del
605 143 24 22 af
645 143 69 22 dessa
729 143 111 23 föremål.

75 177 52 23 icke
143 178 53 28 fyllt
214 178 46 22 den
276 177 203 29 måttstock,
429 173 46 38 som
494 178 37 23 för
547 178 28 23 de
590 179 125 22 Antellska
725 179 102 22 -samlin-

76 213 73 29 gärna
165 214 77 22 måste
258 221 58 15 vara
332 214 116 29 gällande.
472 214 47 23 Vid
535 214 40 22 det
590 214 75 27 urval,
682 221 51 16 som
744 214 85 22 härvid

75 250 76 22 måste
175 250 92 27 träffas,
291 250 43 22 har
357 250 170 29 Delegationen
544 250 60 22 dock
620 250 53 22 bort
689 250 88 22 beakta
794 251 35 21 att

74 285 105 28 föremål,
196 292 49 16 som
263 286 8 22 i
287 286 43 22 och
346 286 36 22 för
398 286 37 29 sig
447 285 59 30 egde
518 287 33 21 ett
562 286 91 22 mindre
663 286 80 28 värde,
754 286 75 25 likväl

75 321 81 22 kunde
172 318 175 32 ifrågakomma
363 322 35 22 till
413 322 80 29 inköp,
506 322 49 22 dels
567 328 49 16 som
628 321 201 23 karaktäristiska

74 356 36 24 för
136 357 157 23 lefnadssättet
307 358 10 21 i
332 358 133 29 förgångna
481 358 67 27 tider,
565 358 51 24 dels
627 364 51 16 som
689 353 138 34 komplette-

74 394 55 28 ring
140 393 35 22 till
186 393 144 29 förefintliga
341 393 155 23 kollektioner
503 395 12 21 i
527 400 28 16 de
566 393 117 24 särskilda
694 400 133 16 museerna.

75 428 31 23 Så
121 428 43 23 har
181 429 142 29 exempelvis
338 429 95 23 inlösts:
450 436 29 16 en
492 429 173 28 bordstudsare,
677 436 52 16 som
740 429 89 23 tillhört

76 464 117 23 särskilda
208 464 155 23 medlemmar
379 465 25 22 af
420 466 93 22 släkten
535 465 64 23 Heldt
609 466 8 21 i
629 465 61 28 Abo;
702 472 30 16 en
743 464 84 24 mikro-

75 500 108 29 skopiskt
199 501 115 22 utskuren
330 501 181 28 sviskonkärna,
521 501 168 23 föreställande
701 501 127 23 Columbus

77 536 112 23 ankomst
204 536 27 22 till
255 536 121 28 Amerika,
394 537 97 22 hvilken
507 537 89 22 tillhört
611 536 218 29 landshöfdingen
816 532 16 37 i

74 572 90 22 Kuopio
180 572 41 23 län
237 572 84 24 Gustaf
336 572 117 28 Aminoff;
470 580 28 15 en
516 568 198 34 skulpterad
665 564 46 42 och
727 572 101 29 förgylld

86 608 125 28 afvelram;
236 608 186 29 guldörhängen,
447 608 145 30 guldringar,
616 608 139 23 härdiadem
774 608 55 22 med

85 643 47 23 lere
155 644 214 29 familjesmycken.
401 644 33 23 Pä
451 644 64 23 detta
531 644 95 23 omräde
642 644 43 23 har
702 644 44 22 ock
762 644 66 22 Dele-

75 680 113 28 gationen
207 680 46 22 fätt
268 680 35 22 för
319 680 146 29 samlingens
482 680 103 29 räkning
601 681 121 28 emottaga
738 680 89 29 gäfvor,

76 716 77 22 säsom
178 715 131 30 solfjädrar,
335 716 123 28 broderier,
483 716 112 29 ridikyler
615 716 43 23 och
676 716 73 22 andra
765 716 64 22 frun-

85 751 261 23 iinmershandarbeten
369 752 54 22 från
446 749 135 32 förgångna
597 752 67 27 tider,
682 752 23 22 af
720 752 108 22 kommu-

75 787 158 23 nalrädinnan
255 788 29 22 M.
301 788 150 28 Degerholm,
469 788 137 29 majorskan
625 788 111 23 Karolina
752 788 76 27 Forss,

85 824 74 24 röken
185 823 77 23 Gerda
285 824 114 27 Frietsch,
425 824 218 22 enkesenatorskan
669 824 160 22 friherrinnan

80 859 19 22 K.
116 859 98 23 Palmén
231 859 43 23 och
289 859 84 23 fröken
389 860 84 29 Fanny
488 860 105 22 Palmén.

146 895 36 22 En
193 895 134 29 betydande
337 896 127 28 tillökning
475 896 44 22 har
529 896 101 22 kommit
641 895 29 23 de
681 895 148 23 kinesiska

76 930 44 23 och
132 931 143 29 japanska
291 931 193 29 samlingarna
500 932 36 22 till
551 932 44 22 del.
623 930 90 24 Genom
729 931 99 23 förmed-

84 967 42 28 ing
142 966 24 23 af
186 960 109 40 magister
313 964 79 26 Alfred
403 967 126 23 Hackman
539 967 43 23 har
592 967 171 29 Delegationen
771 974 58 22 upp-

81 1003 51 28 köpt
152 1009 29 15 en
197 1009 162 16 amanuensen
376 1003 41 22 vid
431 1003 222 22 Nationalmuseum
667 1003 9 22 i
692 1002 137 23 Stockholm

75 1037 23 23 F.
116 1038 25 22 R.
158 1038 87 28 Martin
260 1038 104 29 tillhörig
379 1038 130 23 kollektion
526 1039 24 22 af
560 1038 176 23 kinesiska
693 1033 41 38 och
745 1039 84 28 japan-

75 1073 45 23 ska
136 1074 176 28 konstföremäl,
328 1081 76 21 vaser,
421 1074 99 27 kannor,
531 1074 126 23 lackerade
668 1074 68 29 dosor
747 1081 31 15 m.
790 1081 39 20 m.,

74 1109 179 30 sammanlagdt
277 1113 27 19 18
328 1110 99 23 föremäl
451 1110 36 23 för
505 1110 62 23 Fmk
584 1114 71 24 1,150:
674 1124 33 8 —.
740 1110 90 22 Doktor

66 1145 82 26 .Oscar
154 1145 134 30 Nordqvist,
298 1152 51 16 som
358 1146 40 22 vid
406 1143 168 26 hemkomsten
582 1146 55 23 med
645 1145 184 24 Nordenskiölds

75 1181 202 30 Vegaexpedition
300 1182 8 22 i
331 1182 78 29 Japan
433 1182 132 23 förvärfvat
585 1182 117 23 särskilda
719 1182 71 22 alster
807 1181 23 23 af

72 1217 106 29 japansk
193 1217 115 28 konstflit,
326 1217 42 23 har
385 1218 24 22 af
425 1217 55 23 dem
495 1218 36 22 till
547 1218 163 29 samlingarna
721 1217 109 29 föryttrat

76 1259 28 16 en
121 1253 114 29 målning,
252 1253 79 22 utförd
347 1254 30 29 pä
394 1261 29 15 en
440 1254 101 29 tygrulle
557 1261 38 15 om
607 1257 41 24 3,s0
659 1255 86 21 meters
756 1253 75 29 längd

75 1288 43 23 och
142 1293 28 18 22
188 1295 38 16 cm
241 1289 56 29 höjd
313 1289 49 22 och:
373 1289 166 23 illustrerande
554 1290 80 29 någon
650 1289 131 23 fantastisk
794 1290 35 28 ja-

75 1325 77 28 pansk
175 1331 65 23 saga,
265 1325 122 22 äfvensom
411 1326 84 22 trenne
515 1325 71 23 askar
601 1325 54 22 med
671 1325 158 29 halminlägg-

74 1361 198 28 ningsornament
291 1361 36 22 för
343 1361 179 29 sammanlagdt
537 1361 62 22 Fmk
615 1362 50 21 550:
686 1375 45 8 —
723 1357 15 38 .
750 1361 79 30 Stabs-
