1048 1625
238 64 27 24 18
582 64 13 24 i
831 85 4 7 :

209 136 13 20 å
237 142 86 16 annans
345 135 147 29 tillhörighet
525 136 147 22 förorsakades
695 143 83 21 genom
800 132 125 25 befarande
947 135 24 22 af

208 170 173 28 vattendragen.

277 204 64 22 Hans
356 204 132 29 Kejserliga
502 204 109 29 Majestät
625 204 43 22 har
678 182 48 44 den
742 205 28 21 23
783 204 51 22 Juli
848 204 56 22 1902
914 204 56 22 fast-

209 240 55 20 stält
279 239 170 22 ofvannämnda
459 240 39 28 lag
509 239 44 22 och
562 238 143 29 förordning,
718 239 42 21 och
770 238 69 23 hafva
850 239 64 21 dessa
924 238 46 22 för-

208 271 128 30 fattningar
346 272 80 24 blifvit
435 274 9 21 i
454 273 282 29 författningssamlingen
747 274 43 21 den
800 274 26 21 19
836 273 134 30 September

209 308 56 22 1902
275 308 153 29 publicerade.
451 308 46 22 Vid
505 308 148 21 utfärdandet
662 307 22 22 af
691 307 175 30 ifrågavarande
874 308 96 21 admini-

209 343 96 22 strativa
327 343 137 28 förordning
486 343 71 21 hafva
579 343 28 21 de
625 342 53 22 utaf
694 342 128 22 Ständerna
836 342 134 22 framstälda

210 377 175 28 önskningsmäl
399 377 111 22 beaktats.
541 377 139 22 Ständernas
698 377 149 22 omförmälda
862 377 108 22 anhållan

210 412 47 21 oml
272 411 139 29 agstiftning
427 411 119 29 angående
562 412 129 28 ersättning
706 411 36 22 för
755 411 71 22 skada
837 411 134 22 förorsakad

209 453 86 21 genom
309 445 125 23 befarande
444 445 24 22 af
474 446 168 29 vattendragen
649 446 42 21 har
700 447 102 21 deremot
809 447 97 20 lemnats
914 448 57 19 utan

211 480 110 22 afseende.

278 515 36 28 41)
329 515 52 22 Den
405 515 129 22 Ständerna
552 515 120 29 förelagda
690 515 92 29 Nädiga
796 515 174 29 propositionen

211 550 117 28 angående
348 550 86 21 ändrad
453 550 88 28 lydelse
557 550 23 21 af
595 550 27 21 33
638 550 51 28 kap.
706 550 27 21 13
749 550 43 22 och
807 550 27 21 15
849 551 27 26 8$
892 550 79 22 Straff-

210 584 71 28 lagen
296 583 23 23 af
334 584 44 22 den
394 584 27 22 19
436 584 127 22 December
578 584 63 29 1889,
657 584 69 22 hafva
742 584 128 22 Ständerna
881 584 90 28 antagit

209 618 54 22 med
285 618 27 22 de
335 618 124 28 ändringar
482 618 64 22 deras
569 618 158 28 underdäniga
749 618 184 23 svarsskrifvelse
949 618 23 22 af

211 652 43 22 den
270 652 14 22 5
299 653 57 21 Juni
373 652 57 22 1900
444 653 132 21 innehäller.

278 688 13 20 I
307 687 125 28 anledning
446 686 68 22 häraf
527 687 41 21 har
583 687 64 22 Hans
663 687 131 29 Kejserliga
808 687 107 29 Majestät
927 687 44 21 den

210 722 28 21 23
253 722 51 22 Juli
318 722 57 21 1902
389 721 103 23 faststält
510 721 137 29 förordning
662 722 9 21 i
686 724 78 19 ämnet
778 722 8 21 i
802 722 102 28 enlighet
918 722 53 21 med

211 756 138 22 Ständernas
368 756 83 28 beslut,
466 756 97 22 hvilken
577 756 137 28 förordning
729 756 127 22 sedermera
870 755 79 23 blifvit
963 756 9 21 i

209 790 283 29 författningssamlingen
507 790 140 29 publicerad.

278 825 37 28 42)
338 825 76 22 Sedan
438 825 127 22 Ständerna
587 825 111 28 förelagts
720 825 78 28 Nädig
820 825 150 28 proposition,

209 859 160 22 innefattande
383 860 63 21 vissa
460 859 173 28 bestämningar
649 867 38 14 om
701 859 138 29 uppgäende
855 859 23 21 af
892 862 79 25 gräns-

211 893 101 22 skillnad
327 893 10 22 i
351 893 138 28 vattendrag
505 893 43 22 och
559 893 69 22 skifte
639 893 26 22 af
672 893 143 28 fiskevatten,
826 893 70 22 hafva
906 893 66 22 Stän-

211 928 76 28 derna,
311 928 74 22 under
408 928 144 28 åberopande
575 927 23 22 af
612 928 62 22 hvad
689 928 28 21 de
732 927 77 22 anfört
823 928 9 21 i
848 928 124 28 anledning

211 962 23 22 af
249 963 45 21 den
316 963 92 28 Nådiga
430 963 174 28 propositionen
628 970 37 14 om
688 962 130 29 antagande
841 970 17 14 af
878 963 40 28 lag
933 970 39 14 an-

210 997 89 28 gående
313 1005 34 20 ny
361 997 90 28 lydelse
466 997 23 21 af
504 997 27 21 12
542 997 51 28 kap.
605 997 43 22 och
659 997 27 21 15
696 997 52 28 kap.
760 997 14 21 3
785 998 13 26 $
808 997 163 28 Jordabalken,

209 1032 36 21 uti
267 1031 185 22 svarsskrifvelse
476 1031 25 22 af
514 1031 44 22 den
573 1031 13 21 5
602 1031 59 22 Juni
675 1031 57 22 1900
747 1031 93 28 anmält,
857 1033 34 19 att
906 1031 66 22 Stän-

211 1065 70 23 derna
303 1066 105 28 godkänt
427 1066 38 22 det
480 1066 9 22 i
504 1066 44 22 den
563 1066 92 29 Nådiga
669 1066 175 28 propositionen
858 1066 115 28 ingående

209 1100 128 29 lagförslag
351 1101 54 21 med
420 1100 112 22 särskilda
543 1100 124 29 ändringar
678 1101 43 21 och
730 1101 90 28 tillägg,
830 1100 72 22 delvis
910 1100 63 22 hem-

209 1135 54 21 tade
278 1134 51 22 från
344 1134 133 22 förberörda
492 1134 91 29 Nådiga
598 1135 143 28 proposition
752 1134 119 29 angående
882 1134 91 22 ändrin-

210 1176 42 21 gar
266 1169 9 21 i
289 1169 164 28 Jordabalken,
470 1169 42 21 och
528 1169 87 21 således
627 1170 90 28 antagit
727 1177 29 14 en
765 1170 40 27 lag
815 1168 158 23 innefattande

210 1203 173 29 bestämningar
399 1211 37 14 om
450 1204 119 21 råskilnad
583 1204 9 20 i
607 1206 80 19 vatten
703 1204 43 22 och
761 1211 37 14 om
811 1203 70 22 skifte
891 1203 25 22 af
924 1206 49 19 vat-

211 1238 138 21 tenområde.

280 1272 13 21 I
308 1272 127 28 anledning
449 1272 68 21 bäraf
529 1271 42 22 har
585 1272 65 21 Hans
665 1272 131 28 Kejserliga
811 1272 108 28 Majestät
930 1272 43 21 den

211 1306 27 22 27
261 1306 51 22 Juli
334 1306 64 28 1902,
419 1306 10 22 i
444 1306 103 28 enlighet
568 1306 52 22 med
641 1306 139 22 Ständernas
795 1305 178 29 framställning,

210 1339 103 23 faststält
329 1348 28 14 en
372 1341 9 21 i
396 1340 282 29 författningssamlingen
697 1340 128 23 sedermera
840 1340 134 29 publicerad

209 1375 40 29 lag
264 1376 9 21 i
289 1378 84 19 ämnet.
