1039 1620
103 1131 17 20 e)
134 1130 35 17 Vid
181 1130 41 17 kon-

271 65 28 20 14

310 127 35 21 vid
367 127 96 22 kontoret
480 128 8 20 i
506 128 69 21 Kotka
594 128 41 21 den
651 128 26 21 10
693 127 90 22 Oktober
800 127 55 22 1900
871 128 24 21 af
906 128 92 22 Bankdi-

240 161 98 21 rektören
357 162 105 27 Wegelius
482 163 54 20 samt
552 162 40 22 den
609 162 27 22 14
651 162 38 22 och
707 162 26 22 15
747 162 60 28 April
823 162 55 22 1903
894 163 23 21 af
929 163 72 21 Bank-

242 196 119 21 direktören
376 203 40 15 von
434 195 83 27 Collan;

311 230 35 21 vid
361 231 95 21 kontoret
470 231 7 21 i
492 231 80 27 Kuopio
589 231 40 21 den
646 232 32 25 14,
691 232 26 21 15
729 231 37 21 och
778 231 25 21 16
813 231 118 21 November
944 232 55 21 1900

241 264 23 22 af
280 264 180 22 Bankdirektören
479 272 40 15 von
538 265 74 22 Collan
630 266 55 21 samt
705 265 40 21 den
760 266 13 20 3
789 265 38 21 och
834 266 23 36 4
870 266 57 21 Mars
944 266 55 21 1902

241 299 23 21 af
277 299 181 22 Bankdirektören
472 300 119 27 Wegelius
582 295 12 36 ;

310 334 35 21 vid
360 334 95 21 kontoret
469 334 7 21 i
492 334 32 22 S:t
537 334 78 22 Michel
631 334 40 21 den
689 335 26 21 12
727 334 37 21 och
777 334 25 21 13
812 307 118 59 Növerdbar
942 334 55 22 1900

240 368 24 21 af
276 368 182 22 Bankdirektören
473 375 38 15 von
528 368 73 22 Collan
616 369 55 21 samt
687 368 40 22 den
743 368 13 22 5
772 368 38 22 och
827 370 12 20 6
847 369 57 21 Mars
915 369 52 21 1902
978 368 24 22 af

240 403 182 21 Bankdirektören
437 403 116 27 Wegelius;

309 437 36 21 vid
364 437 96 21 kontoret
482 437 7 21 i
511 437 131 21 Nikolaistad
662 437 41 21 den
718 437 35 26 23,
768 438 29 21 24
812 437 39 22 och
867 438 27 21 25
909 437 91 22 Oktober

241 471 55 21 1901
314 471 22 21 af
349 471 180 21 Bankdirektören
543 478 41 15 von
599 471 87 25 Collan
678 466 12 36 ;

309 505 36 21 vid
367 506 95 20 kontoret
481 506 7 20 i
508 505 29 21 St.
556 506 128 27 Petersburg
705 505 41 21 den
765 506 13 20 9
797 506 88 21 Januari
904 507 54 20 1902
978 491 23 36 af

240 540 181 21 Bankdirektören
436 540 116 27 Wegelius;

308 574 36 22 vid
366 575 95 21 kontoret
482 575 8 21 i
512 574 114 22 Sordavala
649 575 42 21 den
713 576 28 21 26
765 574 122 28 September
906 576 56 20 1900
977 574 23 22 af

239 609 182 22 Bankdirektören
440 610 106 27 Wegelius
569 610 55 21 samt
643 610 40 21 den
704 610 13 21 3
736 610 38 21 och
793 611 14 20 4
825 610 60 28 April
904 610 55 21 1902
979 610 24 21 af

239 643 181 22 Bankdirektören
435 650 40 15 von
490 644 84 25 Collan
564 639 13 35 ;
629 639 2 2 |

308 678 36 21 vid
358 678 96 22 kontoret
472 678 3 21 i
490 678 140 22 Tammerfors
647 678 40 22 den
703 680 12 20 7
731 679 39 21 och
786 679 12 21 8
809 679 57 21 Mars
878 679 53 21 1901
943 679 56 21 samt

240 712 41 21 den
301 713 27 21 14
347 713 38 21 och
404 713 27 21 15
450 712 90 22 Oktober
557 713 55 21 1903
628 713 23 21 af
663 713 181 21 Bankdirektören
859 720 40 15 von
915 713 84 25 Collan;

308 747 36 22 vid
365 748 96 21 kontoret
481 748 8 20 i
511 748 129 21 Tavastehus
661 748 40 20 den
720 748 27 21 22
764 748 89 21 Oktober
870 748 53 22 1901
941 748 55 21 samt

240 782 40 21 den
300 782 26 21 12
347 782 39 21 och
405 782 26 21 13
450 782 91 22 Oktober
558 782 55 22 1903
629 782 23 21 af
664 782 181 22 Bankdirektören
859 790 40 14 von
915 782 83 26 Collan;

308 816 35 21 vid
358 817 94 20 kontoret
466 816 8 21 i
489 816 105 27 Uleåborg
609 817 41 20 den
665 817 12 20 8
694 817 38 20 och
748 817 13 21 9
775 816 117 22 December
909 817 54 21 1902
979 816 24 22 af

238 851 180 21 Bankdirektören
434 857 39 15 von
490 851 84 25 Collan
565 847 12 34 ;

308 885 34 22 vid
358 886 94 21 kontoret
466 885 8 21 i
490 885 85 28 Wiborg
591 885 40 22 den
648 886 34 26 21,
698 887 27 20 22
737 880 43 27 och
786 886 27 21 23
823 886 42 27 Maj
878 886 53 21 1901
943 886 57 21 samt

239 920 41 21 den
301 921 33 26 16,
355 921 24 20 17
396 920 38 21 och
452 921 25 20 18
493 920 59 27 April
569 921 55 21 1903
640 920 23 21 af
674 920 181 21 Bankdirektören
871 927 40 15 von
926 920 72 21 Collan

239 955 56 20 samt

309 988 35 22 vid
366 989 94 21 kontoret
481 989 9 21 i
512 983 44 27 Äbo
576 989 41 21 den
635 990 32 24 18,
687 990 32 26 19,
735 989 28 21 20
779 989 38 21 och
833 989 26 21 21
876 988 124 28 September

240 1023 55 21 1900
319 1024 55 20 samt
392 1024 41 21 den
448 1024 20 26 5,
484 1024 20 26 6,
521 1024 12 21 7
550 1024 38 20 och
604 1024 12 21 8
631 1024 118 21 November
766 1024 54 21 1902
836 1023 23 21 af
871 1024 129 21 Bankdirek-

239 1058 60 20 tören
314 1064 40 14 von
370 1057 73 22 Collan
458 1058 107 21 äfvensom
580 1058 41 21 den
638 1059 25 20 12
682 1058 117 21 December
820 1058 54 21 1903
893 1058 23 21 af
927 1058 72 21 Bank-

240 1092 118 21 direktören
375 1092 111 27 Wegelius.

308 1126 189 27 Inventeringarna
521 1127 35 21 vid
578 1127 96 21 kontoret
696 1127 8 21 i
727 1126 32 22 S:t
781 1127 126 27 Petersburg
929 1127 67 26 hafva,

93 1159 60 17 toret
149 1158 43 18 i'S:t
202 1158 31 18 Po-
240 1154 66 34 enligt
321 1162 23 20 af
360 1161 193 27 Bankfullmäktige
568 1162 125 21 meddelade
708 1162 162 26 förordnanden,
885 1162 114 21 verkstälts

119 1187 89 23 tersburg.

239 1196 67 21 under
322 1196 23 21 är
362 1196 55 21 1900
431 1196 45 21 frän
492 1196 55 21 ärets
561 1196 74 27 början
650 1196 33 21 till
697 1196 108 27 utgängen
820 1196 23 21 af
855 1196 56 20 Mars
921 1196 78 20 mänad

240 1230 23 21 af
284 1230 118 21 dävarande
425 1229 79 22 Chefen
526 1230 32 21 för
579 1230 77 21 Finska
678 1230 198 27 Passexpeditionen
900 1229 97 28 Verklige

242 1264 118 21 Statsrådet
374 1265 23 20 L.
411 1265 23 20 F.
449 1265 85 26 Munck,
551 1265 90 21 derefter
657 1265 33 20 till
705 1265 40 20 den
762 1266 11 19 1
789 1265 90 26 Augusti
898 1264 23 21 af
932 1265 68 27 Expe-

241 1299 152 21 ditionschefen
414 1299 34 21 vid
470 1299 60 21 Hans
549 1299 109 27 Majestäts
677 1299 75 21 Kansli
772 1299 32 20 för
818 1299 90 20 Finland
923 1298 76 22 Grefve

242 1333 21 21 C.
278 1334 24 20 A.
318 1334 97 26 Armfelt,
430 1333 67 22 under
512 1334 142 21 nästnämnda
668 1333 79 22 månad
763 1333 22 22 af
798 1333 78 22 Chefen
891 1333 32 21 för
937 1333 62 21 Pass-

241 1367 146 28 expeditionen
405 1368 95 21 Friherre
520 1368 37 21 Th.
572 1368 74 21 Bruun
661 1369 56 20 samt
733 1368 90 21 derefter
839 1368 33 21 till
887 1368 54 21 ärets
957 1368 44 21 slut

240 1402 23 21 af
277 1401 76 23 Grefve
369 1402 95 21 Armfelt.
