1036 1620
742 66 27 21 33

45 129 9 21 i
73 129 133 28 tillämpning
222 129 46 21 från
287 129 72 27 början
378 129 23 21 af
417 129 22 22 år
459 129 53 21 1901
532 129 52 21 utan
603 129 53 21 först
670 129 45 22 från
731 129 40 21 den
789 130 9 20 1

47 163 90 27 Augusti
159 169 79 15 samma
260 163 22 21 år
306 163 38 21 och
364 163 99 21 Bankens
487 163 125 27 tjenstemän
636 163 38 21 och
692 163 109 27 betjening

45 198 91 21 sålunda
157 198 65 28 skulle
241 197 32 21 för
292 198 54 20 årets
366 198 33 26 sju
414 198 67 21 första
499 197 100 21 månader
618 197 84 27 åtnjutit
719 198 81 20 mindre

49 232 92 21 inkomst
159 234 26 20 än
200 232 62 27 förut,
278 232 79 22 beslöto
373 232 191 27 Bankfullmäktige
580 232 40 21 den
636 233 26 21 27
678 232 43 22 Juli
736 232 65 28 sagda

45 267 32 25 år,
93 267 26 27 på
133 267 79 27 förslag
227 266 23 22 af
261 266 141 28 Direktionen,
419 266 22 22 af
455 266 35 22 det
502 266 26 22 då
541 268 56 20 ännu
609 266 33 22 till
653 266 148 22 oförminskadt

50 301 73 27 belopp
140 300 115 28 disponibla
271 300 220 28 diskretionsanslaget
501 300 89 28 tillägga
601 301 64 27 sagde
676 301 125 27 tjänstemän

47 336 40 20 och
106 335 106 27 betjening
233 335 162 28 gratifikationer
417 335 32 21 till
467 336 30 20 ett
516 335 156 27 sammanlagdt
688 335 74 28 belopp
781 335 23 21 af

49 370 62 26 7,805
130 370 64 26 mark,
210 370 146 21 motsvarande
371 370 145 27 ungefärligen
531 370 33 27 sju
580 370 117 21 tolftedelar
712 370 23 21 af
746 370 56 21 hvad

49 404 155 21 vederbörande
216 404 70 27 plägat
298 404 7 21 i
316 404 100 21 medeltal
427 411 34 14 om
471 404 46 21 året
527 404 8 21 i
546 404 164 27 gratifikationer
718 404 84 21 erhålla.

117 438 29 21 Af
167 438 206 21 diskretionsmedlen
395 439 38 20 har
456 438 95 27 derefter,
579 438 26 28 pä
628 438 77 28 förslag
727 439 23 21 af
766 439 34 20 Di-

49 473 115 26 rektionen,
188 473 64 27 enligt
273 473 202 27 Bankfullmäktiges
497 473 70 21 beslut
590 473 40 21 den
646 473 27 22 19
688 473 115 22 December

51 507 61 26 1901,
136 507 99 22 tilldelats
254 507 114 29 kanslisten
390 507 8 21 i
419 507 88 22 Banken
528 507 83 21 Fröken
632 507 71 22 Helmi
725 507 76 27 Olsoni,

48 541 63 22 hvars
126 542 152 21 löneförmäner
293 541 44 22 icke
353 542 58 21 ökats
426 542 8 21 i
449 542 40 21 den
504 548 42 21 nya
562 542 70 21 staten
646 542 39 21 och
696 549 45 14 som
753 543 49 26 eljes

50 576 67 21 skulle
137 576 97 21 drabbats
254 576 22 21 af
289 583 26 14 en
330 576 121 27 minskning
465 576 8 21 i
487 576 115 21 inkomster
616 583 76 20 genom
708 577 40 21 den
762 577 41 21 för-

49 610 94 22 ändrade
165 610 160 27 användningen
344 611 23 21 af
385 610 214 28 diskretionsmedlen,
620 617 26 15 en
664 611 139 27 gratifikation

48 645 25 21 af
91 645 41 22 150
150 645 59 21 mark
227 645 81 29 utöfver
327 645 25 21 de
373 645 41 22 100
428 645 60 22 mark
502 645 82 22 Fröken
599 645 72 22 Olsoni
686 645 81 22 erhällit
783 645 22 22 af

50 679 137 26 förenämnda
205 679 40 21 den
263 680 27 21 27
309 679 45 22 Juli
375 680 64 27 sagda
457 680 23 21 år
498 679 101 28 beviljade
618 680 83 27 anslag.
731 680 72 22 Seder-

50 720 59 15 mera
126 714 39 21 har
181 714 83 22 Fröken
278 714 71 22 Olsoni
363 714 79 27 jemväl
457 715 51 21 ären
524 715 54 22 1902
594 715 39 21 och
649 715 55 22 1903
719 715 23 21 af
755 721 49 16 ena-

51 748 71 21 handa
137 748 112 27 anledning
263 748 79 28 tillagts
358 755 26 18 en
396 749 139 27 gratifikation
551 749 24 22 af
587 749 43 22 250
643 749 65 28 mark.

41 779 2 2 |
117 783 11 20 I
151 783 61 27 öfrigt
234 783 38 21 har
293 783 83 27 jemlikt
398 783 206 28 Bankfullmäktiges
627 784 70 21 beslut
718 783 40 22 den
776 784 28 21 23

50 816 119 22 November
192 817 53 21 1901
269 818 55 20 samt
347 817 40 21 den
409 818 27 21 27
459 818 42 27 Maj
525 818 38 21 och
584 818 41 21 den
645 818 26 22 19
689 818 116 21 December

54 852 55 28 1903
126 851 23 21 af
161 851 207 22 diskretionsmedlen
383 852 64 27 tagits
462 852 8 21 i
485 852 99 28 anspråk:

120 886 42 27 200
183 886 59 21 mark
264 886 33 22 till
319 886 114 22 understöd
451 887 22 21 åt
492 887 67 28 enkan
580 886 52 22 efter
650 887 155 21 vaktmästaren

51 920 35 22 vid
101 920 95 21 kontoret
213 920 4 21 i
232 920 139 22 Tammerfors
386 921 72 21 Viktor
474 921 98 21 Salomon
583 921 127 27 Andersson,
721 921 84 21 hvilken

51 954 68 22 aflidit
133 955 51 21 utan
200 955 30 21 att
246 955 121 21 efterlemna
382 956 65 26 några
463 956 121 27 tillgångar;

120 989 42 21 200
183 990 60 27 mark
264 990 33 20 till
319 989 115 29 understöd
456 990 21 21 åt
499 990 75 28 aflidne
598 990 155 22 vaktmästaren
770 990 35 22 vid

53 1023 95 21 kontoret
162 1023 8 21 i
184 1024 94 27 Joensuu
292 1024 69 21 Tahvo
376 1024 158 22 Tahvanainens
550 1024 66 27 familj
632 1024 32 22 för
679 1024 126 22 bekostande

53 1058 24 21 af
89 1058 159 21 Tahvanainens
263 1058 134 28 begrafning;
774 1053 2 2 |

107 1098 3 4 *
121 1092 42 22 300
181 1092 59 21 mark
258 1092 69 22 såsom
345 1093 140 27 gratifikation
500 1093 22 21 åt
536 1093 175 21 kontorsbiträdet
725 1093 80 21 Fröken

53 1126 49 21 Elin
124 1126 75 27 Hobin,
222 1127 84 21 hvilken
328 1127 52 21 efter
401 1128 31 20 att
453 1133 26 15 en
501 1128 73 26 längre
598 1127 31 21 tid
650 1128 63 21 hafva
731 1128 75 21 varit
796 1122 14 36 i

53 1160 99 21 Bankens
170 1161 64 26 tjenst
253 1161 83 21 anstäld
353 1161 39 22 och
411 1161 103 22 derunder
532 1161 27 28 på
574 1162 31 20 ett
620 1161 133 28 synnerligen
767 1161 39 22 för-

52 1194 113 27 tjenstfullt
183 1195 41 21 sätt
238 1195 94 27 follgjort
346 1195 46 21 sina
410 1196 131 26 åligganden,
557 1196 35 21 vid
610 1197 54 20 1903
680 1197 32 20 års
727 1197 80 27 utgång

52 1228 81 22 lemnat
148 1229 32 21 sin
194 1229 118 27 befattning
326 1230 7 20 i
348 1230 93 21 Banken.

121 1263 134 22 Derförutom
269 1264 63 21 hafva
346 1264 71 27 hvarje
433 1264 22 22 år
467 1264 25 22 de
503 1265 77 21 tvänne
588 1265 218 27 penningeräknarene

53 1296 39 22 och
114 1298 156 22 vaktmästaren
291 1298 36 22 vid
349 1299 95 21 kontoret
461 1299 8 21 i
488 1299 30 21 St.
536 1299 128 27 Petersburg
679 1299 68 21 såsom
761 1300 46 20 sed-

52 1332 84 26 vanliga
158 1332 163 27 gratifikationer
340 1334 32 20 till
390 1334 73 27 nyåret
483 1334 38 21 och
539 1334 78 27 påsken
636 1334 23 20 af
675 1334 132 21 diskretions-

52 1366 84 21 medlen
155 1367 79 27 tillagts
256 1367 35 22 vid
311 1368 92 21 etthvart
419 1368 81 21 tillfälle
522 1368 42 21 125
582 1368 60 21 rubel
656 1368 32 21 för
703 1368 48 21 dem
766 1368 41 21 till-

53 1406 101 16 samman.
