1034 1620
769 68 27 21 21

68 137 22 22 af
105 137 64 29 6,000
183 137 66 22 mark
263 137 44 28 (uti
321 137 170 29 statsförslaget
505 137 15 22 8
534 138 22 21 h.
570 140 16 19 t.
601 137 37 22 III
652 138 52 28 kap.
720 138 12 21 1
743 138 82 28 mom),

66 172 90 22 hvilket
177 179 94 14 numera
292 172 69 27 utgår
382 179 28 14 ur
425 171 151 29 statsfonden,
592 172 142 22 observerats
753 171 73 22 under

67 207 74 22 denna
154 206 58 22 titel.
644 226 2 3 N

135 241 150 28 Beparations-
310 241 37 22 och
370 241 254 29 nybyggnadskostnader.
645 253 23 3 —
687 241 48 22 Det
753 240 74 29 årliga

67 276 105 28 anslaget
192 275 42 22 har
255 275 70 22 redan
347 275 72 22 under
443 278 33 19 ett
497 275 75 22 flertal
585 277 25 20 är
623 276 62 22 visat
707 275 37 28 sig
766 275 61 22 otill-

66 311 105 28 räckligt.
201 305 7 38 =
215 310 79 22 Säsom
315 305 10 38 =
331 309 148 30 medelutgift
515 310 42 22 har
594 309 76 22 derför
705 309 121 30 upptagits

68 345 113 28 1,600,000
195 345 70 22 mark.

136 378 99 24 Militära
246 379 119 28 pensioner.
383 392 20 3 —
424 380 63 21 Från
502 379 143 22 statsfonden
660 372 55 40 utgå
728 376 99 25 löneför-

66 414 79 22 måner
166 415 30 28 på
217 413 199 29 indragningsstat
434 414 25 22 åt
479 413 151 23 öfverbefälet
651 413 45 22 vid
714 413 113 28 indragna

66 448 74 22 finska
162 449 121 28 militären,
299 448 38 22 till
352 451 34 19 ett
399 448 92 30 belopp,
515 456 49 14 som
588 448 74 29 enligt
685 449 59 21 årets
760 450 67 19 stats-

66 483 87 29 förslag
167 485 85 27 utgöra
266 483 92 28 367,591
374 484 66 21 mark
458 483 27 22 66
501 483 76 29 penni
606 483 38 21 Då
658 484 79 27 någon
752 482 37 22 del
804 482 25 22 af

67 518 28 22 de
109 518 31 29 pä
154 518 199 28 indragningsstat
366 517 116 30 uppförda
498 525 110 22 personer
624 518 48 21 kan
685 518 94 21 komma
793 519 35 20 att

67 552 95 29 Ofvergä
176 553 38 21 till
235 552 186 30 pensionstaten,
438 553 42 21 har
495 554 34 20 ett
542 552 74 29 något
638 552 189 29 mindre'belopp

67 589 86 21 ansetts
168 587 78 22 kunna
261 588 75 22 såsom
351 587 59 29 årlig
425 587 149 29 medelutgift
588 589 121 28 upptagas.

137 617 168 34 Öfverföringar.
320 635 25 2 —
358 617 178 34 Öfverföringen
544 622 44 21 till
601 621 172 22 militiefonden
786 621 41 22 har

65 657 42 21 här
128 657 120 29 upptagits
262 657 31 29 pä
307 657 77 28 grund
399 656 23 22 af
439 656 63 22 hvad
522 656 133 29 Kejserliga
677 656 101 22 Senaten
792 656 36 21 uti

66 691 144 28 underdånig
233 691 120 22 skrifvelse
368 690 84 23 af'den
474 691 34 22 17:
525 691 105 22 sistlidne'
641 690 123 23 Februari
785 690 56 22 hos:

66 726 64 22 Hans
145 726 131 29 Kejserliga
290 725 239 30 Majestät-hemstält.
614 729 2 2 |
