1034 1623
248 23 23 17 U.
288 23 24 17 5.
328 30 29 3 —
374 23 208 23 Bankrunmaxuges
598 23 122 18 Derattelse.
849 23 27 18 15

84 82 53 22 frän
151 82 108 22 Finlands
275 83 67 21 Bank
357 82 103 29 företogs
477 82 27 22 af
516 90 30 14 en
561 83 37 21 del
614 83 163 29 privatbanker
792 84 36 21 för
844 85 33 20 att

86 119 95 22 sålunda
197 121 53 20 ernä
266 119 60 22 hälst
341 121 76 26 någon
432 121 67 20 ränta
510 121 13 20 ä
535 119 201 28 kassaöfverskott,
752 119 37 22 för
798 119 79 23 hvilka

86 155 96 28 lämplig
188 155 117 29 placering
313 155 35 21 uti
357 155 131 21 hemlandet
498 155 51 22 icke
565 156 89 21 kunnat
662 155 83 25 finnas;
761 149 116 28 rediskon-

85 190 102 29 teringar
203 191 42 21 och
259 191 38 22 län
312 190 52 22 frän
377 191 107 22 Finlands
495 191 68 21 Bank
574 190 126 24 försvunno
712 193 50 20 frän
773 192 28 21 de
811 191 67 22 flesta

85 227 174 28 privatbankers
275 227 98 21 bilanser
388 227 43 21 och
447 227 139 22 situationen
607 227 141 29 utmynnade
770 228 108 27 slutligen

86 262 8 21 i
110 270 29 14 en
154 262 27 22 af
200 263 64 21 dessa
286 262 88 23 banker
396 262 120 29 företagen
539 263 148 28 nedsättning
711 263 24 22 af
755 263 123 28 inlänings-

86 300 83 20 räntan
183 299 53 21 med
252 298 27 30 1/2
296 300 102 27 procent.
430 298 125 29 Samtidigt
575 298 80 23 befans
673 299 111 21 Finlands
798 299 79 22 Banks

87 334 129 22 metalliska
239 335 78 21 valuta
340 334 71 22 förete
434 341 30 15 en
487 335 76 28 stadig
581 335 108 28 stegring,
706 336 81 21 medan
802 335 29 21 de
846 335 32 21 in-

86 369 97 24 hemska
198 370 173 29 placeringarna
385 370 8 21 i
408 370 50 22 icke
473 370 67 29 ringa
555 372 54 20 män
619 370 116 22 minskats.
759 371 34 21 Pä
802 371 76 28 grund

88 405 26 22 af
135 405 66 22 dessa
225 406 193 29 omständigheter
442 408 41 20 och
506 407 53 21 med
577 406 90 29 hänsyn
680 407 88 28 jämväl
783 407 35 21 till
834 407 44 21 den

86 441 101 22 fallande
210 442 125 21 tendensen
358 442 41 22 hos
422 441 130 23 räntefoten
574 442 9 22 i
604 443 105 22 utlandet
738 443 92 28 vidtogs
855 442 27 22 af

87 477 108 22 Finlands
211 477 78 22 Banks
305 477 141 29 förvaltning;
461 478 9 21 i
479 477 102 23 februari
593 481 57 20 1902
661 486 28 14 en
700 479 93 28 generel
802 480 75 20 ränte-

87 513 127 27 reduktion,
237 513 149 29 hvarigenom
410 514 102 22 bankens
527 515 76 28 lägsta
619 516 113 20 räntesats
747 514 131 22 faststäldes

87 549 35 21 till
138 552 13 19 5
167 552 100 26 procent.

159 585 119 22 Ehuruväl
293 585 28 22 de
337 585 292 30 framtidsförhoppningar,
654 593 50 15 som
724 588 43 21 den
783 587 96 22 sålunda

87 621 106 22 inträdda
209 621 138 22 situationen
362 629 42 15 var
420 622 74 28 egnad
510 623 35 20 att
559 621 95 30 ingifva,
670 622 9 21 i
694 623 118 28 betänklig
821 623 58 28 grad

88 657 113 22 rubbades
216 664 83 21 genom
315 658 45 21 den
376 658 75 28 däliga
474 658 71 21 skörd
565 665 129 15 sommaren
710 661 57 20 1902
784 660 25 20 sä
824 659 56 28 g0dt

88 699 49 15 som.
153 693 105 22 öfverallt
273 693 7 22 i
295 693 78 23 landet
394 693 117 23 medförde
528 694 44 22 och
588 695 28 21 de
631 695 41 21 allt
687 702 49 14 mer
750 694 130 29 tillskärpta

87 729 109 28 politiska
211 728 172 24 förhällandena
393 731 36 21 för
439 730 235 29 bankförvaltningen
683 731 123 28 uppstälde
820 732 60 21 svär-

87 765 60 21 lösta
169 766 78 27 frågor
269 766 98 22 rörande
390 766 28 21 de
442 766 89 28 följder,
556 766 45 22 den
618 766 109 29 politiska
742 766 138 22 situationen

89 800 76 23 kunde
181 801 92 23 komma
288 803 34 20 att
337 802 69 22 hafva
422 801 37 22 för
475 802 39 21 det
530 802 148 22 ekonomiska
698 802 96 27 arbetet,
814 802 66 22 ledde

90 837 59 21 dock
174 837 45 22 den
245 837 84 29 stadigt
354 838 161 29 uppåtgående
540 839 129 21 tendensen
694 839 34 22 uti
754 838 126 22 bankernas

88 873 109 28 ställning
212 873 8 22 i
235 873 44 29 maj
298 876 57 20 1908
375 875 59 27 ånyo
453 873 36 22 till
508 881 29 15 en
556 874 81 29 åtgärd
655 875 51 21 från
725 873 155 24 bankförvalt-

87 908 97 29 ningens
213 909 49 22 sida
289 909 9 22 i
323 911 60 27 syfte
408 909 26 22 af
456 910 173 28 räntelindring.
674 903 126 36 Åtgärden,
832 917 49 14 som

88 944 75 22 denna
185 947 62 26 gång
274 945 91 29 vidtogs
392 947 31 27 på
445 945 100 23 initiativ
569 945 26 22 af
614 946 219 29 Bankfullmäktige,
856 946 25 22 in

87 980 120 22 skränktes
231 981 58 22 dock
311 981 36 22 till
370 989 28 14 en
421 981 148 29 nedsättning
593 981 24 22 af
635 982 44 21 den
703 982 82 29 högsta
805 983 75 20 ränte-

88 1017 77 21 satsen
191 1016 36 22 för
251 1017 39 22 lån
315 1017 43 22 och
383 1017 166 22 kassakreditiv
577 1018 52 21 från
653 1021 12 19 6
692 1018 36 21 till
754 1017 50 28 52/2
830 1025 50 21 pro-

88 1053 58 20 cent.
185 1053 62 21 Från
279 1053 215 22 bankdirektionens
527 1053 50 22 sida
610 1054 117 22 framhölls
757 1053 123 29 nämligen,

89 1089 40 26 att,
146 1095 37 15 om
200 1089 43 21 ock
259 1089 139 28 ställningen
413 1090 9 21 i
438 1089 125 22 allmänhet
587 1089 43 22 och
652 1089 106 22 särskildt
778 1089 103 22 bankens

88 1130 58 21 egen
163 1125 143 28 väsentligen
321 1125 141 27 förbättrats,
480 1125 41 22 det
535 1125 37 22 för
587 1133 29 14 en
631 1126 56 27 lugn
703 1126 134 22 ekonomisk
846 1127 36 20 ut-

87 1159 109 29 veckling
212 1161 43 21 och
271 1161 107 21 särskildt
392 1160 37 23 för
444 1161 195 29 möjliggörandet
653 1161 27 22 af
694 1169 28 14 en
733 1161 115 28 sänkning
858 1161 26 22 af

89 1195 45 22 den
150 1195 114 23 allmänna
283 1198 131 21 räntefoten
431 1197 9 21 i
455 1197 79 22 landet
557 1205 56 14 vore
636 1197 27 22 af
675 1199 83 20 största
774 1197 58 26 vikt,
849 1199 33 20 att

88 1231 92 22 banken
195 1231 114 23 bibehölle
328 1240 29 14 en
375 1232 110 29 ställning
500 1233 57 22 med
573 1233 77 22 starka
664 1241 110 19 reserver,
790 1232 93 23 hvarför

88 1267 40 21 det
142 1267 51 22 icke
209 1275 53 15 vore
277 1268 108 22 rationelt
400 1270 35 20 att
453 1269 72 21 sänka
545 1269 101 22 bankens
669 1269 77 29 lägsta
768 1270 114 21 räntesats

88 1303 37 21 till
139 1310 87 15 samma
249 1304 55 23 nivå
327 1311 50 15 som
398 1304 207 28 privatbankernas
626 1305 213 28 depositionsränta.
870 1304 13 22 I

90 1338 235 24 öfverensstämmelse
343 1340 53 22 med
416 1340 195 22 Bankutskottets
627 1340 41 23 vid
685 1343 57 20 1897
759 1342 36 20 års
810 1340 74 22 landt-

88 1374 47 28 dag
150 1375 119 23 uttalande
292 1376 8 21 i
323 1377 78 21 ämnet
416 1376 74 22 håller
510 1376 70 23 äfven
594 1376 119 23 Utskottet
732 1376 56 26 före,
805 1378 34 20 att
854 1376 29 22 då
