1036 1625
203 88 15 20 4
298 86 83 23 Ständ.
407 87 54 23 Skr.
477 100 29 2 —
520 87 153 22 Bankfullm.
689 87 46 23 och
750 87 121 22 Bankrev.

276 152 41 23 till
341 152 82 23 förste
451 152 329 30 bankrevisorssuppleant:
804 158 130 17 assessorn
952 153 8 22 i

205 186 114 30 Nyslotts
343 187 167 29 Domkapitel,
536 187 179 29 kyrkoherden
734 187 8 22 i
760 187 127 29 Impilaks,
905 194 55 22 pro-

205 224 57 20 sten
280 221 145 23 Alexander
444 221 127 27 Auvinen;

275 290 42 22 till
335 290 82 22 andre
436 290 331 29 bankrevisorssuppleani:
781 290 179 29 kyrkoherden

203 324 9 22 i
232 324 158 30 Kronoborg,
408 326 103 27 prosten
531 324 90 23 Gustaf
639 324 143 28 Petterson;

276 405 41 23 till
344 406 80 28 tredje
444 406 327 29 bankrevisorssuppleant:
799 405 99 23 lektorn
917 405 43 23 vid

203 440 153 29 reallyceum
374 440 9 22 i
402 440 175 28 Tammerfors,
592 440 248 29 filosofiemagistern
854 440 105 22 Alexan-

203 474 46 22 der
268 474 95 22 Verner
382 474 116 23 Theodor
516 474 89 28 Malin;

277 538 41 22 till
337 537 87 29 fjärde
443 537 327 30 bankrevisorssuppleant:
794 537 166 29 tjänstförrät-

204 572 79 22 tande
310 572 348 22 referendariesekreteraren
682 573 9 21 i
716 572 142 29 Kejserliga
886 571 74 23 Sena-

203 607 44 22 ten
272 606 41 23 för
339 606 116 27 Finland,
487 607 179 28 kyrkoherden
684 607 8 22 i
715 606 124 29 Piippola,
858 607 102 28 prosten

203 640 66 23 Niilo
288 641 150 29 Karlsberg;

385 710 86 22 inom
490 710 290 29 Borgareståndet:

274 767 41 22 till
335 767 234 29 bonkfullmäktig
566 763 17 37 :
592 767 162 22 handlanden
774 767 8 22 i
801 767 158 29 Helsingfors

203 801 107 23 Mauritz
329 801 67 23 Emil
414 801 106 23 Fredrik
539 801 136 30 Hallberg;

273 870 42 22 till
334 870 77 23 förste
436 870 382 30 banktullmäktigssuppleant:
838 870 120 23 handlan-

202 904 52 23 den
272 905 9 21 i
298 905 112 22 nämnda
430 905 56 22 stad
505 905 61 23 Karl
585 905 111 23 Herman
715 905 132 27 Renlund;

274 968 41 22 till
343 968 82 22 andre
460 968 385 29 bankfullmäktigssuppleant:
882 968 77 22 förste

202 1002 179 22 stadsläkaren
391 1003 8 21 i
410 1003 175 26 Tammerfors,
597 1002 264 23 medicinelicentiaten
870 1002 90 23 Gustaf

202 1036 97 23 Rudolf
317 1037 100 27 Idman;

273 1100 41 22 till
339 1100 82 29 tredje
446 1100 382 29 bankfullmäktigssuppleant:
849 1100 110 23 sakföra-

203 1141 47 16 ren
274 1135 8 22 i
304 1135 168 28 Helsingfors,
500 1135 291 28 vicehäradshöfdingen
816 1134 64 23 Axel
903 1135 57 22 Fre-

201 1169 60 22 drik
281 1169 119 22 Salomon
419 1169 121 31 Jansson;

273 1231 41 22 till
333 1232 87 28 fjärde
442 1231 384 30 bankfullmäktigssuppleant:
853 1232 106 22 sekrete-

200 1272 77 16 raren
302 1266 43 22 vid
370 1266 248 22 Drätselkammaren
636 1267 8 21 i
663 1266 167 29 Helsingfors,
849 1266 111 29 lagman-

201 1307 53 15 nen
272 1301 79 22 Toivo
370 1301 131 22 Johannes
520 1301 132 27 Boisman;

272 1363 41 22 till
327 1363 178 22 bankrevisor:
525 1364 127 26 senatorn,
666 1363 220 23 filosofiedoktorn
899 1363 61 22 Karl

200 1397 70 22 Emil
288 1397 145 23 Ferdinand
452 1398 127 29 Ignatius;
