1028 1620
193 71 28 21 74
496 71 29 22 U.
541 71 28 22 B.
586 83 24 3 —
627 71 29 20 11.

193 139 40 21 och
257 146 46 14 som
329 139 51 28 afse,
406 139 64 21 bland
487 141 71 23 annat,
579 139 150 28 upphäfvande
752 139 21 21 af
795 138 163 22 militiefonden.

194 173 163 22 Statsutskottet
376 173 39 22 har
439 173 65 21 redan
530 173 32 21 uti
587 173 36 21 sitt
647 173 32 21 till
706 173 71 21 denna
801 173 101 26 landtdag
925 172 31 21 af-

194 207 59 28 gifna
279 208 40 21 och
334 208 7 20 i
357 207 71 22 denna
451 207 34 22 del
508 207 22 22 af
552 207 42 22 alla
617 207 61 22 ständ
695 207 114 28 godkända
823 206 133 23 betänkande

184 241 51 22 -N:o
251 241 12 20 1
287 241 53 22 varit
354 241 8 21 i
377 241 83 22 tillfälle
475 243 31 20 att
520 241 68 22 uttala
603 241 32 28 sig
650 241 87 28 därhän,
753 243 30 20 att
793 241 105 21 ännämda
908 246 48 21 reg-

192 276 33 21 ler
246 275 66 22 borde
335 276 140 21 underkastas
497 275 80 22 sädana
592 275 155 29 förändringar,
762 282 46 15 som
824 274 132 23 erfordrades

193 310 34 21 för
258 311 31 20 att
321 311 74 27 bringa
425 310 109 21 desamma
558 311 8 20 i
590 310 221 22 öfverensstämmelse
839 309 49 22 med
912 309 44 28 gäl-

193 344 64 21 lande
281 344 249 28 grundlagsstadganden
554 344 90 21 rörande
668 344 131 22 Ständernas
814 343 142 22 skattebevill-

194 379 111 27 ningsrätt,
321 380 55 20 samt
391 380 30 20 att
435 379 117 21 tillsvidare
568 379 70 27 någon
654 379 136 27 tillämpning
805 379 21 20 af
835 378 65 28 sagda
909 383 49 22 reg-

194 412 33 21 ler
249 413 19 27 ej
292 412 66 22 borde
379 419 38 21 ega
433 419 54 15 rum.
518 412 108 22 Utskottet
645 414 93 20 emotser
753 412 71 22 därför
838 414 36 26 att,
888 412 69 21 sedan

194 446 220 28 värnepligtsfrågan
430 447 76 27 blifvit
522 447 10 21 i
546 447 184 28 grundlagsenlig
742 448 42 27 väg
795 447 90 25 ordnad,
901 446 57 22 kost-

195 481 102 21 naderna
312 481 36 28 för
363 481 118 28 uppbåden
496 481 47 21 åter
558 481 72 21 varda
641 481 100 28 påförda
755 481 170 27 militiefonden.

267 1430 144 19 Slatsutskottets
423 1430 112 19 betänkande
546 1430 37 18 N:o
595 1432 17 16 4.
