1034 1617
119 77 61 23 skola,
193 78 30 16 att
234 77 49 23 utgå
294 76 64 19 under
369 76 40 19 fem
421 77 31 18 års
464 76 35 24 tid,
511 76 85 18 räknadt
605 76 46 19 från
659 76 39 19 den
707 78 9 16 1
725 78 87 22 septem-

118 105 35 18 ber
165 106 51 23 1904,
229 106 62 21 30,000
303 106 56 17 mark
371 105 82 24 årligen.

48 133 75 24 Bidrag
136 134 20 18 åt
167 134 119 23 föreningen
299 134 95 23 »Vidorgs
405 134 147 18 konstvänner»
564 134 32 18 för
608 134 173 24 upprätthållande
792 134 23 18 af

119 168 25 12 en
161 162 114 24 tecknings-
293 162 38 18 och
348 162 88 25 ritskola,
453 162 54 18 intill
525 162 39 19 den
582 163 10 18 1
608 162 77 24 januari
697 163 51 24 1908,
760 164 52 22 3,000

119 191 56 18 mark
187 190 82 24 årligen.

49 220 90 18 Fortsatt
155 219 110 18 understöd
283 220 20 17 åt
321 219 84 19 »Finska
419 220 246 23 Vetenskapssocieteten»
679 219 31 19 för
721 221 93 22 upprätt-

118 248 92 18 hållande
225 248 22 18 af
259 254 26 12 en
298 248 141 19 fin-mekanisk
449 248 96 19 verkstad
556 248 8 18 i
574 248 134 24 Helsingfors,
721 249 30 17 att
762 248 53 23 utgå

118 277 8 18 i
136 277 40 18 fom
188 277 32 18 års
231 277 36 24 tid,
278 277 45 18 från
335 277 40 18 den
387 279 9 15 1
407 276 78 24 januari
498 278 50 23 1905,
561 278 52 23 2,500
624 277 58 18 mark
693 276 82 24 årligen,

49 306 90 19 Fortsatt
155 306 70 23 anslag
239 305 32 19 till
282 305 117 24 belöningar
410 307 20 17 åt
441 306 105 18 inhemska
556 305 152 24 kompositörer,
721 307 30 16 att
762 305 53 24 utgå.

119 335 7 18 i
138 336 10 17 5
161 335 31 18 års
204 335 35 24 tid,
251 335 45 18 från
307 335 39 18 den
359 337 8 16 1
379 334 78 24 januari
470 336 50 23 1905,
532 336 53 23 2,500
596 335 56 18 mark
664 334 83 24 årligen.

49 364 74 24 Bidrag
135 364 21 17 åt
166 363 75 19 Finska
252 363 249 24 Fornminnesföreningen
511 364 33 18 för
554 363 124 19 insamlande
691 363 20 18 af
720 362 91 19 material

118 392 34 18 till
164 398 25 12 en
201 392 75 18 ordbok
289 394 56 17 öfver
356 393 96 23 ortnamn,
465 393 30 18 att
506 393 50 23 utgå
566 392 8 18 i
585 392 41 18 fem
638 392 33 18 års
682 392 31 18 tid
719 391 46 19 från
773 391 41 18 den

119 422 10 17 1
141 421 76 23 jauuari
228 422 51 22 1905,
293 422 50 23 1,000
355 421 56 18 mark
422 421 82 24 årligen.

49 450 90 19 Fortsatt
154 449 68 24 bidrag
239 450 20 17 ät
272 449 82 19 enkeiru
365 450 72 24 Emmy
448 449 65 19 Achtö
525 449 31 19 för
567 449 174 24 upprätthållande
754 449 19 18 af
785 455 26 12 en

117 479 118 18 läroanstalt
246 479 7 17 i
264 479 128 23 Helsingfors
403 479 32 18 för
446 479 114 18 utbildande
570 479 19 18 af
596 479 95 18 klockare
699 479 38 17 och
745 478 70 24 orgel-

118 507 63 19 nister
192 509 30 16 att
233 508 50 23 utgä
293 508 33 18 till
338 508 38 18 den
389 510 8 15 1
409 507 78 24 januari
499 509 50 22 1908,
562 509 63 21 12,100
637 507 56 19 mark
705 507 82 24 ärligen.

49 536 90 18 Fortsatt
155 536 69 24 bidrag
242 537 21 17 åt
281 536 123 24 orgelmisten
416 536 21 19 O.
450 536 24 19 A,
486 536 97 19 Pahlman
594 536 32 18 för
637 535 177 24 upprätthållande

119 564 21 19 af
153 571 26 12 en
192 565 103 18 klockare-
307 565 38 18 och
357 565 154 24 orgelnistskola
522 565 8 18 i
540 559 50 28 Åbo,
603 566 30 17 att
644 565 50 23 utgå
704 564 33 18 till
749 564 39 18 den
801 566 8 16 1

117 593 77 23 januari
206 595 51 21 1908,
269 595 52 22 7,000
332 594 56 17 mark
399 593 82 24 ärligen.

49 622 89 18 Fortsatt
155 622 70 24 bidrag
239 621 32 19 för
285 622 172 24 upprätthållande
470 622 20 18 af
501 622 103 18 klockare-
617 622 38 18 och
667 621 145 24 orgelnistsko-

118 650 34 18 lan
162 650 8 18 i
181 650 80 24 Viborg,
274 652 29 16 att
314 651 49 23 utgä
375 651 8 18 i
393 652 31 17 tre
437 651 31 18 ärs
480 650 30 18 tid
522 650 45 18 frän
575 650 40 18 den
623 652 10 16 1
642 650 113 24 september
761 650 46 18 1904

118 680 52 23 '7,000
181 680 57 18 mark
250 679 81 24 årligen.

49 708 89 19 Fortsatt
150 708 70 24 anslag
231 708 31 18 för
275 714 24 12 en
311 708 20 18 af
346 708 78 18 läraren
435 708 25 18 K.
472 708 88 19 Werkko
572 708 89 18 inrättad
673 708 57 18 skola
741 707 8 18 i
760 707 52 19 Hel-

118 737 92 23 singfors,
223 736 69 20 afsedd
309 738 30 17 att
355 736 104 19 förbereda
477 737 67 19 elever
558 737 32 17 till
605 736 115 19 seminarier
733 736 37 18 och
781 736 29 18 lä-

117 772 44 12 rare
178 765 8 19 i
204 766 174 23 smäbarnsskolor,
391 767 30 17 att
437 766 50 24 utgå
501 766 8 18 i
523 765 41 19 fem
579 766 31 18 års
623 765 35 24 tid,
670 765 85 18 räknadt
765 765 48 18 från.

119 795 39 17 den
175 796 10 16 1
202 794 77 23 januari
296 795 45 18 1905
358 794 46 18 med
422 796 29 16 ett
465 794 88 24 förhöjät
567 794 72 24 belopp
656 794 20 18 af
690 795 52 22 4,000
754 794 56 18 mark

119 823 81 24 årligen.

48 852 90 18 Fortsatt
156 852 69 24 anslag
240 852 32 18 för
289 858 24 12 en
329 852 20 18 af
365 851 166 19 seminariilektor
544 852 25 18 N.
583 850 56 25 Ojala
650 857 26 12 m.
687 851 21 19 f.
719 851 8 18 i
738 851 75 24 Jyväs-

117 881 49 23 kylä
180 881 44 18 stad
237 880 87 18 inrättad
335 881 118 18 läroanstalt
464 880 32 19 för
507 880 143 18 förberedande
663 880 20 18 af
699 880 67 18 elever
776 879 36 18 till

117 909 77 19 inträde
212 909 8 18 i
238 909 114 19 seminarier
369 910 52 18 samt
436 909 32 18 till
481 908 156 24 smäskollärare,
650 910 29 16 att
691 909 48 23 utgä
750 908 9 18 i
769 908 41 18 fem

118 938 32 18 års
161 938 30 18 tid
202 938 45 18 från
259 939 9 17 1
280 938 76 23 januari
368 938 51 24 1905,
431 939 52 23 8,000
494 938 57 18 mark
562 937 82 24 årligen,

48 968 90 17 Fortsatt
156 967 69 23 anslag
242 966 32 19 för
291 966 152 19 ambulatoriska
461 966 38 18 och
518 966 267 18 smäskollärareseminariet
801 966 12 18 i

118 996 123 18 Tavastehus
259 995 49 24 stad,
324 997 30 16 att
367 996 50 22 utgå
430 995 8 18 i
451 995 41 18 fem
508 995 32 18 års
555 995 35 23 tid,
602 994 45 19 från
659 994 39 19 den
710 996 10 16 1
731 994 82 23 januari.

118 1025 51 22 1905,
181 1024 52 24 5,000
245 1024 56 17 mark
313 1023 82 24 ärligen.

47 1053 91 18 Fortsatt
151 1052 109 19 understöd
276 1053 21 17 ät
310 1052 75 19 Finska
395 1052 245 24 Evangelisk-Lutherska
652 1052 158 23 Söndagsskole-

116 1080 125 25 föreningen,
253 1082 30 17 att
294 1081 49 24 utgå
354 1081 8 18 i
373 1081 11 18 5
397 1081 31 18 års
440 1081 30 18 tid
481 1081 45 18 från
538 1081 39 18 den
589 1081 10 18 1
611 1080 77 24 januari
699 1081 51 23 1905,
757 1081 54 23 5,000

117 1110 57 18 mark
185 1109 82 24 ärligen.

48 1138 96 19 Tillskott
157 1139 8 17 i
180 1139 91 23 anslaget
286 1138 31 19 för
334 1138 103 19 aflönande
452 1138 20 18 af
490 1140 57 16 extra
560 1137 122 24 tjenstemän
694 1138 37 18 och
742 1138 69 18 karta--

117 1167 60 18 ritare
194 1167 35 19 vid
247 1167 38 18 den
301 1167 126 24 geografiska
441 1167 130 24 afdelningen
582 1167 7 18 i
602 1163 160 28 Öfverstyrelsen
776 1166 35 19 för

116 1196 149 19 landtmäteriet
276 1197 52 23 2,000
340 1197 56 17 mark
408 1196 82 24 ärligen.

48 1225 77 24 Anslag
136 1225 31 18 för
179 1225 123 18 anställande
315 1225 20 17 af
345 1225 117 23 ytterligare
474 1225 35 18 tvä
520 1223 232 25 landtbruksingeniörer
762 1223 49 19 med

116 1255 52 22 4,000
184 1254 56 17 mark
255 1253 8 18 i
278 1253 36 18 lön
329 1253 37 18 och
381 1255 52 22 1,000
447 1254 56 17 mark
514 1253 8 18 i
534 1253 73 19 arvode
619 1250 52 21 samt
683 1252 124 19 arvodosför-

116 1282 84 24 höjning
216 1282 47 18 med
280 1283 35 18 500
332 1282 56 18 mark
405 1282 50 18 efter
473 1283 23 18 10
513 1282 31 19 års
556 1281 67 25 tjenst,
636 1283 63 23 10,000
710 1282 57 18 mark
778 1282 33 18 är-

117 1311 61 24 ligen.
751 1325 3 3 5

413 1369 26 18 32
