1036 1623
93 264 64 38 Till
182 238 170 64 Finlands
368 264 212 47 'Höglofliga
604 264 158 38 Ständer

413 587 49 23 från
477 588 142 28 Bestyrelsen
634 588 35 22 för
683 588 122 23 utförande.

356 623 32 21 af'
396 623 174 28 gafvelgruppen
585 622 35 23 till
634 622 166 23 Ständerhuset.

116 698 71 21 Sedan
201 698 143 27 Bestyrelsen
358 697 36 22 för
408 697 116 22 utförande
540 697 25 22 af
573 697 169 23 Ständerhusets
754 697 47 28 gaf-

47 733 107 27 velgrupp
177 739 78 21 genom
279 739 26 15 en
327 732 117 23 skrifvelse
467 732 22 22 af
512 732 128 28 Ständerna,
662 733 139 27 dagtecknad

48 768 42 20 den
105 768 12 19 5
131 767 48 27 juni
195 769 61 26 1900,
273 766 87 22 erhållit
376 767 35 21 del
426 767 23 21 af
463 767 138 28 Ständernas
612 767 79 28 beslut,
708 768 32 21 att
752 767 48 28 gaf-

48 801 135 28 velgruppen
199 801 56 23 skall
270 797 86 37 utföras
370 801 106 28 antingen
491 801 8 23 i
513 802 66 28 brons
595 802 53 21 eller
662 801 8 22 i
684 801 57 22 finsk
751 802 50 28 tälj-

48 837 54 26 sten,
119 837 33 21 att
166 836 121 22 sistnämda
302 836 100 22 material
417 836 35 22 får
467 831 117 27 användas
591 837 77 21 endast
678 836 8 21 i
696 837 105 21 händelse

48 871 49 21 dess
113 870 122 30 hållbarhet
248 871 69 27 jämte
333 871 209 27 ändamålsenlighet
556 871 8 21 i
580 870 68 28 öfrigt
663 872 79 21 varder
752 872 50 20 med

47 906 105 22 säkerhet
165 905 139 28 .ådagalagd,
329 907 32 20 att
380 906 40 21 den
436 905 96 28 tidigare
550 905 94 22 tillsatta
659 906 143 27 Bestyrelsen

46 939 35 22 för
97 940 181 28 gafvelgruppen,
295 939 108 23 förstärkt
418 941 49 20 med
481 946 40 16 sex
536 940 139 28 sakkunniga
689 946 111 21 personer,

47 974 142 28 bemyndigas
213 976 39 26 att,
276 974 57 22 efter
349 976 26 20 det
400 975 95 21 berörda
509 974 118 28 utredning
643 974 157 28 åvägabragts,

48 1008 108 23 definitivt
177 1009 86 22 besluta
281 1009 8 21 i
306 1009 140 22 hvilketdera
461 1008 24 22 af
499 1010 26 20 de
541 1008 58 22 båda
614 1008 128 22 förenämda
757 1015 43 15 ma-

47 1043 93 22 terialen
163 1044 146 22 konstvärket
323 1044 57 21 skall
394 1043 91 29 utföras,
503 1044 33 21 att
551 1043 35 22 för
600 1043 164 22 fullbordandet
779 1042 25 22 af

48 1077 169 23 Ständerhusets
241 1077 132 29 gafvelgrupp
413 1078 113 28 anslagits'
542 1084 27 15 en
586 1084 83 16 summa
684 1077 25 22 af
722 1080 78 25 60,000

47 1113 69 27 mark,
140 1114 33 20 att
187 1112 8 22 i
210 1112 50 22 mån
269 1112 31 22 af
313 1112 69 22 behof
394 1112 35 30 för
445 1113 97 22 arbetets
557 1112 123 28 utförande,
695 1113 106 26 uppställ-

47 1147 52 27 ning
122 1148 41 21 och
185 1146 129 28 aftäckning
337 1148 118 26 användas,
475 1146 112 23 äfvensom
603 1148 33 20 att
652 1146 23 22 åt
689 1146 115 29 Bankfull-

48 1182 97 27 mäktige
160 1182 131 27 uppdragits
307 1182 34 21 att
355 1181 8 22 i
373 1181 87 22 samråd
470 1182 49 21 med
528 1181 144 27 Bestyrelsen
681 1182 121 21 bestämma

47 1216 131 27 tidpunkten
201 1216 34 22 för
259 1216 188 27 gafvelgruppens
470 1216 133 22 aftäckande
625 1217 58 21 samt
696 1216 8 21 i
719 1214 82 24 samma

47 1250 117 23 skrifvelse
183 1251 143 27 Bestyrelsen
342 1252 149 20 underrättats
508 1252 33 20 att
556 1250 135 22 Ständernas
706 1250 96 22 Statsut-

47 1286 62 20 skott
129 1285 10 21 i
156 1285 128 22 förenämda
300 1284 104 23 afseende
418 1285 35 21 till
467 1285 138 28 sakkunnige
620 1286 70 21 utsett
704 1285 98 27 skulptö-

46 1326 67 15 rerna
134 1320 57 21 Emil
213 1319 123 23 Wikström
358 1320 41 21 och
421 1320 86 22 Walter
521 1320 127 27 Runeberg,
665 1319 136 23 öfverdirek-

47 1355 63 21 tören
126 1354 94 22 friherre
236 1354 24 22 O.
277 1354 21 22 S.
315 1354 146 29 Gripenberg,
477 1354 129 22 direktören
619 1354 35 22 för
665 1353 136 29 Geologiska
