1034 1617
568 56 24 22 I

335 125 82 18 Privata
429 125 86 19 svenska
526 125 108 24 reallyceet
644 125 33 19 för
688 130 71 19 gossar
767 125 38 18 och
812 124 69 19 flickor
892 125 4 18 i
903 125 55 18 Kuo-

266 153 39 24 pio,
319 153 83 19 fortsatt
417 154 70 23 anslag
502 154 20 18 af
537 155 63 23 20,000
611 154 57 18 mark
680 160 32 12 om
724 154 47 24 året,
784 154 30 18 att
825 154 48 24 utgå
884 154 8 17 i
904 155 11 17 5
927 154 31 18 års

265 182 31 18 tid
307 182 44 18 från
364 182 38 18 den
415 183 9 17 1
436 182 77 24 januari
526 183 50 18 1905.

335 210 96 24 Kuopion
449 211 136 19 suomalainen
602 210 135 24 yhteiskoulu,
755 210 81 19 fortsatt
852 210 70 24 bidrag
939 210 20 19 af

267 240 64 22 30,000
338 240 56 17 mark
403 245 33 12 om
444 240 47 23 året,
501 240 29 17 att
537 240 49 23 utgå
594 239 8 18 i
610 240 10 18 5
628 240 32 18 års
669 240 31 17 tid
707 239 43 18 från
759 239 39 18 den
807 241 8 16 1
824 239 76 24 januari
908 240 50 18 1905.

334 268 126 18 Nurmeksen
480 268 136 18 suomalainen
634 268 134 24 yhteiskoulu,
787 267 81 19 fortsatt
890 268 69 24 bidrag

266 297 33 18 till
314 296 89 24 förhöjdt
416 297 72 23 belopp
504 296 22 19 af
534 298 64 23 27,500
609 298 57 17 mark
678 303 32 12 om
723 298 47 23 året,
783 298 30 17 att
824 297 48 24 utgå
883 297 8 18 i
903 298 10 17 5
926 297 31 18 års

266 326 31 18 tid
307 325 45 19 frän
365 326 38 18 den
416 328 9 15 1
437 325 77 24 januari
528 327 49 17 1905.

337 355 66 19 Oulun
415 355 137 19 suomalainen
562 356 136 24 yhteiskoulu,
711 356 68 23 bidrag
790 355 46 18 med
844 356 51 23 4,000
902 355 56 18 mark

267 390 33 12 om
318 384 43 17 äret
377 384 32 17 för
426 384 67 23 hvarje
509 384 8 17 i
531 384 127 18 verksamhet
668 384 87 18 varande
767 384 55 18 klass
833 384 42 18 tills
888 384 70 18 skolan

265 413 39 18 blir
320 412 94 23 5:klassig
429 412 38 18 och
482 412 86 19 derefter
580 413 64 22 20,000
655 413 56 17 mark
723 418 33 12 om
768 413 47 23 året,
828 413 29 17 att
868 412 49 23 utgå
928 411 8 18 i
947 413 10 16 5

267 442 32 18 års
316 441 30 18 tid
359 441 44 18 fräd
419 441 38 18 den
472 443 9 16 1
493 441 79 24 januari
584 442 44 18 1905
641 443 103 17 äfvensom
755 441 31 18 för
797 441 56 18 tiden
863 441 45 18 från
920 440 38 19 den

267 472 8 16 1
289 470 112 24 september
412 469 133 20 innevarande
558 471 21 17 är
590 470 32 18 till
634 471 54 18 ärets
701 471 40 18 slut
753 470 8 18 i
777 471 29 17 ett
820 469 32 18 för
863 469 36 18 allt
907 470 51 23 6,000

266 500 62 17 mark.

335 528 82 18 Privata
428 527 86 19 svenska
527 528 113 18 samskolan
651 528 9 17 i
671 528 115 22 Brahestad,
798 527 81 19 fortsatt
890 527 68 24 bidrag

265 557 34 18 till
316 557 83 19 sålunda
417 557 81 18 nedsatt
515 557 71 24 belopp
604 558 29 17 att
644 557 33 18 för
689 557 21 18 år
722 558 45 17 1905
778 557 79 18 komme
869 558 30 16 att
910 557 49 23 utgå

266 587 51 23 2,588
335 586 57 17 mark
409 587 22 17 33
449 585 31 24 pi,
496 585 32 19 för
544 586 22 17 är
583 587 44 17 1906
642 587 51 22 1,733
705 585 56 18 mark
773 587 22 16 33
807 585 27 24 pi
846 585 36 18 och
893 585 32 18 för
937 585 21 18 är

267 616 45 17 1907
324 615 35 18 800
370 615 62 17 mark.

335 643 82 18 Privata
428 643 86 18 svenska
526 643 114 18 samskolan
650 643 9 18 i
670 643 119 24 Nykarleby,
801 642 82 19 fortsatt
890 642 69 23 bidrag

265 672 34 19 till
314 671 83 19 sålunda
410 672 81 18 nedsatt
501 671 78 24 belopp,
592 673 30 16 att
632 671 32 19 för
676 671 56 19 tiden
743 671 44 18 från
800 671 38 18 den
851 673 8 16 1
873 672 84 23 septem-

265 701 36 18 ber
313 701 45 18 1905
369 700 33 18 till
413 701 103 23 utgången
528 700 20 19 af
560 701 60 23 sagda
632 701 22 18 år
665 701 79 18 komme
757 701 29 17 att
797 701 49 23 utgå
857 701 34 18 666
903 700 56 17 mark

267 731 22 17 66
300 729 32 24 pii,
344 729 32 18 för
388 729 21 18 år
422 730 45 18 1906
479 730 51 23 1,666
542 729 56 18 mark
609 731 23 17 67
643 729 28 24 p:i
683 729 37 18 och
731 729 32 18 för
775 729 22 18 år
809 730 44 17 1907
861 729 34 18 666
903 729 55 18 mark

267 760 22 17 67
301 758 32 24 pii.

336 787 108 18 Kokkolan
460 787 136 18 suomalainen
608 787 134 24 yhteiskoulu,
754 786 81 19 fortsatt
846 786 69 23 bidrag
926 786 33 18 till

266 816 89 23 förhöjdt
373 815 71 24 belopp
462 815 20 18 af
499 817 65 22 27,500
574 816 57 18 mark
643 821 34 12 om
689 816 42 17 året
743 816 30 17 att
784 815 49 24 utgå
844 815 7 18 i
863 816 10 17 5
886 815 31 18 års
928 815 30 18 tid

266 845 45 18 fran
323 845 39 18 den
375 846 9 16 1
395 844 78 23 januari
486 845 50 18 1905.

335 873 75 18 Kemin
433 873 136 18 suomalainen
592 873 135 24 yhteiskoulu,
751 872 168 23 tillskottsanslag
939 871 22 19 af

267 903 52 24 6,000
336 902 57 18 mark
411 907 32 12 om
459 902 48 23 året,
524 903 30 16 att
567 901 49 24 utgå
627 902 8 17 i
646 902 11 18 5
670 902 32 18 års
713 901 30 18 tid
754 901 44 18 från
811 901 38 18 den
862 902 8 16 1
883 901 76 23 januari

268 932 43 17 1905
324 930 104 19 äfvensom
439 930 32 18 för
482 930 57 19 tiden
549 930 44 18 från
606 931 39 18 den
658 932 7 16 1
676 930 111 23 september
796 931 45 17 1904
848 929 32 18 till
888 930 70 23 utgän-

267 965 40 18 gen
319 959 20 18 af
351 959 61 24 sagda
425 959 21 18 är
457 959 8 18 i
477 961 29 16 ett
517 959 33 18 för
562 959 37 18 allt
610 960 52 23 3,000
673 959 62 18 mark.

336 988 68 18 Turun
422 988 136 18 suomalainen
574 988 118 19 valmistava
709 988 67 23 koulu,
794 987 81 19 fortsatt
889 987 69 24 bidrag

267 1018 30 17 att
314 1017 50 24 utgå
380 1017 47 18 med
445 1018 51 23 1,400
513 1017 57 18 mark
583 1017 32 18 för
629 1016 57 19 tiden
697 1016 44 18 från
753 1016 39 19 den
805 1018 8 16 1
825 1016 77 23 januari
913 1016 45 18 1905

266 1045 54 18 intill
337 1046 103 23 utgängen
457 1045 20 18 af
493 1045 86 19 läseäret
598 1046 117 23 1905—1906,
728 1045 57 18 deraf
795 1046 51 23 1,000
857 1045 57 18 mark
924 1045 34 18 be-

266 1075 82 18 räknats
359 1074 32 18 för
403 1074 21 18 år
437 1075 44 17 1905
494 1075 38 17 och
543 1075 35 17 400
589 1074 57 18 mark
656 1073 33 19 för
701 1074 21 18 är
735 1075 51 17 1906.

335 1102 91 24 Viipurin
441 1103 135 18 suomalainen
587 1103 119 18 valmistava
716 1102 68 24 koulu,
796 1102 73 25 (inneh.
881 1102 76 18 Rosen-

267 1132 33 17 dal
315 1131 18 18 &
345 1131 72 24 Saxen)
430 1131 81 19 fortsatt
522 1131 69 24 bidrag
602 1131 47 25 med
660 1132 35 17 600
706 1131 57 18 mark
773 1131 32 18 för
816 1131 86 18 läseäret
914 1131 43 18 1905

267 1161 74 23 —1906,
360 1159 55 19 deraf
432 1161 34 17 200
483 1160 57 18 mark
556 1160 98 18 beräknas
670 1159 32 19 för
717 1160 22 17 är
751 1161 44 17 1905
808 1160 38 18 och
857 1160 34 17 400
903 1159 56 18 mark

266 1189 32 18 för
310 1189 21 17 är
344 1190 50 17 1906.

336 1217 90 18 Svenska
440 1216 142 19 förberedande
599 1217 70 18 skolan
683 1216 8 18 i
707 1217 79 23 Viborg,
798 1216 81 19 fortsatt
889 1216 69 24 bidrag

267 1247 29 16 att
313 1246 50 23 utgå
379 1246 47 18 med
444 1247 50 17 1.400
511 1246 57 18 mark
581 1245 32 19 för
624 1246 57 18 tiden
691 1245 45 19 från
748 1246 39 18 den
799 1246 9 18 1
819 1244 82 25 januaui
913 1246 45 17 1905

266 1274 54 18 intill
331 1274 103 24 utgången
446 1274 20 18 af
477 1274 86 18 läseäret
575 1275 121 23 1905—1906,
705 1274 55 18 deraf
769 1276 50 22 1,000
826 1274 56 18 mark
889 1273 69 18 beräk-

266 1304 47 17 nast
324 1303 32 18 för
368 1304 21 17 är
401 1304 45 17 1905
459 1304 37 17 och
507 1304 35 18 400
554 1304 56 17 mark
620 1303 32 18 för
664 1303 22 18 är
698 1304 51 17 1906.

335 1332 95 24 Kuopion
441 1332 136 18 suomalainen
588 1331 118 19 valmistava
717 1332 68 24 koulu,
796 1331 82 19 fortsatt
889 1330 69 24 anslag

267 1361 29 17 att
313 1361 50 23 utgå
379 1360 47 19 med
443 1361 51 23 1,000
511 1361 57 18 mark
583 1360 33 18 för
627 1360 86 19 läseäret
726 1361 119 23 1905—1906,
858 1359 55 19 deraf
924 1360 33 18 333

563 1418 25 18 32
