1050 1628
453 66 26 21 II

156 409 99 22 Jemlikt
272 409 138 28 stadgandet
427 409 10 21 i
454 410 13 27 $
486 409 27 21 27
533 409 24 22 af
575 410 108 28 gällande
703 410 146 28 Landtdags-

85 444 103 28 ordning
212 443 42 22 bör
279 443 40 22 vid
343 442 79 30 hvarje
444 444 97 28 lagtima
562 444 114 28 landtdag
699 443 150 23 statsverkets

84 478 109 22 tillstånd
211 477 37 22 för
267 477 129 23 Ständerna
414 478 115 28 uppvisas.
559 478 13 22 I
591 478 104 28 enlighet
713 478 54 22 med
786 478 63 22 detta

85 512 130 29 stadgande
234 512 107 22 aflemnas
359 512 95 22 härmed
472 512 37 22 till
529 512 129 22 Ständerna
676 512 173 22 nedanstående

85 547 107 28 relation,
202 547 39 21 till
254 547 97 21 hvilken
364 546 102 29 följande
481 547 101 29 bokslut,
592 547 127 29 räkningar
731 548 42 21 och
783 547 66 22 redo-

85 582 104 28 görelser
203 581 74 21 finnas
292 580 115 30 bifogade,
423 581 126 29 nemligen:

110 650 18 21 1

157 650 222 28 Kapitalräkningar
396 650 64 22 öfver
477 650 117 22 allmänna
609 650 150 22 statsmedlen
774 651 75 27 (stats-

158 685 43 21 och
216 683 202 29 militiefonderna)
433 684 36 22 för
485 685 54 21 &ren
555 685 153 27 1898—1900;

104 719 67 21 2—4.
201 719 148 22 Jemförande
364 719 88 21 tablåer
468 719 63 22 öfver
545 719 159 22 inkomsterna
720 719 44 22 och
777 718 73 29 utgif-

96 1302 34 22 10.

157 756 66 19 terna
242 753 9 21 i
270 748 125 27 allmänna:
408 753 150 29 statsfonden,
579 753 75 29 enligt
675 753 175 28 statsförslagen

159 788 43 21 och
217 787 182 22 statsboksluten
416 787 34 22 för
466 788 53 21 ären
535 787 151 29 1898—1900;

157 822 111 28 Räkning
284 821 63 23 öfver
364 823 114 21 allmänna
492 822 176 22 militiemedlen
682 821 36 23 för
729 823 54 21 ären
793 822 57 21 1899

158 856 93 28 --1900;

159 891 78 27 Tablå,
252 891 122 22 utvisande
390 891 28 21 de
432 891 37 22 för
484 891 100 22 militära
599 891 107 22 ändamål
719 890 131 23 beräknade

158 925 156 22 inkomsterna
325 925 44 22 och
378 925 127 28 utgifterna
514 925 75 22 under
597 925 186 29 finansperioden
794 925 57 21 1898

159 959 86 21 —1900
264 959 43 21 och
325 959 61 21 huru
405 959 115 22 desamma
534 959 89 22 utfallit
639 960 74 28 enligt
728 959 123 21 räkenska-

159 1000 72 22 perna
245 992 36 23 för
296 993 100 22 nämnda
412 994 32 28 år;

159 1027 112 29 Räkning
296 1027 64 23 öfver
381 1028 342 29 krigsmanshuskassamedlen.
739 1028 36 22 för
797 1029 54 20 åren

159 1062 152 28 1899—1900;

159 1096 231 29 Kapitalräkningar'
406 1096 64 23 öfver
494 1096 300 23 kommunikationsfonden
815 1095 37 22 för

160 1131 54 21 ären
237 1131 143 22 1899—1900
399 1131 72 28 jemte
494 1131 78 22 dertill
589 1131 102 22 hörande
708 1131 144 28 jemförande

159 1165 89 22 tabläer
266 1165 64 22 öfver
348 1165 98 22 fondens
464 1166 127 22 inkomster
606 1166 44 21 och
664 1165 99 29 utgifter
778 1165 74 28 enligt

160 1199 174 29 statsförslagen
351 1199 43 22 och
408 1200 123 22 boksluten
546 1199 37 22 för
598 1200 101 21 nämnda
716 1200 31 28 är;

139 1245 2 3 :
159 1234 110 22 Relation
291 1234 72 28 jemte
389 1235 160 28 sammandrag
572 1234 37 22 för
631 1235 55 21 åren
709 1233 144 23 1898-1900

161 1268 63 22 öfver
239 1268 210 29 bränvinsskatten;

159 1302 110 22 Relation
293 1303 69 28 jemte
389 1303 161 29 sammandrag
572 1302 36 23 för
630 1304 55 20 åren
709 1302 144 22 1898—1900

160 1336 65 23 öfver
239 1336 314 30 bevillningsmedelsfonden
569 1337 129 28 (äfvensom
710 1336 143 30 jemförande

159 1371 104 28 tabläer);
