<?xml version="1.0" encoding="UTF-8"?>
<alto xmlns="http://www.loc.gov/standards/alto/ns-v3#" xmlns:xlink="http://www.w3.org/1999/xlink" xmlns:xsi="http://www.w3.org/2001/XMLSchema-instance" xsi:schemaLocation="http://www.loc.gov/standards/alto/ns-v3# http://www.loc.gov/alto/v3/alto-3-0.xsd">
	<Description>
		<MeasurementUnit>pixel</MeasurementUnit>
		<sourceImageInformation>
			<fileName>/tmp/tess_tcqao9kg_input.PNG</fileName>
		</sourceImageInformation>
		<OCRProcessing ID="OCR_0">
			<ocrProcessingStep>
				<processingSoftware>
					<softwareName>tesseract 5.3.4</softwareName>
				</processingSoftware>
			</ocrProcessingStep>
		</OCRProcessing>
	</Description>
	<Layout>
		<Page WIDTH="1025" HEIGHT="1620" PHYSICAL_IMG_NR="0" ID="page_0">
			<PrintSpace HPOS="0" VPOS="0" WIDTH="1025" HEIGHT="1620">
				<ComposedBlock ID="cblock_0" HPOS="193" VPOS="66" WIDTH="468" HEIGHT="23">
					<TextBlock ID="block_0" HPOS="193" VPOS="66" WIDTH="468" HEIGHT="23">
						<TextLine ID="line_0" HPOS="193" VPOS="66" WIDTH="468" HEIGHT="23">
							<String ID="string_0" HPOS="193" VPOS="66" WIDTH="43" HEIGHT="21" WC="0.95" CONTENT="124"/><SP WIDTH="261" VPOS="66" HPOS="236"/>
							<String ID="string_1" HPOS="497" VPOS="66" WIDTH="28" HEIGHT="22" WC="0.91" CONTENT="U."/><SP WIDTH="18" VPOS="66" HPOS="525"/>
							<String ID="string_2" HPOS="543" VPOS="67" WIDTH="29" HEIGHT="22" WC="0.51" CONTENT="B."/><SP WIDTH="15" VPOS="67" HPOS="572"/>
							<String ID="string_3" HPOS="587" VPOS="79" WIDTH="28" HEIGHT="3" WC="0.90" CONTENT="—"/><SP WIDTH="14" VPOS="79" HPOS="615"/>
							<String ID="string_4" HPOS="629" VPOS="66" WIDTH="32" HEIGHT="22" WC="0.88" CONTENT="11."/>
						</TextLine>
					</TextBlock>
				</ComposedBlock>
				<ComposedBlock ID="cblock_1" HPOS="190" VPOS="134" WIDTH="765" HEIGHT="441">
					<TextBlock ID="block_1" HPOS="190" VPOS="134" WIDTH="765" HEIGHT="199">
						<TextLine ID="line_1" HPOS="190" VPOS="134" WIDTH="764" HEIGHT="29">
							<String ID="string_5" HPOS="190" VPOS="135" WIDTH="160" HEIGHT="20" WC="0.90" CONTENT="instrumenter."/><SP WIDTH="30" VPOS="135" HPOS="350"/>
							<String ID="string_6" HPOS="380" VPOS="134" WIDTH="62" HEIGHT="22" WC="0.94" CONTENT="Inom"/><SP WIDTH="22" VPOS="134" HPOS="442"/>
							<String ID="string_7" HPOS="464" VPOS="135" WIDTH="94" HEIGHT="21" WC="0.94" CONTENT="februari"/><SP WIDTH="22" VPOS="135" HPOS="558"/>
							<String ID="string_8" HPOS="580" VPOS="135" WIDTH="78" HEIGHT="22" WC="0.96" CONTENT="månad"/><SP WIDTH="17" VPOS="135" HPOS="658"/>
							<String ID="string_9" HPOS="675" VPOS="136" WIDTH="73" HEIGHT="27" WC="0.96" CONTENT="hvarje"/><SP WIDTH="16" VPOS="136" HPOS="748"/>
							<String ID="string_10" HPOS="764" VPOS="135" WIDTH="23" HEIGHT="22" WC="0.96" CONTENT="år"/><SP WIDTH="14" VPOS="135" HPOS="787"/>
							<String ID="string_11" HPOS="801" VPOS="135" WIDTH="39" HEIGHT="22" WC="0.93" CONTENT="bör"/><SP WIDTH="15" VPOS="135" HPOS="840"/>
							<String ID="string_12" HPOS="855" VPOS="136" WIDTH="99" HEIGHT="27" WC="0.90" CONTENT="sjukhus-"/>
						</TextLine>
						<TextLine ID="line_2" HPOS="191" VPOS="169" WIDTH="763" HEIGHT="29">
							<String ID="string_13" HPOS="191" VPOS="169" WIDTH="108" HEIGHT="27" WC="0.96" CONTENT="styrelsen"/><SP WIDTH="22" VPOS="169" HPOS="299"/>
							<String ID="string_14" HPOS="321" VPOS="169" WIDTH="80" HEIGHT="22" WC="0.94" CONTENT="erhålla"/><SP WIDTH="22" VPOS="169" HPOS="401"/>
							<String ID="string_15" HPOS="423" VPOS="169" WIDTH="84" HEIGHT="28" WC="0.96" CONTENT="uppgift"/><SP WIDTH="21" VPOS="169" HPOS="507"/>
							<String ID="string_16" HPOS="528" VPOS="176" WIDTH="35" HEIGHT="15" WC="0.96" CONTENT="om"/><SP WIDTH="22" VPOS="176" HPOS="563"/>
							<String ID="string_17" HPOS="585" VPOS="170" WIDTH="36" HEIGHT="21" WC="0.96" CONTENT="det"/><SP WIDTH="20" VPOS="170" HPOS="621"/>
							<String ID="string_18" HPOS="641" VPOS="170" WIDTH="129" HEIGHT="28" WC="0.96" CONTENT="föregående"/><SP WIDTH="15" VPOS="170" HPOS="770"/>
							<String ID="string_19" HPOS="785" VPOS="170" WIDTH="55" HEIGHT="21" WC="0.96" CONTENT="årets"/><SP WIDTH="14" VPOS="170" HPOS="840"/>
							<String ID="string_20" HPOS="854" VPOS="170" WIDTH="100" HEIGHT="27" WC="0.96" CONTENT="inkomst,"/>
						</TextLine>
						<TextLine ID="line_3" HPOS="191" VPOS="202" WIDTH="763" HEIGHT="29">
							<String ID="string_21" HPOS="191" VPOS="205" WIDTH="59" HEIGHT="20" WC="0.96" CONTENT="samt"/><SP WIDTH="20" VPOS="205" HPOS="250"/>
							<String ID="string_22" HPOS="270" VPOS="202" WIDTH="121" HEIGHT="23" WC="0.96" CONTENT="sedermera"/><SP WIDTH="20" VPOS="202" HPOS="391"/>
							<String ID="string_23" HPOS="411" VPOS="203" WIDTH="33" HEIGHT="22" WC="0.93" CONTENT="till"/><SP WIDTH="14" VPOS="203" HPOS="444"/>
							<String ID="string_24" HPOS="458" VPOS="203" WIDTH="221" HEIGHT="28" WC="0.90" CONTENT="Medicinalstyrelsen"/><SP WIDTH="14" VPOS="203" HPOS="679"/>
							<String ID="string_25" HPOS="693" VPOS="204" WIDTH="98" HEIGHT="22" WC="0.96" CONTENT="redovisa"/><SP WIDTH="14" VPOS="204" HPOS="791"/>
							<String ID="string_26" HPOS="805" VPOS="204" WIDTH="34" HEIGHT="21" WC="0.96" CONTENT="för"/><SP WIDTH="15" VPOS="204" HPOS="839"/>
							<String ID="string_27" HPOS="854" VPOS="204" WIDTH="48" HEIGHT="21" WC="0.93" CONTENT="dess"/><SP WIDTH="15" VPOS="204" HPOS="902"/>
							<String ID="string_28" HPOS="917" VPOS="211" WIDTH="37" HEIGHT="15" WC="0.92" CONTENT="an-"/>
						</TextLine>
						<TextLine ID="line_4" HPOS="193" VPOS="237" WIDTH="762" HEIGHT="30">
							<String ID="string_29" HPOS="193" VPOS="237" WIDTH="116" HEIGHT="28" WC="0.94" CONTENT="vändning."/><SP WIDTH="29" VPOS="237" HPOS="309"/>
							<String ID="string_30" HPOS="338" VPOS="237" WIDTH="99" HEIGHT="22" WC="0.94" CONTENT="Fondens"/><SP WIDTH="23" VPOS="237" HPOS="437"/>
							<String ID="string_31" HPOS="460" VPOS="238" WIDTH="122" HEIGHT="28" WC="0.95" CONTENT="behållning"/><SP WIDTH="23" VPOS="238" HPOS="582"/>
							<String ID="string_32" HPOS="605" VPOS="239" WIDTH="99" HEIGHT="28" WC="0.96" CONTENT="utgjorde"/><SP WIDTH="22" VPOS="239" HPOS="704"/>
							<String ID="string_33" HPOS="726" VPOS="239" WIDTH="36" HEIGHT="21" WC="0.96" CONTENT="vid"/><SP WIDTH="23" VPOS="239" HPOS="762"/>
							<String ID="string_34" HPOS="785" VPOS="239" WIDTH="55" HEIGHT="22" WC="0.95" CONTENT="1900"/><SP WIDTH="22" VPOS="239" HPOS="840"/>
							<String ID="string_35" HPOS="862" VPOS="239" WIDTH="34" HEIGHT="21" WC="0.96" CONTENT="års"/><SP WIDTH="15" VPOS="239" HPOS="896"/>
							<String ID="string_36" HPOS="911" VPOS="239" WIDTH="44" HEIGHT="22" WC="0.96" CONTENT="slut"/>
						</TextLine>
						<TextLine ID="line_5" HPOS="192" VPOS="271" WIDTH="762" HEIGHT="30">
							<String ID="string_37" HPOS="192" VPOS="271" WIDTH="57" HEIGHT="25" WC="0.91" CONTENT="Fmk"/><SP WIDTH="21" VPOS="271" HPOS="249"/>
							<String ID="string_38" HPOS="270" VPOS="272" WIDTH="96" HEIGHT="26" WC="0.91" CONTENT="139,502:"/><SP WIDTH="17" VPOS="272" HPOS="366"/>
							<String ID="string_39" HPOS="383" VPOS="273" WIDTH="33" HEIGHT="26" WC="0.96" CONTENT="59,"/><SP WIDTH="22" VPOS="273" HPOS="416"/>
							<String ID="string_40" HPOS="438" VPOS="274" WIDTH="56" HEIGHT="20" WC="0.96" CONTENT="samt"/><SP WIDTH="14" VPOS="274" HPOS="494"/>
							<String ID="string_41" HPOS="508" VPOS="273" WIDTH="35" HEIGHT="21" WC="0.96" CONTENT="vid"/><SP WIDTH="15" VPOS="273" HPOS="543"/>
							<String ID="string_42" HPOS="558" VPOS="273" WIDTH="108" HEIGHT="28" WC="0.96" CONTENT="utgången"/><SP WIDTH="15" VPOS="273" HPOS="666"/>
							<String ID="string_43" HPOS="681" VPOS="273" WIDTH="22" HEIGHT="22" WC="0.91" CONTENT="af"/><SP WIDTH="15" VPOS="273" HPOS="703"/>
							<String ID="string_44" HPOS="718" VPOS="273" WIDTH="128" HEIGHT="22" WC="0.92" CONTENT="sistförlidne"/><SP WIDTH="16" VPOS="273" HPOS="846"/>
							<String ID="string_45" HPOS="862" VPOS="273" WIDTH="23" HEIGHT="22" WC="0.93" CONTENT="år"/><SP WIDTH="15" VPOS="273" HPOS="885"/>
							<String ID="string_46" HPOS="900" VPOS="273" WIDTH="54" HEIGHT="22" WC="0.88" CONTENT="Fmk"/>
						</TextLine>
						<TextLine ID="line_6" HPOS="194" VPOS="306" WIDTH="540" HEIGHT="27">
							<String ID="string_47" HPOS="194" VPOS="306" WIDTH="98" HEIGHT="27" WC="0.91" CONTENT="140,830:"/><SP WIDTH="17" VPOS="306" HPOS="292"/>
							<String ID="string_48" HPOS="309" VPOS="307" WIDTH="33" HEIGHT="20" WC="0.96" CONTENT="30."/><SP WIDTH="390" VPOS="307" HPOS="342"/>
							<String ID="string_49" HPOS="732" VPOS="311" WIDTH="2" HEIGHT="3" WC="0.41" CONTENT="&quot;"/>
						</TextLine>
					</TextBlock>
					<TextBlock ID="block_2" HPOS="192" VPOS="340" WIDTH="763" HEIGHT="235">
						<TextLine ID="line_7" HPOS="264" VPOS="340" WIDTH="690" HEIGHT="28">
							<String ID="string_50" HPOS="264" VPOS="340" WIDTH="50" HEIGHT="22" WC="0.95" CONTENT="Med"/><SP WIDTH="23" VPOS="340" HPOS="314"/>
							<String ID="string_51" HPOS="337" VPOS="341" WIDTH="106" HEIGHT="22" WC="0.96" CONTENT="donerade"/><SP WIDTH="22" VPOS="341" HPOS="443"/>
							<String ID="string_52" HPOS="465" VPOS="341" WIDTH="82" HEIGHT="27" WC="0.96" CONTENT="fonder,"/><SP WIDTH="14" VPOS="341" HPOS="547"/>
							<String ID="string_53" HPOS="561" VPOS="341" WIDTH="73" HEIGHT="22" WC="0.96" CONTENT="hvilka"/><SP WIDTH="22" VPOS="341" HPOS="634"/>
							<String ID="string_54" HPOS="656" VPOS="342" WIDTH="32" HEIGHT="21" WC="0.96" CONTENT="stå"/><SP WIDTH="18" VPOS="342" HPOS="688"/>
							<String ID="string_55" HPOS="706" VPOS="342" WIDTH="68" HEIGHT="21" WC="0.96" CONTENT="under"/><SP WIDTH="15" VPOS="342" HPOS="774"/>
							<String ID="string_56" HPOS="789" VPOS="341" WIDTH="165" HEIGHT="23" WC="0.95" CONTENT="Statskontorets"/>
						</TextLine>
						<TextLine ID="line_8" HPOS="194" VPOS="375" WIDTH="760" HEIGHT="29">
							<String ID="string_57" HPOS="194" VPOS="375" WIDTH="137" HEIGHT="28" WC="0.93" CONTENT="förvaltning,"/><SP WIDTH="10" VPOS="375" HPOS="331"/>
							<String ID="string_58" HPOS="341" VPOS="376" WIDTH="154" HEIGHT="21" WC="0.91" CONTENT="sammanföras"/><SP WIDTH="11" VPOS="376" HPOS="495"/>
							<String ID="string_59" HPOS="506" VPOS="383" WIDTH="94" HEIGHT="20" WC="0.95" CONTENT="numera,"/><SP WIDTH="11" VPOS="383" HPOS="600"/>
							<String ID="string_60" HPOS="611" VPOS="376" WIDTH="70" HEIGHT="22" WC="0.96" CONTENT="såsom"/><SP WIDTH="16" VPOS="376" HPOS="681"/>
							<String ID="string_61" HPOS="697" VPOS="377" WIDTH="48" HEIGHT="21" WC="0.96" CONTENT="med"/><SP WIDTH="12" VPOS="377" HPOS="745"/>
							<String ID="string_62" HPOS="757" VPOS="377" WIDTH="49" HEIGHT="20" WC="0.93" CONTENT="dem"/><SP WIDTH="8" VPOS="377" HPOS="806"/>
							<String ID="string_63" HPOS="814" VPOS="376" WIDTH="140" HEIGHT="28" WC="0.83" CONTENT="»likartade»,"/>
						</TextLine>
						<TextLine ID="line_9" HPOS="192" VPOS="409" WIDTH="762" HEIGHT="29">
							<String ID="string_64" HPOS="192" VPOS="409" WIDTH="71" HEIGHT="21" WC="0.96" CONTENT="sedan"/><SP WIDTH="22" VPOS="409" HPOS="263"/>
							<String ID="string_65" HPOS="285" VPOS="410" WIDTH="26" HEIGHT="20" WC="0.95" CONTENT="30"/><SP WIDTH="23" VPOS="410" HPOS="311"/>
							<String ID="string_66" HPOS="334" VPOS="410" WIDTH="42" HEIGHT="27" WC="0.96" CONTENT="jan."/><SP WIDTH="17" VPOS="410" HPOS="376"/>
							<String ID="string_67" HPOS="393" VPOS="410" WIDTH="54" HEIGHT="21" WC="0.93" CONTENT="1902"/><SP WIDTH="16" VPOS="410" HPOS="447"/>
							<String ID="string_68" HPOS="463" VPOS="410" WIDTH="254" HEIGHT="28" WC="0.53" CONTENT="Kanalbetjäningens"/><SP WIDTH="15" VPOS="410" HPOS="717"/>
							<String ID="string_69" HPOS="732" VPOS="410" WIDTH="222" HEIGHT="28" WC="0.90" CONTENT="understödsfond,"/>
						</TextLine>
						<TextLine ID="line_10" HPOS="193" VPOS="440" WIDTH="761" HEIGHT="32">
							<String ID="string_70" HPOS="193" VPOS="443" WIDTH="92" HEIGHT="28" WC="0.89" CONTENT="tidigare"/><SP WIDTH="20" VPOS="443" HPOS="285"/>
							<String ID="string_71" HPOS="305" VPOS="444" WIDTH="105" HEIGHT="21" WC="0.89" CONTENT="förvaltad"/><SP WIDTH="16" VPOS="444" HPOS="410"/>
							<String ID="string_72" HPOS="426" VPOS="444" WIDTH="20" HEIGHT="21" WC="0.93" CONTENT="af"/><SP WIDTH="15" VPOS="444" HPOS="446"/>
							<String ID="string_73" HPOS="461" VPOS="440" WIDTH="170" HEIGHT="32" WC="0.93" CONTENT="Öfverstyrelsen"/><SP WIDTH="15" VPOS="440" HPOS="631"/>
							<String ID="string_74" HPOS="646" VPOS="445" WIDTH="34" HEIGHT="21" WC="0.93" CONTENT="för"/><SP WIDTH="15" VPOS="445" HPOS="680"/>
							<String ID="string_75" HPOS="695" VPOS="446" WIDTH="49" HEIGHT="26" WC="0.89" CONTENT="väg-"/><SP WIDTH="16" VPOS="446" HPOS="744"/>
							<String ID="string_76" HPOS="760" VPOS="445" WIDTH="40" HEIGHT="21" WC="0.93" CONTENT="och"/><SP WIDTH="15" VPOS="445" HPOS="800"/>
							<String ID="string_77" HPOS="815" VPOS="444" WIDTH="139" HEIGHT="28" WC="0.73" CONTENT="vattenbygg-"/>
						</TextLine>
						<TextLine ID="line_11" HPOS="195" VPOS="471" WIDTH="759" HEIGHT="35">
							<String ID="string_78" HPOS="195" VPOS="478" WIDTH="102" HEIGHT="28" WC="0.91" CONTENT="naderna,"/><SP WIDTH="10" VPOS="478" HPOS="297"/>
							<String ID="string_79" HPOS="307" VPOS="478" WIDTH="110" HEIGHT="22" WC="0.94" CONTENT="äfvensom"/><SP WIDTH="11" VPOS="478" HPOS="417"/>
							<String ID="string_80" HPOS="428" VPOS="478" WIDTH="65" HEIGHT="22" WC="0.96" CONTENT="sedan"/><SP WIDTH="10" VPOS="478" HPOS="493"/>
							<String ID="string_81" HPOS="503" VPOS="479" WIDTH="53" HEIGHT="21" WC="0.90" CONTENT="1901"/><SP WIDTH="11" VPOS="479" HPOS="556"/>
							<String ID="string_82" HPOS="567" VPOS="479" WIDTH="26" HEIGHT="21" WC="0.93" CONTENT="de"/><SP WIDTH="8" VPOS="479" HPOS="593"/>
							<String ID="string_83" HPOS="601" VPOS="479" WIDTH="55" HEIGHT="21" WC="0.93" CONTENT="båda"/><SP WIDTH="8" VPOS="479" HPOS="656"/>
							<String ID="string_84" HPOS="664" VPOS="471" WIDTH="290" HEIGHT="30" WC="0.80" CONTENT="Äminnefideikommiss-"/>
						</TextLine>
						<TextLine ID="line_12" HPOS="193" VPOS="512" WIDTH="762" HEIGHT="29">
							<String ID="string_85" HPOS="193" VPOS="512" WIDTH="136" HEIGHT="28" WC="0.95" CONTENT="fonderna,"/><SP WIDTH="23" VPOS="512" HPOS="329"/>
							<String ID="string_86" HPOS="352" VPOS="513" WIDTH="72" HEIGHT="21" WC="0.96" CONTENT="hvilka"/><SP WIDTH="22" VPOS="513" HPOS="424"/>
							<String ID="string_87" HPOS="446" VPOS="515" WIDTH="86" HEIGHT="25" WC="0.96" CONTENT="utgöras"/><SP WIDTH="18" VPOS="515" HPOS="532"/>
							<String ID="string_88" HPOS="550" VPOS="514" WIDTH="22" HEIGHT="20" WC="0.93" CONTENT="af"/><SP WIDTH="15" VPOS="514" HPOS="572"/>
							<String ID="string_89" HPOS="587" VPOS="513" WIDTH="183" HEIGHT="28" WC="0.43" CONTENT="vederlagsmedel]"/><SP WIDTH="14" VPOS="513" HPOS="770"/>
							<String ID="string_90" HPOS="784" VPOS="514" WIDTH="34" HEIGHT="20" WC="0.93" CONTENT="för"/><SP WIDTH="15" VPOS="514" HPOS="818"/>
							<String ID="string_91" HPOS="833" VPOS="513" WIDTH="122" HEIGHT="28" WC="0.93" CONTENT="expropria-"/>
						</TextLine>
						<TextLine ID="line_13" HPOS="192" VPOS="547" WIDTH="551" HEIGHT="28">
							<String ID="string_92" HPOS="192" VPOS="548" WIDTH="80" HEIGHT="27" WC="0.56" CONTENT="tioner,"/><SP WIDTH="16" VPOS="548" HPOS="272"/>
							<String ID="string_93" HPOS="288" VPOS="547" WIDTH="119" HEIGHT="22" WC="0.92" CONTENT="värkstälda"/><SP WIDTH="15" VPOS="547" HPOS="407"/>
							<String ID="string_94" HPOS="422" VPOS="548" WIDTH="55" HEIGHT="21" WC="0.96" CONTENT="ifrån"/><SP WIDTH="15" VPOS="548" HPOS="477"/>
							<String ID="string_95" HPOS="492" VPOS="548" WIDTH="77" HEIGHT="21" WC="0.96" CONTENT="nämda"/><SP WIDTH="16" VPOS="548" HPOS="569"/>
							<String ID="string_96" HPOS="585" VPOS="548" WIDTH="158" HEIGHT="21" WC="0.95" CONTENT="fideikommiss."/>
						</TextLine>
					</TextBlock>
				</ComposedBlock>
				<ComposedBlock ID="cblock_2" HPOS="308" VPOS="697" WIDTH="536" HEIGHT="28">
					<TextBlock ID="block_3" HPOS="308" VPOS="697" WIDTH="536" HEIGHT="28">
						<TextLine ID="line_14" HPOS="308" VPOS="697" WIDTH="536" HEIGHT="28">
							<String ID="string_97" HPOS="308" VPOS="697" WIDTH="45" HEIGHT="22" WC="0.93" CONTENT="Vid"/><SP WIDTH="15" VPOS="697" HPOS="353"/>
							<String ID="string_98" HPOS="368" VPOS="697" WIDTH="209" HEIGHT="28" WC="0.91" CONTENT="länestyrelserna"/><SP WIDTH="14" VPOS="697" HPOS="577"/>
							<String ID="string_99" HPOS="591" VPOS="697" WIDTH="141" HEIGHT="22" WC="0.95" CONTENT="förvaltade"/><SP WIDTH="15" VPOS="697" HPOS="732"/>
							<String ID="string_100" HPOS="747" VPOS="697" WIDTH="97" HEIGHT="22" WC="0.96" CONTENT="fonder."/>
						</TextLine>
					</TextBlock>
				</ComposedBlock>
				<ComposedBlock ID="cblock_3" HPOS="193" VPOS="754" WIDTH="766" HEIGHT="646">
					<TextBlock ID="block_4" HPOS="193" VPOS="754" WIDTH="766" HEIGHT="646">
						<TextLine ID="line_15" HPOS="266" VPOS="754" WIDTH="689" HEIGHT="28">
							<String ID="string_101" HPOS="266" VPOS="754" WIDTH="11" HEIGHT="21" WC="0.96" CONTENT="I"/><SP WIDTH="20" VPOS="754" HPOS="277"/>
							<String ID="string_102" HPOS="297" VPOS="754" WIDTH="26" HEIGHT="21" WC="0.95" CONTENT="de"/><SP WIDTH="20" VPOS="754" HPOS="323"/>
							<String ID="string_103" HPOS="343" VPOS="754" WIDTH="32" HEIGHT="21" WC="0.95" CONTENT="till"/><SP WIDTH="21" VPOS="754" HPOS="375"/>
							<String ID="string_104" HPOS="396" VPOS="756" WIDTH="84" HEIGHT="20" WC="0.93" CONTENT="senaste"/><SP WIDTH="20" VPOS="756" HPOS="480"/>
							<String ID="string_105" HPOS="500" VPOS="754" WIDTH="126" HEIGHT="28" WC="0.92" CONTENT="landtdagar"/><SP WIDTH="21" VPOS="754" HPOS="626"/>
							<String ID="string_106" HPOS="647" VPOS="754" WIDTH="78" HEIGHT="21" WC="0.92" CONTENT="aflåtna"/><SP WIDTH="14" VPOS="754" HPOS="725"/>
							<String ID="string_107" HPOS="739" VPOS="754" WIDTH="142" HEIGHT="21" WC="0.96" CONTENT="relationerna"/><SP WIDTH="15" VPOS="754" HPOS="881"/>
							<String ID="string_108" HPOS="896" VPOS="754" WIDTH="59" HEIGHT="22" WC="0.96" CONTENT="öfver"/>
						</TextLine>
						<TextLine ID="line_16" HPOS="195" VPOS="788" WIDTH="760" HEIGHT="28">
							<String ID="string_109" HPOS="195" VPOS="789" WIDTH="139" HEIGHT="21" WC="0.92" CONTENT="statsvärkets"/><SP WIDTH="19" VPOS="789" HPOS="334"/>
							<String ID="string_110" HPOS="353" VPOS="789" WIDTH="95" HEIGHT="21" WC="0.96" CONTENT="tillstånd"/><SP WIDTH="20" VPOS="789" HPOS="448"/>
							<String ID="string_111" HPOS="468" VPOS="789" WIDTH="39" HEIGHT="21" WC="0.96" CONTENT="har"/><SP WIDTH="14" VPOS="789" HPOS="507"/>
							<String ID="string_112" HPOS="521" VPOS="790" WIDTH="60" HEIGHT="20" WC="0.96" CONTENT="utom"/><SP WIDTH="18" VPOS="790" HPOS="581"/>
							<String ID="string_113" HPOS="599" VPOS="789" WIDTH="42" HEIGHT="21" WC="0.96" CONTENT="den"/><SP WIDTH="15" VPOS="789" HPOS="641"/>
							<String ID="string_114" HPOS="656" VPOS="789" WIDTH="7" HEIGHT="20" WC="0.93" CONTENT="i"/><SP WIDTH="15" VPOS="789" HPOS="663"/>
							<String ID="string_115" HPOS="678" VPOS="788" WIDTH="277" HEIGHT="28" WC="0.91" CONTENT="generalhufvudböckerna"/>
						</TextLine>
						<TextLine ID="line_17" HPOS="194" VPOS="822" WIDTH="761" HEIGHT="28">
							<String ID="string_116" HPOS="194" VPOS="822" WIDTH="63" HEIGHT="23" WC="0.93" CONTENT="öfver"/><SP WIDTH="15" VPOS="822" HPOS="257"/>
							<String ID="string_117" HPOS="272" VPOS="822" WIDTH="136" HEIGHT="22" WC="0.91" CONTENT="statsvärkets"/><SP WIDTH="15" VPOS="822" HPOS="408"/>
							<String ID="string_118" HPOS="423" VPOS="822" WIDTH="76" HEIGHT="22" WC="0.96" CONTENT="fonder"/><SP WIDTH="9" VPOS="822" HPOS="499"/>
							<String ID="string_119" HPOS="508" VPOS="822" WIDTH="106" HEIGHT="28" WC="0.96" CONTENT="ingående"/><SP WIDTH="10" VPOS="822" HPOS="614"/>
							<String ID="string_120" HPOS="624" VPOS="822" WIDTH="166" HEIGHT="28" WC="0.96" CONTENT="redovisningen"/><SP WIDTH="10" VPOS="822" HPOS="790"/>
							<String ID="string_121" HPOS="800" VPOS="822" WIDTH="59" HEIGHT="22" WC="0.96" CONTENT="öfver"/><SP WIDTH="10" VPOS="822" HPOS="859"/>
							<String ID="string_122" HPOS="869" VPOS="822" WIDTH="26" HEIGHT="22" WC="0.93" CONTENT="de"/><SP WIDTH="12" VPOS="822" HPOS="895"/>
							<String ID="string_123" HPOS="907" VPOS="822" WIDTH="48" HEIGHT="22" WC="0.90" CONTENT="sist-"/>
						</TextLine>
						<TextLine ID="line_18" HPOS="197" VPOS="856" WIDTH="758" HEIGHT="28">
							<String ID="string_124" HPOS="197" VPOS="856" WIDTH="79" HEIGHT="22" WC="0.95" CONTENT="nämda"/><SP WIDTH="19" VPOS="856" HPOS="276"/>
							<String ID="string_125" HPOS="295" VPOS="857" WIDTH="107" HEIGHT="27" WC="0.95" CONTENT="upptagits"/><SP WIDTH="18" VPOS="857" HPOS="402"/>
							<String ID="string_126" HPOS="420" VPOS="857" WIDTH="63" HEIGHT="21" WC="0.96" CONTENT="äfven"/><SP WIDTH="15" VPOS="857" HPOS="483"/>
							<String ID="string_127" HPOS="498" VPOS="864" WIDTH="27" HEIGHT="14" WC="0.96" CONTENT="en"/><SP WIDTH="15" VPOS="864" HPOS="525"/>
							<String ID="string_128" HPOS="540" VPOS="857" WIDTH="90" HEIGHT="21" WC="0.96" CONTENT="särskild"/><SP WIDTH="15" VPOS="857" HPOS="630"/>
							<String ID="string_129" HPOS="645" VPOS="856" WIDTH="90" HEIGHT="22" WC="0.95" CONTENT="relation"/><SP WIDTH="16" VPOS="856" HPOS="735"/>
							<String ID="string_130" HPOS="751" VPOS="856" WIDTH="59" HEIGHT="22" WC="0.96" CONTENT="öfver"/><SP WIDTH="15" VPOS="856" HPOS="810"/>
							<String ID="string_131" HPOS="825" VPOS="856" WIDTH="79" HEIGHT="22" WC="0.96" CONTENT="sådana"/><SP WIDTH="15" VPOS="856" HPOS="904"/>
							<String ID="string_132" HPOS="919" VPOS="856" WIDTH="36" HEIGHT="21" WC="0.96" CONTENT="vid"/>
						</TextLine>
						<TextLine ID="line_19" HPOS="196" VPOS="890" WIDTH="759" HEIGHT="28">
							<String ID="string_133" HPOS="196" VPOS="891" WIDTH="180" HEIGHT="27" WC="0.91" CONTENT="länestyrelserna"/><SP WIDTH="18" VPOS="891" HPOS="376"/>
							<String ID="string_134" HPOS="394" VPOS="892" WIDTH="9" HEIGHT="20" WC="0.96" CONTENT="i"/><SP WIDTH="20" VPOS="892" HPOS="403"/>
							<String ID="string_135" HPOS="423" VPOS="891" WIDTH="73" HEIGHT="22" WC="0.96" CONTENT="landet"/><SP WIDTH="19" VPOS="891" HPOS="496"/>
							<String ID="string_136" HPOS="515" VPOS="891" WIDTH="119" HEIGHT="22" WC="0.96" CONTENT="förvaltade"/><SP WIDTH="19" VPOS="891" HPOS="634"/>
							<String ID="string_137" HPOS="653" VPOS="891" WIDTH="81" HEIGHT="27" WC="0.95" CONTENT="fonder,"/><SP WIDTH="16" VPOS="891" HPOS="734"/>
							<String ID="string_138" HPOS="750" VPOS="891" WIDTH="33" HEIGHT="21" WC="0.96" CONTENT="för"/><SP WIDTH="20" VPOS="891" HPOS="783"/>
							<String ID="string_139" HPOS="803" VPOS="890" WIDTH="72" HEIGHT="22" WC="0.93" CONTENT="hvilka"/><SP WIDTH="19" VPOS="890" HPOS="875"/>
							<String ID="string_140" HPOS="894" VPOS="891" WIDTH="61" HEIGHT="21" WC="0.91" CONTENT="redo-"/>
						</TextLine>
						<TextLine ID="line_20" HPOS="195" VPOS="925" WIDTH="761" HEIGHT="28">
							<String ID="string_141" HPOS="195" VPOS="925" WIDTH="85" HEIGHT="28" WC="0.93" CONTENT="görelse"/><SP WIDTH="20" VPOS="925" HPOS="280"/>
							<String ID="string_142" HPOS="300" VPOS="926" WIDTH="48" HEIGHT="20" WC="0.96" CONTENT="icke"/><SP WIDTH="20" VPOS="926" HPOS="348"/>
							<String ID="string_143" HPOS="368" VPOS="925" WIDTH="62" HEIGHT="28" WC="0.96" CONTENT="ingår"/><SP WIDTH="18" VPOS="925" HPOS="430"/>
							<String ID="string_144" HPOS="448" VPOS="926" WIDTH="7" HEIGHT="20" WC="0.96" CONTENT="i"/><SP WIDTH="20" VPOS="926" HPOS="455"/>
							<String ID="string_145" HPOS="475" VPOS="926" WIDTH="27" HEIGHT="21" WC="0.96" CONTENT="de"/><SP WIDTH="15" VPOS="926" HPOS="502"/>
							<String ID="string_146" HPOS="517" VPOS="926" WIDTH="108" HEIGHT="21" WC="0.96" CONTENT="allmänna"/><SP WIDTH="14" VPOS="926" HPOS="625"/>
							<String ID="string_147" HPOS="639" VPOS="926" WIDTH="176" HEIGHT="27" WC="0.95" CONTENT="räkenskaperna."/><SP WIDTH="30" VPOS="926" HPOS="815"/>
							<String ID="string_148" HPOS="845" VPOS="925" WIDTH="60" HEIGHT="21" WC="0.86" CONTENT="Efter"/><SP WIDTH="15" VPOS="925" HPOS="905"/>
							<String ID="string_149" HPOS="920" VPOS="925" WIDTH="36" HEIGHT="21" WC="0.96" CONTENT="det"/>
						</TextLine>
						<TextLine ID="line_21" HPOS="197" VPOS="960" WIDTH="760" HEIGHT="28">
							<String ID="string_150" HPOS="197" VPOS="966" WIDTH="44" HEIGHT="20" WC="0.92" CONTENT="nya"/><SP WIDTH="21" VPOS="966" HPOS="241"/>
							<String ID="string_151" HPOS="262" VPOS="960" WIDTH="295" HEIGHT="28" WC="0.90" CONTENT="statsräkenskapsväsendets"/><SP WIDTH="21" VPOS="960" HPOS="557"/>
							<String ID="string_152" HPOS="578" VPOS="960" WIDTH="112" HEIGHT="21" WC="0.96" CONTENT="införande"/><SP WIDTH="19" VPOS="960" HPOS="690"/>
							<String ID="string_153" HPOS="709" VPOS="960" WIDTH="51" HEIGHT="27" WC="0.96" CONTENT="ingå"/><SP WIDTH="21" VPOS="960" HPOS="760"/>
							<String ID="string_154" HPOS="781" VPOS="960" WIDTH="77" HEIGHT="21" WC="0.94" CONTENT="nämda"/><SP WIDTH="23" VPOS="960" HPOS="858"/>
							<String ID="string_155" HPOS="881" VPOS="960" WIDTH="76" HEIGHT="21" WC="0.95" CONTENT="fonder"/>
						</TextLine>
						<TextLine ID="line_22" HPOS="195" VPOS="993" WIDTH="761" HEIGHT="29">
							<String ID="string_156" HPOS="195" VPOS="994" WIDTH="34" HEIGHT="22" WC="0.96" CONTENT="uti"/><SP WIDTH="22" VPOS="994" HPOS="229"/>
							<String ID="string_157" HPOS="251" VPOS="994" WIDTH="26" HEIGHT="21" WC="0.96" CONTENT="de"/><SP WIDTH="21" VPOS="994" HPOS="277"/>
							<String ID="string_158" HPOS="298" VPOS="994" WIDTH="108" HEIGHT="21" WC="0.96" CONTENT="allmänna"/><SP WIDTH="22" VPOS="994" HPOS="406"/>
							<String ID="string_159" HPOS="428" VPOS="994" WIDTH="176" HEIGHT="28" WC="0.95" CONTENT="räkenskaperna,"/><SP WIDTH="16" VPOS="994" HPOS="604"/>
							<String ID="string_160" HPOS="620" VPOS="994" WIDTH="40" HEIGHT="21" WC="0.96" CONTENT="och"/><SP WIDTH="20" VPOS="994" HPOS="660"/>
							<String ID="string_161" HPOS="680" VPOS="994" WIDTH="43" HEIGHT="21" WC="0.96" CONTENT="kan"/><SP WIDTH="21" VPOS="994" HPOS="723"/>
							<String ID="string_162" HPOS="744" VPOS="994" WIDTH="127" HEIGHT="27" WC="0.94" CONTENT="ställningen"/><SP WIDTH="19" VPOS="994" HPOS="871"/>
							<String ID="string_163" HPOS="890" VPOS="994" WIDTH="8" HEIGHT="20" WC="0.92" CONTENT="i"/><SP WIDTH="23" VPOS="994" HPOS="898"/>
							<String ID="string_164" HPOS="921" VPOS="993" WIDTH="35" HEIGHT="21" WC="0.92" CONTENT="de-"/>
						</TextLine>
						<TextLine ID="line_23" HPOS="195" VPOS="1028" WIDTH="762" HEIGHT="28">
							<String ID="string_165" HPOS="195" VPOS="1034" WIDTH="84" HEIGHT="15" WC="0.95" CONTENT="samma"/><SP WIDTH="21" VPOS="1034" HPOS="279"/>
							<String ID="string_166" HPOS="300" VPOS="1028" WIDTH="36" HEIGHT="20" WC="0.96" CONTENT="vid"/><SP WIDTH="20" VPOS="1028" HPOS="336"/>
							<String ID="string_167" HPOS="356" VPOS="1028" WIDTH="109" HEIGHT="28" WC="0.96" CONTENT="utgången"/><SP WIDTH="16" VPOS="1028" HPOS="465"/>
							<String ID="string_168" HPOS="481" VPOS="1028" WIDTH="22" HEIGHT="21" WC="0.96" CONTENT="af"/><SP WIDTH="14" VPOS="1028" HPOS="503"/>
							<String ID="string_169" HPOS="517" VPOS="1028" WIDTH="51" HEIGHT="21" WC="0.96" CONTENT="åren"/><SP WIDTH="16" VPOS="1028" HPOS="568"/>
							<String ID="string_170" HPOS="584" VPOS="1028" WIDTH="61" HEIGHT="26" WC="0.96" CONTENT="1901,"/><SP WIDTH="17" VPOS="1028" HPOS="645"/>
							<String ID="string_171" HPOS="662" VPOS="1028" WIDTH="55" HEIGHT="21" WC="0.96" CONTENT="1902"/><SP WIDTH="17" VPOS="1028" HPOS="717"/>
							<String ID="string_172" HPOS="734" VPOS="1028" WIDTH="40" HEIGHT="21" WC="0.95" CONTENT="och"/><SP WIDTH="15" VPOS="1028" HPOS="774"/>
							<String ID="string_173" HPOS="789" VPOS="1028" WIDTH="55" HEIGHT="21" WC="0.93" CONTENT="1903"/><SP WIDTH="16" VPOS="1028" HPOS="844"/>
							<String ID="string_174" HPOS="860" VPOS="1028" WIDTH="55" HEIGHT="21" WC="0.91" CONTENT="utfås"/><SP WIDTH="16" VPOS="1028" HPOS="915"/>
							<String ID="string_175" HPOS="931" VPOS="1034" WIDTH="26" HEIGHT="14" WC="0.96" CONTENT="ur"/>
						</TextLine>
						<TextLine ID="line_24" HPOS="196" VPOS="1062" WIDTH="760" HEIGHT="28">
							<String ID="string_176" HPOS="196" VPOS="1062" WIDTH="138" HEIGHT="22" WC="0.92" CONTENT="statsvärkets"/><SP WIDTH="8" VPOS="1062" HPOS="334"/>
							<String ID="string_177" HPOS="342" VPOS="1062" WIDTH="83" HEIGHT="28" WC="0.92" CONTENT="bilans,"/><SP WIDTH="15" VPOS="1062" HPOS="425"/>
							<String ID="string_178" HPOS="440" VPOS="1063" WIDTH="86" HEIGHT="27" WC="0.96" CONTENT="intagen"/><SP WIDTH="16" VPOS="1063" HPOS="526"/>
							<String ID="string_179" HPOS="542" VPOS="1062" WIDTH="73" HEIGHT="22" WC="0.93" CONTENT="ibland"/><SP WIDTH="12" VPOS="1062" HPOS="615"/>
							<String ID="string_180" HPOS="627" VPOS="1062" WIDTH="111" HEIGHT="28" WC="0.92" CONTENT="bilagorna"/><SP WIDTH="10" VPOS="1062" HPOS="738"/>
							<String ID="string_181" HPOS="748" VPOS="1062" WIDTH="33" HEIGHT="22" WC="0.93" CONTENT="till"/><SP WIDTH="10" VPOS="1062" HPOS="781"/>
							<String ID="string_182" HPOS="791" VPOS="1062" WIDTH="165" HEIGHT="22" WC="0.91" CONTENT="statsboksluten"/>
						</TextLine>
						<TextLine ID="line_25" HPOS="196" VPOS="1096" WIDTH="760" HEIGHT="28">
							<String ID="string_183" HPOS="196" VPOS="1097" WIDTH="35" HEIGHT="23" WC="0.96" CONTENT="för"/><SP WIDTH="15" VPOS="1097" HPOS="231"/>
							<String ID="string_184" HPOS="246" VPOS="1097" WIDTH="78" HEIGHT="21" WC="0.96" CONTENT="nämda"/><SP WIDTH="15" VPOS="1097" HPOS="324"/>
							<String ID="string_185" HPOS="339" VPOS="1097" WIDTH="23" HEIGHT="21" WC="0.94" CONTENT="är"/><SP WIDTH="16" VPOS="1097" HPOS="362"/>
							<String ID="string_186" HPOS="378" VPOS="1096" WIDTH="48" HEIGHT="27" WC="0.95" CONTENT="(tab."/><SP WIDTH="16" VPOS="1096" HPOS="426"/>
							<String ID="string_187" HPOS="442" VPOS="1098" WIDTH="27" HEIGHT="20" WC="0.96" CONTENT="22"/><SP WIDTH="16" VPOS="1098" HPOS="469"/>
							<String ID="string_188" HPOS="485" VPOS="1104" WIDTH="15" HEIGHT="14" WC="0.86" CONTENT="s."/><SP WIDTH="17" VPOS="1104" HPOS="500"/>
							<String ID="string_189" HPOS="517" VPOS="1097" WIDTH="26" HEIGHT="21" WC="0.96" CONTENT="15"/><SP WIDTH="17" VPOS="1097" HPOS="543"/>
							<String ID="string_190" HPOS="560" VPOS="1104" WIDTH="18" HEIGHT="14" WC="0.92" CONTENT="o."/><SP WIDTH="15" VPOS="1104" HPOS="578"/>
							<String ID="string_191" HPOS="593" VPOS="1097" WIDTH="20" HEIGHT="26" WC="0.79" CONTENT="f.,"/><SP WIDTH="15" VPOS="1097" HPOS="613"/>
							<String ID="string_192" HPOS="628" VPOS="1097" WIDTH="41" HEIGHT="21" WC="0.96" CONTENT="tab."/><SP WIDTH="17" VPOS="1097" HPOS="669"/>
							<String ID="string_193" HPOS="686" VPOS="1098" WIDTH="27" HEIGHT="20" WC="0.96" CONTENT="25"/><SP WIDTH="16" VPOS="1098" HPOS="713"/>
							<String ID="string_194" HPOS="729" VPOS="1097" WIDTH="15" HEIGHT="21" WC="0.40" CONTENT="$."/><SP WIDTH="18" VPOS="1097" HPOS="744"/>
							<String ID="string_195" HPOS="762" VPOS="1097" WIDTH="25" HEIGHT="21" WC="0.96" CONTENT="17"/><SP WIDTH="17" VPOS="1097" HPOS="787"/>
							<String ID="string_196" HPOS="804" VPOS="1103" WIDTH="18" HEIGHT="15" WC="0.90" CONTENT="o."/><SP WIDTH="15" VPOS="1103" HPOS="822"/>
							<String ID="string_197" HPOS="837" VPOS="1096" WIDTH="22" HEIGHT="28" WC="0.67" CONTENT="£.,"/><SP WIDTH="15" VPOS="1096" HPOS="859"/>
							<String ID="string_198" HPOS="874" VPOS="1096" WIDTH="42" HEIGHT="22" WC="0.96" CONTENT="tab."/><SP WIDTH="13" VPOS="1096" HPOS="916"/>
							<String ID="string_199" HPOS="929" VPOS="1097" WIDTH="27" HEIGHT="21" WC="0.96" CONTENT="28"/>
						</TextLine>
						<TextLine ID="line_26" HPOS="195" VPOS="1130" WIDTH="762" HEIGHT="29">
							<String ID="string_200" HPOS="195" VPOS="1138" WIDTH="18" HEIGHT="14" WC="0.96" CONTENT="s."/><SP WIDTH="22" VPOS="1138" HPOS="213"/>
							<String ID="string_201" HPOS="235" VPOS="1131" WIDTH="26" HEIGHT="21" WC="0.96" CONTENT="17"/><SP WIDTH="17" VPOS="1131" HPOS="261"/>
							<String ID="string_202" HPOS="278" VPOS="1138" WIDTH="17" HEIGHT="15" WC="0.80" CONTENT="o."/><SP WIDTH="16" VPOS="1138" HPOS="295"/>
							<String ID="string_203" HPOS="311" VPOS="1132" WIDTH="28" HEIGHT="27" WC="0.87" CONTENT="£.),"/><SP WIDTH="16" VPOS="1132" HPOS="339"/>
							<String ID="string_204" HPOS="355" VPOS="1138" WIDTH="49" HEIGHT="14" WC="0.96" CONTENT="men"/><SP WIDTH="21" VPOS="1138" HPOS="404"/>
							<String ID="string_205" HPOS="425" VPOS="1131" WIDTH="32" HEIGHT="21" WC="0.93" CONTENT="för"/><SP WIDTH="21" VPOS="1131" HPOS="457"/>
							<String ID="string_206" HPOS="478" VPOS="1131" WIDTH="183" HEIGHT="27" WC="0.92" CONTENT="finansperiodens"/><SP WIDTH="22" VPOS="1131" HPOS="661"/>
							<String ID="string_207" HPOS="683" VPOS="1131" WIDTH="89" HEIGHT="27" WC="0.96" CONTENT="tidigare"/><SP WIDTH="22" VPOS="1131" HPOS="772"/>
							<String ID="string_208" HPOS="794" VPOS="1131" WIDTH="23" HEIGHT="23" WC="0.96" CONTENT="år"/><SP WIDTH="20" VPOS="1131" HPOS="817"/>
							<String ID="string_209" HPOS="837" VPOS="1131" WIDTH="41" HEIGHT="21" WC="0.93" CONTENT="kan"/><SP WIDTH="22" VPOS="1131" HPOS="878"/>
							<String ID="string_210" HPOS="900" VPOS="1130" WIDTH="57" HEIGHT="22" WC="0.82" CONTENT="ställ-"/>
						</TextLine>
						<TextLine ID="line_27" HPOS="198" VPOS="1165" WIDTH="759" HEIGHT="28">
							<String ID="string_211" HPOS="198" VPOS="1166" WIDTH="81" HEIGHT="27" WC="0.93" CONTENT="ningen"/><SP WIDTH="21" VPOS="1166" HPOS="279"/>
							<String ID="string_212" HPOS="300" VPOS="1166" WIDTH="6" HEIGHT="20" WC="0.93" CONTENT="i"/><SP WIDTH="19" VPOS="1166" HPOS="306"/>
							<String ID="string_213" HPOS="325" VPOS="1166" WIDTH="109" HEIGHT="21" WC="0.96" CONTENT="desamma"/><SP WIDTH="15" VPOS="1166" HPOS="434"/>
							<String ID="string_214" HPOS="449" VPOS="1166" WIDTH="47" HEIGHT="21" WC="0.96" CONTENT="icke"/><SP WIDTH="16" VPOS="1166" HPOS="496"/>
							<String ID="string_215" HPOS="512" VPOS="1172" WIDTH="25" HEIGHT="15" WC="0.96" CONTENT="ur"/><SP WIDTH="16" VPOS="1172" HPOS="537"/>
							<String ID="string_216" HPOS="553" VPOS="1166" WIDTH="42" HEIGHT="21" WC="0.93" CONTENT="den"/><SP WIDTH="14" VPOS="1166" HPOS="595"/>
							<String ID="string_217" HPOS="609" VPOS="1165" WIDTH="146" HEIGHT="28" WC="0.93" CONTENT="föreliggande"/><SP WIDTH="15" VPOS="1165" HPOS="755"/>
							<String ID="string_218" HPOS="770" VPOS="1165" WIDTH="187" HEIGHT="21" WC="0.92" CONTENT="finansrelationen"/>
						</TextLine>
						<TextLine ID="line_28" HPOS="196" VPOS="1199" WIDTH="762" HEIGHT="28">
							<String ID="string_219" HPOS="196" VPOS="1199" WIDTH="99" HEIGHT="22" WC="0.90" CONTENT="erhållas."/><SP WIDTH="32" VPOS="1199" HPOS="295"/>
							<String ID="string_220" HPOS="327" VPOS="1200" WIDTH="58" HEIGHT="21" WC="0.83" CONTENT="Enär"/><SP WIDTH="21" VPOS="1200" HPOS="385"/>
							<String ID="string_221" HPOS="406" VPOS="1200" WIDTH="102" HEIGHT="27" WC="0.96" CONTENT="därjämte"/><SP WIDTH="15" VPOS="1200" HPOS="508"/>
							<String ID="string_222" HPOS="523" VPOS="1200" WIDTH="65" HEIGHT="22" WC="0.93" CONTENT="sedan"/><SP WIDTH="19" VPOS="1200" HPOS="588"/>
							<String ID="string_223" HPOS="607" VPOS="1200" WIDTH="108" HEIGHT="27" WC="0.96" CONTENT="utgången"/><SP WIDTH="16" VPOS="1200" HPOS="715"/>
							<String ID="string_224" HPOS="731" VPOS="1200" WIDTH="21" HEIGHT="21" WC="0.96" CONTENT="af"/><SP WIDTH="16" VPOS="1200" HPOS="752"/>
							<String ID="string_225" HPOS="768" VPOS="1199" WIDTH="23" HEIGHT="21" WC="0.96" CONTENT="är"/><SP WIDTH="15" VPOS="1199" HPOS="791"/>
							<String ID="string_226" HPOS="806" VPOS="1200" WIDTH="61" HEIGHT="27" WC="0.93" CONTENT="1897,"/><SP WIDTH="14" VPOS="1200" HPOS="867"/>
							<String ID="string_227" HPOS="881" VPOS="1212" WIDTH="29" HEIGHT="2" WC="0.93" CONTENT="—"/><SP WIDTH="15" VPOS="1212" HPOS="910"/>
							<String ID="string_228" HPOS="925" VPOS="1199" WIDTH="33" HEIGHT="21" WC="0.84" CONTENT="fill"/>
						</TextLine>
						<TextLine ID="line_29" HPOS="197" VPOS="1233" WIDTH="761" HEIGHT="28">
							<String ID="string_229" HPOS="197" VPOS="1233" WIDTH="88" HEIGHT="23" WC="0.96" CONTENT="hvilken"/><SP WIDTH="18" VPOS="1233" HPOS="285"/>
							<String ID="string_230" HPOS="303" VPOS="1234" WIDTH="100" HEIGHT="27" WC="0.96" CONTENT="tidpunkt"/><SP WIDTH="17" VPOS="1234" HPOS="403"/>
							<String ID="string_231" HPOS="420" VPOS="1236" WIDTH="71" HEIGHT="20" WC="0.79" CONTENT="senast"/><SP WIDTH="15" VPOS="1236" HPOS="491"/>
							<String ID="string_232" HPOS="506" VPOS="1235" WIDTH="70" HEIGHT="21" WC="0.96" CONTENT="blifvit"/><SP WIDTH="15" VPOS="1235" HPOS="576"/>
							<String ID="string_233" HPOS="591" VPOS="1235" WIDTH="60" HEIGHT="21" WC="0.92" CONTENT="öfver"/><SP WIDTH="14" VPOS="1235" HPOS="651"/>
							<String ID="string_234" HPOS="665" VPOS="1234" WIDTH="79" HEIGHT="21" WC="0.96" CONTENT="nämda"/><SP WIDTH="14" VPOS="1234" HPOS="744"/>
							<String ID="string_235" HPOS="758" VPOS="1233" WIDTH="76" HEIGHT="22" WC="0.96" CONTENT="fonder"/><SP WIDTH="15" VPOS="1233" HPOS="834"/>
							<String ID="string_236" HPOS="849" VPOS="1233" WIDTH="33" HEIGHT="22" WC="0.93" CONTENT="för"/><SP WIDTH="15" VPOS="1233" HPOS="882"/>
							<String ID="string_237" HPOS="897" VPOS="1233" WIDTH="61" HEIGHT="22" WC="0.92" CONTENT="Stän-"/>
						</TextLine>
						<TextLine ID="line_30" HPOS="198" VPOS="1267" WIDTH="760" HEIGHT="30">
							<String ID="string_238" HPOS="198" VPOS="1268" WIDTH="67" HEIGHT="22" WC="0.92" CONTENT="derna"/><SP WIDTH="19" VPOS="1268" HPOS="265"/>
							<String ID="string_239" HPOS="284" VPOS="1269" WIDTH="128" HEIGHT="28" WC="0.91" CONTENT="redogjordt,"/><SP WIDTH="19" VPOS="1269" HPOS="412"/>
							<String ID="string_240" HPOS="431" VPOS="1282" WIDTH="27" HEIGHT="3" WC="0.69" CONTENT="——"/><SP WIDTH="20" VPOS="1282" HPOS="458"/>
							<String ID="string_241" HPOS="478" VPOS="1269" WIDTH="13" HEIGHT="21" WC="0.91" CONTENT="å"/><SP WIDTH="18" VPOS="1269" HPOS="491"/>
							<String ID="string_242" HPOS="509" VPOS="1275" WIDTH="40" HEIGHT="15" WC="0.96" CONTENT="ena"/><SP WIDTH="15" VPOS="1275" HPOS="549"/>
							<String ID="string_243" HPOS="564" VPOS="1269" WIDTH="61" HEIGHT="21" WC="0.96" CONTENT="sidan"/><SP WIDTH="16" VPOS="1269" HPOS="625"/>
							<String ID="string_244" HPOS="641" VPOS="1270" WIDTH="30" HEIGHT="20" WC="0.96" CONTENT="ett"/><SP WIDTH="15" VPOS="1270" HPOS="671"/>
							<String ID="string_245" HPOS="686" VPOS="1269" WIDTH="58" HEIGHT="21" WC="0.95" CONTENT="antal"/><SP WIDTH="15" VPOS="1269" HPOS="744"/>
							<String ID="string_246" HPOS="759" VPOS="1268" WIDTH="21" HEIGHT="22" WC="0.96" CONTENT="af"/><SP WIDTH="16" VPOS="1268" HPOS="780"/>
							<String ID="string_247" HPOS="796" VPOS="1268" WIDTH="48" HEIGHT="22" WC="0.96" CONTENT="dem"/><SP WIDTH="17" VPOS="1268" HPOS="844"/>
							<String ID="string_248" HPOS="861" VPOS="1267" WIDTH="97" HEIGHT="29" WC="0.96" CONTENT="upphört,"/>
						</TextLine>
						<TextLine ID="line_31" HPOS="197" VPOS="1302" WIDTH="761" HEIGHT="29">
							<String ID="string_249" HPOS="197" VPOS="1305" WIDTH="58" HEIGHT="20" WC="0.92" CONTENT="samt"/><SP WIDTH="20" VPOS="1305" HPOS="255"/>
							<String ID="string_250" HPOS="275" VPOS="1302" WIDTH="12" HEIGHT="22" WC="0.92" CONTENT="å"/><SP WIDTH="20" VPOS="1302" HPOS="287"/>
							<String ID="string_251" HPOS="307" VPOS="1303" WIDTH="42" HEIGHT="21" WC="0.96" CONTENT="den"/><SP WIDTH="22" VPOS="1303" HPOS="349"/>
							<String ID="string_252" HPOS="371" VPOS="1303" WIDTH="66" HEIGHT="21" WC="0.96" CONTENT="andra"/><SP WIDTH="21" VPOS="1303" HPOS="437"/>
							<String ID="string_253" HPOS="458" VPOS="1310" WIDTH="44" HEIGHT="20" WC="0.95" CONTENT="nya"/><SP WIDTH="16" VPOS="1310" HPOS="502"/>
							<String ID="string_254" HPOS="518" VPOS="1303" WIDTH="129" HEIGHT="28" WC="0.95" CONTENT="tillkommit,"/><SP WIDTH="14" VPOS="1303" HPOS="647"/>
							<String ID="string_255" HPOS="661" VPOS="1304" WIDTH="39" HEIGHT="20" WC="0.96" CONTENT="har"/><SP WIDTH="17" VPOS="1304" HPOS="700"/>
							<String ID="string_256" HPOS="717" VPOS="1302" WIDTH="109" HEIGHT="22" WC="0.96" CONTENT="Utskottet"/><SP WIDTH="20" VPOS="1302" HPOS="826"/>
							<String ID="string_257" HPOS="846" VPOS="1302" WIDTH="47" HEIGHT="22" WC="0.96" CONTENT="sökt"/><SP WIDTH="14" VPOS="1302" HPOS="893"/>
							<String ID="string_258" HPOS="907" VPOS="1302" WIDTH="8" HEIGHT="21" WC="0.96" CONTENT="i"/><SP WIDTH="16" VPOS="1302" HPOS="915"/>
							<String ID="string_259" HPOS="931" VPOS="1308" WIDTH="27" HEIGHT="15" WC="0.96" CONTENT="en"/>
						</TextLine>
						<TextLine ID="line_32" HPOS="193" VPOS="1336" WIDTH="766" HEIGHT="29">
							<String ID="string_260" HPOS="193" VPOS="1337" WIDTH="77" HEIGHT="27" WC="0.66" CONTENT="tabell,"/><SP WIDTH="17" VPOS="1337" HPOS="270"/>
							<String ID="string_261" HPOS="287" VPOS="1337" WIDTH="99" HEIGHT="27" WC="0.92" CONTENT="uppstäld"/><SP WIDTH="18" VPOS="1337" HPOS="386"/>
							<String ID="string_262" HPOS="404" VPOS="1337" WIDTH="8" HEIGHT="21" WC="0.96" CONTENT="i"/><SP WIDTH="20" VPOS="1337" HPOS="412"/>
							<String ID="string_263" HPOS="432" VPOS="1338" WIDTH="94" HEIGHT="27" WC="0.96" CONTENT="enlighet"/><SP WIDTH="19" VPOS="1338" HPOS="526"/>
							<String ID="string_264" HPOS="545" VPOS="1338" WIDTH="49" HEIGHT="21" WC="0.96" CONTENT="med"/><SP WIDTH="20" VPOS="1338" HPOS="594"/>
							<String ID="string_265" HPOS="614" VPOS="1338" WIDTH="89" HEIGHT="27" WC="0.96" CONTENT="tidigare"/><SP WIDTH="18" VPOS="1338" HPOS="703"/>
							<String ID="string_266" HPOS="721" VPOS="1337" WIDTH="119" HEIGHT="26" WC="0.96" CONTENT="relationer,"/><SP WIDTH="15" VPOS="1337" HPOS="840"/>
							<String ID="string_267" HPOS="855" VPOS="1336" WIDTH="58" HEIGHT="28" WC="0.96" CONTENT="gifva"/><SP WIDTH="19" VPOS="1336" HPOS="913"/>
							<String ID="string_268" HPOS="932" VPOS="1343" WIDTH="27" HEIGHT="15" WC="0.96" CONTENT="en"/>
						</TextLine>
						<TextLine ID="line_33" HPOS="193" VPOS="1372" WIDTH="766" HEIGHT="28">
							<String ID="string_269" HPOS="193" VPOS="1372" WIDTH="50" HEIGHT="21" WC="0.48" CONTENT="Hild"/><SP WIDTH="14" VPOS="1372" HPOS="243"/>
							<String ID="string_270" HPOS="257" VPOS="1372" WIDTH="22" HEIGHT="22" WC="0.95" CONTENT="af"/><SP WIDTH="10" VPOS="1372" HPOS="279"/>
							<String ID="string_271" HPOS="289" VPOS="1372" WIDTH="109" HEIGHT="21" WC="0.95" CONTENT="desamma"/><SP WIDTH="10" VPOS="1372" HPOS="398"/>
							<String ID="string_272" HPOS="408" VPOS="1372" WIDTH="40" HEIGHT="22" WC="0.96" CONTENT="och"/><SP WIDTH="15" VPOS="1372" HPOS="448"/>
							<String ID="string_273" HPOS="463" VPOS="1372" WIDTH="61" HEIGHT="22" WC="0.93" CONTENT="deras"/><SP WIDTH="10" VPOS="1372" HPOS="524"/>
							<String ID="string_274" HPOS="534" VPOS="1372" WIDTH="194" HEIGHT="28" WC="0.92" CONTENT="kapitaltillgångar"/><SP WIDTH="14" VPOS="1372" HPOS="728"/>
							<String ID="string_275" HPOS="742" VPOS="1372" WIDTH="66" HEIGHT="27" WC="0.96" CONTENT="jämte"/><SP WIDTH="15" VPOS="1372" HPOS="808"/>
							<String ID="string_276" HPOS="823" VPOS="1372" WIDTH="136" HEIGHT="28" WC="0.96" CONTENT="placeringen"/>
						</TextLine>
					</TextBlock>
				</ComposedBlock>
				<ComposedBlock ID="cblock_4" HPOS="268" VPOS="1417" WIDTH="341" HEIGHT="19">
					<TextBlock ID="block_5" HPOS="268" VPOS="1417" WIDTH="341" HEIGHT="19">
						<TextLine ID="line_34" HPOS="268" VPOS="1417" WIDTH="341" HEIGHT="19">
							<String ID="string_277" HPOS="268" VPOS="1417" WIDTH="136" HEIGHT="19" WC="0.84" CONTENT="Statsutkottets"/><SP WIDTH="12" VPOS="1417" HPOS="404"/>
							<String ID="string_278" HPOS="416" VPOS="1418" WIDTH="113" HEIGHT="18" WC="0.96" CONTENT="betänkande"/><SP WIDTH="11" VPOS="1418" HPOS="529"/>
							<String ID="string_279" HPOS="540" VPOS="1418" WIDTH="38" HEIGHT="18" WC="0.96" CONTENT="N:o"/><SP WIDTH="13" VPOS="1418" HPOS="578"/>
							<String ID="string_280" HPOS="591" VPOS="1419" WIDTH="18" HEIGHT="17" WC="0.96" CONTENT="4."/>
						</TextLine>
					</TextBlock>
				</ComposedBlock>
			</PrintSpace>
		</Page>
	</Layout>
</alto>
