1048 1625
242 58 28 24 26
587 61 13 21 I

215 129 56 22 1901
295 130 76 21 täckts
389 130 9 21 i
415 130 76 22 Nåder
512 129 82 22 bifalla
616 130 112 22 Senatens
747 130 150 22 omförmälda
910 130 64 22 hem-

214 164 88 21 ställan.

283 198 21 28 2)
314 198 76 22 Sedan
409 199 27 21 till
444 198 128 22 Ständerna
578 198 92 29 jemlikt
678 200 13 26 $
703 199 24 21 27
734 198 8 22 i
745 198 228 29 Landtdagsordnin-

214 240 51 21 gen,
289 232 164 23 öfverlemnats
472 240 27 14 en
515 232 27 22 af
554 233 250 28 Finansexpeditionen
819 234 9 20 i
842 233 131 29 Kejserliga

214 266 100 23 Senaten
336 267 36 22 för
393 267 102 22 Finland
509 267 46 21 den
570 268 13 20 3
598 268 111 21 Februari
724 267 57 22 1900
797 267 103 29 afgifven
915 268 58 21 rela-

213 302 50 21 tion
283 309 37 14 om
338 301 150 23 statsverkets
507 302 112 28 tillständ,
636 301 142 22 omfattande
792 302 181 28 kapitalräknin-

214 343 41 21 gar
277 336 65 21 öfver
365 338 68 20 stats-
449 336 42 22 och
505 336 197 22 militiefonderna
716 336 36 21 för
768 336 54 21 ären
838 336 62 28 1895,
917 336 56 22 1896

214 371 43 21 och
272 370 63 29 1897,
352 371 138 21 summarisk
503 370 101 29 räkning
620 370 63 22 öfver
698 371 116 21 allmänna
829 370 144 22 statsfonden

213 404 36 22 för
264 406 25 20 år
304 405 57 22 1898
374 405 72 28 jemte
461 405 36 21 till
509 405 66 21 dessa
584 405 126 28 räkningar
720 405 102 21 hörande
831 404 142 29 jemförande

213 439 94 29 tabläer,
327 440 72 28 kalkyl
423 439 64 22 öfver
501 440 157 28 tillgängarna
673 440 9 20 i
698 440 116 21 allmänna
829 439 144 22 statsfonden

213 473 36 23 för
271 474 146 22 bestridande
437 474 23 22 af
475 476 64 20 extra
554 473 98 29 utgifter
666 476 65 19 utom
746 476 46 20 stat
807 474 72 21 under
894 474 81 28 loppet

214 508 23 22 af
252 509 24 21 år
292 508 63 28 1899,
371 508 99 28 räkning
485 508 65 22 öfver
565 509 115 21 allmänna
690 508 175 22 militiemedlen
874 508 36 22 för
921 508 52 22 åren

214 542 145 22 1896—1898
378 542 72 29 jemte
473 543 37 22 till
532 543 73 28 sagda
626 543 124 28 räkningar
772 542 102 23 hörande
892 545 81 19 trenne

213 577 95 29 tabläer,
326 577 101 29 räkning
443 577 64 22 öfver
521 577 333 28 krigsmanshuskassamedlen
869 577 36 22 för
922 578 53 21 ären

215 612 149 29 1896—1898,
381 611 145 29 statsförslag
541 611 36 22 för
593 613 25 20 är
633 612 56 21 1899
706 611 64 22 öfver
780 612 116 21 allmänna
907 614 67 19 stats-

214 649 60 19 samt
288 646 81 29 fattig-
385 647 42 21 och
438 646 238 29 arbetshusfonderna,
688 646 232 28 bevillningsmedlen
931 646 43 22 och

214 680 298 23 kommunikationsfonden
536 680 118 22 äfvensom
676 680 176 29 militiefonden,
876 680 99 29 kapital-

214 715 125 28 räkningar
363 715 63 22 öfver
447 714 300 23 kommunikationsfonden
766 714 36 22 för
821 715 53 21 ären
890 715 84 21 1896—

214 749 57 22 1898
283 749 72 28 jemte
371 749 78 22 dertill
462 749 102 22 hörande
580 749 142 28 jemförande
738 749 94 26 tablåer,
851 749 124 22 relationer

213 783 37 22 för
264 783 72 29 sagda
352 785 24 20 år
387 783 118 29 angående
515 783 209 28 bränvinsskatten,
735 783 240 28 bevillningsmedels-

214 818 92 28 fonden,
317 817 86 23 fonden
418 818 35 22 för
468 818 165 29 pensionering
639 818 23 22 af
670 818 118 22 städernas
797 817 178 23 folkskollärare

215 853 43 22 och
272 853 135 29 lärarinnor,
423 852 385 29 lagmanstingsgästningsfonden,
825 852 150 22 statsverkets

214 887 182 29 utlåningsfond,
412 886 253 30 undsättningsfonden
676 887 43 21 och
729 887 149 22 statsverkets
889 894 86 14 reserv-

213 921 63 29 fond,
292 922 97 21 relation
399 922 118 30 angående
525 921 80 29 fattig-
614 922 43 21 och
665 921 206 22 arbetshusfonden
878 921 36 21 för
922 922 54 20 åren

215 956 149 28 1895—1897,
387 956 97 22 relation
508 956 119 28 angående
650 956 28 21 de
701 955 23 22 af
739 955 138 23 statsverket
890 956 85 21 inlösta

216 990 212 29 donationsgodsen
451 990 8 21 i
481 990 99 28 Viborgs
597 990 43 22 och
656 990 33 21 S:t
703 990 97 22 Michels
815 990 39 21 län
870 988 36 23 för
921 990 54 21 ären

215 1024 149 29 1896—1898,
387 1025 98 21 relation
508 1032 38 14 om
568 1024 161 28 statsskulden,
746 1023 230 30 generalhufvudbok

215 1059 63 22 öfver
301 1060 150 21 statsverkets
473 1059 81 22 fonder
577 1058 35 22 för
636 1060 52 21 åren
712 1059 56 21 1895
777 1054 84 38 —1897,
877 1059 98 21 relation

215 1093 65 23 öfver
302 1094 86 22 sådana
403 1094 40 22 vid
457 1094 192 29 länestyrelserna
663 1094 10 21 i
687 1093 79 22 landet
780 1093 128 22 förvaltade
922 1093 54 22 fon-

216 1128 45 29 der,
278 1128 36 22 för
329 1129 80 21 hvilka
423 1129 145 28 redogörelse
584 1128 19 29 ej
620 1129 67 28 ingär
701 1129 10 21 i
726 1128 28 22 de
770 1129 114 21 allmänna
894 1129 81 21 räken-

214 1163 113 28 skaperna
342 1163 36 22 för
401 1164 53 21 ären
469 1163 151 28 1895—1898,
635 1163 123 22 berättelse
774 1170 37 15 om
826 1163 49 21 Elis
893 1163 82 22 Holms

214 1197 186 29 nödhjelpsfond,
417 1197 118 22 äfvensom
549 1197 98 22 relation
663 1205 37 14 om
708 1197 62 22 hvad
781 1204 49 15 som
840 1197 79 22 blifvit
928 1197 48 22 till-

214 1232 78 28 gjordt
306 1232 10 21 i
331 1232 126 28 anledning
480 1231 25 22 af
526 1232 188 21 Statsutskottets
736 1231 41 23 vid
795 1231 142 28 landtdagen
952 1233 24 20 är

215 1266 56 22 1897
293 1266 83 29 gjorda
392 1267 178 28 anmärkningar
586 1269 61 19 emot
663 1266 28 21 då
707 1266 104 29 afgifven
826 1266 97 21 relation
939 1274 37 14 om

215 1301 149 22 statsverkets
382 1301 112 28 tillstånd,
511 1302 25 21 sä
554 1301 42 22 har
611 1301 183 27 Statsutskottet,
809 1301 89 21 hvilket
913 1301 9 21 i
937 1308 38 14 en-

214 1335 74 28 lighet
312 1335 51 22 med
378 1337 13 26 $
407 1335 27 22 36
449 1335 9 22 i
472 1335 267 29 Landtdagsordningen
759 1335 87 29 jemväl
865 1334 51 22 haft
930 1335 47 21 till-

214 1369 64 29 gäng
299 1369 38 22 till
358 1370 45 21 alla
422 1370 150 22 statsverkets
591 1370 156 31 räkenskaper
767 1369 43 22 och
828 1369 146 30 handlingar,
