<?xml version="1.0" encoding="UTF-8"?>
<alto xmlns="http://www.loc.gov/standards/alto/ns-v3#" xmlns:xlink="http://www.w3.org/1999/xlink" xmlns:xsi="http://www.w3.org/2001/XMLSchema-instance" xsi:schemaLocation="http://www.loc.gov/standards/alto/ns-v3# http://www.loc.gov/alto/v3/alto-3-0.xsd">
	<Description>
		<MeasurementUnit>pixel</MeasurementUnit>
		<sourceImageInformation>
			<fileName>/tmp/tess_84vbx6sf_input.PNG</fileName>
		</sourceImageInformation>
		<OCRProcessing ID="OCR_0">
			<ocrProcessingStep>
				<processingSoftware>
					<softwareName>tesseract 5.3.4</softwareName>
				</processingSoftware>
			</ocrProcessingStep>
		</OCRProcessing>
	</Description>
	<Layout>
		<Page WIDTH="1031" HEIGHT="1614" PHYSICAL_IMG_NR="0" ID="page_0">
			<PrintSpace HPOS="0" VPOS="0" WIDTH="1031" HEIGHT="1614">
				<ComposedBlock ID="cblock_0" HPOS="389" VPOS="65" WIDTH="452" HEIGHT="25">
					<TextBlock ID="block_0" HPOS="389" VPOS="65" WIDTH="452" HEIGHT="25">
						<TextLine ID="line_0" HPOS="389" VPOS="65" WIDTH="452" HEIGHT="25">
							<String ID="string_0" HPOS="389" VPOS="67" WIDTH="29" HEIGHT="23" WC="0.93" CONTENT="U."/><SP WIDTH="16" VPOS="67" HPOS="418"/>
							<String ID="string_1" HPOS="434" VPOS="67" WIDTH="66" HEIGHT="23" WC="0.88" CONTENT="B.—"/><SP WIDTH="17" VPOS="67" HPOS="500"/>
							<String ID="string_2" HPOS="517" VPOS="65" WIDTH="29" HEIGHT="24" WC="0.95" CONTENT="IL"/><SP WIDTH="269" VPOS="65" HPOS="546"/>
							<String ID="string_3" HPOS="815" VPOS="70" WIDTH="26" HEIGHT="20" WC="0.95" CONTENT="21"/>
						</TextLine>
					</TextBlock>
				</ComposedBlock>
				<ComposedBlock ID="cblock_1" HPOS="66" VPOS="136" WIDTH="782" HEIGHT="1263">
					<TextBlock ID="block_1" HPOS="66" VPOS="136" WIDTH="780" HEIGHT="954">
						<TextLine ID="line_1" HPOS="81" VPOS="136" WIDTH="762" HEIGHT="28">
							<String ID="string_4" HPOS="81" VPOS="136" WIDTH="22" HEIGHT="21" WC="0.90" CONTENT="ät"/><SP WIDTH="22" VPOS="136" HPOS="103"/>
							<String ID="string_5" HPOS="125" VPOS="136" WIDTH="161" HEIGHT="28" WC="0.90" CONTENT="tillämpningen"/><SP WIDTH="24" VPOS="136" HPOS="286"/>
							<String ID="string_6" HPOS="310" VPOS="136" WIDTH="22" HEIGHT="21" WC="0.93" CONTENT="af"/><SP WIDTH="21" VPOS="136" HPOS="332"/>
							<String ID="string_7" HPOS="353" VPOS="136" WIDTH="185" HEIGHT="28" WC="0.90" CONTENT="bestämningarna"/><SP WIDTH="21" VPOS="136" HPOS="538"/>
							<String ID="string_8" HPOS="559" VPOS="138" WIDTH="32" HEIGHT="20" WC="0.95" CONTENT="uti"/><SP WIDTH="15" VPOS="138" HPOS="591"/>
							<String ID="string_9" HPOS="606" VPOS="138" WIDTH="26" HEIGHT="20" WC="0.74" CONTENT="de"/><SP WIDTH="15" VPOS="138" HPOS="632"/>
							<String ID="string_10" HPOS="647" VPOS="138" WIDTH="8" HEIGHT="20" WC="0.74" CONTENT="i"/><SP WIDTH="15" VPOS="138" HPOS="655"/>
							<String ID="string_11" HPOS="670" VPOS="138" WIDTH="52" HEIGHT="21" WC="0.96" CONTENT="strid"/><SP WIDTH="15" VPOS="138" HPOS="722"/>
							<String ID="string_12" HPOS="737" VPOS="140" WIDTH="46" HEIGHT="19" WC="0.93" CONTENT="mot"/><SP WIDTH="13" VPOS="140" HPOS="783"/>
							<String ID="string_13" HPOS="796" VPOS="138" WIDTH="47" HEIGHT="21" WC="0.92" CONTENT="lan-"/>
						</TextLine>
						<TextLine ID="line_2" HPOS="82" VPOS="170" WIDTH="762" HEIGHT="28">
							<String ID="string_14" HPOS="82" VPOS="170" WIDTH="46" HEIGHT="22" WC="0.94" CONTENT="dets"/><SP WIDTH="15" VPOS="170" HPOS="128"/>
							<String ID="string_15" HPOS="143" VPOS="170" WIDTH="60" HEIGHT="28" WC="0.93" CONTENT="lagar"/><SP WIDTH="19" VPOS="170" HPOS="203"/>
							<String ID="string_16" HPOS="222" VPOS="170" WIDTH="111" HEIGHT="22" WC="0.95" CONTENT="tillkomna"/><SP WIDTH="20" VPOS="170" HPOS="333"/>
							<String ID="string_17" HPOS="353" VPOS="170" WIDTH="39" HEIGHT="22" WC="0.93" CONTENT="och"/><SP WIDTH="15" VPOS="170" HPOS="392"/>
							<String ID="string_18" HPOS="407" VPOS="171" WIDTH="71" HEIGHT="21" WC="0.96" CONTENT="derför"/><SP WIDTH="14" VPOS="171" HPOS="478"/>
							<String ID="string_19" HPOS="492" VPOS="172" WIDTH="49" HEIGHT="21" WC="0.96" CONTENT="med"/><SP WIDTH="17" VPOS="172" HPOS="541"/>
							<String ID="string_20" HPOS="558" VPOS="172" WIDTH="35" HEIGHT="21" WC="0.96" CONTENT="det"/><SP WIDTH="15" VPOS="172" HPOS="593"/>
							<String ID="string_21" HPOS="608" VPOS="172" WIDTH="108" HEIGHT="21" WC="0.93" CONTENT="allmänna"/><SP WIDTH="15" VPOS="172" HPOS="716"/>
							<String ID="string_22" HPOS="731" VPOS="172" WIDTH="113" HEIGHT="22" WC="0.90" CONTENT="rättsmed-"/>
						</TextLine>
						<TextLine ID="line_3" HPOS="82" VPOS="204" WIDTH="760" HEIGHT="30">
							<String ID="string_23" HPOS="82" VPOS="205" WIDTH="100" HEIGHT="21" WC="0.92" CONTENT="vetandet"/><SP WIDTH="26" VPOS="205" HPOS="182"/>
							<String ID="string_24" HPOS="208" VPOS="204" WIDTH="116" HEIGHT="28" WC="0.91" CONTENT="oförenliga"/><SP WIDTH="24" VPOS="204" HPOS="324"/>
							<String ID="string_25" HPOS="348" VPOS="205" WIDTH="154" HEIGHT="27" WC="0.91" CONTENT="författningar,"/><SP WIDTH="24" VPOS="205" HPOS="502"/>
							<String ID="string_26" HPOS="526" VPOS="212" WIDTH="34" HEIGHT="14" WC="0.93" CONTENT="om"/><SP WIDTH="22" VPOS="212" HPOS="560"/>
							<String ID="string_27" HPOS="582" VPOS="206" WIDTH="84" HEIGHT="21" WC="0.92" CONTENT="hvilkas"/><SP WIDTH="26" VPOS="206" HPOS="666"/>
							<String ID="string_28" HPOS="692" VPOS="206" WIDTH="150" HEIGHT="28" WC="0.92" CONTENT="upphäfvande"/>
						</TextLine>
						<TextLine ID="line_4" HPOS="82" VPOS="239" WIDTH="761" HEIGHT="29">
							<String ID="string_29" HPOS="82" VPOS="239" WIDTH="119" HEIGHT="21" WC="0.92" CONTENT="Ständerna"/><SP WIDTH="17" VPOS="239" HPOS="201"/>
							<String ID="string_30" HPOS="218" VPOS="240" WIDTH="15" HEIGHT="20" WC="0.74" CONTENT="&#39;i"/><SP WIDTH="24" VPOS="240" HPOS="233"/>
							<String ID="string_31" HPOS="257" VPOS="240" WIDTH="32" HEIGHT="20" WC="0.93" CONTENT="sin"/><SP WIDTH="30" VPOS="240" HPOS="289"/>
							<String ID="string_32" HPOS="319" VPOS="240" WIDTH="88" HEIGHT="27" WC="0.94" CONTENT="petition"/><SP WIDTH="26" VPOS="240" HPOS="407"/>
							<String ID="string_33" HPOS="433" VPOS="246" WIDTH="35" HEIGHT="15" WC="0.89" CONTENT="om"/><SP WIDTH="22" VPOS="246" HPOS="468"/>
							<String ID="string_34" HPOS="490" VPOS="240" WIDTH="128" HEIGHT="28" WC="0.89" CONTENT="vidtagande"/><SP WIDTH="27" VPOS="240" HPOS="618"/>
							<String ID="string_35" HPOS="645" VPOS="241" WIDTH="22" HEIGHT="21" WC="0.92" CONTENT="af"/><SP WIDTH="22" VPOS="241" HPOS="667"/>
							<String ID="string_36" HPOS="689" VPOS="240" WIDTH="97" HEIGHT="28" WC="0.93" CONTENT="åtgärder"/><SP WIDTH="24" VPOS="240" HPOS="786"/>
							<String ID="string_37" HPOS="810" VPOS="241" WIDTH="33" HEIGHT="21" WC="0.96" CONTENT="för"/>
						</TextLine>
						<TextLine ID="line_5" HPOS="66" VPOS="273" WIDTH="778" HEIGHT="29">
							<String ID="string_38" HPOS="66" VPOS="274" WIDTH="52" HEIGHT="26" WC="0.59" CONTENT="det"/><SP WIDTH="22" VPOS="274" HPOS="118"/>
							<String ID="string_39" HPOS="140" VPOS="273" WIDTH="188" HEIGHT="28" WC="0.91" CONTENT="grundlagsenliga"/><SP WIDTH="20" VPOS="273" HPOS="328"/>
							<String ID="string_40" HPOS="348" VPOS="274" WIDTH="163" HEIGHT="26" WC="0.88" CONTENT="styrelsesättets"/><SP WIDTH="33" VPOS="274" HPOS="511"/>
							<String ID="string_41" HPOS="544" VPOS="274" WIDTH="186" HEIGHT="28" WC="0.95" CONTENT="återupprättande"/><SP WIDTH="16" VPOS="274" HPOS="730"/>
							<String ID="string_42" HPOS="746" VPOS="276" WIDTH="40" HEIGHT="20" WC="0.96" CONTENT="och"/><SP WIDTH="15" VPOS="276" HPOS="786"/>
							<String ID="string_43" HPOS="801" VPOS="275" WIDTH="43" HEIGHT="21" WC="0.96" CONTENT="den"/>
						</TextLine>
						<TextLine ID="line_6" HPOS="82" VPOS="308" WIDTH="762" HEIGHT="28">
							<String ID="string_44" HPOS="82" VPOS="308" WIDTH="79" HEIGHT="27" WC="0.96" CONTENT="lagliga"/><SP WIDTH="32" VPOS="308" HPOS="161"/>
							<String ID="string_45" HPOS="193" VPOS="308" WIDTH="129" HEIGHT="27" WC="0.91" CONTENT="ordningens"/><SP WIDTH="34" VPOS="308" HPOS="322"/>
							<String ID="string_46" HPOS="356" VPOS="308" WIDTH="156" HEIGHT="26" WC="0.72" CONTENT="återställande,"/><SP WIDTH="25" VPOS="308" HPOS="512"/>
							<String ID="string_47" HPOS="537" VPOS="309" WIDTH="7" HEIGHT="20" WC="0.93" CONTENT="i"/><SP WIDTH="25" VPOS="309" HPOS="544"/>
							<String ID="string_48" HPOS="569" VPOS="309" WIDTH="172" HEIGHT="27" WC="0.91" CONTENT="underdänighet"/><SP WIDTH="21" VPOS="309" HPOS="741"/>
							<String ID="string_49" HPOS="762" VPOS="309" WIDTH="82" HEIGHT="21" WC="0.54" CONTENT="&#39;anhäl-"/>
						</TextLine>
						<TextLine ID="line_7" HPOS="82" VPOS="342" WIDTH="761" HEIGHT="28">
							<String ID="string_50" HPOS="82" VPOS="342" WIDTH="30" HEIGHT="21" WC="0.86" CONTENT="lit."/><SP WIDTH="36" VPOS="342" HPOS="112"/>
							<String ID="string_51" HPOS="148" VPOS="342" WIDTH="106" HEIGHT="21" WC="0.80" CONTENT="Behofvet"/><SP WIDTH="24" VPOS="342" HPOS="254"/>
							<String ID="string_52" HPOS="278" VPOS="342" WIDTH="22" HEIGHT="20" WC="0.91" CONTENT="af"/><SP WIDTH="22" VPOS="342" HPOS="300"/>
							<String ID="string_53" HPOS="322" VPOS="342" WIDTH="96" HEIGHT="22" WC="0.91" CONTENT="biträden"/><SP WIDTH="29" VPOS="342" HPOS="418"/>
							<String ID="string_54" HPOS="447" VPOS="342" WIDTH="101" HEIGHT="28" WC="0.94" CONTENT="lämpliga"/><SP WIDTH="21" VPOS="342" HPOS="548"/>
							<String ID="string_55" HPOS="569" VPOS="343" WIDTH="34" HEIGHT="21" WC="0.96" CONTENT="för"/><SP WIDTH="22" VPOS="343" HPOS="603"/>
							<String ID="string_56" HPOS="625" VPOS="350" WIDTH="27" HEIGHT="14" WC="0.92" CONTENT="en"/><SP WIDTH="26" VPOS="350" HPOS="652"/>
							<String ID="string_57" HPOS="678" VPOS="343" WIDTH="59" HEIGHT="27" WC="0.93" CONTENT="dylik"/><SP WIDTH="18" VPOS="343" HPOS="737"/>
							<String ID="string_58" HPOS="755" VPOS="344" WIDTH="88" HEIGHT="26" WC="0.92" CONTENT="tjänste-"/>
						</TextLine>
						<TextLine ID="line_8" HPOS="83" VPOS="376" WIDTH="759" HEIGHT="29">
							<String ID="string_59" HPOS="83" VPOS="376" WIDTH="135" HEIGHT="21" WC="0.95" CONTENT="verksamhet"/><SP WIDTH="23" VPOS="376" HPOS="218"/>
							<String ID="string_60" HPOS="241" VPOS="376" WIDTH="38" HEIGHT="21" WC="0.92" CONTENT="har"/><SP WIDTH="32" VPOS="376" HPOS="279"/>
							<String ID="string_61" HPOS="311" VPOS="376" WIDTH="105" HEIGHT="22" WC="0.92" CONTENT="föranledt"/><SP WIDTH="29" VPOS="376" HPOS="416"/>
							<String ID="string_62" HPOS="445" VPOS="377" WIDTH="158" HEIGHT="21" WC="0.93" CONTENT="vederbörande"/><SP WIDTH="23" VPOS="377" HPOS="603"/>
							<String ID="string_63" HPOS="626" VPOS="377" WIDTH="113" HEIGHT="28" WC="0.93" CONTENT="polisbefäl"/><SP WIDTH="22" VPOS="377" HPOS="739"/>
							<String ID="string_64" HPOS="761" VPOS="379" WIDTH="30" HEIGHT="19" WC="0.92" CONTENT="att"/><SP WIDTH="16" VPOS="379" HPOS="791"/>
							<String ID="string_65" HPOS="807" VPOS="377" WIDTH="35" HEIGHT="21" WC="0.96" CONTENT="vid"/>
						</TextLine>
						<TextLine ID="line_9" HPOS="82" VPOS="410" WIDTH="761" HEIGHT="29">
							<String ID="string_66" HPOS="82" VPOS="410" WIDTH="130" HEIGHT="28" WC="0.92" CONTENT="antagandet"/><SP WIDTH="24" VPOS="410" HPOS="212"/>
							<String ID="string_67" HPOS="236" VPOS="411" WIDTH="22" HEIGHT="20" WC="0.93" CONTENT="af"/><SP WIDTH="24" VPOS="411" HPOS="258"/>
							<String ID="string_68" HPOS="282" VPOS="411" WIDTH="126" HEIGHT="27" WC="0.91" CONTENT="tjänstemän"/><SP WIDTH="26" VPOS="411" HPOS="408"/>
							<String ID="string_69" HPOS="434" VPOS="412" WIDTH="40" HEIGHT="20" WC="0.93" CONTENT="och"/><SP WIDTH="24" VPOS="412" HPOS="474"/>
							<String ID="string_70" HPOS="498" VPOS="412" WIDTH="123" HEIGHT="27" WC="0.91" CONTENT="konstaplar"/><SP WIDTH="25" VPOS="412" HPOS="621"/>
							<String ID="string_71" HPOS="646" VPOS="412" WIDTH="36" HEIGHT="20" WC="0.96" CONTENT="vid"/><SP WIDTH="15" VPOS="412" HPOS="682"/>
							<String ID="string_72" HPOS="697" VPOS="412" WIDTH="82" HEIGHT="27" WC="0.93" CONTENT="polisen"/><SP WIDTH="15" VPOS="412" HPOS="779"/>
							<String ID="string_73" HPOS="794" VPOS="413" WIDTH="49" HEIGHT="19" WC="0.87" CONTENT="när-"/>
						</TextLine>
						<TextLine ID="line_10" HPOS="83" VPOS="445" WIDTH="761" HEIGHT="27">
							<String ID="string_74" HPOS="83" VPOS="447" WIDTH="55" HEIGHT="19" WC="0.89" CONTENT="mast"/><SP WIDTH="22" VPOS="447" HPOS="138"/>
							<String ID="string_75" HPOS="160" VPOS="447" WIDTH="48" HEIGHT="25" WC="0.91" CONTENT="taga"/><SP WIDTH="22" VPOS="447" HPOS="208"/>
							<String ID="string_76" HPOS="230" VPOS="445" WIDTH="84" HEIGHT="27" WC="0.96" CONTENT="hänsyn"/><SP WIDTH="22" VPOS="445" HPOS="314"/>
							<String ID="string_77" HPOS="336" VPOS="445" WIDTH="32" HEIGHT="21" WC="0.95" CONTENT="till"/><SP WIDTH="22" VPOS="445" HPOS="368"/>
							<String ID="string_78" HPOS="390" VPOS="446" WIDTH="60" HEIGHT="21" WC="0.93" CONTENT="deras"/><SP WIDTH="24" VPOS="446" HPOS="450"/>
							<String ID="string_79" HPOS="474" VPOS="446" WIDTH="160" HEIGHT="21" WC="0.92" CONTENT="användbarhet"/><SP WIDTH="22" VPOS="446" HPOS="634"/>
							<String ID="string_80" HPOS="656" VPOS="446" WIDTH="8" HEIGHT="20" WC="0.93" CONTENT="i"/><SP WIDTH="16" VPOS="446" HPOS="664"/>
							<String ID="string_81" HPOS="680" VPOS="446" WIDTH="118" HEIGHT="21" WC="0.92" CONTENT="förberördt"/><SP WIDTH="15" VPOS="446" HPOS="798"/>
							<String ID="string_82" HPOS="813" VPOS="446" WIDTH="31" HEIGHT="21" WC="0.91" CONTENT="af-"/>
						</TextLine>
						<TextLine ID="line_11" HPOS="82" VPOS="480" WIDTH="762" HEIGHT="28">
							<String ID="string_83" HPOS="82" VPOS="480" WIDTH="86" HEIGHT="26" WC="0.95" CONTENT="seende,"/><SP WIDTH="27" VPOS="480" HPOS="168"/>
							<String ID="string_84" HPOS="195" VPOS="480" WIDTH="40" HEIGHT="20" WC="0.91" CONTENT="och"/><SP WIDTH="31" VPOS="480" HPOS="235"/>
							<String ID="string_85" HPOS="266" VPOS="480" WIDTH="90" HEIGHT="20" WC="0.96" CONTENT="sålunda"/><SP WIDTH="29" VPOS="480" HPOS="356"/>
							<String ID="string_86" HPOS="385" VPOS="480" WIDTH="63" HEIGHT="21" WC="0.96" CONTENT="hafva"/><SP WIDTH="26" VPOS="480" HPOS="448"/>
							<String ID="string_87" HPOS="474" VPOS="480" WIDTH="70" HEIGHT="21" WC="0.96" CONTENT="såsom"/><SP WIDTH="32" VPOS="480" HPOS="544"/>
							<String ID="string_88" HPOS="576" VPOS="481" WIDTH="148" HEIGHT="21" WC="0.86" CONTENT="funktionärer"/><SP WIDTH="25" VPOS="481" HPOS="724"/>
							<String ID="string_89" HPOS="749" VPOS="480" WIDTH="36" HEIGHT="22" WC="0.90" CONTENT="vid"/><SP WIDTH="22" VPOS="480" HPOS="785"/>
							<String ID="string_90" HPOS="807" VPOS="487" WIDTH="37" HEIGHT="21" WC="0.89" CONTENT="po-"/>
						</TextLine>
						<TextLine ID="line_12" HPOS="82" VPOS="514" WIDTH="762" HEIGHT="28">
							<String ID="string_91" HPOS="82" VPOS="514" WIDTH="102" HEIGHT="21" WC="0.92" CONTENT="lisverket"/><SP WIDTH="22" VPOS="514" HPOS="184"/>
							<String ID="string_92" HPOS="206" VPOS="514" WIDTH="70" HEIGHT="21" WC="0.93" CONTENT="blifvit"/><SP WIDTH="22" VPOS="514" HPOS="276"/>
							<String ID="string_93" HPOS="298" VPOS="514" WIDTH="95" HEIGHT="21" WC="0.91" CONTENT="anstälda"/><SP WIDTH="27" VPOS="514" HPOS="393"/>
							<String ID="string_94" HPOS="420" VPOS="521" WIDTH="25" HEIGHT="14" WC="0.93" CONTENT="en"/><SP WIDTH="19" VPOS="521" HPOS="445"/>
							<String ID="string_95" HPOS="464" VPOS="514" WIDTH="79" HEIGHT="28" WC="0.96" CONTENT="mängd"/><SP WIDTH="15" VPOS="514" HPOS="543"/>
							<String ID="string_96" HPOS="558" VPOS="521" WIDTH="108" HEIGHT="21" WC="0.93" CONTENT="personer,"/><SP WIDTH="15" VPOS="521" HPOS="666"/>
							<String ID="string_97" HPOS="681" VPOS="515" WIDTH="72" HEIGHT="21" WC="0.96" CONTENT="hvilka"/><SP WIDTH="16" VPOS="515" HPOS="753"/>
							<String ID="string_98" HPOS="769" VPOS="515" WIDTH="75" HEIGHT="21" WC="0.95" CONTENT="varit"/><SP WIDTH="-10" VPOS="515" HPOS="844"/>
							<String ID="string_99" HPOS="834" VPOS="510" WIDTH="12" HEIGHT="36" WC="0.95" CONTENT="i"/>
						</TextLine>
						<TextLine ID="line_13" HPOS="78" VPOS="549" WIDTH="767" HEIGHT="28">
							<String ID="string_100" HPOS="78" VPOS="549" WIDTH="109" HEIGHT="21" WC="0.92" CONTENT="-afsaknad"/><SP WIDTH="22" VPOS="549" HPOS="187"/>
							<String ID="string_101" HPOS="209" VPOS="549" WIDTH="21" HEIGHT="20" WC="0.96" CONTENT="af"/><SP WIDTH="20" VPOS="549" HPOS="230"/>
							<String ID="string_102" HPOS="250" VPOS="549" WIDTH="40" HEIGHT="21" WC="0.93" CONTENT="den"/><SP WIDTH="23" VPOS="549" HPOS="290"/>
							<String ID="string_103" HPOS="313" VPOS="549" WIDTH="113" HEIGHT="21" WC="0.91" CONTENT="moraliska"/><SP WIDTH="23" VPOS="549" HPOS="426"/>
							<String ID="string_104" HPOS="449" VPOS="549" WIDTH="174" HEIGHT="28" WC="0.92" CONTENT="vederhäftighet,"/><SP WIDTH="24" VPOS="549" HPOS="623"/>
							<String ID="string_105" HPOS="647" VPOS="556" WIDTH="45" HEIGHT="14" WC="0.96" CONTENT="som"/><SP WIDTH="16" VPOS="556" HPOS="692"/>
							<String ID="string_106" HPOS="708" VPOS="551" WIDTH="23" HEIGHT="20" WC="0.93" CONTENT="är"/><SP WIDTH="15" VPOS="551" HPOS="731"/>
							<String ID="string_107" HPOS="746" VPOS="549" WIDTH="99" HEIGHT="22" WC="0.92" CONTENT="särskildt"/>
						</TextLine>
						<TextLine ID="line_14" HPOS="84" VPOS="583" WIDTH="760" HEIGHT="28">
							<String ID="string_108" HPOS="84" VPOS="583" WIDTH="122" HEIGHT="28" WC="0.92" CONTENT="nödvändig"/><SP WIDTH="22" VPOS="583" HPOS="206"/>
							<String ID="string_109" HPOS="228" VPOS="583" WIDTH="32" HEIGHT="21" WC="0.93" CONTENT="för"/><SP WIDTH="19" VPOS="583" HPOS="260"/>
							<String ID="string_110" HPOS="279" VPOS="583" WIDTH="125" HEIGHT="22" WC="0.92" CONTENT="utöfvandet"/><SP WIDTH="15" VPOS="583" HPOS="404"/>
							<String ID="string_111" HPOS="419" VPOS="583" WIDTH="21" HEIGHT="22" WC="0.97" CONTENT="af"/><SP WIDTH="16" VPOS="583" HPOS="440"/>
							<String ID="string_112" HPOS="456" VPOS="583" WIDTH="57" HEIGHT="22" WC="0.93" CONTENT="detta"/><SP WIDTH="18" VPOS="583" HPOS="513"/>
							<String ID="string_113" HPOS="531" VPOS="584" WIDTH="142" HEIGHT="21" WC="0.92" CONTENT="ansvarsfulla"/><SP WIDTH="15" VPOS="584" HPOS="673"/>
							<String ID="string_114" HPOS="688" VPOS="584" WIDTH="49" HEIGHT="26" WC="0.92" CONTENT="kall,"/><SP WIDTH="16" VPOS="584" HPOS="737"/>
							<String ID="string_115" HPOS="753" VPOS="584" WIDTH="91" HEIGHT="21" WC="0.92" CONTENT="hvarhos"/>
						</TextLine>
						<TextLine ID="line_15" HPOS="83" VPOS="617" WIDTH="761" HEIGHT="28">
							<String ID="string_116" HPOS="83" VPOS="617" WIDTH="48" HEIGHT="21" WC="0.88" CONTENT="icke"/><SP WIDTH="23" VPOS="617" HPOS="131"/>
							<String ID="string_117" HPOS="154" VPOS="623" WIDTH="38" HEIGHT="15" WC="0.92" CONTENT="ens"/><SP WIDTH="20" VPOS="623" HPOS="192"/>
							<String ID="string_118" HPOS="212" VPOS="617" WIDTH="122" HEIGHT="22" WC="0.91" CONTENT="kännedom"/><SP WIDTH="15" VPOS="617" HPOS="334"/>
							<String ID="string_119" HPOS="349" VPOS="618" WIDTH="21" HEIGHT="20" WC="0.93" CONTENT="af"/><SP WIDTH="13" VPOS="618" HPOS="370"/>
							<String ID="string_120" HPOS="383" VPOS="618" WIDTH="84" HEIGHT="21" WC="0.91" CONTENT="landets"/><SP WIDTH="15" VPOS="618" HPOS="467"/>
							<String ID="string_121" HPOS="482" VPOS="617" WIDTH="63" HEIGHT="28" WC="0.92" CONTENT="spräk"/><SP WIDTH="16" VPOS="617" HPOS="545"/>
							<String ID="string_122" HPOS="561" VPOS="619" WIDTH="80" HEIGHT="20" WC="0.92" CONTENT="ansetts"/><SP WIDTH="15" VPOS="619" HPOS="641"/>
							<String ID="string_123" HPOS="656" VPOS="618" WIDTH="93" HEIGHT="27" WC="0.92" CONTENT="behöflig"/><SP WIDTH="14" VPOS="618" HPOS="749"/>
							<String ID="string_124" HPOS="763" VPOS="619" WIDTH="39" HEIGHT="20" WC="0.96" CONTENT="hos"/><SP WIDTH="16" VPOS="619" HPOS="802"/>
							<String ID="string_125" HPOS="818" VPOS="618" WIDTH="26" HEIGHT="21" WC="0.96" CONTENT="de"/>
						</TextLine>
						<TextLine ID="line_16" HPOS="83" VPOS="652" WIDTH="761" HEIGHT="27">
							<String ID="string_126" HPOS="83" VPOS="658" WIDTH="101" HEIGHT="21" WC="0.95" CONTENT="personer"/><SP WIDTH="22" VPOS="658" HPOS="184"/>
							<String ID="string_127" HPOS="206" VPOS="658" WIDTH="46" HEIGHT="15" WC="0.90" CONTENT="som"/><SP WIDTH="22" VPOS="658" HPOS="252"/>
							<String ID="string_128" HPOS="274" VPOS="652" WIDTH="90" HEIGHT="27" WC="0.94" CONTENT="antagits"/><SP WIDTH="15" VPOS="652" HPOS="364"/>
							<String ID="string_129" HPOS="379" VPOS="652" WIDTH="8" HEIGHT="20" WC="0.96" CONTENT="i"/><SP WIDTH="14" VPOS="652" HPOS="387"/>
							<String ID="string_130" HPOS="401" VPOS="652" WIDTH="93" HEIGHT="27" WC="0.96" CONTENT="polisens"/><SP WIDTH="20" VPOS="652" HPOS="494"/>
							<String ID="string_131" HPOS="514" VPOS="653" WIDTH="70" HEIGHT="26" WC="0.92" CONTENT="tjänst."/><SP WIDTH="29" VPOS="653" HPOS="584"/>
							<String ID="string_132" HPOS="613" VPOS="652" WIDTH="34" HEIGHT="21" WC="0.95" CONTENT="Då"/><SP WIDTH="14" VPOS="652" HPOS="647"/>
							<String ID="string_133" HPOS="661" VPOS="652" WIDTH="72" HEIGHT="21" WC="0.95" CONTENT="härtill"/><SP WIDTH="15" VPOS="652" HPOS="733"/>
							<String ID="string_134" HPOS="748" VPOS="652" WIDTH="96" HEIGHT="21" WC="0.96" CONTENT="kommer"/>
						</TextLine>
						<TextLine ID="line_17" HPOS="82" VPOS="686" WIDTH="762" HEIGHT="27">
							<String ID="string_135" HPOS="82" VPOS="688" WIDTH="32" HEIGHT="19" WC="0.96" CONTENT="att"/><SP WIDTH="14" VPOS="688" HPOS="114"/>
							<String ID="string_136" HPOS="128" VPOS="686" WIDTH="83" HEIGHT="27" WC="0.96" CONTENT="polisen"/><SP WIDTH="14" VPOS="686" HPOS="211"/>
							<String ID="string_137" HPOS="225" VPOS="687" WIDTH="8" HEIGHT="20" WC="0.96" CONTENT="i"/><SP WIDTH="15" VPOS="687" HPOS="233"/>
							<String ID="string_138" HPOS="248" VPOS="687" WIDTH="33" HEIGHT="20" WC="0.91" CONTENT="sin"/><SP WIDTH="15" VPOS="687" HPOS="281"/>
							<String ID="string_139" HPOS="296" VPOS="687" WIDTH="212" HEIGHT="26" WC="0.91" CONTENT="tjänsteverksamhet"/><SP WIDTH="14" VPOS="687" HPOS="508"/>
							<String ID="string_140" HPOS="522" VPOS="687" WIDTH="70" HEIGHT="21" WC="0.96" CONTENT="under"/><SP WIDTH="12" VPOS="687" HPOS="592"/>
							<String ID="string_141" HPOS="604" VPOS="687" WIDTH="26" HEIGHT="21" WC="0.96" CONTENT="de"/><SP WIDTH="12" VPOS="687" HPOS="630"/>
							<String ID="string_142" HPOS="642" VPOS="689" WIDTH="83" HEIGHT="18" WC="0.96" CONTENT="senaste"/><SP WIDTH="11" VPOS="689" HPOS="725"/>
							<String ID="string_143" HPOS="736" VPOS="687" WIDTH="49" HEIGHT="20" WC="0.96" CONTENT="åren"/><SP WIDTH="11" VPOS="687" HPOS="785"/>
							<String ID="string_144" HPOS="796" VPOS="687" WIDTH="48" HEIGHT="20" WC="0.96" CONTENT="icke"/>
						</TextLine>
						<TextLine ID="line_18" HPOS="83" VPOS="720" WIDTH="761" HEIGHT="28">
							<String ID="string_145" HPOS="83" VPOS="720" WIDTH="68" HEIGHT="21" WC="0.96" CONTENT="sällan"/><SP WIDTH="16" VPOS="720" HPOS="151"/>
							<String ID="string_146" HPOS="167" VPOS="720" WIDTH="89" HEIGHT="28" WC="0.96" CONTENT="vidtagit"/><SP WIDTH="16" VPOS="720" HPOS="256"/>
							<String ID="string_147" HPOS="272" VPOS="720" WIDTH="61" HEIGHT="28" WC="0.92" CONTENT="olaga"/><SP WIDTH="14" VPOS="720" HPOS="333"/>
							<String ID="string_148" HPOS="347" VPOS="721" WIDTH="127" HEIGHT="27" WC="0.90" CONTENT="häktningar"/><SP WIDTH="16" VPOS="721" HPOS="474"/>
							<String ID="string_149" HPOS="490" VPOS="721" WIDTH="39" HEIGHT="21" WC="0.96" CONTENT="och"/><SP WIDTH="15" VPOS="721" HPOS="529"/>
							<String ID="string_150" HPOS="544" VPOS="721" WIDTH="67" HEIGHT="21" WC="0.96" CONTENT="andra"/><SP WIDTH="15" VPOS="721" HPOS="611"/>
							<String ID="string_151" HPOS="626" VPOS="723" WIDTH="45" HEIGHT="18" WC="0.95" CONTENT="mot"/><SP WIDTH="14" VPOS="723" HPOS="671"/>
							<String ID="string_152" HPOS="685" VPOS="720" WIDTH="36" HEIGHT="28" WC="0.95" CONTENT="lag"/><SP WIDTH="16" VPOS="720" HPOS="721"/>
							<String ID="string_153" HPOS="737" VPOS="721" WIDTH="107" HEIGHT="20" WC="0.96" CONTENT="stridande"/>
						</TextLine>
						<TextLine ID="line_19" HPOS="84" VPOS="755" WIDTH="760" HEIGHT="28">
							<String ID="string_154" HPOS="84" VPOS="755" WIDTH="104" HEIGHT="27" WC="0.96" CONTENT="åtgärder,"/><SP WIDTH="15" VPOS="755" HPOS="188"/>
							<String ID="string_155" HPOS="203" VPOS="755" WIDTH="137" HEIGHT="27" WC="0.96" CONTENT="hvarigenom"/><SP WIDTH="16" VPOS="755" HPOS="340"/>
							<String ID="string_156" HPOS="356" VPOS="755" WIDTH="85" HEIGHT="28" WC="0.91" CONTENT="intrång"/><SP WIDTH="19" VPOS="755" HPOS="441"/>
							<String ID="string_157" HPOS="460" VPOS="755" WIDTH="102" HEIGHT="21" WC="0.91" CONTENT="föröfvats"/><SP WIDTH="14" VPOS="755" HPOS="562"/>
							<String ID="string_158" HPOS="576" VPOS="755" WIDTH="28" HEIGHT="28" WC="0.93" CONTENT="på"/><SP WIDTH="14" VPOS="755" HPOS="604"/>
							<String ID="string_159" HPOS="618" VPOS="755" WIDTH="179" HEIGHT="27" WC="0.91" CONTENT="medborgarenes"/><SP WIDTH="15" VPOS="755" HPOS="797"/>
							<String ID="string_160" HPOS="812" VPOS="757" WIDTH="32" HEIGHT="19" WC="0.88" CONTENT="sä-"/>
						</TextLine>
						<TextLine ID="line_20" HPOS="84" VPOS="789" WIDTH="761" HEIGHT="28">
							<String ID="string_161" HPOS="84" VPOS="789" WIDTH="74" HEIGHT="21" WC="0.91" CONTENT="kerhet"/><SP WIDTH="22" VPOS="789" HPOS="158"/>
							<String ID="string_162" HPOS="180" VPOS="789" WIDTH="31" HEIGHT="20" WC="0.96" CONTENT="till"/><SP WIDTH="21" VPOS="789" HPOS="211"/>
							<String ID="string_163" HPOS="232" VPOS="795" WIDTH="76" HEIGHT="21" WC="0.96" CONTENT="person"/><SP WIDTH="21" VPOS="795" HPOS="308"/>
							<String ID="string_164" HPOS="329" VPOS="790" WIDTH="39" HEIGHT="20" WC="0.96" CONTENT="och"/><SP WIDTH="20" VPOS="790" HPOS="368"/>
							<String ID="string_165" HPOS="388" VPOS="789" WIDTH="111" HEIGHT="28" WC="0.95" CONTENT="egendom,"/><SP WIDTH="16" VPOS="789" HPOS="499"/>
							<String ID="string_166" HPOS="515" VPOS="792" WIDTH="55" HEIGHT="18" WC="0.96" CONTENT="samt"/><SP WIDTH="15" VPOS="792" HPOS="570"/>
							<String ID="string_167" HPOS="585" VPOS="789" WIDTH="74" HEIGHT="21" WC="0.96" CONTENT="därvid"/><SP WIDTH="16" VPOS="789" HPOS="659"/>
							<String ID="string_168" HPOS="675" VPOS="789" WIDTH="43" HEIGHT="21" WC="0.96" CONTENT="ofta"/><SP WIDTH="16" VPOS="789" HPOS="718"/>
							<String ID="string_169" HPOS="734" VPOS="789" WIDTH="111" HEIGHT="28" WC="0.96" CONTENT="ådagalagt"/>
						</TextLine>
						<TextLine ID="line_21" HPOS="85" VPOS="823" WIDTH="761" HEIGHT="28">
							<String ID="string_170" HPOS="85" VPOS="829" WIDTH="28" HEIGHT="15" WC="0.96" CONTENT="en"/><SP WIDTH="15" VPOS="829" HPOS="113"/>
							<String ID="string_171" HPOS="128" VPOS="823" WIDTH="115" HEIGHT="27" WC="0.94" CONTENT="otillbörlig"/><SP WIDTH="14" VPOS="823" HPOS="243"/>
							<String ID="string_172" HPOS="257" VPOS="823" WIDTH="114" HEIGHT="28" WC="0.96" CONTENT="brutalitet,"/><SP WIDTH="12" VPOS="823" HPOS="371"/>
							<String ID="string_173" HPOS="383" VPOS="824" WIDTH="39" HEIGHT="21" WC="0.96" CONTENT="har"/><SP WIDTH="15" VPOS="824" HPOS="422"/>
							<String ID="string_174" HPOS="437" VPOS="830" WIDTH="25" HEIGHT="15" WC="0.96" CONTENT="en"/><SP WIDTH="16" VPOS="830" HPOS="462"/>
							<String ID="string_175" HPOS="478" VPOS="823" WIDTH="94" HEIGHT="28" WC="0.96" CONTENT="naturlig"/><SP WIDTH="14" VPOS="823" HPOS="572"/>
							<String ID="string_176" HPOS="586" VPOS="823" WIDTH="80" HEIGHT="28" WC="0.96" CONTENT="påföljd"/><SP WIDTH="16" VPOS="823" HPOS="666"/>
							<String ID="string_177" HPOS="682" VPOS="823" WIDTH="60" HEIGHT="21" WC="0.96" CONTENT="häraf"/><SP WIDTH="10" VPOS="823" HPOS="742"/>
							<String ID="string_178" HPOS="752" VPOS="823" WIDTH="54" HEIGHT="21" WC="0.96" CONTENT="varit"/><SP WIDTH="10" VPOS="823" HPOS="806"/>
							<String ID="string_179" HPOS="816" VPOS="825" WIDTH="30" HEIGHT="19" WC="0.96" CONTENT="att"/>
						</TextLine>
						<TextLine ID="line_22" HPOS="84" VPOS="857" WIDTH="760" HEIGHT="28">
							<String ID="string_180" HPOS="84" VPOS="857" WIDTH="132" HEIGHT="22" WC="0.96" CONTENT="förtroendet"/><SP WIDTH="14" VPOS="857" HPOS="216"/>
							<String ID="string_181" HPOS="230" VPOS="858" WIDTH="33" HEIGHT="21" WC="0.93" CONTENT="för"/><SP WIDTH="13" VPOS="858" HPOS="263"/>
							<String ID="string_182" HPOS="276" VPOS="858" WIDTH="202" HEIGHT="27" WC="0.91" CONTENT="polisinstitutionen"/><SP WIDTH="10" VPOS="858" HPOS="478"/>
							<String ID="string_183" HPOS="488" VPOS="858" WIDTH="24" HEIGHT="21" WC="0.96" CONTENT="år"/><SP WIDTH="9" VPOS="858" HPOS="512"/>
							<String ID="string_184" HPOS="521" VPOS="858" WIDTH="33" HEIGHT="21" WC="0.96" CONTENT="för"/><SP WIDTH="11" VPOS="858" HPOS="554"/>
							<String ID="string_185" HPOS="565" VPOS="858" WIDTH="23" HEIGHT="22" WC="0.96" CONTENT="år"/><SP WIDTH="15" VPOS="858" HPOS="588"/>
							<String ID="string_186" HPOS="603" VPOS="858" WIDTH="109" HEIGHT="25" WC="0.96" CONTENT="minskats,"/><SP WIDTH="16" VPOS="858" HPOS="712"/>
							<String ID="string_187" HPOS="728" VPOS="858" WIDTH="40" HEIGHT="20" WC="0.96" CONTENT="och"/><SP WIDTH="9" VPOS="858" HPOS="768"/>
							<String ID="string_188" HPOS="777" VPOS="857" WIDTH="67" HEIGHT="21" WC="0.96" CONTENT="måste"/>
						</TextLine>
						<TextLine ID="line_23" HPOS="85" VPOS="891" WIDTH="761" HEIGHT="29">
							<String ID="string_189" HPOS="85" VPOS="892" WIDTH="71" HEIGHT="21" WC="0.96" CONTENT="därför"/><SP WIDTH="20" VPOS="892" HPOS="156"/>
							<String ID="string_190" HPOS="176" VPOS="898" WIDTH="26" HEIGHT="15" WC="0.96" CONTENT="en"/><SP WIDTH="23" VPOS="898" HPOS="202"/>
							<String ID="string_191" HPOS="225" VPOS="892" WIDTH="178" HEIGHT="28" WC="0.96" CONTENT="omorganisation"/><SP WIDTH="21" VPOS="892" HPOS="403"/>
							<String ID="string_192" HPOS="424" VPOS="893" WIDTH="21" HEIGHT="20" WC="0.96" CONTENT="af"/><SP WIDTH="20" VPOS="893" HPOS="445"/>
							<String ID="string_193" HPOS="465" VPOS="892" WIDTH="157" HEIGHT="28" WC="0.96" CONTENT="polisväsendet"/><SP WIDTH="16" VPOS="892" HPOS="622"/>
							<String ID="string_194" HPOS="638" VPOS="898" WIDTH="62" HEIGHT="15" WC="0.96" CONTENT="anses"/><SP WIDTH="14" VPOS="898" HPOS="700"/>
							<String ID="string_195" HPOS="714" VPOS="892" WIDTH="8" HEIGHT="20" WC="0.96" CONTENT="i"/><SP WIDTH="15" VPOS="892" HPOS="722"/>
							<String ID="string_196" HPOS="737" VPOS="892" WIDTH="41" HEIGHT="26" WC="0.96" CONTENT="hög"/><SP WIDTH="16" VPOS="892" HPOS="778"/>
							<String ID="string_197" HPOS="794" VPOS="891" WIDTH="52" HEIGHT="27" WC="0.96" CONTENT="grad"/>
						</TextLine>
						<TextLine ID="line_24" HPOS="68" VPOS="925" WIDTH="778" HEIGHT="28">
							<String ID="string_198" HPOS="68" VPOS="945" WIDTH="3" HEIGHT="3" WC="0.91" CONTENT="."/><SP WIDTH="13" VPOS="945" HPOS="71"/>
							<String ID="string_199" HPOS="84" VPOS="926" WIDTH="104" HEIGHT="27" WC="0.95" CONTENT="påkallad."/><SP WIDTH="30" VPOS="926" HPOS="188"/>
							<String ID="string_200" HPOS="218" VPOS="926" WIDTH="49" HEIGHT="21" WC="0.95" CONTENT="Med"/><SP WIDTH="21" VPOS="926" HPOS="267"/>
							<String ID="string_201" HPOS="288" VPOS="926" WIDTH="47" HEIGHT="22" WC="0.95" CONTENT="stöd"/><SP WIDTH="18" VPOS="926" HPOS="335"/>
							<String ID="string_202" HPOS="353" VPOS="927" WIDTH="21" HEIGHT="20" WC="0.96" CONTENT="af"/><SP WIDTH="15" VPOS="927" HPOS="374"/>
							<String ID="string_203" HPOS="389" VPOS="927" WIDTH="36" HEIGHT="20" WC="0.96" CONTENT="det"/><SP WIDTH="15" VPOS="927" HPOS="425"/>
							<String ID="string_204" HPOS="440" VPOS="927" WIDTH="88" HEIGHT="20" WC="0.96" CONTENT="anförda"/><SP WIDTH="16" VPOS="927" HPOS="528"/>
							<String ID="string_205" HPOS="544" VPOS="933" WIDTH="62" HEIGHT="14" WC="0.96" CONTENT="anser"/><SP WIDTH="16" VPOS="933" HPOS="606"/>
							<String ID="string_206" HPOS="622" VPOS="926" WIDTH="108" HEIGHT="21" WC="0.96" CONTENT="Utskottet"/><SP WIDTH="15" VPOS="926" HPOS="730"/>
							<String ID="string_207" HPOS="745" VPOS="928" WIDTH="31" HEIGHT="19" WC="0.93" CONTENT="att"/><SP WIDTH="15" VPOS="928" HPOS="776"/>
							<String ID="string_208" HPOS="791" VPOS="925" WIDTH="55" HEIGHT="22" WC="0.92" CONTENT="åter-"/>
						</TextLine>
						<TextLine ID="line_25" HPOS="83" VPOS="960" WIDTH="761" HEIGHT="28">
							<String ID="string_209" HPOS="83" VPOS="960" WIDTH="114" HEIGHT="22" WC="0.92" CONTENT="ställandet"/><SP WIDTH="21" VPOS="960" HPOS="197"/>
							<String ID="string_210" HPOS="218" VPOS="961" WIDTH="21" HEIGHT="21" WC="0.96" CONTENT="af"/><SP WIDTH="23" VPOS="961" HPOS="239"/>
							<String ID="string_211" HPOS="262" VPOS="961" WIDTH="40" HEIGHT="21" WC="0.96" CONTENT="den"/><SP WIDTH="21" VPOS="961" HPOS="302"/>
							<String ID="string_212" HPOS="323" VPOS="961" WIDTH="78" HEIGHT="27" WC="0.91" CONTENT="lagliga"/><SP WIDTH="21" VPOS="961" HPOS="401"/>
							<String ID="string_213" HPOS="422" VPOS="961" WIDTH="119" HEIGHT="27" WC="0.96" CONTENT="ordningen"/><SP WIDTH="14" VPOS="961" HPOS="541"/>
							<String ID="string_214" HPOS="555" VPOS="961" WIDTH="8" HEIGHT="21" WC="0.96" CONTENT="i"/><SP WIDTH="15" VPOS="961" HPOS="563"/>
							<String ID="string_215" HPOS="578" VPOS="961" WIDTH="74" HEIGHT="21" WC="0.96" CONTENT="landet"/><SP WIDTH="14" VPOS="961" HPOS="652"/>
							<String ID="string_216" HPOS="666" VPOS="960" WIDTH="68" HEIGHT="21" WC="0.96" CONTENT="måste"/><SP WIDTH="15" VPOS="960" HPOS="734"/>
							<String ID="string_217" HPOS="749" VPOS="960" WIDTH="95" HEIGHT="21" WC="0.96" CONTENT="medföra"/>
						</TextLine>
						<TextLine ID="line_26" HPOS="84" VPOS="994" WIDTH="762" HEIGHT="28">
							<String ID="string_218" HPOS="84" VPOS="994" WIDTH="78" HEIGHT="22" WC="0.95" CONTENT="reform"/><SP WIDTH="23" VPOS="994" HPOS="162"/>
							<String ID="string_219" HPOS="185" VPOS="995" WIDTH="63" HEIGHT="21" WC="0.96" CONTENT="äfven"/><SP WIDTH="22" VPOS="995" HPOS="248"/>
							<String ID="string_220" HPOS="270" VPOS="996" WIDTH="8" HEIGHT="20" WC="0.96" CONTENT="i"/><SP WIDTH="22" VPOS="996" HPOS="278"/>
							<String ID="string_221" HPOS="300" VPOS="1001" WIDTH="30" HEIGHT="15" WC="0.92" CONTENT="nu"/><SP WIDTH="23" VPOS="1001" HPOS="330"/>
							<String ID="string_222" HPOS="353" VPOS="995" WIDTH="85" HEIGHT="21" WC="0.91" CONTENT="berördt"/><SP WIDTH="22" VPOS="995" HPOS="438"/>
							<String ID="string_223" HPOS="460" VPOS="995" WIDTH="101" HEIGHT="21" WC="0.96" CONTENT="afseende"/><SP WIDTH="25" VPOS="995" HPOS="561"/>
							<String ID="string_224" HPOS="586" VPOS="997" WIDTH="55" HEIGHT="19" WC="0.96" CONTENT="samt"/><SP WIDTH="27" VPOS="997" HPOS="641"/>
							<String ID="string_225" HPOS="668" VPOS="997" WIDTH="30" HEIGHT="19" WC="0.96" CONTENT="att"/><SP WIDTH="24" VPOS="997" HPOS="698"/>
							<String ID="string_226" HPOS="722" VPOS="995" WIDTH="124" HEIGHT="27" WC="0.95" CONTENT="därigenom"/>
						</TextLine>
						<TextLine ID="line_27" HPOS="83" VPOS="1028" WIDTH="763" HEIGHT="29">
							<String ID="string_227" HPOS="83" VPOS="1030" WIDTH="81" HEIGHT="20" WC="0.96" CONTENT="statens"/><SP WIDTH="15" VPOS="1030" HPOS="164"/>
							<String ID="string_228" HPOS="179" VPOS="1030" WIDTH="40" HEIGHT="20" WC="0.96" CONTENT="och"/><SP WIDTH="15" VPOS="1030" HPOS="219"/>
							<String ID="string_229" HPOS="234" VPOS="1028" WIDTH="166" HEIGHT="22" WC="0.95" CONTENT="kommunernas"/><SP WIDTH="11" VPOS="1028" HPOS="400"/>
							<String ID="string_230" HPOS="411" VPOS="1029" WIDTH="116" HEIGHT="21" WC="0.96" CONTENT="kostnader"/><SP WIDTH="11" VPOS="1029" HPOS="527"/>
							<String ID="string_231" HPOS="538" VPOS="1030" WIDTH="34" HEIGHT="20" WC="0.93" CONTENT="för"/><SP WIDTH="14" VPOS="1030" HPOS="572"/>
							<String ID="string_232" HPOS="586" VPOS="1029" WIDTH="137" HEIGHT="28" WC="0.92" CONTENT="polisvården"/><SP WIDTH="15" VPOS="1029" HPOS="723"/>
							<String ID="string_233" HPOS="738" VPOS="1029" WIDTH="8" HEIGHT="20" WC="0.93" CONTENT="i"/><SP WIDTH="15" VPOS="1029" HPOS="746"/>
							<String ID="string_234" HPOS="761" VPOS="1030" WIDTH="85" HEIGHT="19" WC="0.92" CONTENT="väsent-"/>
						</TextLine>
						<TextLine ID="line_28" HPOS="83" VPOS="1064" WIDTH="341" HEIGHT="26">
							<String ID="string_235" HPOS="83" VPOS="1064" WIDTH="30" HEIGHT="26" WC="0.96" CONTENT="lig"/><SP WIDTH="15" VPOS="1064" HPOS="113"/>
							<String ID="string_236" HPOS="128" VPOS="1064" WIDTH="49" HEIGHT="20" WC="0.93" CONTENT="mån"/><SP WIDTH="17" VPOS="1064" HPOS="177"/>
							<String ID="string_237" HPOS="194" VPOS="1064" WIDTH="65" HEIGHT="20" WC="0.92" CONTENT="varda"/><SP WIDTH="15" VPOS="1064" HPOS="259"/>
							<String ID="string_238" HPOS="274" VPOS="1064" WIDTH="150" HEIGHT="21" WC="0.95" CONTENT="förminskade."/>
						</TextLine>
					</TextBlock>
					<TextBlock ID="block_2" HPOS="82" VPOS="1097" WIDTH="765" HEIGHT="97">
						<TextLine ID="line_29" HPOS="152" VPOS="1097" WIDTH="693" HEIGHT="29">
							<String ID="string_239" HPOS="152" VPOS="1098" WIDTH="200" HEIGHT="21" WC="0.89" CONTENT="Medicinalverket."/><SP WIDTH="39" VPOS="1098" HPOS="352"/>
							<String ID="string_240" HPOS="391" VPOS="1098" WIDTH="65" HEIGHT="21" WC="0.80" CONTENT="Detta"/><SP WIDTH="28" VPOS="1098" HPOS="456"/>
							<String ID="string_241" HPOS="484" VPOS="1098" WIDTH="80" HEIGHT="28" WC="0.96" CONTENT="kapitel"/><SP WIDTH="23" VPOS="1098" HPOS="564"/>
							<String ID="string_242" HPOS="587" VPOS="1098" WIDTH="100" HEIGHT="20" WC="0.95" CONTENT="omfattar"/><SP WIDTH="24" VPOS="1098" HPOS="687"/>
							<String ID="string_243" HPOS="711" VPOS="1097" WIDTH="134" HEIGHT="21" WC="0.96" CONTENT="rubrikerna:"/>
						</TextLine>
						<TextLine ID="line_30" HPOS="83" VPOS="1130" WIDTH="763" HEIGHT="30">
							<String ID="string_244" HPOS="83" VPOS="1131" WIDTH="227" HEIGHT="27" WC="0.90" CONTENT="medicinalstyrelsen,"/><SP WIDTH="22" VPOS="1131" HPOS="310"/>
							<String ID="string_245" HPOS="332" VPOS="1132" WIDTH="153" HEIGHT="21" WC="0.93" CONTENT="läkarevården"/><SP WIDTH="26" VPOS="1132" HPOS="485"/>
							<String ID="string_246" HPOS="511" VPOS="1132" WIDTH="27" HEIGHT="28" WC="0.95" CONTENT="på"/><SP WIDTH="22" VPOS="1132" HPOS="538"/>
							<String ID="string_247" HPOS="560" VPOS="1132" WIDTH="79" HEIGHT="27" WC="0.95" CONTENT="landet,"/><SP WIDTH="24" VPOS="1132" HPOS="639"/>
							<String ID="string_248" HPOS="663" VPOS="1132" WIDTH="117" HEIGHT="26" WC="0.95" CONTENT="sjukhusen"/><SP WIDTH="26" VPOS="1132" HPOS="780"/>
							<String ID="string_249" HPOS="806" VPOS="1130" WIDTH="40" HEIGHT="22" WC="0.95" CONTENT="och"/>
						</TextLine>
						<TextLine ID="line_31" HPOS="82" VPOS="1165" WIDTH="765" HEIGHT="29">
							<String ID="string_250" HPOS="82" VPOS="1166" WIDTH="120" HEIGHT="28" WC="0.92" CONTENT="lasaretten,"/><SP WIDTH="12" VPOS="1166" HPOS="202"/>
							<String ID="string_251" HPOS="214" VPOS="1166" WIDTH="208" HEIGHT="27" WC="0.89" CONTENT="dårvårdsanstalter,"/><SP WIDTH="16" VPOS="1166" HPOS="422"/>
							<String ID="string_252" HPOS="438" VPOS="1166" WIDTH="302" HEIGHT="27" WC="0.90" CONTENT="barnförlossningsanstalter,"/><SP WIDTH="9" VPOS="1166" HPOS="740"/>
							<String ID="string_253" HPOS="749" VPOS="1165" WIDTH="98" HEIGHT="21" WC="0.89" CONTENT="vaccina-"/>
						</TextLine>
					</TextBlock>
					<TextBlock ID="block_3" HPOS="70" VPOS="1199" WIDTH="778" HEIGHT="200">
						<TextLine ID="line_32" HPOS="70" VPOS="1199" WIDTH="776" HEIGHT="29">
							<String ID="string_254" HPOS="70" VPOS="1203" WIDTH="2" HEIGHT="2" WC="0.84" CONTENT="*"/><SP WIDTH="10" VPOS="1203" HPOS="72"/>
							<String ID="string_255" HPOS="82" VPOS="1201" WIDTH="204" HEIGHT="27" WC="0.87" CONTENT="tionsinrättningar,"/><SP WIDTH="22" VPOS="1201" HPOS="286"/>
							<String ID="string_256" HPOS="308" VPOS="1201" WIDTH="90" HEIGHT="21" WC="0.92" CONTENT="farsoter"/><SP WIDTH="22" VPOS="1201" HPOS="398"/>
							<String ID="string_257" HPOS="420" VPOS="1201" WIDTH="40" HEIGHT="21" WC="0.93" CONTENT="och"/><SP WIDTH="16" VPOS="1201" HPOS="460"/>
							<String ID="string_258" HPOS="476" VPOS="1201" WIDTH="112" HEIGHT="21" WC="0.93" CONTENT="veneriska"/><SP WIDTH="16" VPOS="1201" HPOS="588"/>
							<String ID="string_259" HPOS="604" VPOS="1201" WIDTH="99" HEIGHT="20" WC="0.92" CONTENT="smittans"/><SP WIDTH="15" VPOS="1201" HPOS="703"/>
							<String ID="string_260" HPOS="718" VPOS="1199" WIDTH="128" HEIGHT="21" WC="0.96" CONTENT="hämmande"/>
						</TextLine>
						<TextLine ID="line_33" HPOS="82" VPOS="1233" WIDTH="764" HEIGHT="29">
							<String ID="string_261" HPOS="82" VPOS="1237" WIDTH="55" HEIGHT="19" WC="0.92" CONTENT="samt"/><SP WIDTH="22" VPOS="1237" HPOS="137"/>
							<String ID="string_262" HPOS="159" VPOS="1235" WIDTH="68" HEIGHT="26" WC="0.91" CONTENT="öfriga"/><SP WIDTH="23" VPOS="1235" HPOS="227"/>
							<String ID="string_263" HPOS="250" VPOS="1235" WIDTH="91" HEIGHT="27" WC="0.93" CONTENT="utgifter."/><SP WIDTH="30" VPOS="1235" HPOS="341"/>
							<String ID="string_264" HPOS="371" VPOS="1234" WIDTH="150" HEIGHT="22" WC="0.92" CONTENT="Motsvarande"/><SP WIDTH="21" VPOS="1234" HPOS="521"/>
							<String ID="string_265" HPOS="542" VPOS="1235" WIDTH="98" HEIGHT="21" WC="0.95" CONTENT="rubriker"/><SP WIDTH="16" VPOS="1235" HPOS="640"/>
							<String ID="string_266" HPOS="656" VPOS="1234" WIDTH="67" HEIGHT="27" WC="0.96" CONTENT="enligt"/><SP WIDTH="15" VPOS="1234" HPOS="723"/>
							<String ID="string_267" HPOS="738" VPOS="1234" WIDTH="36" HEIGHT="20" WC="0.93" CONTENT="det"/><SP WIDTH="14" VPOS="1234" HPOS="774"/>
							<String ID="string_268" HPOS="788" VPOS="1233" WIDTH="58" HEIGHT="21" WC="0.93" CONTENT="äldre"/>
						</TextLine>
						<TextLine ID="line_34" HPOS="82" VPOS="1268" WIDTH="764" HEIGHT="28">
							<String ID="string_269" HPOS="82" VPOS="1269" WIDTH="226" HEIGHT="27" WC="0.81" CONTENT="bokföringssystemet"/><SP WIDTH="15" VPOS="1269" HPOS="308"/>
							<String ID="string_270" HPOS="323" VPOS="1275" WIDTH="61" HEIGHT="15" WC="0.93" CONTENT="voro:"/><SP WIDTH="16" VPOS="1275" HPOS="384"/>
							<String ID="string_271" HPOS="400" VPOS="1269" WIDTH="196" HEIGHT="27" WC="0.92" CONTENT="medicinalverket,"/><SP WIDTH="13" VPOS="1269" HPOS="596"/>
							<String ID="string_272" HPOS="609" VPOS="1268" WIDTH="237" HEIGHT="27" WC="0.92" CONTENT="därvärdsanstalterna,"/>
						</TextLine>
						<TextLine ID="line_35" HPOS="82" VPOS="1302" WIDTH="766" HEIGHT="29">
							<String ID="string_273" HPOS="82" VPOS="1303" WIDTH="108" HEIGHT="21" WC="0.91" CONTENT="allmänna"/><SP WIDTH="20" VPOS="1303" HPOS="190"/>
							<String ID="string_274" HPOS="210" VPOS="1303" WIDTH="135" HEIGHT="28" WC="0.91" CONTENT="sjukvärden,"/><SP WIDTH="22" VPOS="1303" HPOS="345"/>
							<String ID="string_275" HPOS="367" VPOS="1303" WIDTH="303" HEIGHT="27" WC="0.91" CONTENT="barnförlossningsanstalter,"/><SP WIDTH="23" VPOS="1303" HPOS="670"/>
							<String ID="string_276" HPOS="693" VPOS="1302" WIDTH="155" HEIGHT="22" WC="0.91" CONTENT="vaccinations-"/>
						</TextLine>
						<TextLine ID="line_36" HPOS="82" VPOS="1335" WIDTH="766" HEIGHT="30">
							<String ID="string_277" HPOS="82" VPOS="1338" WIDTH="152" HEIGHT="27" WC="0.91" CONTENT="inrättningen,"/><SP WIDTH="15" VPOS="1338" HPOS="234"/>
							<String ID="string_278" HPOS="249" VPOS="1337" WIDTH="116" HEIGHT="21" WC="0.96" CONTENT="understöd"/><SP WIDTH="16" VPOS="1337" HPOS="365"/>
							<String ID="string_279" HPOS="381" VPOS="1337" WIDTH="32" HEIGHT="21" WC="0.93" CONTENT="för"/><SP WIDTH="15" VPOS="1337" HPOS="413"/>
							<String ID="string_280" HPOS="428" VPOS="1336" WIDTH="120" HEIGHT="22" WC="0.89" CONTENT="nödställda"/><SP WIDTH="17" VPOS="1336" HPOS="548"/>
							<String ID="string_281" HPOS="565" VPOS="1336" WIDTH="182" HEIGHT="22" WC="0.92" CONTENT="barnaföderskor."/><SP WIDTH="30" VPOS="1336" HPOS="747"/>
							<String ID="string_282" HPOS="777" VPOS="1335" WIDTH="71" HEIGHT="21" WC="0.91" CONTENT="Total-"/>
						</TextLine>
						<TextLine ID="line_37" HPOS="84" VPOS="1371" WIDTH="307" HEIGHT="28">
							<String ID="string_283" HPOS="84" VPOS="1371" WIDTH="99" HEIGHT="28" WC="0.96" CONTENT="beloppet"/><SP WIDTH="14" VPOS="1371" HPOS="183"/>
							<String ID="string_284" HPOS="197" VPOS="1372" WIDTH="87" HEIGHT="27" WC="0.86" CONTENT="utgifter"/><SP WIDTH="15" VPOS="1372" HPOS="284"/>
							<String ID="string_285" HPOS="299" VPOS="1371" WIDTH="92" HEIGHT="28" WC="0.91" CONTENT="uppgick"/>
						</TextLine>
					</TextBlock>
				</ComposedBlock>
				<ComposedBlock ID="cblock_2" HPOS="151" VPOS="1417" WIDTH="351" HEIGHT="19">
					<TextBlock ID="block_4" HPOS="151" VPOS="1417" WIDTH="351" HEIGHT="19">
						<TextLine ID="line_38" HPOS="151" VPOS="1417" WIDTH="351" HEIGHT="19">
							<String ID="string_286" HPOS="151" VPOS="1417" WIDTH="145" HEIGHT="18" WC="0.62" CONTENT="Statsutskotteis"/><SP WIDTH="14" VPOS="1417" HPOS="296"/>
							<String ID="string_287" HPOS="310" VPOS="1417" WIDTH="112" HEIGHT="19" WC="0.93" CONTENT="betänkande"/><SP WIDTH="11" VPOS="1417" HPOS="422"/>
							<String ID="string_288" HPOS="433" VPOS="1417" WIDTH="38" HEIGHT="18" WC="0.95" CONTENT="N:o"/><SP WIDTH="14" VPOS="1417" HPOS="471"/>
							<String ID="string_289" HPOS="485" VPOS="1418" WIDTH="17" HEIGHT="17" WC="0.96" CONTENT="4."/>
						</TextLine>
					</TextBlock>
				</ComposedBlock>
			</PrintSpace>
		</Page>
	</Layout>
</alto>
