1028 1617
384 83 30 23 U.
429 83 29 22 B.
473 96 29 2 —
515 83 30 22 11
818 84 26 21 55

86 153 95 21 ärenden
203 152 26 28 pä
252 152 102 22 Senateus
378 152 67 28 öfriga
460 152 153 28 expeditioner,
630 152 68 28 enligt
715 152 107 22 föreskrift
836 153 8 20 i

84 187 151 28 förordningen
251 186 22 21 af
287 186 41 21 den
344 187 13 20 2
372 186 39 27 juli
427 186 61 21 1903.

157 221 69 22 Sedan
249 221 40 20 den
308 220 71 21 finska
401 220 106 21 militären
525 220 69 21 blifvit
609 221 103 26 indragen
722 221 50 20 kom
782 221 62 21 äfven

85 251 64 26 turen
164 255 32 22 till
211 255 69 21 finska
294 254 144 22 kadettkåren.
469 255 40 20 Till
524 261 28 15 en
566 255 74 27 början
656 255 86 27 indrogs
758 255 36 21 det
808 255 36 21 vid

88 289 137 22 kadettkåren
240 289 105 21 inrättade
363 289 154 21 förberedande
528 289 138 28 pensionatet,
677 289 39 21 och
725 289 67 21 redan
802 289 42 22 den

87 324 28 20 19
131 323 83 28 augusti
230 323 54 22 1902
301 323 106 21 anbefalte
421 323 28 21 H.
464 323 27 21 K.
506 323 39 22 M.:

156 359 21 26 1)
192 359 30 20 att
236 357 47 22 frän
299 357 74 28 början
389 357 21 22 af
422 357 26 22 dä
463 357 144 22 instundande
617 357 68 22 läseär
696 358 26 21 de
732 357 36 22 tvä
778 357 64 28 högre

85 392 187 28 specialklasserna
288 392 35 21 vid
337 391 79 22 Finska
438 392 138 21 kadettkären
587 392 69 21 skulle
666 391 106 28 indragas,
782 392 61 21 hvar-

86 427 35 20 vid
143 427 26 21 de
187 427 100 25 kadetter,
303 433 46 14 som
369 426 87 21 afslutat
471 427 10 20 I
497 427 40 20 och
551 426 24 21 II
589 426 175 27 specialklassens
786 426 55 27 kurs,

85 461 72 28 borde,
172 461 86 21 såframt
273 461 26 20 de
315 460 76 22 sådant
410 461 100 27 önskade,
526 461 116 21 öfverföras
662 461 32 20 till
708 460 135 21 militärläro-

87 495 57 27 verk,
160 495 39 21 och
214 495 108 28 samtidigt
337 495 69 21 skulle
421 495 95 27 upphöra
532 495 152 27 emottagande
695 495 27 27 pä
736 495 70 27 grund
821 495 22 21 af

83 529 100 28 gällande
203 529 149 28 författningar
374 529 21 21 af
414 529 142 28 minderäriga
577 529 71 22 elever
663 529 33 22 till
711 529 41 22 den
774 529 68 28 lägsta

82 564 155 21 förberedande
251 564 94 27 klassen;

154 598 20 26 2)
190 600 29 19 att
235 598 107 27 julianska
357 599 115 20 kalendern
489 598 69 21 skulle
574 599 79 20 införas
668 599 7 20 i
697 599 145 26 kadettkären,

83 632 90 21 hvarvid
194 632 127 28 tidpunkten
343 632 32 21 för
396 633 48 21 dess
462 632 112 21 införande
597 631 65 23 borde
677 632 127 22 bestämmas
820 632 21 21 af

84 666 160 27 hufvudchefen
265 667 35 21 för
320 666 204 22 militärläroverken
539 667 8 20 i
562 666 84 22 samräd
666 666 50 22 med
730 666 111 22 kommen-

83 700 109 22 deranden
207 702 114 26 trupperna
335 701 6 20 i
354 701 110 27 distriktet,
474 701 54 21 dock
538 701 47 21 icke
595 701 43 21 förr
648 702 28 20 än
685 701 7 20 i
703 700 138 22 kadettkären

84 734 93 28 begynte
192 735 82 21 inträda
289 735 52 21 barn
358 735 21 21 af
393 736 51 26 rysk
459 736 117 26 härkomst;
592 736 55 20 samt

155 768 22 28 3)
193 771 29 19 att
237 769 41 21 alla
291 770 100 26 kadetter,
404 776 45 14 som
467 770 33 20 för
511 770 131 20 närvarande
654 776 50 14 vore
714 770 35 20 vid
760 769 82 21 kadett-

85 803 66 21 kären
172 804 109 27 inskrifna,
297 804 52 21 efter
369 804 91 21 afslutad
475 804 52 21 kurs
542 804 35 21 vid
592 804 11 21 I
618 804 165 27 specialklassen
798 804 44 26 (en-

84 838 41 27 ligt
137 844 31 20 ny
183 838 136 28 numerering
334 838 43 21 VII
392 838 114 27 allmänna)
525 838 135 22 tillerkändes
676 840 40 19 rätt
732 840 29 19 att
776 838 67 28 enligt

84 872 99 27 gällande
198 879 104 21 program,
317 872 26 28 pä
359 872 107 22 allmänna
482 873 98 27 grunder,
595 872 65 22 varda
676 872 119 22 öfverförda
810 872 33 21 till

85 906 115 26 infanteri-,
215 906 110 22 kavalleri-
347 907 40 21 och
405 907 91 27 speciala
510 906 176 22 militärläroverk
702 909 54 19 samt
771 908 30 19 att
816 906 26 21 de

85 940 102 28 kadetter,
202 941 71 21 hvilka
293 941 48 21 icke
362 941 94 21 önskade
477 941 85 21 komma
577 942 7 20 i
599 941 125 28 ätnjutande
742 941 21 21 af
777 940 67 28 sagda

86 976 46 26 rätt,
147 975 68 21 skulle
231 975 142 21 öfverlämnas
387 976 8 20 i
410 975 142 21 föräldrarnas
568 975 56 21 värd.

154 1009 48 21 Den
224 1010 27 20 23
272 1010 39 27 juli
334 1010 56 21 1903
413 1009 117 22 anbefaites
546 1010 119 21 sedermera
681 1011 30 20 att
726 1009 49 22 med
790 1016 53 21 upp-

85 1043 106 22 häfvande
217 1043 21 21 af
256 1044 152 27 förordningen
428 1044 42 21 den
492 1045 13 20 2
527 1044 51 28 april
600 1045 56 21 1884
676 1044 110 27 angäende
806 1043 36 21 fri-

86 1077 83 28 villiges
191 1078 34 21 vid
249 1078 26 21 de
293 1078 69 21 finska
379 1081 115 25 trupperna
504 1079 122 27 utbildning
636 1079 40 20 och
687 1078 119 27 befordran,
817 1078 26 21 de

86 1112 36 21 vid
143 1111 68 22 finska
229 1113 138 21 kadettkären
383 1113 104 21 inrättade
502 1113 75 21 kurser
591 1113 33 21 för
639 1112 110 27 frivilliges
764 1112 78 21 under-

85 1146 86 28 visning
186 1147 68 21 skulle
269 1147 99 27 indragas
383 1150 55 18 samt
453 1149 30 19 att
498 1147 147 28 utbildningen
661 1147 22 21 af
697 1146 99 28 frivillige
808 1146 35 21 vid

85 1180 119 27 Lifgardets
222 1181 56 27 3:dje
300 1181 69 21 finska
390 1181 229 28 skarpskyttebataljon
634 1181 70 21 skulle
720 1180 123 21 verkställas

84 1215 69 27 enligt
168 1215 26 21 de
208 1215 7 20 i
230 1215 149 28 Kejsardömet
394 1217 92 26 antagna
500 1215 100 28 grunder,
607 1215 40 22 och
655 1215 100 28 slutligen
763 1215 85 21 förord--

85 1249 66 21 nades
175 1249 39 21 den
237 1250 27 21 18
281 1250 41 27 juli
341 1252 30 19 att
392 1249 203 28 tjänstepersonalen
614 1249 34 21 vid
670 1249 70 22 finska
763 1249 80 21 kadett-

85 1283 65 21 kären
173 1283 68 22 skulle
265 1284 117 27 entledigas
406 1285 40 20 och
468 1284 123 21 kadetterna
612 1283 151 22 hemförlofvas
778 1283 67 28 enligt

85 1318 56 21 vissa
156 1317 67 22 tillika
238 1319 85 27 angifna
339 1319 99 27 grunder.

155 1351 93 22 Sälunda
264 1352 89 22 offrades
369 1353 34 21 för
417 1353 42 21 den
475 1353 94 21 rädande
590 1352 107 28 regimens
714 1351 130 22 destruktiva

84 1385 127 22 tendenser.
221 1387 63 21 äfven
307 1387 36 21 det
362 1387 106 29 utmärkta
488 1386 103 27 läroverk,
607 1393 46 14 som
673 1386 69 21 under
756 1391 46 15 mer
817 1386 28 20 än

154 1431 142 19 Statsutskottels
309 1432 111 18 betänkande
431 1432 39 18 N:o
482 1432 17 18 4.
