1050 1625
50 261 119 19 Statsverkets

60 289 111 24 veservfond.

219 50 49 37 104
559 55 25 21 I

189 123 92 22 verkets
296 123 62 22 vård.
387 124 54 21 Med
459 124 90 29 hänsyn
569 124 38 22 till
623 125 72 28 några
709 124 116 29 viktigare
840 124 23 22 af
878 124 71 29 dessa,

189 165 96 14 numera
298 158 54 21 med
366 160 33 19 ett
414 160 143 26 gemensamt
576 166 71 14 namn
661 166 17 14 s.
692 159 22 21 k.
729 158 51 22 icke
795 158 154 29 budgeterade

189 191 90 29 fonder,
294 192 66 22 torde
373 192 51 22 skäl
433 192 123 22 förefinnas
567 194 34 20 att
610 193 43 21 här
663 193 75 21 säsom
747 193 86 28 tillägg
842 193 38 21 till
889 192 61 22 hvad

190 226 110 29 bifogade
314 226 88 23 tablåer
419 226 83 29 utvisa,
523 226 120 23 framhålla
661 228 73 28 några
749 227 201 29 omständigheter.

261 261 154 22 Statsverkets
432 261 24 22 år
472 261 55 22 1883
543 262 117 28 grundade
676 269 16 14 s.
707 262 21 21 k.
742 262 139 28 reserviond,
891 262 59 22 hvil-

190 296 47 21 ken
252 296 57 21 skall
319 295 144 30 uppbringas
472 296 38 21 till
525 296 28 22 10
564 296 107 29 miljoner
680 297 67 21 mark
761 296 44 22 och
814 296 69 22 hvars
893 303 57 22 upp-

190 330 53 29 gift,
267 331 75 21 säsom
360 331 79 28 kändt,
460 333 24 19 är
500 333 35 19 att
551 331 74 21 under
639 331 146 22 ekonomiskt
801 338 150 21 ogynsamma

189 365 62 21 tider
265 366 87 27 trygga
366 366 87 21 statens
468 365 120 22 finansiela
603 365 117 28 ställning,
731 365 42 21 har
782 364 52 22 frän
845 365 107 28 omkring

190 399 116 29 7,434,000
319 399 72 29 mark,
406 399 96 22 hvartill
517 399 131 22 densamma
661 399 104 29 uppgick
779 399 39 22 vid
832 400 120 28 utgången

190 433 24 22 af
229 434 24 21 &r
274 433 62 29 1898,
357 433 29 22 dä
403 434 37 21 till
455 433 129 23 Ständerna
599 436 77 19 senast
691 433 181 22 öfverlemnades
886 433 66 22 redo-

190 469 90 28 görelse
295 467 36 23 för
345 468 97 22 fondens
458 469 117 28 ställning,
592 469 66 28 stigit
672 469 39 21 till
721 469 106 28 omkring
836 468 116 29 8,200,000

189 503 68 21 mark
270 502 41 22 vid
324 503 121 28 utgången
460 502 23 22 af
498 503 24 21 är
533 503 61 22 1903.
613 503 84 21 Denna
707 503 88 28 ökning
805 503 41 20 har
856 502 96 22 tillförts

190 537 88 23 fonden
291 537 147 23 uteslutande
453 537 10 22 i
479 538 177 28 ränteinkomst;
676 537 168 29 öfverföringar
861 537 39 22 till
918 545 34 13 re-

191 571 139 23 servfonden
343 572 53 22 från
411 572 70 22 andra
497 572 133 22 statsmedel
644 572 70 22 hafva
723 572 74 22 under
805 572 101 22 nämnda
916 572 36 22 års

190 606 92 29 förlopp
305 607 52 21 icke
380 609 40 26 egt
441 614 56 14 rum.
527 607 79 28 Nägra
625 606 234 28 anmärkningsvärda
876 606 77 22 förän-

191 640 96 29 dringar
301 641 8 21 i
324 641 149 28 placeringen
489 641 25 21 af
525 641 98 22 fondens
633 641 127 29 tillgängar
770 640 69 22 hafva
850 640 19 29 ej
881 640 71 22 heller

188 676 76 28 under
287 675 75 22 denna
383 675 36 22 tid
437 675 152 22 förekommit.
619 676 13 21 I
649 675 236 22 öfverensstämmelse
900 674 53 22 med

190 709 99 22 fondens
303 710 108 21 karaktär
427 710 43 22 och
485 710 111 28 ändamål,
612 707 80 25 hvilka
706 709 81 22 kräfva
801 711 34 19 att
846 709 51 21 dess
907 716 46 14 me-

192 744 38 22 del
253 744 64 22 skola
339 752 56 15 vara
419 746 98 20 omsatta
535 745 10 21 i
559 744 55 22 fullt
633 745 67 21 säkra
716 744 42 21 och
773 746 42 19 när
830 751 49 14 som
893 744 60 21 helst

191 779 46 21 lätt
251 779 148 22 realiserbara
417 779 164 28 värdepapper,
600 779 42 21 har
660 778 97 22 fondens
776 778 89 28 kapital
881 778 73 21 under

189 813 56 22 hela
259 813 65 22 tiden
338 813 61 22 varit
413 813 118 28 placeradt
544 813 10 22 i
568 813 135 22 Preussiska
718 813 49 27 31/,
782 813 43 21 och
838 813 46 27 39/,
895 813 59 20 samt

189 847 121 29 Engelska
332 848 50 27 283/,
402 849 102 27 (numera
522 848 57 28 21/5)
595 849 27 26 9/,
645 848 90 21 consols
751 849 59 20 samt
824 847 37 21 till
875 847 79 28 någon

191 882 40 21 del
246 882 68 22 äfven
328 882 35 21 uti
380 882 77 29 Tyska
473 877 72 27 rikets
561 883 49 26 39/,
626 882 159 28 obligationer.

261 917 47 22 Vid
322 917 120 28 utgången
458 916 23 22 af
496 917 25 21 år
536 916 56 22 1903
607 923 55 15 voro
676 915 174 23 reservfondens
861 915 93 28 tillgän-

192 959 43 21 gar
249 951 120 29 placerade
383 953 31 27 på
429 951 101 29 följande
545 953 56 20 sätt:

191 1015 137 22 Preussiska
347 1015 50 28 31/,
413 1015 27 28 %
461 1015 87 56 sol
576 1014 67 22 Rmk.

251 1049 121 29 2,841,500:
389 1063 26 2 —
672 1049 65 21 Fmk.
769 1043 10 38 =
791 1047 121 30 3,424,001:
926 1047 29 22 06

192 1084 44 22 D:o
252 1084 13 22 3
281 1084 33 28 9/,,
330 1084 67 22 Rmk.
401 1066 40 74 2
443 1067 62 44 000:
508 1096 27 3 —
573 1100 73 4 sms
698 1093 11 9 >
827 1082 84 28 7,313:
927 1081 28 23 31

193 1118 78 29 Tyska
299 1118 72 22 rikets
401 1119 10 21 3
429 1119 19 27 %
485 1118 159 28 obligationer,

251 1153 68 21 Rmk.
334 1152 121 30 2,028,000:
473 1166 25 2 -—
704 1161 9 10 »
792 1150 121 30 2,215,655:
928 1150 27 22 91

193 1187 118 29 Engelska
319 1188 14 20 2
340 1170 27 46 Vi
376 1188 28 28 "Ja
413 1170 99 46 oonsola,
518 1187 26 21 P:
542 1166 108 54 sterling

283 1222 54 29 ,000:
354 1235 26 2 —
700 1230 10 10 »
793 1219 120 29 2,516,298:
926 1219 31 22 38

194 1235 107 53 Kontant
314 1257 43 21 hos
367 1235 151 52 banikirhuset
527 1238 120 40 Pinsötion

254 1290 39 22 der
325 1289 279 24 Disconto-Ctesellschaft
637 1290 10 21 i

253 1325 80 22 Berlin
369 1343 4 4 .
404 1342 38 5 ...
507 1342 4 4 ;
611 1341 39 4 se
704 1333 9 10 25
829 1323 84 27 17,627:
928 1322 29 21 43

670 1364 94 21 Summa
792 1363 122 29 8,200,896:
928 1363 29 21 09
