<?xml version="1.0" encoding="UTF-8"?>
<alto xmlns="http://www.loc.gov/standards/alto/ns-v3#" xmlns:xlink="http://www.w3.org/1999/xlink" xmlns:xsi="http://www.w3.org/2001/XMLSchema-instance" xsi:schemaLocation="http://www.loc.gov/standards/alto/ns-v3# http://www.loc.gov/alto/v3/alto-3-0.xsd">
	<Description>
		<MeasurementUnit>pixel</MeasurementUnit>
		<sourceImageInformation>
			<fileName>/tmp/tess_ud8uiepz_input.PNG</fileName>
		</sourceImageInformation>
		<OCRProcessing ID="OCR_0">
			<ocrProcessingStep>
				<processingSoftware>
					<softwareName>tesseract 5.3.4</softwareName>
				</processingSoftware>
			</ocrProcessingStep>
		</OCRProcessing>
	</Description>
	<Layout>
		<Page WIDTH="1028" HEIGHT="1617" PHYSICAL_IMG_NR="0" ID="page_0">
			<PrintSpace HPOS="0" VPOS="0" WIDTH="1028" HEIGHT="1617">
				<ComposedBlock ID="cblock_0" HPOS="180" VPOS="59" WIDTH="462" HEIGHT="35">
					<TextBlock ID="block_0" HPOS="180" VPOS="59" WIDTH="462" HEIGHT="35">
						<TextLine ID="line_0" HPOS="180" VPOS="59" WIDTH="462" HEIGHT="35">
							<String ID="string_0" HPOS="180" VPOS="59" WIDTH="29" HEIGHT="35" WC="0.88" CONTENT="52"/><SP WIDTH="274" VPOS="59" HPOS="209"/>
							<String ID="string_1" HPOS="483" VPOS="60" WIDTH="29" HEIGHT="22" WC="0.76" CONTENT="U."/><SP WIDTH="15" VPOS="60" HPOS="512"/>
							<String ID="string_2" HPOS="527" VPOS="60" WIDTH="28" HEIGHT="22" WC="0.82" CONTENT="B."/><SP WIDTH="17" VPOS="60" HPOS="555"/>
							<String ID="string_3" HPOS="572" VPOS="72" WIDTH="28" HEIGHT="3" WC="0.83" CONTENT="—"/><SP WIDTH="14" VPOS="72" HPOS="600"/>
							<String ID="string_4" HPOS="614" VPOS="60" WIDTH="28" HEIGHT="22" WC="0.80" CONTENT="I."/>
						</TextLine>
					</TextBlock>
				</ComposedBlock>
				<ComposedBlock ID="cblock_1" HPOS="176" VPOS="127" WIDTH="783" HEIGHT="1264">
					<TextBlock ID="block_1" HPOS="176" VPOS="127" WIDTH="783" HEIGHT="304">
						<TextLine ID="line_1" HPOS="180" VPOS="127" WIDTH="779" HEIGHT="31">
							<String ID="string_5" HPOS="180" VPOS="127" WIDTH="42" HEIGHT="21" WC="0.89" CONTENT="del."/><SP WIDTH="30" VPOS="127" HPOS="222"/>
							<String ID="string_6" HPOS="252" VPOS="127" WIDTH="103" HEIGHT="23" WC="0.95" CONTENT="Däremot"/><SP WIDTH="21" VPOS="127" HPOS="355"/>
							<String ID="string_7" HPOS="376" VPOS="128" WIDTH="71" HEIGHT="22" WC="0.95" CONTENT="blefvo"/><SP WIDTH="16" VPOS="128" HPOS="447"/>
							<String ID="string_8" HPOS="463" VPOS="128" WIDTH="26" HEIGHT="22" WC="0.96" CONTENT="de"/><SP WIDTH="16" VPOS="128" HPOS="489"/>
							<String ID="string_9" HPOS="505" VPOS="128" WIDTH="111" HEIGHT="22" WC="0.96" CONTENT="officerare"/><SP WIDTH="16" VPOS="128" HPOS="616"/>
							<String ID="string_10" HPOS="632" VPOS="129" WIDTH="40" HEIGHT="21" WC="0.96" CONTENT="och"/><SP WIDTH="16" VPOS="129" HPOS="672"/>
							<String ID="string_11" HPOS="688" VPOS="129" WIDTH="63" HEIGHT="21" WC="0.93" CONTENT="civile"/><SP WIDTH="15" VPOS="129" HPOS="751"/>
							<String ID="string_12" HPOS="766" VPOS="130" WIDTH="127" HEIGHT="27" WC="0.96" CONTENT="tjänstemän"/><SP WIDTH="16" VPOS="130" HPOS="893"/>
							<String ID="string_13" HPOS="909" VPOS="130" WIDTH="50" HEIGHT="28" WC="0.65" CONTENT="vid"/>
						</TextLine>
						<TextLine ID="line_2" HPOS="180" VPOS="162" WIDTH="766" HEIGHT="28">
							<String ID="string_14" HPOS="180" VPOS="162" WIDTH="67" HEIGHT="28" WC="0.96" CONTENT="sagda"/><SP WIDTH="20" VPOS="162" HPOS="247"/>
							<String ID="string_15" HPOS="267" VPOS="162" WIDTH="209" HEIGHT="28" WC="0.96" CONTENT="dragonregemente,"/><SP WIDTH="16" VPOS="162" HPOS="476"/>
							<String ID="string_16" HPOS="492" VPOS="169" WIDTH="47" HEIGHT="15" WC="0.96" CONTENT="som"/><SP WIDTH="16" VPOS="169" HPOS="539"/>
							<String ID="string_17" HPOS="555" VPOS="162" WIDTH="36" HEIGHT="22" WC="0.96" CONTENT="vid"/><SP WIDTH="15" VPOS="162" HPOS="591"/>
							<String ID="string_18" HPOS="606" VPOS="163" WIDTH="59" HEIGHT="21" WC="0.96" CONTENT="tiden"/><SP WIDTH="15" VPOS="163" HPOS="665"/>
							<String ID="string_19" HPOS="680" VPOS="163" WIDTH="34" HEIGHT="21" WC="0.96" CONTENT="för"/><SP WIDTH="15" VPOS="163" HPOS="714"/>
							<String ID="string_20" HPOS="729" VPOS="164" WIDTH="42" HEIGHT="21" WC="0.96" CONTENT="den"/><SP WIDTH="15" VPOS="164" HPOS="771"/>
							<String ID="string_21" HPOS="786" VPOS="164" WIDTH="92" HEIGHT="22" WC="0.93" CONTENT="bekanta"/><SP WIDTH="14" VPOS="164" HPOS="878"/>
							<String ID="string_22" HPOS="892" VPOS="165" WIDTH="54" HEIGHT="21" WC="0.91" CONTENT="kon-"/>
						</TextLine>
						<TextLine ID="line_3" HPOS="180" VPOS="196" WIDTH="764" HEIGHT="29">
							<String ID="string_23" HPOS="180" VPOS="196" WIDTH="76" HEIGHT="21" WC="0.89" CONTENT="flikten"/><SP WIDTH="10" VPOS="196" HPOS="256"/>
							<String ID="string_24" HPOS="266" VPOS="197" WIDTH="50" HEIGHT="20" WC="0.96" CONTENT="med"/><SP WIDTH="15" VPOS="197" HPOS="316"/>
							<String ID="string_25" HPOS="331" VPOS="197" WIDTH="83" HEIGHT="22" WC="0.96" CONTENT="landets"/><SP WIDTH="17" VPOS="197" HPOS="414"/>
							<String ID="string_26" HPOS="431" VPOS="197" WIDTH="120" HEIGHT="21" WC="0.95" CONTENT="dåvarande"/><SP WIDTH="16" VPOS="197" HPOS="551"/>
							<String ID="string_27" HPOS="567" VPOS="197" WIDTH="201" HEIGHT="28" WC="0.94" CONTENT="generalguvernör,"/><SP WIDTH="11" VPOS="197" HPOS="768"/>
							<String ID="string_28" HPOS="779" VPOS="198" WIDTH="87" HEIGHT="21" WC="0.96" CONTENT="hvilken"/><SP WIDTH="15" VPOS="198" HPOS="866"/>
							<String ID="string_29" HPOS="881" VPOS="199" WIDTH="63" HEIGHT="21" WC="0.96" CONTENT="ledde"/>
						</TextLine>
						<TextLine ID="line_4" HPOS="181" VPOS="230" WIDTH="764" HEIGHT="30">
							<String ID="string_30" HPOS="181" VPOS="230" WIDTH="34" HEIGHT="22" WC="0.96" CONTENT="till"/><SP WIDTH="10" VPOS="230" HPOS="215"/>
							<String ID="string_31" HPOS="225" VPOS="232" WIDTH="142" HEIGHT="25" WC="0.96" CONTENT="regementets"/><SP WIDTH="16" VPOS="232" HPOS="367"/>
							<String ID="string_32" HPOS="383" VPOS="231" WIDTH="134" HEIGHT="28" WC="0.96" CONTENT="upplösning,"/><SP WIDTH="17" VPOS="231" HPOS="517"/>
							<String ID="string_33" HPOS="534" VPOS="238" WIDTH="51" HEIGHT="14" WC="0.95" CONTENT="voro"/><SP WIDTH="10" VPOS="238" HPOS="585"/>
							<String ID="string_34" HPOS="595" VPOS="231" WIDTH="8" HEIGHT="21" WC="0.95" CONTENT="i"/><SP WIDTH="9" VPOS="231" HPOS="603"/>
							<String ID="string_35" HPOS="612" VPOS="232" WIDTH="145" HEIGHT="27" WC="0.95" CONTENT="tjänstgöring"/><SP WIDTH="12" VPOS="232" HPOS="757"/>
							<String ID="string_36" HPOS="769" VPOS="232" WIDTH="34" HEIGHT="21" WC="0.96" CONTENT="vid"/><SP WIDTH="11" VPOS="232" HPOS="803"/>
							<String ID="string_37" HPOS="814" VPOS="234" WIDTH="131" HEIGHT="26" WC="0.96" CONTENT="regementet"/>
						</TextLine>
						<TextLine ID="line_5" HPOS="176" VPOS="265" WIDTH="768" HEIGHT="28">
							<String ID="string_38" HPOS="176" VPOS="265" WIDTH="45" HEIGHT="21" WC="0.76" CONTENT="och"/><SP WIDTH="16" VPOS="265" HPOS="221"/>
							<String ID="string_39" HPOS="237" VPOS="265" WIDTH="72" HEIGHT="21" WC="0.96" CONTENT="hvilka"/><SP WIDTH="14" VPOS="265" HPOS="309"/>
							<String ID="string_40" HPOS="323" VPOS="266" WIDTH="8" HEIGHT="20" WC="0.96" CONTENT="i"/><SP WIDTH="15" VPOS="266" HPOS="331"/>
							<String ID="string_41" HPOS="346" VPOS="266" WIDTH="117" HEIGHT="27" WC="0.93" CONTENT="anledning"/><SP WIDTH="15" VPOS="266" HPOS="463"/>
							<String ID="string_42" HPOS="478" VPOS="266" WIDTH="60" HEIGHT="21" WC="0.95" CONTENT="däraf"/><SP WIDTH="17" VPOS="266" HPOS="538"/>
							<String ID="string_43" HPOS="555" VPOS="266" WIDTH="97" HEIGHT="27" WC="0.93" CONTENT="samtliga"/><SP WIDTH="16" VPOS="266" HPOS="652"/>
							<String ID="string_44" HPOS="668" VPOS="266" WIDTH="104" HEIGHT="21" WC="0.92" CONTENT="inlemnat"/><SP WIDTH="11" VPOS="266" HPOS="772"/>
							<String ID="string_45" HPOS="783" VPOS="267" WIDTH="161" HEIGHT="21" WC="0.92" CONTENT="afskedsansök-"/>
						</TextLine>
						<TextLine ID="line_6" HPOS="178" VPOS="299" WIDTH="765" HEIGHT="29">
							<String ID="string_46" HPOS="178" VPOS="299" WIDTH="85" HEIGHT="29" WC="0.79" CONTENT="ningar,"/><SP WIDTH="16" VPOS="299" HPOS="263"/>
							<String ID="string_47" HPOS="279" VPOS="302" WIDTH="50" HEIGHT="19" WC="0.96" CONTENT="utan"/><SP WIDTH="18" VPOS="302" HPOS="329"/>
							<String ID="string_48" HPOS="347" VPOS="302" WIDTH="30" HEIGHT="19" WC="0.92" CONTENT="att"/><SP WIDTH="14" VPOS="302" HPOS="377"/>
							<String ID="string_49" HPOS="391" VPOS="300" WIDTH="13" HEIGHT="21" WC="0.91" CONTENT="å"/><SP WIDTH="14" VPOS="300" HPOS="404"/>
							<String ID="string_50" HPOS="418" VPOS="301" WIDTH="60" HEIGHT="21" WC="0.96" CONTENT="dessa"/><SP WIDTH="17" VPOS="301" HPOS="478"/>
							<String ID="string_51" HPOS="495" VPOS="300" WIDTH="143" HEIGHT="28" WC="0.93" CONTENT="ansökningar"/><SP WIDTH="15" VPOS="300" HPOS="638"/>
							<String ID="string_52" HPOS="653" VPOS="300" WIDTH="66" HEIGHT="27" WC="0.96" CONTENT="något"/><SP WIDTH="15" VPOS="300" HPOS="719"/>
							<String ID="string_53" HPOS="734" VPOS="301" WIDTH="100" HEIGHT="21" WC="0.93" CONTENT="afseende"/><SP WIDTH="10" VPOS="301" HPOS="834"/>
							<String ID="string_54" HPOS="844" VPOS="301" WIDTH="99" HEIGHT="26" WC="0.92" CONTENT="fästades,"/>
						</TextLine>
						<TextLine ID="line_7" HPOS="180" VPOS="334" WIDTH="764" HEIGHT="28">
							<String ID="string_55" HPOS="180" VPOS="340" WIDTH="80" HEIGHT="21" WC="0.96" CONTENT="genom"/><SP WIDTH="15" VPOS="340" HPOS="260"/>
							<String ID="string_56" HPOS="275" VPOS="335" WIDTH="104" HEIGHT="21" WC="0.95" CONTENT="särskilda"/><SP WIDTH="16" VPOS="335" HPOS="379"/>
							<String ID="string_57" HPOS="395" VPOS="335" WIDTH="112" HEIGHT="27" WC="0.93" CONTENT="kejserliga"/><SP WIDTH="16" VPOS="335" HPOS="507"/>
							<String ID="string_58" HPOS="523" VPOS="334" WIDTH="99" HEIGHT="27" WC="0.92" CONTENT="dagbefäl"/><SP WIDTH="15" VPOS="334" HPOS="622"/>
							<String ID="string_59" HPOS="637" VPOS="335" WIDTH="121" HEIGHT="20" WC="0.92" CONTENT="öfverförda"/><SP WIDTH="14" VPOS="335" HPOS="758"/>
							<String ID="string_60" HPOS="772" VPOS="335" WIDTH="27" HEIGHT="27" WC="0.93" CONTENT="pä"/><SP WIDTH="16" VPOS="335" HPOS="799"/>
							<String ID="string_61" HPOS="815" VPOS="335" WIDTH="129" HEIGHT="21" WC="0.91" CONTENT="armökaval-"/>
						</TextLine>
						<TextLine ID="line_8" HPOS="180" VPOS="368" WIDTH="764" HEIGHT="40">
							<String ID="string_62" HPOS="180" VPOS="368" WIDTH="73" HEIGHT="21" WC="0.93" CONTENT="leriets"/><SP WIDTH="21" VPOS="368" HPOS="253"/>
							<String ID="string_63" HPOS="274" VPOS="375" WIDTH="77" HEIGHT="20" WC="0.96" CONTENT="reserv,"/><SP WIDTH="19" VPOS="375" HPOS="351"/>
							<String ID="string_64" HPOS="370" VPOS="369" WIDTH="139" HEIGHT="27" WC="0.94" CONTENT="hvarigenom"/><SP WIDTH="13" VPOS="369" HPOS="509"/>
							<String ID="string_65" HPOS="522" VPOS="369" WIDTH="49" HEIGHT="20" WC="0.92" CONTENT="dem"/><SP WIDTH="17" VPOS="369" HPOS="571"/>
							<String ID="string_66" HPOS="588" VPOS="369" WIDTH="126" HEIGHT="21" WC="0.91" CONTENT="beröfvades"/><SP WIDTH="15" VPOS="369" HPOS="714"/>
							<String ID="string_67" HPOS="729" VPOS="369" WIDTH="111" HEIGHT="39" WC="0.96" CONTENT="förmånen"/><SP WIDTH="16" VPOS="369" HPOS="840"/>
							<String ID="string_68" HPOS="856" VPOS="369" WIDTH="21" HEIGHT="21" WC="0.92" CONTENT="af"/><SP WIDTH="14" VPOS="369" HPOS="877"/>
							<String ID="string_69" HPOS="891" VPOS="376" WIDTH="53" HEIGHT="21" WC="0.91" CONTENT="upp-"/>
						</TextLine>
						<TextLine ID="line_9" HPOS="179" VPOS="403" WIDTH="405" HEIGHT="28">
							<String ID="string_70" HPOS="179" VPOS="403" WIDTH="91" HEIGHT="21" WC="0.96" CONTENT="förande"/><SP WIDTH="15" VPOS="403" HPOS="270"/>
							<String ID="string_71" HPOS="285" VPOS="403" WIDTH="26" HEIGHT="28" WC="0.96" CONTENT="på"/><SP WIDTH="14" VPOS="403" HPOS="311"/>
							<String ID="string_72" HPOS="325" VPOS="403" WIDTH="56" HEIGHT="21" WC="0.91" CONTENT="finsk"/><SP WIDTH="16" VPOS="403" HPOS="381"/>
							<String ID="string_73" HPOS="397" VPOS="403" WIDTH="187" HEIGHT="28" WC="0.91" CONTENT="indragningsstat."/>
						</TextLine>
					</TextBlock>
					<TextBlock ID="block_2" HPOS="176" VPOS="437" WIDTH="770" HEIGHT="96">
						<TextLine ID="line_10" HPOS="250" VPOS="437" WIDTH="694" HEIGHT="30">
							<String ID="string_74" HPOS="250" VPOS="437" WIDTH="48" HEIGHT="21" WC="0.96" CONTENT="Den"/><SP WIDTH="17" VPOS="437" HPOS="298"/>
							<String ID="string_75" HPOS="315" VPOS="438" WIDTH="27" HEIGHT="21" WC="0.95" CONTENT="14"/><SP WIDTH="15" VPOS="438" HPOS="342"/>
							<String ID="string_76" HPOS="357" VPOS="438" WIDTH="84" HEIGHT="27" WC="0.95" CONTENT="augusti"/><SP WIDTH="17" VPOS="438" HPOS="441"/>
							<String ID="string_77" HPOS="458" VPOS="437" WIDTH="55" HEIGHT="22" WC="0.96" CONTENT="1902"/><SP WIDTH="16" VPOS="437" HPOS="513"/>
							<String ID="string_78" HPOS="529" VPOS="437" WIDTH="139" HEIGHT="21" WC="0.96" CONTENT="förordnades"/><SP WIDTH="21" VPOS="437" HPOS="668"/>
							<String ID="string_79" HPOS="689" VPOS="439" WIDTH="30" HEIGHT="19" WC="0.96" CONTENT="att"/><SP WIDTH="18" VPOS="439" HPOS="719"/>
							<String ID="string_80" HPOS="737" VPOS="437" WIDTH="22" HEIGHT="21" WC="0.95" CONTENT="åt"/><SP WIDTH="16" VPOS="437" HPOS="759"/>
							<String ID="string_81" HPOS="775" VPOS="438" WIDTH="64" HEIGHT="27" WC="0.92" CONTENT="ryska"/><SP WIDTH="17" VPOS="438" HPOS="839"/>
							<String ID="string_82" HPOS="856" VPOS="437" WIDTH="88" HEIGHT="30" WC="0.92" CONTENT="militär-"/>
						</TextLine>
						<TextLine ID="line_11" HPOS="178" VPOS="467" WIDTH="768" HEIGHT="32">
							<String ID="string_83" HPOS="178" VPOS="471" WIDTH="106" HEIGHT="22" WC="0.94" CONTENT="väsendet"/><SP WIDTH="22" VPOS="471" HPOS="284"/>
							<String ID="string_84" HPOS="306" VPOS="472" WIDTH="69" HEIGHT="21" WC="0.95" CONTENT="skulle"/><SP WIDTH="23" VPOS="472" HPOS="375"/>
							<String ID="string_85" HPOS="398" VPOS="472" WIDTH="31" HEIGHT="21" WC="0.93" CONTENT="till"/><SP WIDTH="15" VPOS="472" HPOS="429"/>
							<String ID="string_86" HPOS="444" VPOS="471" WIDTH="140" HEIGHT="28" WC="0.91" CONTENT="begagnande"/><SP WIDTH="15" VPOS="471" HPOS="584"/>
							<String ID="string_87" HPOS="599" VPOS="471" WIDTH="97" HEIGHT="28" WC="0.96" CONTENT="upplåtas"/><SP WIDTH="17" VPOS="471" HPOS="696"/>
							<String ID="string_88" HPOS="713" VPOS="471" WIDTH="26" HEIGHT="22" WC="0.96" CONTENT="de"/><SP WIDTH="14" VPOS="471" HPOS="739"/>
							<String ID="string_89" HPOS="753" VPOS="471" WIDTH="107" HEIGHT="28" WC="0.96" CONTENT="indragna"/><SP WIDTH="14" VPOS="471" HPOS="860"/>
							<String ID="string_90" HPOS="874" VPOS="467" WIDTH="72" HEIGHT="26" WC="0.96" CONTENT="finska"/>
						</TextLine>
						<TextLine ID="line_12" HPOS="176" VPOS="505" WIDTH="587" HEIGHT="28">
							<String ID="string_91" HPOS="176" VPOS="507" WIDTH="131" HEIGHT="26" WC="0.91" CONTENT="truppernas"/><SP WIDTH="16" VPOS="507" HPOS="307"/>
							<String ID="string_92" HPOS="323" VPOS="506" WIDTH="106" HEIGHT="27" WC="0.96" CONTENT="kaserner,"/><SP WIDTH="16" VPOS="506" HPOS="429"/>
							<String ID="string_93" HPOS="445" VPOS="505" WIDTH="88" HEIGHT="22" WC="0.95" CONTENT="hvarvid"/><SP WIDTH="16" VPOS="505" HPOS="533"/>
							<String ID="string_94" HPOS="549" VPOS="505" WIDTH="73" HEIGHT="22" WC="0.93" CONTENT="vidare"/><SP WIDTH="14" VPOS="505" HPOS="622"/>
							<String ID="string_95" HPOS="636" VPOS="505" WIDTH="127" HEIGHT="22" WC="0.92" CONTENT="föreskrefs:"/>
						</TextLine>
					</TextBlock>
					<TextBlock ID="block_3" HPOS="177" VPOS="539" WIDTH="766" HEIGHT="268">
						<TextLine ID="line_13" HPOS="252" VPOS="539" WIDTH="691" HEIGHT="28">
							<String ID="string_96" HPOS="252" VPOS="539" WIDTH="19" HEIGHT="28" WC="0.95" CONTENT="1)"/><SP WIDTH="16" VPOS="539" HPOS="271"/>
							<String ID="string_97" HPOS="287" VPOS="541" WIDTH="30" HEIGHT="20" WC="0.96" CONTENT="att"/><SP WIDTH="22" VPOS="541" HPOS="317"/>
							<String ID="string_98" HPOS="339" VPOS="540" WIDTH="26" HEIGHT="21" WC="0.96" CONTENT="de"/><SP WIDTH="24" VPOS="540" HPOS="365"/>
							<String ID="string_99" HPOS="389" VPOS="540" WIDTH="42" HEIGHT="21" WC="0.96" CONTENT="åtta"/><SP WIDTH="20" VPOS="540" HPOS="431"/>
							<String ID="string_100" HPOS="451" VPOS="539" WIDTH="70" HEIGHT="22" WC="0.92" CONTENT="finska"/><SP WIDTH="16" VPOS="539" HPOS="521"/>
							<String ID="string_101" HPOS="537" VPOS="540" WIDTH="350" HEIGHT="27" WC="0.91" CONTENT="arméskarpskyttebataljonernas"/><SP WIDTH="16" VPOS="540" HPOS="887"/>
							<String ID="string_102" HPOS="903" VPOS="540" WIDTH="40" HEIGHT="21" WC="0.96" CONTENT="och"/>
						</TextLine>
						<TextLine ID="line_14" HPOS="177" VPOS="573" WIDTH="765" HEIGHT="29">
							<String ID="string_103" HPOS="177" VPOS="573" WIDTH="83" HEIGHT="22" WC="0.89" CONTENT="Finska"/><SP WIDTH="23" VPOS="573" HPOS="260"/>
							<String ID="string_104" HPOS="283" VPOS="574" WIDTH="224" HEIGHT="28" WC="0.89" CONTENT="dragonregementets"/><SP WIDTH="21" VPOS="574" HPOS="507"/>
							<String ID="string_105" HPOS="528" VPOS="574" WIDTH="100" HEIGHT="21" WC="0.96" CONTENT="kaserner"/><SP WIDTH="22" VPOS="574" HPOS="628"/>
							<String ID="string_106" HPOS="650" VPOS="575" WIDTH="57" HEIGHT="20" WC="0.95" CONTENT="samt"/><SP WIDTH="22" VPOS="575" HPOS="707"/>
							<String ID="string_107" HPOS="729" VPOS="574" WIDTH="26" HEIGHT="21" WC="0.96" CONTENT="de"/><SP WIDTH="23" VPOS="574" HPOS="755"/>
							<String ID="string_108" HPOS="778" VPOS="574" WIDTH="69" HEIGHT="21" WC="0.93" CONTENT="finska"/><SP WIDTH="14" VPOS="574" HPOS="847"/>
							<String ID="string_109" HPOS="861" VPOS="581" WIDTH="81" HEIGHT="14" WC="0.92" CONTENT="reserv-"/>
						</TextLine>
						<TextLine ID="line_15" HPOS="180" VPOS="607" WIDTH="762" HEIGHT="29">
							<String ID="string_110" HPOS="180" VPOS="608" WIDTH="136" HEIGHT="28" WC="0.90" CONTENT="kompaniers"/><SP WIDTH="15" VPOS="608" HPOS="316"/>
							<String ID="string_111" HPOS="331" VPOS="608" WIDTH="129" HEIGHT="28" WC="0.96" CONTENT="byggnader,"/><SP WIDTH="16" VPOS="608" HPOS="460"/>
							<String ID="string_112" HPOS="476" VPOS="614" WIDTH="46" HEIGHT="15" WC="0.96" CONTENT="som"/><SP WIDTH="17" VPOS="614" HPOS="522"/>
							<String ID="string_113" HPOS="539" VPOS="614" WIDTH="49" HEIGHT="14" WC="0.95" CONTENT="vore"/><SP WIDTH="11" VPOS="614" HPOS="588"/>
							<String ID="string_114" HPOS="599" VPOS="608" WIDTH="78" HEIGHT="27" WC="0.96" CONTENT="nödiga"/><SP WIDTH="10" VPOS="608" HPOS="677"/>
							<String ID="string_115" HPOS="687" VPOS="607" WIDTH="35" HEIGHT="22" WC="0.96" CONTENT="för"/><SP WIDTH="11" VPOS="607" HPOS="722"/>
							<String ID="string_116" HPOS="733" VPOS="608" WIDTH="91" HEIGHT="22" WC="0.96" CONTENT="militära"/><SP WIDTH="13" VPOS="608" HPOS="824"/>
							<String ID="string_117" HPOS="837" VPOS="608" WIDTH="105" HEIGHT="28" WC="0.96" CONTENT="ändamål,"/>
						</TextLine>
						<TextLine ID="line_16" HPOS="180" VPOS="642" WIDTH="763" HEIGHT="28">
							<String ID="string_118" HPOS="180" VPOS="642" WIDTH="49" HEIGHT="21" WC="0.96" CONTENT="med"/><SP WIDTH="26" VPOS="642" HPOS="229"/>
							<String ID="string_119" HPOS="255" VPOS="642" WIDTH="125" HEIGHT="28" WC="0.92" CONTENT="fullständig"/><SP WIDTH="19" VPOS="642" HPOS="380"/>
							<String ID="string_120" HPOS="399" VPOS="642" WIDTH="114" HEIGHT="28" WC="0.95" CONTENT="inredning"/><SP WIDTH="16" VPOS="642" HPOS="513"/>
							<String ID="string_121" HPOS="529" VPOS="642" WIDTH="39" HEIGHT="21" WC="0.96" CONTENT="och"/><SP WIDTH="16" VPOS="642" HPOS="568"/>
							<String ID="string_122" HPOS="584" VPOS="642" WIDTH="32" HEIGHT="21" WC="0.96" CONTENT="till"/><SP WIDTH="15" VPOS="642" HPOS="616"/>
							<String ID="string_123" HPOS="631" VPOS="642" WIDTH="49" HEIGHT="20" WC="0.96" CONTENT="dem"/><SP WIDTH="15" VPOS="642" HPOS="680"/>
							<String ID="string_124" HPOS="695" VPOS="642" WIDTH="94" HEIGHT="21" WC="0.93" CONTENT="hörande"/><SP WIDTH="17" VPOS="642" HPOS="789"/>
							<String ID="string_125" HPOS="806" VPOS="642" WIDTH="137" HEIGHT="28" WC="0.89" CONTENT="exercisplat-"/>
						</TextLine>
						<TextLine ID="line_17" HPOS="178" VPOS="676" WIDTH="764" HEIGHT="29">
							<String ID="string_126" HPOS="178" VPOS="682" WIDTH="37" HEIGHT="16" WC="0.96" CONTENT="ser"/><SP WIDTH="15" VPOS="682" HPOS="215"/>
							<String ID="string_127" HPOS="230" VPOS="677" WIDTH="75" HEIGHT="28" WC="0.93" CONTENT="skulle,"/><SP WIDTH="21" VPOS="677" HPOS="305"/>
							<String ID="string_128" HPOS="326" VPOS="678" WIDTH="65" HEIGHT="26" WC="0.92" CONTENT="jomte"/><SP WIDTH="23" VPOS="678" HPOS="391"/>
							<String ID="string_129" HPOS="414" VPOS="677" WIDTH="36" HEIGHT="21" WC="0.96" CONTENT="det"/><SP WIDTH="15" VPOS="677" HPOS="450"/>
							<String ID="string_130" HPOS="465" VPOS="677" WIDTH="26" HEIGHT="21" WC="0.93" CONTENT="de"/><SP WIDTH="16" VPOS="677" HPOS="491"/>
							<String ID="string_131" HPOS="507" VPOS="676" WIDTH="112" HEIGHT="22" WC="0.92" CONTENT="kvarstode"/><SP WIDTH="15" VPOS="676" HPOS="619"/>
							<String ID="string_132" HPOS="634" VPOS="676" WIDTH="71" HEIGHT="21" WC="0.96" CONTENT="såsom"/><SP WIDTH="15" VPOS="676" HPOS="705"/>
							<String ID="string_133" HPOS="720" VPOS="676" WIDTH="69" HEIGHT="21" WC="0.92" CONTENT="finska"/><SP WIDTH="16" VPOS="676" HPOS="789"/>
							<String ID="string_134" HPOS="805" VPOS="677" WIDTH="137" HEIGHT="21" WC="0.89" CONTENT="statsverkets"/>
						</TextLine>
						<TextLine ID="line_18" HPOS="179" VPOS="710" WIDTH="763" HEIGHT="29">
							<String ID="string_135" HPOS="179" VPOS="710" WIDTH="138" HEIGHT="29" WC="0.96" CONTENT="tillhörighet,"/><SP WIDTH="15" VPOS="710" HPOS="317"/>
							<String ID="string_136" HPOS="332" VPOS="714" WIDTH="51" HEIGHT="19" WC="0.96" CONTENT="utan"/><SP WIDTH="24" VPOS="714" HPOS="383"/>
							<String ID="string_137" HPOS="407" VPOS="711" WIDTH="117" HEIGHT="27" WC="0.96" CONTENT="ersättning"/><SP WIDTH="22" VPOS="711" HPOS="524"/>
							<String ID="string_138" HPOS="546" VPOS="710" WIDTH="97" HEIGHT="28" WC="0.96" CONTENT="upplåtas"/><SP WIDTH="21" VPOS="710" HPOS="643"/>
							<String ID="string_139" HPOS="664" VPOS="710" WIDTH="32" HEIGHT="21" WC="0.96" CONTENT="till"/><SP WIDTH="20" VPOS="710" HPOS="696"/>
							<String ID="string_140" HPOS="716" VPOS="710" WIDTH="148" HEIGHT="28" WC="0.96" CONTENT="inkvartering"/><SP WIDTH="15" VPOS="710" HPOS="864"/>
							<String ID="string_141" HPOS="879" VPOS="711" WIDTH="21" HEIGHT="21" WC="0.95" CONTENT="åt"/><SP WIDTH="15" VPOS="711" HPOS="900"/>
							<String ID="string_142" HPOS="915" VPOS="711" WIDTH="27" HEIGHT="21" WC="0.95" CONTENT="de"/>
						</TextLine>
						<TextLine ID="line_19" HPOS="178" VPOS="744" WIDTH="763" HEIGHT="29">
							<String ID="string_143" HPOS="178" VPOS="745" WIDTH="61" HEIGHT="21" WC="0.92" CONTENT="inom"/><SP WIDTH="15" VPOS="745" HPOS="239"/>
							<String ID="string_144" HPOS="254" VPOS="746" WIDTH="186" HEIGHT="21" WC="0.90" CONTENT="militärdistriktet"/><SP WIDTH="22" VPOS="746" HPOS="440"/>
							<String ID="string_145" HPOS="462" VPOS="746" WIDTH="69" HEIGHT="21" WC="0.96" CONTENT="under"/><SP WIDTH="23" VPOS="746" HPOS="531"/>
							<String ID="string_146" HPOS="554" VPOS="744" WIDTH="123" HEIGHT="28" WC="0.95" CONTENT="utveckling"/><SP WIDTH="19" VPOS="744" HPOS="677"/>
							<String ID="string_147" HPOS="696" VPOS="744" WIDTH="93" HEIGHT="22" WC="0.96" CONTENT="varande"/><SP WIDTH="16" VPOS="744" HPOS="789"/>
							<String ID="string_148" HPOS="805" VPOS="745" WIDTH="63" HEIGHT="27" WC="0.93" CONTENT="ryska"/><SP WIDTH="15" VPOS="745" HPOS="868"/>
							<String ID="string_149" HPOS="883" VPOS="746" WIDTH="58" HEIGHT="27" WC="0.92" CONTENT="trup-"/>
						</TextLine>
						<TextLine ID="line_20" HPOS="178" VPOS="779" WIDTH="678" HEIGHT="28">
							<String ID="string_150" HPOS="178" VPOS="786" WIDTH="68" HEIGHT="20" WC="0.96" CONTENT="perna"/><SP WIDTH="15" VPOS="786" HPOS="246"/>
							<String ID="string_151" HPOS="261" VPOS="782" WIDTH="54" HEIGHT="19" WC="0.95" CONTENT="samt"/><SP WIDTH="14" VPOS="782" HPOS="315"/>
							<String ID="string_152" HPOS="329" VPOS="780" WIDTH="93" HEIGHT="21" WC="0.92" CONTENT="militära"/><SP WIDTH="15" VPOS="780" HPOS="422"/>
							<String ID="string_153" HPOS="437" VPOS="780" WIDTH="171" HEIGHT="27" WC="0.91" CONTENT="styrelseverken"/><SP WIDTH="16" VPOS="780" HPOS="608"/>
							<String ID="string_154" HPOS="624" VPOS="779" WIDTH="40" HEIGHT="21" WC="0.93" CONTENT="och"/><SP WIDTH="15" VPOS="779" HPOS="664"/>
							<String ID="string_155" HPOS="679" VPOS="779" WIDTH="177" HEIGHT="28" WC="0.92" CONTENT="inrättningarna;"/>
						</TextLine>
					</TextBlock>
					<TextBlock ID="block_4" HPOS="178" VPOS="813" WIDTH="763" HEIGHT="163">
						<TextLine ID="line_21" HPOS="250" VPOS="813" WIDTH="691" HEIGHT="29">
							<String ID="string_156" HPOS="250" VPOS="814" WIDTH="20" HEIGHT="27" WC="0.96" CONTENT="2)"/><SP WIDTH="17" VPOS="814" HPOS="270"/>
							<String ID="string_157" HPOS="287" VPOS="815" WIDTH="30" HEIGHT="20" WC="0.96" CONTENT="att"/><SP WIDTH="14" VPOS="815" HPOS="317"/>
							<String ID="string_158" HPOS="331" VPOS="814" WIDTH="19" HEIGHT="28" WC="0.96" CONTENT="ej"/><SP WIDTH="17" VPOS="814" HPOS="350"/>
							<String ID="string_159" HPOS="367" VPOS="814" WIDTH="82" HEIGHT="21" WC="0.96" CONTENT="mindre"/><SP WIDTH="16" VPOS="814" HPOS="449"/>
							<String ID="string_160" HPOS="465" VPOS="813" WIDTH="41" HEIGHT="21" WC="0.96" CONTENT="alla"/><SP WIDTH="15" VPOS="813" HPOS="506"/>
							<String ID="string_161" HPOS="521" VPOS="813" WIDTH="120" HEIGHT="27" WC="0.96" CONTENT="kostnader,"/><SP WIDTH="11" VPOS="813" HPOS="641"/>
							<String ID="string_162" HPOS="652" VPOS="813" WIDTH="125" HEIGHT="21" WC="0.94" CONTENT="föranledda"/><SP WIDTH="6" VPOS="813" HPOS="777"/>
							<String ID="string_163" HPOS="783" VPOS="813" WIDTH="22" HEIGHT="21" WC="0.94" CONTENT="af"/><SP WIDTH="10" VPOS="813" HPOS="805"/>
							<String ID="string_164" HPOS="815" VPOS="813" WIDTH="57" HEIGHT="21" WC="0.96" CONTENT="såväl"/><SP WIDTH="9" VPOS="813" HPOS="872"/>
							<String ID="string_165" HPOS="881" VPOS="813" WIDTH="60" HEIGHT="27" WC="0.96" CONTENT="dylik"/>
						</TextLine>
						<TextLine ID="line_22" HPOS="178" VPOS="848" WIDTH="762" HEIGHT="28">
							<String ID="string_166" HPOS="178" VPOS="848" WIDTH="153" HEIGHT="28" WC="0.94" CONTENT="inkvartering,"/><SP WIDTH="23" VPOS="848" HPOS="331"/>
							<String ID="string_167" HPOS="354" VPOS="855" WIDTH="46" HEIGHT="14" WC="0.95" CONTENT="som"/><SP WIDTH="23" VPOS="855" HPOS="400"/>
							<String ID="string_168" HPOS="423" VPOS="848" WIDTH="61" HEIGHT="21" WC="0.91" CONTENT="dessa"/><SP WIDTH="23" VPOS="848" HPOS="484"/>
							<String ID="string_169" HPOS="507" VPOS="848" WIDTH="110" HEIGHT="21" WC="0.89" CONTENT="kaserners"/><SP WIDTH="24" VPOS="848" HPOS="617"/>
							<String ID="string_170" HPOS="641" VPOS="848" WIDTH="99" HEIGHT="27" WC="0.92" CONTENT="behöriga"/><SP WIDTH="23" VPOS="848" HPOS="740"/>
							<String ID="string_171" HPOS="763" VPOS="848" WIDTH="177" HEIGHT="26" WC="0.90" CONTENT="iståndhållande,"/>
						</TextLine>
						<TextLine ID="line_23" HPOS="179" VPOS="882" WIDTH="761" HEIGHT="28">
							<String ID="string_172" HPOS="179" VPOS="884" WIDTH="85" HEIGHT="20" WC="0.92" CONTENT="remont"/><SP WIDTH="22" VPOS="884" HPOS="264"/>
							<String ID="string_173" HPOS="286" VPOS="883" WIDTH="40" HEIGHT="21" WC="0.96" CONTENT="och"/><SP WIDTH="22" VPOS="883" HPOS="326"/>
							<String ID="string_174" HPOS="348" VPOS="882" WIDTH="118" HEIGHT="28" WC="0.94" CONTENT="underhåll,"/><SP WIDTH="15" VPOS="882" HPOS="466"/>
							<String ID="string_175" HPOS="481" VPOS="884" WIDTH="27" HEIGHT="19" WC="0.96" CONTENT="än"/><SP WIDTH="20" VPOS="884" HPOS="508"/>
							<String ID="string_176" HPOS="528" VPOS="882" WIDTH="66" HEIGHT="21" WC="0.96" CONTENT="andra"/><SP WIDTH="15" VPOS="882" HPOS="594"/>
							<String ID="string_177" HPOS="609" VPOS="882" WIDTH="87" HEIGHT="26" WC="0.95" CONTENT="direkta,"/><SP WIDTH="17" VPOS="882" HPOS="696"/>
							<String ID="string_178" HPOS="713" VPOS="882" WIDTH="21" HEIGHT="21" WC="0.93" CONTENT="af"/><SP WIDTH="14" VPOS="882" HPOS="734"/>
							<String ID="string_179" HPOS="748" VPOS="882" WIDTH="139" HEIGHT="21" WC="0.91" CONTENT="kasernernas"/><SP WIDTH="16" VPOS="882" HPOS="887"/>
							<String ID="string_180" HPOS="903" VPOS="888" WIDTH="37" HEIGHT="15" WC="0.93" CONTENT="an-"/>
						</TextLine>
						<TextLine ID="line_24" HPOS="179" VPOS="916" WIDTH="761" HEIGHT="28">
							<String ID="string_181" HPOS="179" VPOS="917" WIDTH="110" HEIGHT="27" WC="0.96" CONTENT="vändning"/><SP WIDTH="21" VPOS="917" HPOS="289"/>
							<String ID="string_182" HPOS="310" VPOS="917" WIDTH="139" HEIGHT="21" WC="0.95" CONTENT="framkallade"/><SP WIDTH="23" VPOS="917" HPOS="449"/>
							<String ID="string_183" HPOS="472" VPOS="916" WIDTH="88" HEIGHT="28" WC="0.95" CONTENT="utgifter"/><SP WIDTH="22" VPOS="916" HPOS="560"/>
							<String ID="string_184" HPOS="582" VPOS="916" WIDTH="69" HEIGHT="21" WC="0.96" CONTENT="skulle"/><SP WIDTH="15" VPOS="916" HPOS="651"/>
							<String ID="string_185" HPOS="666" VPOS="916" WIDTH="51" HEIGHT="28" WC="0.95" CONTENT="utgå"/><SP WIDTH="15" VPOS="916" HPOS="717"/>
							<String ID="string_186" HPOS="732" VPOS="922" WIDTH="27" HEIGHT="14" WC="0.93" CONTENT="ur"/><SP WIDTH="13" VPOS="922" HPOS="759"/>
							<String ID="string_187" HPOS="772" VPOS="916" WIDTH="168" HEIGHT="22" WC="0.90" CONTENT="Riksskattkam-"/>
						</TextLine>
						<TextLine ID="line_25" HPOS="179" VPOS="951" WIDTH="180" HEIGHT="25">
							<String ID="string_188" HPOS="179" VPOS="957" WIDTH="85" HEIGHT="15" WC="0.91" CONTENT="marens"/><SP WIDTH="15" VPOS="957" HPOS="264"/>
							<String ID="string_189" HPOS="279" VPOS="951" WIDTH="80" HEIGHT="25" WC="0.95" CONTENT="medel;"/>
						</TextLine>
					</TextBlock>
					<TextBlock ID="block_5" HPOS="176" VPOS="985" WIDTH="764" HEIGHT="124">
						<TextLine ID="line_26" HPOS="249" VPOS="985" WIDTH="691" HEIGHT="28">
							<String ID="string_190" HPOS="249" VPOS="986" WIDTH="20" HEIGHT="26" WC="0.96" CONTENT="3)"/><SP WIDTH="16" VPOS="986" HPOS="269"/>
							<String ID="string_191" HPOS="285" VPOS="986" WIDTH="31" HEIGHT="20" WC="0.95" CONTENT="att"/><SP WIDTH="21" VPOS="986" HPOS="316"/>
							<String ID="string_192" HPOS="337" VPOS="986" WIDTH="157" HEIGHT="27" WC="0.95" CONTENT="förvaltningen"/><SP WIDTH="23" VPOS="986" HPOS="494"/>
							<String ID="string_193" HPOS="517" VPOS="986" WIDTH="21" HEIGHT="20" WC="0.96" CONTENT="af"/><SP WIDTH="23" VPOS="986" HPOS="538"/>
							<String ID="string_194" HPOS="561" VPOS="985" WIDTH="61" HEIGHT="21" WC="0.92" CONTENT="dessa"/><SP WIDTH="22" VPOS="985" HPOS="622"/>
							<String ID="string_195" HPOS="644" VPOS="985" WIDTH="136" HEIGHT="21" WC="0.91" CONTENT="statsverkets"/><SP WIDTH="15" VPOS="985" HPOS="780"/>
							<String ID="string_196" HPOS="795" VPOS="985" WIDTH="145" HEIGHT="27" WC="0.91" CONTENT="kasernbygg-"/>
						</TextLine>
						<TextLine ID="line_27" HPOS="178" VPOS="1018" WIDTH="761" HEIGHT="29">
							<String ID="string_197" HPOS="178" VPOS="1019" WIDTH="68" HEIGHT="21" WC="0.96" CONTENT="nader"/><SP WIDTH="22" VPOS="1019" HPOS="246"/>
							<String ID="string_198" HPOS="268" VPOS="1020" WIDTH="65" HEIGHT="27" WC="0.96" CONTENT="jämte"/><SP WIDTH="15" VPOS="1020" HPOS="333"/>
							<String ID="string_199" HPOS="348" VPOS="1020" WIDTH="32" HEIGHT="21" WC="0.96" CONTENT="till"/><SP WIDTH="17" VPOS="1020" HPOS="380"/>
							<String ID="string_200" HPOS="397" VPOS="1020" WIDTH="48" HEIGHT="21" WC="0.96" CONTENT="dem"/><SP WIDTH="15" VPOS="1020" HPOS="445"/>
							<String ID="string_201" HPOS="460" VPOS="1019" WIDTH="95" HEIGHT="22" WC="0.93" CONTENT="hörande"/><SP WIDTH="15" VPOS="1019" HPOS="555"/>
							<String ID="string_202" HPOS="570" VPOS="1019" WIDTH="150" HEIGHT="27" WC="0.90" CONTENT="jordområden"/><SP WIDTH="15" VPOS="1019" HPOS="720"/>
							<String ID="string_203" HPOS="735" VPOS="1018" WIDTH="69" HEIGHT="21" WC="0.96" CONTENT="skulle"/><SP WIDTH="16" VPOS="1018" HPOS="804"/>
							<String ID="string_204" HPOS="820" VPOS="1019" WIDTH="66" HEIGHT="27" WC="0.93" CONTENT="enligt"/><SP WIDTH="15" VPOS="1019" HPOS="886"/>
							<String ID="string_205" HPOS="901" VPOS="1018" WIDTH="38" HEIGHT="21" WC="0.91" CONTENT="all-"/>
						</TextLine>
						<TextLine ID="line_28" HPOS="178" VPOS="1052" WIDTH="760" HEIGHT="29">
							<String ID="string_206" HPOS="178" VPOS="1055" WIDTH="80" HEIGHT="20" WC="0.92" CONTENT="männa"/><SP WIDTH="22" VPOS="1055" HPOS="258"/>
							<String ID="string_207" HPOS="280" VPOS="1054" WIDTH="95" HEIGHT="27" WC="0.96" CONTENT="grunder"/><SP WIDTH="22" VPOS="1054" HPOS="375"/>
							<String ID="string_208" HPOS="397" VPOS="1054" WIDTH="69" HEIGHT="27" WC="0.93" CONTENT="åligga"/><SP WIDTH="16" VPOS="1054" HPOS="466"/>
							<String ID="string_209" HPOS="482" VPOS="1054" WIDTH="42" HEIGHT="21" WC="0.96" CONTENT="den"/><SP WIDTH="15" VPOS="1054" HPOS="524"/>
							<String ID="string_210" HPOS="539" VPOS="1053" WIDTH="70" HEIGHT="21" WC="0.93" CONTENT="lokala"/><SP WIDTH="14" VPOS="1053" HPOS="609"/>
							<String ID="string_211" HPOS="623" VPOS="1052" WIDTH="315" HEIGHT="28" WC="0.90" CONTENT="Distriktsingeniörstyrelsen;"/>
						</TextLine>
						<TextLine ID="line_29" HPOS="176" VPOS="1089" WIDTH="58" HEIGHT="20">
							<String ID="string_212" HPOS="176" VPOS="1089" WIDTH="58" HEIGHT="20" WC="0.95" CONTENT="samt"/>
						</TextLine>
					</TextBlock>
					<TextBlock ID="block_6" HPOS="176" VPOS="1121" WIDTH="764" HEIGHT="132">
						<TextLine ID="line_30" HPOS="247" VPOS="1121" WIDTH="693" HEIGHT="30">
							<String ID="string_213" HPOS="247" VPOS="1123" WIDTH="21" HEIGHT="27" WC="0.96" CONTENT="4)"/><SP WIDTH="16" VPOS="1123" HPOS="268"/>
							<String ID="string_214" HPOS="284" VPOS="1124" WIDTH="30" HEIGHT="20" WC="0.95" CONTENT="att"/><SP WIDTH="14" VPOS="1124" HPOS="314"/>
							<String ID="string_215" HPOS="328" VPOS="1123" WIDTH="113" HEIGHT="28" WC="0.96" CONTENT="lösningen"/><SP WIDTH="16" VPOS="1123" HPOS="441"/>
							<String ID="string_216" HPOS="457" VPOS="1123" WIDTH="21" HEIGHT="21" WC="0.96" CONTENT="af"/><SP WIDTH="17" VPOS="1123" HPOS="478"/>
							<String ID="string_217" HPOS="495" VPOS="1122" WIDTH="74" HEIGHT="28" WC="0.96" CONTENT="frågan"/><SP WIDTH="19" VPOS="1122" HPOS="569"/>
							<String ID="string_218" HPOS="588" VPOS="1128" WIDTH="34" HEIGHT="15" WC="0.96" CONTENT="om"/><SP WIDTH="12" VPOS="1128" HPOS="622"/>
							<String ID="string_219" HPOS="634" VPOS="1121" WIDTH="164" HEIGHT="27" WC="0.96" CONTENT="användningen"/><SP WIDTH="13" VPOS="1121" HPOS="798"/>
							<String ID="string_220" HPOS="811" VPOS="1121" WIDTH="20" HEIGHT="21" WC="0.96" CONTENT="af"/><SP WIDTH="11" VPOS="1121" HPOS="831"/>
							<String ID="string_221" HPOS="842" VPOS="1121" WIDTH="26" HEIGHT="21" WC="0.96" CONTENT="de"/><SP WIDTH="15" VPOS="1121" HPOS="868"/>
							<String ID="string_222" HPOS="883" VPOS="1121" WIDTH="57" HEIGHT="21" WC="0.96" CONTENT="förra"/>
						</TextLine>
						<TextLine ID="line_31" HPOS="177" VPOS="1154" WIDTH="763" HEIGHT="31">
							<String ID="string_223" HPOS="177" VPOS="1155" WIDTH="70" HEIGHT="22" WC="0.93" CONTENT="finska"/><SP WIDTH="14" VPOS="1155" HPOS="247"/>
							<String ID="string_224" HPOS="261" VPOS="1157" WIDTH="238" HEIGHT="28" WC="0.90" CONTENT="reservkompaniernas"/><SP WIDTH="12" VPOS="1157" HPOS="499"/>
							<String ID="string_225" HPOS="511" VPOS="1157" WIDTH="102" HEIGHT="21" WC="0.95" CONTENT="kaserner"/><SP WIDTH="15" VPOS="1157" HPOS="613"/>
							<String ID="string_226" HPOS="628" VPOS="1156" WIDTH="40" HEIGHT="21" WC="0.93" CONTENT="och"/><SP WIDTH="10" VPOS="1156" HPOS="668"/>
							<String ID="string_227" HPOS="678" VPOS="1155" WIDTH="150" HEIGHT="28" WC="0.92" CONTENT="jordområden"/><SP WIDTH="10" VPOS="1155" HPOS="828"/>
							<String ID="string_228" HPOS="838" VPOS="1155" WIDTH="34" HEIGHT="20" WC="0.93" CONTENT="för"/><SP WIDTH="12" VPOS="1155" HPOS="872"/>
							<String ID="string_229" HPOS="884" VPOS="1154" WIDTH="56" HEIGHT="21" WC="0.92" CONTENT="mili-"/>
						</TextLine>
						<TextLine ID="line_32" HPOS="176" VPOS="1189" WIDTH="763" HEIGHT="30">
							<String ID="string_230" HPOS="176" VPOS="1192" WIDTH="47" HEIGHT="19" WC="0.92" CONTENT="tära"/><SP WIDTH="16" VPOS="1192" HPOS="223"/>
							<String ID="string_231" HPOS="239" VPOS="1191" WIDTH="40" HEIGHT="21" WC="0.96" CONTENT="och"/><SP WIDTH="14" VPOS="1191" HPOS="279"/>
							<String ID="string_232" HPOS="293" VPOS="1191" WIDTH="162" HEIGHT="28" WC="0.95" CONTENT="allmännyttiga"/><SP WIDTH="15" VPOS="1191" HPOS="455"/>
							<String ID="string_233" HPOS="470" VPOS="1191" WIDTH="99" HEIGHT="21" WC="0.95" CONTENT="ändamål"/><SP WIDTH="10" VPOS="1191" HPOS="569"/>
							<String ID="string_234" HPOS="579" VPOS="1191" WIDTH="71" HEIGHT="20" WC="0.93" CONTENT="skulle"/><SP WIDTH="10" VPOS="1191" HPOS="650"/>
							<String ID="string_235" HPOS="660" VPOS="1189" WIDTH="143" HEIGHT="22" WC="0.91" CONTENT="öfverlemnas"/><SP WIDTH="10" VPOS="1189" HPOS="803"/>
							<String ID="string_236" HPOS="813" VPOS="1189" WIDTH="21" HEIGHT="21" WC="0.93" CONTENT="åt"/><SP WIDTH="10" VPOS="1189" HPOS="834"/>
							<String ID="string_237" HPOS="844" VPOS="1189" WIDTH="95" HEIGHT="28" WC="0.91" CONTENT="general-"/>
						</TextLine>
						<TextLine ID="line_33" HPOS="176" VPOS="1223" WIDTH="762" HEIGHT="30">
							<String ID="string_238" HPOS="176" VPOS="1227" WIDTH="143" HEIGHT="25" WC="0.96" CONTENT="guvernören,"/><SP WIDTH="11" VPOS="1227" HPOS="319"/>
							<String ID="string_239" HPOS="330" VPOS="1226" WIDTH="53" HEIGHT="21" WC="0.93" CONTENT="efter"/><SP WIDTH="10" VPOS="1226" HPOS="383"/>
							<String ID="string_240" HPOS="393" VPOS="1225" WIDTH="150" HEIGHT="28" WC="0.91" CONTENT="försiggången"/><SP WIDTH="14" VPOS="1225" HPOS="543"/>
							<String ID="string_241" HPOS="557" VPOS="1223" WIDTH="216" HEIGHT="23" WC="0.90" CONTENT="öfverenskommelse"/><SP WIDTH="8" VPOS="1223" HPOS="773"/>
							<String ID="string_242" HPOS="781" VPOS="1223" WIDTH="49" HEIGHT="22" WC="0.96" CONTENT="med"/><SP WIDTH="9" VPOS="1223" HPOS="830"/>
							<String ID="string_243" HPOS="839" VPOS="1223" WIDTH="99" HEIGHT="21" WC="0.96" CONTENT="Senaten."/>
						</TextLine>
					</TextBlock>
					<TextBlock ID="block_7" HPOS="176" VPOS="1257" WIDTH="764" HEIGHT="134">
						<TextLine ID="line_34" HPOS="246" VPOS="1257" WIDTH="693" HEIGHT="30">
							<String ID="string_244" HPOS="246" VPOS="1259" WIDTH="135" HEIGHT="22" WC="0.95" CONTENT="Beträffande"/><SP WIDTH="8" VPOS="1259" HPOS="381"/>
							<String ID="string_245" HPOS="389" VPOS="1261" WIDTH="65" HEIGHT="20" WC="0.96" CONTENT="sedan"/><SP WIDTH="13" VPOS="1261" HPOS="454"/>
							<String ID="string_246" HPOS="467" VPOS="1260" WIDTH="41" HEIGHT="21" WC="0.96" CONTENT="den"/><SP WIDTH="12" VPOS="1260" HPOS="508"/>
							<String ID="string_247" HPOS="520" VPOS="1260" WIDTH="97" HEIGHT="27" WC="0.96" CONTENT="upplösta"/><SP WIDTH="11" VPOS="1260" HPOS="617"/>
							<String ID="string_248" HPOS="628" VPOS="1259" WIDTH="69" HEIGHT="21" WC="0.93" CONTENT="finska"/><SP WIDTH="10" VPOS="1259" HPOS="697"/>
							<String ID="string_249" HPOS="707" VPOS="1258" WIDTH="118" HEIGHT="21" WC="0.96" CONTENT="militärens"/><SP WIDTH="8" VPOS="1258" HPOS="825"/>
							<String ID="string_250" HPOS="833" VPOS="1257" WIDTH="106" HEIGHT="28" WC="0.96" CONTENT="egendom"/>
						</TextLine>
						<TextLine ID="line_35" HPOS="176" VPOS="1292" WIDTH="763" HEIGHT="30">
							<String ID="string_251" HPOS="176" VPOS="1293" WIDTH="9" HEIGHT="21" WC="0.95" CONTENT="i"/><SP WIDTH="15" VPOS="1293" HPOS="185"/>
							<String ID="string_252" HPOS="200" VPOS="1294" WIDTH="63" HEIGHT="28" WC="0.93" CONTENT="öfrigt"/><SP WIDTH="18" VPOS="1294" HPOS="263"/>
							<String ID="string_253" HPOS="281" VPOS="1294" WIDTH="110" HEIGHT="21" WC="0.92" CONTENT="utkommo"/><SP WIDTH="16" VPOS="1294" HPOS="391"/>
							<String ID="string_254" HPOS="407" VPOS="1294" WIDTH="104" HEIGHT="21" WC="0.96" CONTENT="särskilda"/><SP WIDTH="15" VPOS="1294" HPOS="511"/>
							<String ID="string_255" HPOS="526" VPOS="1293" WIDTH="158" HEIGHT="22" WC="0.96" CONTENT="förordnanden"/><SP WIDTH="16" VPOS="1293" HPOS="684"/>
							<String ID="string_256" HPOS="700" VPOS="1292" WIDTH="111" HEIGHT="28" WC="0.96" CONTENT="angående"/><SP WIDTH="15" VPOS="1292" HPOS="811"/>
							<String ID="string_257" HPOS="826" VPOS="1292" WIDTH="45" HEIGHT="22" WC="0.93" CONTENT="dels"/><SP WIDTH="16" VPOS="1292" HPOS="871"/>
							<String ID="string_258" HPOS="887" VPOS="1292" WIDTH="52" HEIGHT="21" WC="0.91" CONTENT="den-"/>
						</TextLine>
						<TextLine ID="line_36" HPOS="176" VPOS="1326" WIDTH="764" HEIGHT="29">
							<String ID="string_259" HPOS="176" VPOS="1333" WIDTH="95" HEIGHT="16" WC="0.91" CONTENT="sammas"/><SP WIDTH="16" VPOS="1333" HPOS="271"/>
							<String ID="string_260" HPOS="287" VPOS="1328" WIDTH="146" HEIGHT="22" WC="0.87" CONTENT="öfverlätande"/><SP WIDTH="11" VPOS="1328" HPOS="433"/>
							<String ID="string_261" HPOS="444" VPOS="1328" WIDTH="33" HEIGHT="21" WC="0.96" CONTENT="till"/><SP WIDTH="8" VPOS="1328" HPOS="477"/>
							<String ID="string_262" HPOS="485" VPOS="1328" WIDTH="26" HEIGHT="21" WC="0.96" CONTENT="de"/><SP WIDTH="10" VPOS="1328" HPOS="511"/>
							<String ID="string_263" HPOS="521" VPOS="1328" WIDTH="65" HEIGHT="27" WC="0.96" CONTENT="ryska"/><SP WIDTH="12" VPOS="1328" HPOS="586"/>
							<String ID="string_264" HPOS="598" VPOS="1329" WIDTH="121" HEIGHT="26" WC="0.96" CONTENT="trupperna,"/><SP WIDTH="12" VPOS="1329" HPOS="719"/>
							<String ID="string_265" HPOS="731" VPOS="1326" WIDTH="46" HEIGHT="22" WC="0.96" CONTENT="dels"/><SP WIDTH="9" VPOS="1326" HPOS="777"/>
							<String ID="string_266" HPOS="786" VPOS="1326" WIDTH="48" HEIGHT="22" WC="0.93" CONTENT="dess"/><SP WIDTH="8" VPOS="1326" HPOS="834"/>
							<String ID="string_267" HPOS="842" VPOS="1326" WIDTH="98" HEIGHT="22" WC="0.92" CONTENT="realiser-"/>
						</TextLine>
						<TextLine ID="line_37" HPOS="176" VPOS="1363" WIDTH="426" HEIGHT="28">
							<String ID="string_268" HPOS="176" VPOS="1363" WIDTH="56" HEIGHT="21" WC="0.96" CONTENT="ande"/><SP WIDTH="15" VPOS="1363" HPOS="232"/>
							<String ID="string_269" HPOS="247" VPOS="1369" WIDTH="77" HEIGHT="22" WC="0.96" CONTENT="genom"/><SP WIDTH="16" VPOS="1369" HPOS="324"/>
							<String ID="string_270" HPOS="340" VPOS="1363" WIDTH="126" HEIGHT="27" WC="0.93" CONTENT="försäljning"/><SP WIDTH="15" VPOS="1363" HPOS="466"/>
							<String ID="string_271" HPOS="481" VPOS="1363" WIDTH="12" HEIGHT="20" WC="0.85" CONTENT="&amp;"/><SP WIDTH="16" VPOS="1363" HPOS="493"/>
							<String ID="string_272" HPOS="509" VPOS="1363" WIDTH="93" HEIGHT="20" WC="0.96" CONTENT="auktion."/>
						</TextLine>
					</TextBlock>
				</ComposedBlock>
				<ComposedBlock ID="cblock_2" HPOS="247" VPOS="1408" WIDTH="344" HEIGHT="18">
					<TextBlock ID="block_8" HPOS="247" VPOS="1408" WIDTH="344" HEIGHT="18">
						<TextLine ID="line_38" HPOS="247" VPOS="1408" WIDTH="344" HEIGHT="18">
							<String ID="string_273" HPOS="247" VPOS="1408" WIDTH="142" HEIGHT="18" WC="0.90" CONTENT="Statsutskotteis"/><SP WIDTH="12" VPOS="1408" HPOS="389"/>
							<String ID="string_274" HPOS="401" VPOS="1408" WIDTH="113" HEIGHT="18" WC="0.92" CONTENT="betänkande"/><SP WIDTH="13" VPOS="1408" HPOS="514"/>
							<String ID="string_275" HPOS="527" VPOS="1410" WIDTH="34" HEIGHT="16" WC="0.82" CONTENT="N:o"/><SP WIDTH="12" VPOS="1410" HPOS="561"/>
							<String ID="string_276" HPOS="573" VPOS="1409" WIDTH="18" HEIGHT="17" WC="0.94" CONTENT="4."/>
						</TextLine>
					</TextBlock>
				</ComposedBlock>
			</PrintSpace>
		</Page>
	</Layout>
</alto>
