1028 1620
377 67 30 22 U.
422 67 28 22 B.
464 79 28 3 —
506 67 29 21 11
813 68 30 21 89

83 135 36 20 det
137 134 69 22 finska
228 135 252 28 förvaltningssystemet,
502 136 40 21 och
560 136 50 21 med
625 136 108 22 nitälskan
748 137 33 21 för
795 137 49 21 lan-

83 168 46 22 dets
144 175 66 15 sanna
225 169 68 22 fördel
308 171 40 20 och
363 170 117 21 förkofran.
784 193 2 2 .

151 203 50 22 Med
216 204 46 21 stöd
278 204 22 21 af
315 204 37 21 det
367 204 88 21 anförda
470 205 32 20 får
517 204 112 22 Utskottet
641 205 108 22 vördsamt
759 205 85 28 föreslå,

85 239 31 20 att
123 236 120 23 Ständerna
258 238 49 21 ville
322 238 8 21 i
346 238 59 21 detta
420 240 63 19 ämne
497 239 39 20 hos
550 238 27 21 H.
595 238 26 22 K.
637 239 28 21 M.
681 241 51 26 göra
747 240 97 27 följande

83 272 146 28 underdåniga
244 272 105 27 anmälan,

357 354 34 19 att
412 352 128 22 Ständerna
560 353 46 21 icke
627 353 78 21 kunna
725 361 53 14 anse
793 355 52 20 med

291 387 84 21 landets
394 388 46 20 rätt
459 387 39 21 och
519 387 71 27 fördel
612 387 112 28 förenligt,
750 389 33 20 att
808 388 37 22 till

289 421 222 27 stalsjärnvägarnas
537 421 89 28 ledning
653 421 128 28 förordnats
803 422 40 22 och

290 455 38 21 vid
341 455 64 21 deras
420 455 184 21 administration
619 456 100 27 antagits
730 463 113 21 personer,

290 489 74 21 hvilka
385 490 46 20 icke
454 489 96 28 lagligen
570 490 88 22 kunnat
676 490 11 21 i
700 490 60 28 finsk
773 492 70 20 stats-

291 524 66 27 tjenst
364 524 118 26 anställas;
498 524 39 21 och
548 524 58 28 våga
619 524 128 22 Ständerna
759 527 87 26 emotse,

290 558 36 22 det
346 559 79 21 täcktes
445 558 28 21 H.
489 558 27 22 K.
531 558 32 22 M.
580 559 113 28 förordna,
710 561 33 20 att
758 560 83 28 omför-

291 593 75 22 mälda
388 593 141 28 förhållande
546 594 57 21 skall
617 594 135 28 oförtöfvadt
765 596 79 24 rättas,

291 630 60 19 samt
369 628 73 21 tillika
458 628 108 28 påbjuda,
582 628 21 28 ej
619 629 88 21 mindre
721 631 34 19 att
769 629 73 28 fram-

292 663 56 21 deles
365 663 78 20 endast
456 663 118 21 inhemska
588 664 60 26 män,
663 670 48 14 som
726 663 121 28 ädagalagt

292 697 128 28 skicklighet
430 697 40 21 och
477 697 112 28 förtjänst,
600 697 39 22 mä
648 697 71 21 varda
727 698 40 21 vid
775 699 68 20 stats-

286 732 158 27 järnvägarna
452 731 118 27 anställda,
580 733 30 19 än
623 731 37 22 ock
672 733 38 26 att,
723 732 50 21 med
784 739 60 21 upp-

292 765 111 28 häfvande
422 765 30 28 af
468 772 33 14 nu
515 765 130 28 tillämpade
659 766 144 28 föreskrifter,
819 766 27 21 de

291 800 116 20 inhemska
426 800 95 27 språken
540 800 61 21 skola
620 800 139 21 äierinträda
777 801 10 20 i
806 801 38 20 sin

292 834 115 27 naturliga
427 835 46 20 rätt
482 834 90 27 jämväl
586 834 61 22 inom
663 835 73 21 denna
749 842 54 20 gren
819 834 31 28 af

291 868 172 28 förvaltningen.

154 1028 40 21 Till
217 1028 229 28 nybyggnadsarbeten
464 1029 34 21 vid
514 1029 27 21 de
555 1029 82 27 färdiga
651 1030 147 27 järnvägarna,
814 1031 31 20 att

83 1062 56 22 efter
159 1062 145 28 Regeringens
325 1063 100 28 pröfning
446 1063 108 21 användas
576 1064 8 20 i
606 1064 151 26 hufvudsaklig
775 1064 71 21 öfver-

86 1097 158 21 ensstämmelse
259 1098 48 20 med
324 1104 26 14 en
365 1097 78 27 bilagd,
459 1098 59 20 öfver
533 1098 79 20 sådana
628 1098 85 21 arbeten
731 1098 112 27 upprättad

84 1131 140 27 förteckning,
240 1132 88 27 anslogo
344 1132 119 21 Ständerna
478 1132 36 20 vid
530 1132 55 20 1897
602 1131 33 21 års
650 1132 101 26 landtdag
767 1134 30 19 att
811 1132 35 21 för

85 1165 50 21 åren
152 1165 140 21 1898—1900
307 1166 51 27 utgå
373 1167 42 25 S
431 1166 117 27 6,500,000.
578 1166 43 22 Vid
632 1166 55 21 1900
699 1166 32 21 års
742 1166 104 28 landtdag

86 1200 99 20 anvisade
201 1198 119 23 Ständerna
335 1200 32 20 för
382 1206 82 15 samma
479 1200 99 21 ändamål
593 1200 39 21 och
648 1200 69 21 under
732 1200 112 21 enahanda

84 1233 129 26 betingelser
228 1235 30 20 att
274 1234 107 21 användas
397 1234 68 21 under
474 1234 173 28 finansperioden
659 1235 143 20 1901—1904
814 1237 33 19 ett

85 1267 76 29 belopp
177 1268 20 21 af
214 1269 40 26 sag
270 1269 129 26 26,784,000.

153 1302 32 22 Ur
199 1302 117 22 relationen
336 1303 93 27 framgår
452 1303 124 27 emellertid,
592 1305 30 20 att
636 1304 71 21 under
721 1304 50 20 åren
787 1303 58 21 1898

82 1337 86 21 —L1900
193 1337 70 21 blifvit
290 1337 97 21 använda
411 1338 43 26 Fa
480 1338 134 26 10,892,800:
640 1338 34 27 04,
694 1338 82 21 således
801 1338 43 26 Sig

81 1372 120 27 4,392,800:
217 1372 28 20 04
267 1372 83 20 utöfver
372 1372 35 21 det
427 1372 122 21 beräknade
565 1372 102 28 anslaget,
682 1372 77 22 medan
775 1372 71 21 under

152 1416 142 18 Statsutskottets
307 1417 111 18 betänkande
429 1417 39 18 N:o
480 1418 29 20 4.
502 1412 10 30 .
