1034 1620
14 513 102 19 1900-1903
121 515 15 23 $
141 516 33 17 25.

22 567 47 19 1904
81 569 15 23 $
108 569 29 18 12.

180 40 28 19 30
339 37 24 23 U.
380 37 23 23 B.
420 50 28 3 —
465 37 210 30 Bankfullmäktiges
691 37 121 23 berättelse.

178 102 138 22 nordvestra
328 102 64 25 hörn,
403 103 40 21 vill
452 103 122 22 Utskottet
584 102 63 29 gifva
656 103 92 28 uttryck
757 104 23 20 ät
787 102 185 30 uppfattningen,

179 140 35 20 att
229 138 136 22 hithörande
381 138 78 29 frågor
475 138 218 30 öfverhufvudtaget
708 139 76 22 blifvit
794 141 30 26 pä
835 140 33 20 ett
878 139 95 28 lyckligt

180 176 47 20 sätt
242 174 66 22 lösta.
339 174 148 22 Beträffande
507 175 45 21 den
568 175 121 22 tillärnade
705 174 216 29 safesafdelningen,
937 174 36 23 för

178 210 98 22 hvilken
299 210 60 28 plats
382 212 138 20 reserverats
544 214 44 18 och
611 212 69 21 äfven
700 210 166 22 förberedande
881 218 92 21 pansar-

179 246 264 28 förstärkningsarbeten
458 246 83 22 utförts
556 246 65 22 invid
636 247 185 22 vexelkontorets
832 246 62 22 förra
903 246 69 26 lokal,

179 282 76 22 finner
269 282 120 22 Utskottet
405 282 120 29 sakenligt,
542 284 34 20 att
591 283 53 21 med
660 282 39 22 det
714 282 117 22 definitiva
847 283 126 21 ordnandet

180 317 26 23 af
219 318 72 28 sagda
307 318 116 28 afdelning
438 318 35 22 får
489 320 73 24 anstå,
578 318 47 22 tills
646 318 174 29 bankstyrelsen
835 319 74 21 finner
920 318 53 22 den-

180 361 87 15 samma
282 361 57 15 vara
354 355 25 21 af
395 354 107 23 behofvet
518 354 114 29 påkallad.

254 507 33 23 Af
310 509 222 29 Banktullmäktiges
555 509 97 22 relation
668 516 38 15 om
722 509 28 21 de
765 510 36 20 för
816 509 156 21 förbättrande

181 545 25 21 af
220 544 212 22 kontorslokalerna
455 545 110 29 vidtagna
588 544 106 28 åtgärder
716 546 107 27 framgår,
848 546 33 20 att
903 545 70 21 bank-

181 580 120 28 styrelsen,
317 580 54 22 med
385 580 128 22 beaktande
530 580 26 22 af
569 580 141 22 Ständernas
725 580 97 29 tidigare
839 580 133 22 uttalanden

180 616 87 26 härom,
291 616 98 22 sträfvat
411 618 40 26 att,
475 617 73 22 sävidt
564 616 97 29 möjligt,
678 618 23 20 få
715 616 103 22 bankens
834 616 153 28 afdelnings-
980 612 10 38 '

179 652 85 22 kontor
279 652 104 28 förlagda
398 653 35 21 uti
448 652 101 28 stenhus,
566 652 107 22 försedda
683 653 53 21 med
746 652 146 29 tillförlitliga
901 652 70 23 hvalf.

179 687 56 23 Med
250 688 164 22 föranledande
430 688 25 22 af
469 688 47 22 dei
526 688 139 22 berättelsen
681 688 138 22 omnämnda
834 688 82 22 talrika
927 696 46 21 nya

179 724 156 28 hyresaftalen
358 724 65 22 torde
439 724 58 22 dock
511 724 79 22 kunna
606 726 8 20 i
630 725 65 27 fräga
711 726 77 24 sättas,
804 724 113 22 huruvida
933 732 36 21 sy-

180 761 83 20 stemet
286 761 33 21 att
342 760 114 28 inrymma
479 760 242 28 afdelningskontoren
743 761 36 21 uti
794 760 74 28 hyrda
884 760 87 22 lokaler

178 795 9 21 i
202 796 102 27 längden
320 796 58 21 skall
393 796 50 22 visa
459 796 35 28 sig
503 804 57 14 vara
574 797 36 20 för
618 796 111 22 Finlands
739 796 67 21 Bank
816 795 155 29 fördelaktigt.

179 831 68 22 Inom
262 831 119 22 Utskottet
396 831 42 22 har
452 832 53 21 med
522 831 108 23 afseende
646 831 56 22 härä
717 831 118 23 hänvisats
845 831 36 22 till
892 831 44 22 den
947 831 26 22 af

180 867 113 22 särskilda
303 867 150 27 statsbanker,
465 870 16 19 t.
491 875 34 14 ex.
535 867 98 29 Sverges
646 867 117 27 riksbank,
774 867 97 22 likasom
882 868 25 21 af
917 869 55 20 vära

179 903 164 28 privatbanker
359 903 80 22 altmer
454 903 119 28 iakttagna
583 903 77 29 praxis
672 905 33 21 att
715 903 40 23 vid
765 903 108 28 lämpligt
883 903 89 22 tillfälle

179 940 61 20 förse
251 939 50 21 sina
311 938 212 29 afdelningskontor
532 939 54 21 med
597 947 59 20 egna
667 939 111 21 bankhus.
794 931 23 29 Ä
827 939 72 21 andra
907 939 66 21 sidan

179 975 42 21 har
229 974 142 27 framhällits,
381 976 33 20 att
422 982 28 14 en
459 975 36 21 del
503 975 294 29 konkurrenssynpunkter,
803 974 80 22 hvilka
890 974 82 22 härvid

179 1010 61 22 varit
255 1010 36 22 för
306 1010 193 29 privatbankerna
515 1010 27 22 af
555 1011 56 26 vikt,
627 1011 50 21 icke
693 1013 56 26 göra
765 1010 35 29 sig
815 1010 106 28 gällande
937 1010 35 22 för

179 1046 110 22 Finlands
304 1046 69 22 Bank
388 1048 40 20 och
437 1048 34 20 att
481 1047 75 21 denna
566 1046 63 22 bank
640 1047 19 27 ej
672 1047 73 21 häller
755 1046 8 22 i
772 1046 81 28 regeln
863 1046 109 22 behöfver

178 1082 87 22 bereda
274 1082 35 28 sig
320 1084 33 20 att
363 1082 102 22 anskaffa
476 1084 114 27 utrymme
601 1082 37 22 för
649 1090 28 14 en
689 1082 82 22 snabbt
782 1083 102 21 växande
895 1082 74 22 kund-

178 1118 70 22 trafik
263 1118 8 22 i
287 1125 86 15 samma
388 1120 54 20 män
457 1126 50 14 som
522 1118 201 29 privatbankerna,
734 1118 42 22 hos
786 1118 78 22 hvilka
874 1117 99 23 flertalet

179 1154 138 22 kundbesök
332 1154 129 22 föranledes
477 1156 26 20 af
510 1154 225 29 inläningsrörelsen.
755 1153 131 23 Utskottets
896 1153 77 22 flertal

178 1190 43 22 har
233 1190 58 22 dock
301 1191 82 25 ansett,
394 1192 34 20 att
438 1198 29 14 en
476 1190 54 22 med
538 1192 54 20 ären
601 1190 59 22 ökad
668 1190 140 27 omsättning
815 1190 41 21 vid
863 1189 109 22 Finlands

178 1225 81 22 Banks
270 1225 83 22 kontor
361 1225 90 22 komma
460 1228 34 19 att
501 1225 121 22 framkalla
629 1225 111 23 behofvet
747 1225 28 22 af
780 1227 71 20 större
859 1226 114 27 utrymme

179 1264 36 19 för
225 1261 76 22 kassa-
313 1261 43 22 och
364 1261 230 29 hvalfsafdelningen.
611 1261 124 28 Flyttning
743 1261 36 22 till
786 1268 54 21 nya,
848 1261 125 28 rymligare

178 1297 89 22 lokaler
279 1297 45 22 blir
338 1298 68 21 äfven
419 1299 35 20 för
468 1297 93 22 banken
576 1305 29 14 en
619 1297 41 22 allt
670 1299 91 20 svärare
773 1296 146 29 olägenhet,
911 1292 11 38 i
929 1297 44 22 den

178 1335 55 20 män
240 1333 102 22 rörelsen
349 1333 101 28 tilltager
457 1333 8 22 i
473 1333 103 28 liflighet.
593 1333 114 28 Slutligen
716 1333 41 22 bör
765 1333 38 21 det
810 1333 51 21 icke
869 1332 103 27 förbises,

180 1371 34 20 att
230 1376 38 15 om
283 1369 70 22 äfven
369 1369 159 22 anskaffandet
544 1368 24 23 af
583 1376 59 21 egna
657 1369 106 22 bankhus
780 1369 35 21 för
830 1369 142 21 närvarande

179 1404 172 29 otvifvelaktigt
374 1404 73 22 skulle
469 1405 95 28 betinga
581 1412 29 14 en
625 1406 70 27 nägot
710 1404 73 29 högre
800 1404 57 28 ärlig
874 1404 97 22 kostnad
