1028 1617
380 64 29 23 U.
424 64 28 23 B.
468 78 29 2 —
512 64 29 22 IL.
813 66 27 20 73

148 134 33 21 Då
195 134 78 21 Finska
288 133 236 28 krigskommissariatet
544 133 87 28 indrogs
656 134 131 20 öfverfördes
806 134 33 20 in-

79 168 89 22 seendet
183 168 58 22 öfver
256 168 26 21 de
297 168 91 21 militära
403 167 221 28 telefonledningarna
634 167 27 28 på
670 164 170 31 Öfverstyrelsen

79 202 34 21 för
134 203 50 21 lots-
206 203 40 20 och
264 202 184 27 fyrinrättningen,
463 201 69 22 under
547 201 85 22 hvilken
650 202 40 21 den
706 203 134 26 tjänsteman,

80 238 99 27 som-.har
194 237 31 26 sig
240 236 112 28 uppsigten
368 236 60 21 öfver
443 236 62 21 dessa
519 236 113 27 ledningar
647 236 129 29 anförtrodd,
787 237 53 27 jäm-

81 271 35 22 väl
137 271 149 21 subordinerar
308 271 39 20 och
370 270 12 21 å
395 271 69 20 hvars
480 271 41 20 stat
535 270 52 21 hans
603 270 78 21 arvode
697 272 23 19 är
734 271 105 27 uppiördt.

150 305 50 21 Med
215 305 100 21 afseende
331 304 52 21 därå
398 306 30 20 att
443 304 160 21 Statsutskottet
613 305 109 27 inhemtat,
735 305 36 20 det
779 305 60 21 dessa

82 339 191 26 telefonledningar
296 339 95 21 medföra
414 340 43 20 stor
480 340 60 25 nytta
564 339 18 28 ej
606 339 54 21 blott
678 339 33 20 för
724 339 116 21 lotsverket

76 375 56 20 utan
147 373 77 28 jämväl
238 373 33 22 för
286 373 101 28 sjöfarten
403 374 55 20 samt
472 373 124 26 isynnerhet
612 375 35 19 äro
664 373 132 28 ovärderliga
802 373 38 21 vid

81 409 102 25 haverier,
197 408 32 21 för
244 408 136 21 anskaffande
395 407 22 22 af
432 407 116 27 skyndsam
557 407 63 28 hjälp,
630 407 69 21 finner
710 407 32 28 sig
752 407 87 22 Utskot-

80 444 31 20 tet
125 442 47 21 icke
194 442 63 21 hafva
275 442 45 21 skäl
334 442 34 21 till
379 442 88 27 erinran
483 442 8 20 i
506 441 115 28 anledning
637 442 21 21 af
675 442 35 21 det
726 443 41 20 rätt
784 442 55 27 höga

80 477 75 27 anslag
171 477 68 21 denna
254 477 115 27 inrättning
385 476 80 28 årligen
481 476 90 21 kräfver.

151 510 104 22 Särskildt
273 511 68 21 måste
365 510 110 22 Utskottet
490 510 186 27 uppmärksamma
691 511 148 21 kostnaderna

81 545 36 27 för
126 545 111 28 uppbåds-
249 545 39 22 och
303 545 195 21 länenämnderna.
528 544 67 21 Dessa
611 544 107 28 uppgingo
734 545 56 21 1902
805 545 34 20 till

81 579 54 22 Fmk
158 580 94 26 199,950:
269 580 26 21 33
319 579 39 22 och
374 579 55 21 1903
445 579 32 20 till
492 578 54 21 Fmk
562 579 98 25 217,742:
677 579 32 21 60.
739 579 33 21 Då
790 579 49 21 med

81 613 113 28 uppbäden
215 614 74 21 främst
304 613 72 21 afsetts
392 614 31 20 att
438 612 32 22 för
486 612 211 28 gardesbataljonens
713 613 126 27 komplette-

81 648 48 27 ring
150 647 79 21 inkalla
251 647 74 21 inalles
350 647 39 21 190
412 653 57 21 man,
489 653 65 20 synes
570 646 118 22 kostnaden
703 647 71 21 härför
789 653 50 15 vara

81 682 137 21 Ofverdrifvet
239 682 48 27 hög,
301 681 125 27 isynnerhet
442 688 34 14 om
492 681 75 21 härvid
582 682 64 20 äfven
661 681 26 21 de
702 681 47 21 icke
765 681 74 27 obety-

82 716 69 21 dande
166 716 104 21 indirekta
285 716 117 27 utgifterna
417 714 95 22 beaktas.
543 715 125 21 Kostnaden
678 716 33 20 för
721 716 74 27 hvarje
806 716 33 20 års

81 750 85 28 uppbåd
182 750 41 21 kan
239 750 88 21 sålunda
343 749 104 22 beräknas
462 749 34 21 till
511 750 90 26 ungefär
614 756 81 14 samma
707 750 75 27 belopp
794 756 45 14 som

80 784 49 22 hela
149 784 207 28 gardesbataljonens
378 783 113 21 underhåll
514 784 68 21 under
601 786 30 19 ett
646 784 28 20 år.
703 784 54 21 Häri
771 784 69 21 finner

80 819 111 21 Utskottet
211 820 30 20 ett
263 818 121 28 ytterligare
404 818 48 21 stöd
468 818 33 21 för
516 817 130 23 Ständernas
661 818 89 28 tidigare
765 818 75 28 gjorda

80 853 157 28 framställning
252 860 34 14 om
302 852 124 28 uppbådens
440 852 129 22 inställande
579 853 40 21 och
630 852 209 28 gardesbataljonens

79 888 133 27 rekrytering
227 884 37 31 på
277 887 163 28 frivillighetens
463 888 41 26 väg
519 886 43 22 tills
578 886 205 28 värnepliktsfrågan
798 886 42 21 blir

78 922 187 28 grundlagsenligt
279 922 87 28 afgjord.

150 1056 42 24 Vid
214 1059 131 28 granskning
365 1059 22 21 af
409 1059 152 28 statsförslaget
582 1059 34 21 för
635 1059 56 20 1904
705 1058 70 21 finner
790 1064 50 15 man

79 1095 31 19 att
125 1099 27 15 en
168 1093 34 21 del
216 1093 168 28 militieutgifter,
400 1093 108 28 nämligen
524 1093 27 21 de
566 1099 45 15 som
627 1093 89 20 hänföra
730 1092 32 27 sig
770 1091 36 22 till
815 1092 25 21 de

79 1127 28 28 pä
129 1127 69 28 grund
213 1127 22 21 af
250 1127 41 22 den
306 1127 7 22 i
328 1127 187 28 grundlagsvidrig
528 1127 91 28 ordning
636 1127 104 21 utkomna
758 1126 82 21 förord-

79 1161 80 28 ningen
182 1161 109 28 angående
306 1161 146 28 värnepligten
468 1161 22 21 af
505 1161 42 21 den
563 1161 26 21 12
604 1161 39 28 juli
657 1161 55 21 1901
722 1160 119 21 tillkomma

79 1195 69 22 krets-
172 1195 39 22 och
233 1196 197 27 länenämnderna,
446 1195 70 22 blifvit
533 1195 103 28 uppförda
650 1195 70 21 under
736 1195 41 21 5:te
792 1195 49 20 huf-

80 1230 104 21 vudtiteln
196 1229 64 22 bland
266 1230 57 28 verk,
332 1237 45 14 som
391 1230 119 27 underlyda
518 1229 206 28 Civilexpeditionen
740 1229 8 21 i
762 1229 26 21 K.
804 1228 37 22 Se-

79 1266 65 19 naten
160 1265 39 20 och
213 1264 89 27 päförda
317 1264 137 21 statsfouden.
479 1263 79 22 Denna
572 1264 120 27 anordning
708 1264 48 26 står,
772 1263 70 22 ehuru

79 1299 89 27 tidigare
191 1294 163 25 tillkommen
341 1290 15 41 i
377 1299 220 21 öfverensstämmelse
623 1298 50 21 med
694 1297 147 28 befallningen

79 1333 22 21 af
117 1333 41 21 den
173 1333 28 21 24
215 1332 53 22 Juni
284 1333 61 26 1904,
363 1333 110 28 angående
488 1332 28 22 de
531 1332 75 29 regler,
622 1339 46 14 som
682 1333 34 20 för
726 1331 115 22 framtiden

79 1367 66 21 borde
167 1367 103 28 iakttagas
286 1367 36 21 vid
337 1367 138 28 uppgörande
490 1367 22 21 af
527 1367 159 28 budgetförslag
701 1367 33 20 för
748 1365 93 22 Finland

148 1412 142 18 Siatsuiskoiteis
303 1412 112 18 betänkande
426 1414 38 22 N:o
476 1413 18 17 4.
