1050 1625
456 56 24 22 II
789 57 28 22 47

155 124 179 29 Tfrägavarande
349 125 178 22 extraordinarie
542 124 97 30 utgifter
653 125 80 29 uppgå
747 124 35 23 för
792 126 54 21 åren
857 131 37 14 Den
902 130 95 27 extraoräi-

88 159 142 22 1901—1908
238 160 16 26 1)
267 159 16 28 (i
291 159 79 29 jomna
379 160 108 27 tusental)
498 160 37 22 till
544 160 81 22 inalles
637 160 128 29 11,412,000
775 160 70 28 mark,
861 154 135 41 jargmtren.

87 194 89 21 hvilket
194 196 69 26 utgör
281 194 116 28 3,804,000
411 194 65 24 mark
490 194 10 21 i
514 194 109 22 medeltal
638 201 38 15 om
692 195 53 21 året.
773 194 74 22 Häraf

86 228 93 28 belöper
198 228 36 28 sig
252 228 72 22 under
339 228 107 29 samtliga
461 231 35 19 tre
512 229 54 22 ären
581 228 170 29 sammanlagdt
766 228 80 22 endast

87 263 115 28 1,825,000
219 263 65 21 mark
304 263 56 21 eller
378 263 26 22 16
413 265 27 26 9/,
455 264 31 28 pä
499 263 98 29 utgifter
612 263 36 22 för
662 263 184 29 förvaltningens

86 297 76 28 behof,
181 297 129 22 återstoden
331 297 20 22 d.
371 305 20 14 v.
410 305 17 14 s.
446 297 115 29 9,587,000
579 298 66 21 mark
664 298 80 28 (849/,)
764 299 54 21 eller
838 299 8 20 i

86 331 109 22 medeltal
214 339 37 14 om
271 332 48 21 året
334 332 106 29 omkring
456 332 116 29 3,196,000
586 333 65 21 mark
665 334 93 27 utgöres
774 333 23 21 af
812 333 34 22 sä-

88 366 58 21 dana
161 365 160 30 statsutgifter,
337 366 81 22 hvilka
428 367 8 21 i
446 367 39 21 det
500 367 138 28 föregående
653 367 90 28 tillagts
753 367 93 22 benäm-

85 400 89 29 ningen
192 401 115 21 kulturela
326 401 103 28 utgifter.
458 402 107 21 Främsta
582 403 99 20 rummet
694 401 72 22 bland
781 402 65 21 dessa

87 435 141 22 sistnämnda
246 435 91 28 intages
359 435 23 22 af
400 435 128 29 utgifterna
546 435 36 23 för
600 436 172 29 undervisning,
788 443 58 22 upp-

86 469 88 22 fostran
194 469 44 22 och
257 469 45 22 den
320 470 176 28 vetenskapliga
510 471 138 28 bildningen
664 471 181 28 (universitetet),

86 503 36 22 för
138 504 81 22 hvilka
237 504 200 29 (hufvudsakligen
455 504 36 22 för
511 505 238 29 byggnadsändamäl)
769 506 14 21 &
802 505 44 21 den

87 538 178 22 extraordinarie
287 538 161 29 utgiftsstaten
469 539 73 22 under
565 541 54 21 åren
641 539 143 22 1901—1903
807 547 39 14 an-

86 573 82 21 vändts
188 574 81 21 inalles
289 574 107 28 omkring
415 574 116 28 4,219,000
550 574 70 22 mark.
649 574 108 22 Närmast
772 574 74 22 denna

86 615 76 21 grupp
176 608 93 22 komma
284 608 28 22 de
326 607 37 23 för
376 608 364 22 kommunikationsanstalternas
750 608 96 22 förbätt-

86 642 70 21 rande
175 642 93 28 utgifna
287 642 91 29 belopp,
397 643 128 28 utgörande
544 643 83 22 inalles
645 643 115 28 3,010,000
774 643 70 28 mark,

87 676 98 22 derefter
203 677 167 29 nybyggnads-
389 685 29 14 m.
436 678 23 21 fi.
479 678 81 28 anslag
580 679 13 20 &
613 678 149 28 sjukvårdens
781 678 65 28 gebit

87 718 36 15 om
139 711 94 29 984,000
247 712 65 21 mark
328 719 19 14 o.
363 719 15 15 s.
393 720 21 14 v.

155 746 47 21 Till
220 746 164 22 ofvanstäende
404 754 101 15 summor
523 747 78 22 kunde
617 750 61 19 ännu
693 747 109 28 tilläggas
818 747 28 22 de
864 748 128 30 Örvoföringar

86 781 87 28 anslag,
191 781 80 22 hvilka
287 781 10 21 i
313 781 61 22 form
392 781 23 22 af
434 781 168 30 öfverföringar
621 782 38 22 till
676 782 71 22 andra
764 782 82 22 fonder
866 775 38 38 la
970 775 19 40 n

86 815 112 29 antingen
212 816 111 21 utbetalts
339 816 55 21 eller
408 818 138 20 reserverats
561 816 36 22 för
612 817 180 28 allmännyttiga
807 819 39 19 än-
866 821 29 26 för
904 821 87 26 allmänna

86 849 81 29 damäl,
187 852 59 19 samt
266 849 28 22 de
313 850 91 29 belopp,
424 858 49 14 som
488 851 8 20 i
511 851 115 28 egenskap
646 851 23 21 af
683 851 40 21 län
737 851 108 28 utgifvits
883 844 85 15 mä.

74 881 47 24 "för
141 883 119 22 enahanda
279 884 111 21 ändamål.
419 885 120 22 Hvardera
559 885 65 22 skola
642 885 42 22 här
701 885 76 22 nedan
794 888 52 19 när-

85 925 62 15 mare
169 918 98 22 beröras.
296 918 13 21 I
330 918 64 22 detta
416 919 167 29 sammanhang
605 920 65 21 torde
693 920 59 21 dock
773 920 73 28 några

84 949 79 32 poster
174 953 107 22 särskildt
290 953 55 22 böra
355 953 138 23 framhållas.
507 954 47 21 För
564 954 137 29 utgifvande
711 954 23 21 af
745 954 101 29 odlings-

84 987 40 21 län
142 987 47 29 har,
205 987 10 21 i
230 987 125 28 anledning
374 987 23 22 af
416 987 140 22 Ständernas
575 988 40 22 vid
630 990 90 20 senaste
734 988 112 29 landtdag

86 1021 78 29 derom
179 1021 134 22 framstälda
327 1022 106 28 petition,
445 1022 60 22 ifrån
516 1022 144 22 statsfonden
670 1023 38 21 till
716 1023 130 28 utlänings-

85 1055 87 22 fonden
190 1056 73 21 under
283 1056 24 21 är
327 1056 57 21 1902
404 1056 122 23 öfverförts
545 1057 14 21 2
576 1057 107 29 miljoner
701 1057 70 22 mark.
800 1057 46 22 För

84 1090 163 29 torrläggning
269 1090 25 22 af
314 1091 72 21 sanka
404 1091 90 22 marker
512 1092 69 28 utgår
600 1100 28 13 ur
648 1092 143 22 statsfonden
809 1091 37 22 för

84 1125 143 22 närvarande
243 1125 88 29 ärligen
347 1127 34 19 ett
396 1126 80 28 anslag
490 1126 39 22 till
543 1126 85 28 belopp
640 1126 22 22 af
673 1126 92 29 600,000
775 1126 71 22 mark.

84 1160 46 21 För
150 1166 86 15 samma
256 1160 106 21 ändamål
379 1160 43 21 har
435 1160 73 22 under
524 1161 53 21 åren
594 1161 55 21 1901
666 1160 43 22 och
724 1161 56 21 1903
794 1160 52 22 från

85 1193 145 23 statsfonden
248 1193 122 23 öfverförts
386 1195 169 29 sammanlagdt
570 1195 115 29 1,700,000
699 1196 71 20 mark.
799 1195 47 21 Till

84 1229 112 21 hvardera
214 1229 23 21 af
256 1229 27 21 de
300 1229 37 22 för
352 1229 46 22 den
413 1229 122 22 obesuttna
549 1229 168 30 befolkningen
731 1230 115 22 inrättade

154 1314 13 24 ')
180 1314 140 19 Anställandet
332 1314 22 18 af
364 1315 132 24 beräkningar
506 1315 32 18 för
549 1315 84 24 tidigare
646 1316 22 17 år
679 1315 63 19 måste
754 1316 36 18 här
797 1316 49 18 lem-

83 1348 37 13 nas
140 1343 75 18 derhän
234 1343 20 18 af
273 1343 58 18 orsak
349 1344 31 17 att
397 1344 160 23 räkenskaperna
574 1344 67 18 härför
658 1344 101 25 uppställa
775 1345 71 18 nästan

84 1371 151 24 oötverstigliga
246 1371 75 19 hinder,
