1036 1623
184 70 24 19 18
364 68 21 22 U.
403 65 22 25 B.
441 82 27 2 —
485 68 146 28 Längmanska
645 68 109 24 fonderna.

510 234 107 35 Bilaga.

428 310 147 27 Längmanska
589 310 104 22 fonderna

181 373 120 27 underlyda
324 374 66 26 enligt
412 374 52 20 Erik
485 374 70 26 Johan
577 374 123 26 Längmans
722 374 43 20 den
780 380 28 15 20
824 374 115 21 december

183 408 54 26 1859
260 408 152 27 dagtecknade
432 411 131 18 testamente
584 411 56 18 samt
662 407 133 22 Ständernas
816 408 71 21 beslut
901 409 37 20 vid

183 443 54 25 1877
253 442 41 21 och
313 443 53 20 1882
382 443 34 20 års
432 442 129 27 landtdagar
576 441 94 28 följande
685 443 167 27 bestämningar.

252 476 93 21 Oafsedt
371 480 31 17 ett
428 477 58 21 antal
509 476 96 21 enskilda
632 484 104 20 personer
761 477 89 27 tillagda
872 477 64 27 legat,

180 511 90 21 delades
285 511 71 20 handl.
367 511 124 27 Längmans
506 511 49 20 hela
571 511 155 21 efterlämnade
740 511 151 28 förmögenhet
905 513 34 20 så-

180 545 70 26 lunda,
268 549 32 17 att
315 545 27 28 3/;
357 545 83 22 tillföllo
463 545 101 28 Sveriges
581 546 41 20 och
638 545 27 28 2/;
680 546 102 21 Finlands
799 546 54 28 ,alla
875 547 63 21 stånd

180 581 42 20 och
245 580 147 21 folkklasser*.
424 580 72 21 Sedan
520 581 42 20 den
577 580 91 26 Finland
683 580 96 21 tillfalina
795 581 91 21 andelen
901 589 37 19 ge-

180 622 51 14 nom
255 615 132 26 förräntning
411 615 66 26 enligt
500 618 105 18 testators
627 615 145 21 förordnande
795 615 142 28 uppbringats

179 649 32 22 till
228 653 90 22 155,000
333 649 61 20 rubel
408 652 56 17 samt
476 649 119 21 Ständerna
607 649 93 21 därefter
711 650 36 20 vid
760 650 54 26 1877
825 651 33 20 ärs
869 650 68 21 landt-

180 685 54 26 tdag
250 684 102 21 förklarat
364 685 34 26 sig
410 683 72 28 villiga
493 687 32 18 att
540 684 113 27 öfvertaga
668 684 158 27 förvaltningen
836 685 25 20 af
868 685 69 20 denna

179 719 70 25 andel,
266 718 39 21 har
326 719 124 20 densamma
470 718 66 27 enligt
559 721 103 18 testators
685 718 145 21 förordnande
846 719 91 20 delats
924 714 16 35 i

179 753 81 21 tvänne
282 753 81 20 fonder.
394 753 33 20 Af
448 753 64 20 dessa
528 752 55 21 skall
598 753 41 20 den
656 759 45 18 ena,
718 753 121 26 utgörande
854 753 35 20 vid
905 755 32 19 sin

179 787 120 28 uppkomst
315 787 77 27 62,500
408 787 65 25 rubel,
490 788 72 19 säsom
577 787 122 27 grundfond
710 787 67 20 under
787 791 87 17 namnet
885 787 51 21 Litt.

179 822 29 21 A.
222 822 112 26 ftörräntas,
350 822 42 20 tills
409 822 125 20 densamma
550 822 93 27 uppnått
659 827 14 20 4
683 821 97 27 miljoner
794 822 66 25 rubel,
876 822 62 29 hvar-

180 857 54 21 efter
249 857 76 20 räntan
341 856 45 21 dels
402 855 125 28 ytterligare
544 856 106 25 fonderas,
668 856 46 20 dels
730 856 110 20 användes
855 856 31 21 till
901 864 36 13 un-

179 890 91 21 derstöd
286 891 22 20 ät
318 890 82 27 fattige,
410 890 60 27 sjuke
486 890 42 21 och
543 891 66 20 andra
619 890 204 27 hjälpbehöfvande,
835 890 30 21 till
875 890 62 21 hvar-

178 924 94 27 jehanda
287 924 137 21 kommunala
439 924 69 21 behof
521 927 56 18 samt
592 924 31 21 till
637 924 109 27 jordbruk,
763 924 79 25 sjöfart,
858 924 79 21 handel

179 959 43 21 och
237 959 90 21 industri
342 966 26 14 m.
384 966 28 13 m.
442 959 139 21 Beträffande
596 959 46 20 åter
659 959 41 20 den
715 958 67 21 andra
797 959 86 25 fonden,
900 959 37 20 be-

179 994 80 21 nämnd
281 994 52 21 Litt.
348 993 32 26 B.,
397 993 31 22 till
448 993 88 21 hvilken
555 993 117 21 hänfördes
688 997 78 23 92,500
781 993 65 26 rubel,
863 993 72 28 gäller,

178 1031 32 18 att
232 1028 81 21 hälften
336 1028 22 21 af
380 1029 27 20 de
428 1028 66 27 ärliga
509 1029 79 24 räntor,
604 1035 55 14 som”
667 1028 75 27 inflyta
758 1029 7 20 i
780 1028 85 25 fonden,
882 1028 55 21 skall

178 1063 76 27 läggas
271 1063 31 21 till
316 1063 112 27 kapitalet,
441 1063 114 21 hvaremot
565 1063 42 21 den
618 1063 67 20 andra
695 1063 88 25 hälften,
795 1063 68 20 sedan
874 1063 63 21 därur

178 1098 58 21 dock
256 1098 76 21 främst
351 1099 72 26 utgätt
438 1097 101 21 Finlands
555 1097 64 21 andel
634 1099 6 19 i
657 1098 27 20 de
699 1099 31 19 uti
744 1101 141 17 testamentet
900 1097 36 21 be-

178 1132 86 21 stämda
287 1132 82 27 legater
392 1135 56 18 samt
470 1132 81 27 nödiga
571 1132 82 27 belopp
669 1132 33 21 för
717 1132 139 21 bestridande
871 1133 65 20 tilsvi-

178 1167 52 20 dare
247 1167 25 20 af
283 1167 288 26 förvaltningskostnaderna
587 1166 32 21 för
635 1166 72 27 bägge
723 1166 110 25 fonderna,
850 1167 34 20 mä
900 1173 36 14 an-

179 1201 43 20 slås
240 1201 46 28 ,för
301 1201 163 27 Vettenskaper
480 1201 42 20 och
535 1200 68 21 sköna
613 1200 94 26 konster,
719 1201 108 20 Litterära
838 1201 98 20 Arbeten

178 1235 42 21 och
239 1235 96 22 skrifters
351 1237 67 26 gratis
433 1235 113 27 utdelning
561 1235 31 21 till
607 1235 113 27 allmoge."

327 1384 109 22 Helsingfors
452 1388 48 17 1905.
524 1384 107 22 Helsingfors
645 1384 144 22 Centraltryckeri.
