1050 1628
455 61 25 22 I
790 61 27 22 73

158 129 243 29 Bevillningsfondens
423 129 174 29 kapitalbelopp
619 129 40 22 vid
680 130 122 28 utgången
825 128 23 22 af

90 165 25 21 år
130 165 56 22 1903
196 165 107 28 utgjorde
314 165 15 27 (i
338 164 79 28 jemna
427 165 108 27 tusental)
546 164 130 28 10,786,000
685 164 71 28 mark,
767 163 82 22 hvaraf

90 199 44 22 den
153 199 141 28 ojemförligt
313 201 72 19 större
401 199 66 21 delen
481 206 41 14 var
537 198 107 28 placerad
658 199 8 20 i
682 198 166 22 räntebärande
861 192 8 8 ”

90 233 142 29 (Preussiska
239 227 14 40 3
269 234 34 27 9/,)
319 233 216 28 statsobligationer.
564 233 54 21 Men
636 233 40 22 vid
690 233 121 28 utgången
825 231 24 22 af

88 267 157 23 innevarande
254 267 155 28 finansperiod
417 267 102 22 kommer
527 267 97 22 fondens
632 267 88 28 kapital
729 268 35 20 att
770 267 79 28 uppgå
864 287 3 4 .

88 303 39 21 till
140 302 118 28 betydligt
272 302 71 28 högre
358 302 90 28 belopp.
477 302 82 28 Enligt
575 302 59 21 årets
650 301 146 29 statsförslag
810 301 39 22 be-

89 337 64 27 löper
172 336 36 28 sig
222 336 117 28 nemligen
356 335 150 25 öfverskottet
521 335 23 22 af
558 335 98 22 fondens
670 336 127 21 inkomster
812 336 37 21 till

88 370 99 29 ungefär
195 370 115 28 2,479,000
316 370 72 28 mark,
396 370 96 22 hvartill
500 370 104 22 kommer
613 369 152 29 nyssberörda
776 369 73 22 öfver-

90 404 77 29 föring
183 404 23 22 af
215 405 16 21 4
240 404 106 29 miljoner
356 405 70 21 mark.
449 404 44 22 Om
502 404 80 22 härtill
593 407 62 19 ännu
664 404 81 28 lägges
757 404 93 28 700,000

90 439 65 21 mark
175 440 75 20 säsom
269 439 128 28 ersätining
414 438 37 22 för
470 440 33 20 ett
519 438 53 22 frän
589 438 87 22 fonden
693 438 74 22 under
787 438 63 22 detta

92 474 24 21 år
126 474 37 21 till
172 473 259 29 krigsmanshuskassan
442 472 125 23 öfverfördt
577 473 84 28 belopp
672 472 78 29 (ofvan
757 472 42 22 sid.
806 472 43 28 64),

90 508 103 21 kommer
213 507 238 29 bevillningsfondens
471 508 120 21 sannolika
611 507 128 23 öfverskott
759 509 34 19 att
810 506 41 32 vid

90 542 156 22 innevarande
260 542 166 28 finansperiods
440 543 91 27 utgång
540 542 10 21 i
559 542 70 22 rundt
644 542 34 22 tal
691 544 85 26 utgöra
791 542 60 21 circa

91 577 28 21 18
133 576 107 29 miljoner
254 577 70 21 mark.

159 646 88 21 Finska
263 646 147 21 statsverkets
425 645 151 28 jernvägarne
591 645 126 22 berörande
729 644 121 22 finansför-

91 680 107 28 valtning
215 680 42 21 har
277 680 70 21 sedan
366 681 24 20 är
409 679 56 22 1886
480 680 10 21 i
504 679 36 22 sin
557 679 79 22 helhet
654 679 173 22 koncentrerats
842 679 9 22 i

92 715 149 22 statsverkets
251 714 273 22 kommunikationsfond.
545 715 71 20 Detta
626 713 143 23 förhällande
781 721 70 20 anger

90 751 57 20 utan
162 749 79 21 vidare
256 749 71 28 sagda
341 749 67 21 fonds
423 749 43 21 och
476 749 51 21 dess
537 748 113 22 bokförda
661 748 136 22 inkomsters
809 748 43 21 och

90 783 109 29 utgifters
221 786 62 19 stora
300 783 117 29 betydelse
436 783 35 22 för
490 783 75 22 finska
585 783 148 22 statsverkets
752 783 100 21 finanser

90 818 10 21 i
114 818 36 21 sin
164 817 84 22 helhet.
381 827 7 6 .

161 887 53 21 Den
230 887 37 21 till
282 888 76 20 senast
370 886 137 22 församlade
517 886 99 22 Ständer
627 885 89 29 afgifna
725 885 128 22 relationen

93 928 37 14 om
145 921 149 22 statsverkets
308 921 106 21 tillstånd
428 921 77 21 kunde
521 920 96 22 omfatta
631 920 222 22 kommunikations-

91 955 98 22 fondens
207 955 155 28 räkenskaper
376 955 61 22 blott
451 955 36 22 för
500 955 66 21 tiden
580 955 38 21 till
634 955 56 21 1898
707 955 35 20 års
756 955 97 27 utgång.

871 643 121 15 Kommumika-

878 665 111 18 tionsfonden.

891 890 88 14 1898—1900.

92 989 178 22 Statsutskottet
285 997 41 14 var
342 990 58 21 dock
415 990 128 20 sedermera
552 989 9 21 i
570 988 94 22 tillfälle
680 991 34 19 att
728 991 55 26 taga
797 989 56 21 kän-
873 984 2 2 -

92 1024 84 21 nedom
191 1031 37 14 om
243 1023 97 23 fondens
356 1024 143 29 gestaltning
515 1023 68 23 äfven
598 1024 73 21 under
681 1024 25 21 är
717 1023 62 22 1899.
800 1023 54 22 Men

92 1058 29 21 dä
136 1058 130 22 Ständerna
280 1058 58 23 först
353 1066 32 14 nu
401 1058 104 29 erbjudes
521 1058 123 29 möjlighet
658 1059 38 20 till
710 1057 145 29 granskning

92 1092 22 21 af
135 1093 312 21 kommunikationsfondens
464 1093 128 21 inkomster
610 1093 43 21 och
670 1092 98 28 utgifter
781 1091 74 22 under

90 1127 55 22 hela
163 1127 186 28 finansperioden
369 1127 149 28 1898—1900,
534 1127 65 22 torde
617 1127 50 21 skäl
681 1126 125 22 förefinnas
821 1128 34 19 att

91 1161 42 22 här
148 1162 103 28 uppvisa,
267 1162 60 21 huru
339 1161 98 22 fondens
448 1161 127 28 viktigaste
585 1161 111 22 inkomst-
709 1161 42 22 och
761 1160 94 29 utgifts-

93 1198 79 26 poster
186 1196 74 21 under
275 1196 72 29 sagda
361 1196 35 21 tid
410 1195 95 29 utfallit,
521 1195 110 22 särskildt
641 1195 8 22 i
656 1195 132 28 jemförelse
803 1195 53 21 med

96 1230 45 21 den
156 1230 23 21 af
195 1230 128 22 Ständerna
338 1230 123 29 godkända
475 1230 124 29 budgeten.
627 1231 72 21 Detta
713 1229 102 29 framgår
828 1237 29 13 ur

92 1264 104 29 följande
213 1265 169 28 sammandrag:

341 1337 11 7 -
