1025 1620
380 68 29 23 U.
425 69 27 22 B.
471 81 27 2 —
513 68 28 21 II.
814 67 38 22 95.

82 136 121 28 behällning
222 137 34 20 vid
275 137 108 27 utgängen
399 136 22 21 af
436 136 23 21 är
475 137 60 25 1904,
551 137 21 20 af
587 136 110 22 Utskottet
711 137 7 20 i
734 143 108 14 samman-

82 171 56 27 hang
152 171 48 21 med
216 171 69 21 denna
300 171 131 28 granskning
446 171 48 20 icke
508 171 98 27 pröfvats.
622 171 110 21 Utskottet
748 171 38 21 bör
800 170 40 21 lik-

58 233 4 3 —
82 205 34 20 väl
133 205 80 28 påpeka
232 205 35 21 det
281 211 149 22 gynsammare
446 205 88 21 resultat
550 205 70 21 denna
635 205 75 26 kalkyl
725 205 37 21 bör
777 205 63 28 gifva,

82 239 65 21 sedan
165 240 25 20 de
207 239 118 22 beräknade
347 239 115 28 utgifterna
477 239 33 21 för
524 240 193 27 statsjärnvägarna
734 239 67 22 under
816 239 25 21 är

82 273 62 28 1904,
159 273 69 22 såsom
250 274 37 21 här
309 273 64 22 ofvan
394 273 132 27 framhållits,
541 273 110 22 befunnits
672 273 65 21 hafva
758 274 54 21 varit
832 273 8 21 i

80 307 117 22 relationen
212 307 97 28 felaktigt
324 307 144 28 kalkylerade.

272 409 375 29 Bränvinsskatten.

148 480 41 22 För
211 481 183 21 bränvinsskatten
416 480 69 21 under
501 480 49 21 ären
567 480 142 22 1898—1903
724 480 114 28 redogöres

58 530 3 4 .
79 515 32 21 uti
136 514 138 28 inledningen
299 515 32 21 till
352 514 118 22 relationen
500 521 15 14 s.
538 515 91 21 22—24.
659 514 178 28 Räkenskaperna

58 553 2 2 *
79 549 63 21 hafva
162 549 47 21 icke
227 549 61 27 gifvit
303 548 116 28 anledning
435 548 33 22 till
483 548 70 28 någon
568 555 71 15 annan
653 549 141 27 anmärkning
809 551 26 19 än

80 585 30 19 att
134 583 155 28 Ofverföringen
310 583 21 21 af
352 583 90 27 660,000
459 583 60 21 mark
534 583 31 21 till
579 583 259 27 bevillningsmedelsfon-

59 645 2 2 =
80 618 40 21 den
143 618 68 21 under
229 618 101 27 perioden
347 618 141 21 1898—1900
504 618 46 20 icke
565 618 56 20 skett
636 618 82 21 direkte
734 619 52 19 utan
801 624 37 21 ge-

79 658 50 15 nom
152 652 279 22 kommunikationsfonden.
461 652 102 27 Följande
587 652 66 21 tabell
674 652 38 21 har
727 652 111 28 uppgjorts

80 686 21 21 af
123 686 100 22 utskottet
244 687 33 21 för
291 688 30 20 att
336 686 74 27 belysa
426 686 42 21 den
483 686 90 21 faktiska
588 686 124 30 inkomsten
727 686 21 22 af
764 686 69 21 denna

79 720 55 21 skatt
150 721 107 21 äfvensom
273 721 134 21 densammas
422 720 66 28 ärliga
502 720 121 28 fördelning
638 720 70 22 under
724 721 109 27 tidsperio-

59 750 2 28 :
79 755 40 21 den
136 756 144 20 1898—1903.
309 755 42 21 För
366 755 22 21 år
405 755 56 21 1904
475 755 38 21 har
524 755 101 21 utskottet
635 754 84 22 erhållit
728 755 108 28 uppgifter

58 804 2 2 +
78 789 75 21 endast
168 789 31 21 till
213 789 74 22 ultimo
303 789 121 21 november.

137 1419 160 19 Statsutskottets
310 1420 120 18 betänkande
442 1421 36 17 N:o
490 1420 19 18 4.
