1053 1625
242 54 33 38 40
592 59 13 21 I

217 127 85 29 Hangö
321 128 39 21 till
374 128 98 28 lämplig
487 127 70 22 hamn
571 128 41 21 vid
626 128 120 28 Englands
762 127 91 22 ostkust
866 126 37 23 för
917 129 62 19 tran-

218 164 65 26 sport
298 161 25 22 af
343 162 71 22 finskt
434 164 60 19 smör
512 162 44 21 till
571 157 108 38 England,
695 162 9 21 i
718 162 90 22 hvilket
824 161 106 22 afseende
945 164 34 19 tre

217 196 36 21 för
274 196 81 28 sjöfart
373 204 85 20 genom
478 196 20 22 is
521 196 120 22 utrustade
657 196 43 22 och
714 196 53 22 med
783 196 196 28 ändamålsenliga

218 230 256 29 afkylningsapparater
495 231 36 21 uti
552 231 113 21 isolerade
684 231 97 21 lastrum
799 230 106 22 försedda
923 231 56 27 ång-

218 264 85 29 fartyg,
319 265 105 21 lastande
440 265 19 28 ej
475 265 73 21 under
564 265 64 28 1,000
642 267 53 19 tons
710 265 85 28 hvarje,
812 265 73 21 skulle
900 266 79 20 ställas

219 300 14 20 å
248 299 71 28 sagda
341 299 65 28 linje;
430 299 42 22 och
490 299 182 22 tillförsäkrades
687 299 207 22 Kommerseräden
908 299 73 21 Dahl-

219 335 70 20 ström
306 334 43 21 och
363 334 43 28 Ek,
421 333 81 22 hvilka
516 333 121 22 förbundit
652 334 37 27 sig
704 336 35 19 att
750 333 70 28 sagda
830 333 68 22 trafik
907 333 73 22 under

218 368 33 21 tio
271 369 30 27 år,
321 368 99 21 räknadt
438 367 51 22 från
506 368 44 22 den
566 368 12 21 1
593 368 130 22 November
738 368 63 27 1902,
816 368 163 28 upprätthålla,

219 403 76 21 såsom
311 403 129 28 ersättning
454 402 37 22 för
506 403 63 21 detta
586 403 40 21 sitt
642 403 114 28 åtagande
770 410 27 13 ur
808 403 115 21 allmänna
933 409 46 14 me-

220 437 37 21 del
272 439 33 19 ett
319 437 118 21 räntefritt
451 437 39 21 lån
506 437 13 21 å
534 437 115 28 1,800,000
663 437 66 21 mark
743 439 50 19 mot
807 437 72 21 första
892 437 88 21 inteck-

218 471 59 28 ning
291 471 9 21 i
316 471 71 28 sagda
402 471 79 29 fartyg
497 471 43 22 och
555 472 53 21 med
622 471 145 29 förpligtelse
782 471 37 22 för
834 471 97 22 rederiet
946 473 34 20 att

219 505 72 22 under
309 505 45 22 tolf
372 507 25 20 år
412 506 125 21 återbetala
552 506 63 21 lånet
629 506 52 21 med
697 505 94 29 150,000
806 506 64 21 mark
885 506 94 27 årligen,

220 540 59 22 dock
299 540 96 22 sålunda
411 542 34 20 att
460 541 160 21 annuitoterna
634 540 37 22 för
686 541 28 21 de
729 541 40 21 två
784 540 57 22 sista
856 541 54 21 åren
925 540 55 21 eller

220 575 169 28 sammanlagdt
409 575 94 28 300,000
520 576 66 20 mark
605 576 73 20 skulle
695 575 156 21 efterskänkas
867 582 37 14 om
919 574 62 22 trafi-

219 610 47 21 ken
286 610 91 21 kunnat
395 610 13 21 å
427 610 78 28 linjen
518 609 23 22 af
559 610 99 21 rederiet
675 609 170 29 upprätthållas
858 609 74 21 under
946 609 34 21 tio

220 645 30 20 år.
280 644 118 22 Kontrakt
419 644 9 22 i
452 644 103 28 enlighet
577 644 52 21 med
652 644 39 21 det
705 644 92 28 Nådiga
816 643 165 22 förordnandet

219 678 142 29 uppgjordes
381 678 70 28 derpå
470 679 44 21 den
534 678 28 22 25
580 678 61 22 Mars
657 678 57 22 1902
731 678 97 22 emellan
843 677 138 22 statsverket

222 713 43 21 och
286 712 101 22 nämnda
408 720 114 21 personer,
544 712 115 22 hvarefter
673 712 135 22 kontraktet
823 712 52 21 med
889 711 92 29 Kejser-

220 748 49 28 liga
289 747 112 21 Senatens
419 746 141 29 begifvande
580 746 23 22 af
618 747 51 21 dem
686 746 128 23 öfverlätits
829 747 38 21 till
881 735 100 44 Angfar-

220 782 214 28 tygsaktiebolaget
455 781 69 23 Nord.
554 781 135 22 Sedermera
710 782 43 20 har
771 782 65 20 Hans
851 780 130 28 Kejserliga

220 816 109 28 Majestät
348 816 76 21 täckts
444 816 43 21 den
508 816 27 29 13
554 815 101 22 Oktober
671 815 57 22 1903
742 815 10 21 i
766 815 76 22 Näder
856 815 76 21 tilläta
948 817 35 18 att

222 851 23 20 åt
267 850 106 21 bemälda
394 850 70 28 bolag
482 850 37 21 för
538 849 150 22 omförmälda
707 849 104 29 sjötrafik
825 857 26 13 ur
867 849 115 21 allmänna

221 885 74 21 medel
310 884 103 29 utgifves
428 885 138 21 subvention
582 885 72 20 under
669 885 40 21 tvä
725 885 30 27 är,
768 883 98 22 räknadt
881 883 45 22 frän
937 883 42 22 den

222 919 13 20 1
250 919 131 22 November
397 919 62 28 1902,
475 919 73 21 under
564 919 39 21 det
617 918 72 22 första
706 919 48 21 äret
768 918 37 26 till
821 920 32 19 ett
862 918 85 28 belopp
959 917 25 22 af

221 953 80 28 20,000
319 953 66 21 mark
400 955 59 20 samt
473 953 73 22 under
562 953 38 22 det
616 953 70 21 andra
702 953 23 21 af
740 952 80 29 15,000
833 953 65 20 mark
911 952 10 21 i
935 952 47 21 mä-

221 988 81 21 naden.
324 988 53 21 Den
392 988 29 21 30
434 988 130 22 November
581 987 56 22 1904
651 988 43 21 har
708 987 66 22 Hans
788 987 131 28 Kejserliga
933 986 49 21 Ma-

220 1022 71 29 jestät
313 1022 75 21 täckts
403 1023 10 20 i
426 1022 77 22 Näder
525 1022 77 21 tillåta
617 1022 101 21 Senaten
734 1024 34 19 att
783 1021 132 28 öfverflytta
929 1020 53 22 full

222 1057 113 28 görandet
357 1056 26 22 af
404 1057 71 28 sagda
496 1056 179 22 trafikkontrakt
698 1057 13 20 &
732 1055 88 22 Finska
834 1045 148 42 Ångfartygs

222 1091 171 29 Aktiebolaget.

291 1126 132 28 Kejserliga
438 1125 101 22 Senaten
553 1126 43 21 bar
609 1125 110 29 derjemte
729 1132 84 22 genom
824 1124 159 22 Landtbruks-

223 1160 124 29 styrelsens
369 1160 91 28 försorg
483 1160 112 22 anordnat
618 1160 168 27 öfvervakning
808 1158 26 22 af
853 1159 39 21 det
908 1158 75 22 finska

224 1197 177 26 exportsmörets
418 1194 196 28 ändamålsenliga
628 1194 35 22 in-
680 1194 43 22 och
737 1193 130 28 utlastning
881 1195 59 20 samt
950 1192 33 22 af-

222 1229 101 28 kylning
337 1228 74 22 under
426 1228 181 29 sjötransporten
622 1228 38 22 till
675 1228 114 28 England.

293 1264 35 27 23)
351 1263 42 21 Uti
415 1263 144 28 underdånig
582 1262 120 22 skrifvelse
720 1262 26 22 af
764 1262 43 21 den
826 1262 13 20 1
854 1262 56 21 Juni
927 1261 58 21 1900

222 1297 71 22 hafva
316 1297 128 22 Ständerna
467 1297 97 21 anhällit
587 1299 34 19 att
642 1297 66 22 Hans
727 1296 131 29 Kejserliga
876 1295 108 29 Majestät

223 1332 89 21 täcktes
327 1332 48 21 låta
389 1331 137 22 föranstalta
540 1331 139 28 fullständig
693 1330 126 28 utredning
830 1338 37 14 om
877 1330 45 21 alla
932 1330 52 21 med

224 1366 154 29 skjutsnings-
393 1366 43 21 och
451 1365 364 29 gästgifverihållningsbesväret
826 1364 158 22 sammanhän-
