1025 1620
399 73 29 23 U.
444 74 28 21 B.
489 85 27 3 —
531 73 29 21 11.

301 143 189 20 1901
381 128 18 45 .
439 143 51 20 0.
535 143 11 19 2

301 177 252 25 1902
381 162 15 45 .
417 162 15 45 .
447 162 19 45 .
480 162 20 45 .
518 162 38 45 11,

301 211 253 26 1908
380 196 18 46 .
415 196 17 46 .
446 196 16 46 .
473 196 24 46 0.
515 196 43 46 17,

548 142 54 26 ,065:
620 143 25 20 11

557 177 46 20 151:
621 177 25 20 77

556 211 47 20 004:
621 211 26 20 95

811 74 41 21 107

163 253 60 20 Efter
237 252 55 20 hvad
310 251 107 21 Utskottet
431 251 105 21 inhämtat
546 251 62 20 beror
619 250 152 22 kostnadernas
782 251 73 22 nedät-

95 287 81 27 gäende
191 287 8 20 i
215 285 114 22 allmänhet
352 285 65 28 derpä
439 287 31 20 att
491 291 90 15 numera
601 291 80 15 samma
704 286 100 27 stämplar
819 292 36 14 an-

95 322 79 20 vändas
189 321 54 20 bäde
258 321 33 20 för
303 320 169 27 stämpelpapper
490 320 40 21 och
549 320 176 27 stämpelmärken
746 321 109 20 äfvensom

96 355 64 28 derpä
175 357 30 19 att
220 355 200 28 stämpelvalörerna
436 356 35 19 äro
487 355 55 20 färre
558 356 26 19 än
600 355 63 20 förut.

164 389 294 27 Bevillningsmedelsfonden
482 389 87 27 päförda
596 388 111 27 utgifter
732 389 40 20 för
793 389 63 20 folk-

96 424 197 21 skoleväsendet
313 424 69 20 under
405 423 100 27 perioden
523 423 140 21 1898—1900
680 423 39 21 och
735 423 50 21 ären
801 423 54 21 1901

96 458 85 21 —1903
195 458 82 27 framgå
292 457 22 21 af
328 458 94 27 följande
438 457 95 27 tabeller,
548 457 21 21 af
584 457 72 21 hvilka
671 457 40 21 den
728 457 128 27 föregående

94 492 36 21 för
143 494 66 20 större
225 492 188 27 öfverskädlighets
429 492 57 20 skull
502 493 22 19 är
539 492 38 20 här
591 492 87 26 intagen
698 498 25 14 ur
733 491 123 21 relationen.

396 537 160 23 1898—1900.

578 590 110 32 Beräknade
736 595 92 18 Faktiska

593 613 82 32 utgifter
744 618 78 23 utgifter

556 654 40 2 |
590 649 43 51 Fe
671 654 27 32 176]
734 654 46 26 Sie
802 649 48 51 176

113 727 119 24 Staisbidrag;
248 728 28 17 till
286 727 236 24 folkskoleinrättningarne
533 727 6 18 i
702 693 4 45 |

138 762 86 18 städerna
246 776 4 3 .
563 761 92 22 1,395,000
664 757 8 30 |
673 771 23 2 —
701 757 8 30 |
714 761 91 22 1,486,915
810 757 10 30 |
823 761 22 18 82

116 796 117 24 Statsbidrag
244 796 29 18 till
283 771 127 51 folkskolorna
420 775 32 44 v
456 775 63 39 landet
535 775 4 38 .
563 795 93 23 4,335,000
664 791 9 31 |
673 806 23 2 —
701 791 8 31 |
714 795 92 22 4,055,980
812 791 8 31 |
824 795 22 17 22

114 831 37 17 Till
167 830 167 24 löneförhöjningar
348 831 20 17 ät
379 830 123 18 nästnämnde
513 830 27 18 lä-
553 826 12 35 |

138 862 123 31 rarepersona!
277 879 4 4 .
361 879 33 3 EE
581 864 116 22 433,000|—j
731 864 75 22 454,583
812 860 8 31 |
824 864 22 18 55

115 900 35 18 Till
162 900 94 24 pensioner
267 900 21 18 åt
299 899 120 19 landsfolksk.
419 878 122 45 Järareperso-

139 924 55 41 nalen
583 927 114 28 130,800|
685 923 31 40 —|
724 923 10 40 —
744 932 62 23 97,322
811 923 11 40 |
825 933 22 18 89

118 969 35 18 Till
160 968 133 24 pensionsfond
301 948 35 39 för
340 948 95 39 städernas
442 943 99 53 folkskole-

138 1003 59 18 lärare
217 1017 5 4 .
593 1001 64 23 96,000
666 997 9 31 |
675 1012 22 2 —
744 1002 64 21 91,890
817 997 9 31 |
826 1012 22 2 —

116 1038 105 18 Understöd
234 1038 20 18 ät
265 1017 53 43 sjuke
329 1012 153 52 folkskolelärare
595 1036 64 22 45,000]
675 1046 23 3 —
744 1036 64 22 45,000
817 1032 11 30 |
826 1047 23 1 —

116 1072 118 23 Statsbidrag:
245 1072 28 18 till
286 1071 125 24 uppförandet
417 1072 20 18 af
442 1072 99 18 folkskole-

138 1107 36 18 hus
187 1107 35 18 och
234 1106 133 23 slöjdlokaler
358 1102 12 31 .
583 1105 116 22 150,000|—1i
734 1105 74 22 138,700|
826 1116 23 2 —

116 1142 36 18 Till
166 1142 102 18 bibliothek
284 1142 30 18 för
331 1116 211 52 folkskolelärareperso-

139 1176 54 18 nalen
203 1177 25 23 på
239 1176 71 18 landet.
595 1174 63 22 51,000
663 1170 11 30 |
676 1184 23 2 ——
745 1174 64 22 51,000
816 1170 10 30 |
827 1184 23 2 —

116 1210 36 18 Till
164 1210 193 23 fortsättningskurser
366 1210 33 17 vid
407 1185 106 53 folkskolor
518 1189 25 44 på

139 1239 64 34 landet
219 1258 4 4 .
451 1258 33 4 ok
510 1257 32 4 Ros
595 1243 104 22 63,000|—i
729 1238 9 33 =
746 1242 104 22 88,198140

115 1280 36 17 Till
168 1278 107 19 aflönandet
291 1279 19 18 af
325 1254 218 52 handarberslistvinnor
539 1277 34 61 i

139 1314 31 18 vid
181 1314 102 18 folkskolor
308 1314 11 18 pä
330 1313 66 18 landet
422 1327 4 4 .
452 1327 4 3 .
481 1327 3 3 .
510 1319 11 11 =
585 1331 2 2 N
760 1330 8 3 W

116 1348 38 18 För
166 1316 126 60 aniimyäining
312 1320 50 50 läjä
370 1347 32 19 vid
410 1347 103 19 folkskolor
519 1326 25 45 på
539 1341 30 58 I
585 1329 74 23 1000]
678 1340 22 2 —|
736 1328 75 23 105818
828 1328 23 18 224

138 1382 65 18 landet
220 1396 4 4 .

116 1417 35 18 Till
163 1417 99 23 stipendier
271 1418 20 17 åt
299 1391 245 54 landsfolkskoleläxarsper-

140 1447 68 31 sonalen
215 1458 9 11 .
423 1465 3 4 .
597 1450 64 22 10,800
670 1445 9 31 |
678 1460 23 2 —
748 1448 63 23 10,800
821 1444 9 31 |
830 1458 22 3 —

117 1486 77 18 Diverse
205 1486 76 23 utgifter
292 1486 31 18 för
334 1461 182 52 folkskoleväsendet
608 1495 23 2 —
678 1494 24 3 —
749 1483 62 22 16,429
817 1479 9 31 |
830 1483 23 18 40

465 1526 79 18 Summa
546 1519 15 34 |
567 1524 93 23 6,862,600
667 1519 13 34 |
678 1535 24 2 —
707 1519 9 34 |
720 1524 92 22 6,642,234
818 1519 9 34 |
830 1523 22 17 72

169 1555 162 18 Staisutskotteis
346 1554 121 19 betänkande
479 1554 36 18 N:o
527 1554 18 17 4.
