1036 1620
93 473 18 22 8)
123 473 90 17 Tammer-

131 501 41 19 fors.

90 679 17 23 9)
120 678 93 24 Uleåborg.

253 67 28 21 28

224 130 101 27 tidsenlig
339 130 55 21 lokal
409 129 32 21 för
456 129 101 27 kontoret,
573 128 128 22 omfattande
717 128 165 28 expeditionssal,
893 128 30 21 ett
932 134 48 14 rum

224 164 33 22 för
281 164 219 25 bankkommissarien,
520 164 30 20 ett
568 170 48 14 rum
634 163 32 21 för
684 163 105 25 kassören,
808 162 111 26 arkivrum,
938 163 47 20 sär-

225 198 68 22 skilda
312 198 60 21 hvalf
388 198 32 21 för
439 198 89 21 hufvud-
544 198 38 21 och
596 198 139 25 handkassan,
751 197 84 21 tambur
851 196 105 22 äfvensom
970 196 8 21 i

225 240 26 14 en
271 232 161 28 gärdsbyggnad
450 232 55 21 lokal
523 232 32 21 för
569 232 161 25 vaktmästaren,
746 232 62 21 hafva
823 230 157 22 Bankfallmäk-

225 267 43 27 tige
289 266 40 22 den
345 268 13 20 6
372 266 57 22 Mars
446 263 54 25 1903
516 266 135 28 bemyndigat
665 266 135 21 Direktionen
816 266 31 20 att
861 265 48 21 med
923 264 54 22 Herr

225 301 96 21 Leander
338 302 95 27 uppgöra
452 300 51 22 aftal
522 308 34 14 om
573 300 135 28 upphyrande
728 300 22 21 af
766 300 93 21 nämnda
877 299 55 21 lokal
946 299 35 21 för

225 336 107 21 kontorets
350 335 90 27 räkning
455 336 44 20 mot
517 342 25 14 en
558 335 52 27 årlig
625 335 53 27 hyra
692 334 64 27 2,400
770 334 60 22 mark
842 334 64 27 jemte
921 333 59 21 med-

226 370 97 27 gifvande
339 370 66 21 tillika
424 370 30 20 att
473 370 22 20 åt
509 369 54 21 Herr
578 370 95 21 Leander
687 370 55 26 finge
757 370 44 20 mot
815 369 66 21 första
895 368 81 21 inteck-

225 404 52 27 ning
298 404 33 21 uti
348 404 138 21 omförmälda
504 404 51 27 gård
570 404 23 20 af
604 404 148 27 Längmanska
766 403 215 21 testamentsfondens

225 438 70 21 medel
309 438 126 22 försträckas
453 439 30 20 ett
497 438 73 27 belopp
587 437 22 22 af
623 438 78 25 80,000
716 438 65 21 mark.

295 472 63 28 Enär,
367 473 68 21 såsom
447 473 91 26 framgår
548 472 23 21 af
578 472 203 27 Bankfullmäktiges
792 472 71 21 senast
871 472 32 21 till
911 471 72 22 Bank-

226 506 102 22 utskottet
354 507 77 21 aflåtna
457 507 117 27 berättelse,
598 507 95 21 kontoret
712 507 8 19 i
741 506 139 21 Tammerfors
906 506 40 20 den
971 507 9 19 1

225 540 53 21 Juni
296 541 54 21 1901
366 541 109 27 inflyttade
493 541 31 21 uti
543 547 69 15 annan
630 541 61 25 lokal,
709 540 113 27 beviljades
836 540 32 21 för
883 540 40 21 den
938 546 42 21 nya

225 574 94 22 lokalens
341 575 110 27 inredning
475 576 38 20 och
532 575 117 27 möblering
668 576 54 29 samt
740 574 47 22 dess
805 574 108 22 förseende
931 574 49 21 med

227 609 98 21 elektrisk
348 610 111 27 belysning
481 610 30 21 ett
534 610 73 26 anslag
628 616 24 14 ur
674 609 98 21 Bankens
793 609 69 21 medel
881 609 22 21 af
918 609 64 26 högst

225 644 66 26 4,500
306 645 66 20 mark.

295 678 30 21 På
344 678 155 28 framställning
518 679 22 21 af
556 679 135 21 Direktionen
710 678 109 22 anvisades
838 678 22 21 af
872 677 111 22 Bankfull-

226 712 93 28 mäktige
337 713 39 21 den
394 714 25 21 17
435 714 44 21 Juli
496 714 55 20 1500
566 713 32 21 för
613 720 25 14 en
653 713 64 27 nödig
732 713 104 21 befunnen
851 712 82 21 mindre
947 718 35 14 re-

226 746 96 28 paration
337 747 12 21 &
363 747 98 22 Bankens
477 748 79 27 egande
572 748 51 27 gärd
637 748 7 20 i
661 748 103 26 Uleäborg
779 747 31 21 ett
824 747 73 27 anslag
907 746 22 21 af
937 746 44 21 450

226 781 66 21 mark.
321 781 59 21 Efter
396 782 35 21 det
445 782 95 21 kontoret
557 782 4 20 i
576 782 104 27 Uleäborg
695 782 119 21 sedermera
824 788 75 20 genom
908 780 71 22 Direk-

226 815 71 21 tionen
318 815 111 22 inkommit
451 816 49 21 med
520 816 80 27 förslag
621 816 33 21 till
672 816 82 21 remont
773 816 38 21 och
829 815 152 27 ombyggnads-

228 849 86 22 arbeten
329 850 12 21 &
356 850 66 27 sagda
436 851 57 26 gärd,
509 850 79 27 gäende
603 850 146 27 förnämligast
765 851 24 20 ut
804 850 26 27 pä
844 850 31 21 att
888 849 92 27 afhjälpa

227 884 101 21 särskilda
346 885 76 21 brister
441 885 38 21 och
498 885 74 20 skador
588 885 11 20 &
613 885 131 27 byggnaden,
762 885 31 20 att
806 884 87 21 försätta
909 883 72 27 sjelfva

226 918 138 21 banklokalen
383 919 32 21 uti
433 919 200 27 ändamålsenligare
652 919 38 21 och
704 919 64 26 något
782 919 118 27 prydligare
915 918 63 26 skick,

227 953 30 20 att
272 952 126 22 iståndsätta
413 954 41 20 den
470 954 22 20 af
504 953 106 21 Kansallis
626 953 67 22 Osake
708 953 80 21 Pankki
803 953 33 21 till
851 953 40 21 den
907 953 10 20 1
929 952 52 22 Juni

228 987 53 21 1901
302 987 8 21 i
328 987 62 21 huset
409 988 135 27 disponerade
562 988 56 21 lokal
636 988 31 20 för
690 988 30 20 att
739 987 36 21 der
793 987 76 21 bereda
886 994 48 14 rum
948 986 33 22 för

205 1045 2 3 =
227 1021 157 22 vaktmästaren
403 1022 38 21 och
456 1022 7 21 i
479 1022 62 27 öfrigt
556 1023 50 26 göra
620 1022 83 21 lokalen
716 1022 88 27 lämplig
819 1022 32 20 till
866 1021 115 27 uthyrning

227 1056 54 20 samt
301 1056 32 21 att
351 1062 76 21 genom
446 1056 101 22 särskilda
562 1056 113 27 ändringar
689 1056 123 27 möjliggöra
826 1056 155 27 inrymmandet

227 1089 22 21 af
266 1090 106 21 kontorets
388 1090 58 22 arkiv
459 1091 8 20 i
483 1091 35 21 det
534 1090 22 22 af
568 1091 155 21 vaktmästaren
740 1090 134 21 derförinnan
887 1089 94 22 bebodda

226 1130 53 20 rum,
299 1124 63 22 hafva
379 1124 193 28 Bankfullmäktige
591 1125 41 21 den
650 1126 13 20 9
681 1125 42 27 Maj
744 1124 53 22 1901
814 1124 31 21 för
861 1124 118 21 ändamålet

226 1158 85 28 beviljat
330 1159 30 21 ett
379 1159 74 27 anslag
472 1159 23 21 af
507 1159 63 27 högst
586 1160 63 26 7,000
664 1160 64 20 mark.
756 1159 42 21 För
813 1158 132 22 anskaffande
961 1158 23 21 af

226 1199 29 20 ny
276 1193 72 21 möbel
370 1193 33 21 till
421 1194 95 20 kontoret
534 1194 83 26 anslogs
636 1193 49 21 derä
703 1193 40 21 den
762 1194 26 20 27
804 1193 45 21 Juli
864 1199 81 15 samma
959 1192 23 21 är

226 1227 121 26 ytterligare
367 1227 43 22 800
428 1228 69 25 mark;
516 1228 38 21 och
569 1227 63 22 hafva
646 1227 146 27 Fullmäktige,
808 1227 27 27 pä
850 1227 97 21 anmälan
962 1227 23 20 af

225 1261 139 21 Direktionen
380 1263 31 20 att
426 1262 137 21 omförmälda
578 1263 76 20 tvänne
671 1262 72 27 anslag
759 1261 23 22 af
792 1261 142 22 förekommen
948 1267 35 15 an-

226 1295 88 28 ledning
331 1296 141 22 öfverskridits
487 1297 49 21 med
550 1297 42 21 402
608 1297 58 21 mark
682 1297 27 21 93
724 1296 69 27 penni,
806 1296 40 21 den
858 1297 25 20 16
893 1295 89 22 Decem-

225 1330 37 21 ber
285 1331 121 21 ännämnda
426 1331 22 21 år
467 1331 91 27 godkänt
577 1331 148 28 dispositionen
740 1331 23 20 af
779 1330 104 27 sistsagda
900 1330 81 27 belopp.

227 1364 42 21 För
285 1365 101 21 särskilda
405 1366 111 27 remonter,
534 1372 46 14 som
599 1365 102 28 päkallats
719 1365 23 21 af
759 1365 43 21 öfre
819 1365 114 26 väningens
951 1365 32 20 uti

225 1398 158 27 ifrägavarande
398 1399 40 21 hus
453 1399 131 21 förestäende
600 1399 115 28 uthyrning
723 1399 51 28 frän
784 1399 41 21 den
836 1400 10 20 1
858 1398 52 22 Juni
921 1399 61 26 1902,
