1181 1764
112 115 42 38 104
588 118 24 21 I

81 183 28 26 12
127 183 26 25 HH.
172 183 25 25 7.

583 285 3 4 ,
692 273 70 24 Enligt
774 273 39 18 års-
868 261 114 18 Resultatot
993 261 82 18 utfallit:

541 285 70 24 Enligt
620 286 58 17 stats-|
713 304 7 3 ”"
773 302 14 17 SS
828 298 282 3 HH

104 314 18 20 a
150 308 18 21 IE
558 319 96 19 förslaget.
701 303 106 17 väkenskar
848 313 62 24 högre
923 315 23 16 än
995 313 55 24 lägre
1063 315 25 16 än

104 335 12 11 v
150 330 12 11 |9
619 325 40 18 805
731 329 40 29 pen.
879 344 8 3 =
1022 344 7 3 =

98 345 18 19 9
150 342 12 25 IB
773 345 3 4 N
844 342 110 19 beräknats,
967 338 12 34 |
986 342 111 18 beräknats.

582 391 95 21 Cr
708 382 13 39 —
725 391 34 21 e
869 391 34 21 IE
945 394 20 18 VO
1013 391 34 20 Ge
1089 394 21 17 a

422 463 108 24 Transport
532 459 12 34 |
547 465 131 23 76,148,033/971
691 464 132 24 71,769,517/09|
847 465 119 24 2,508,393/78]
990 464 120 24 6,886,910/66

186 498 36 18 Om
229 497 95 24 derjemto
330 497 44 18 från
381 497 23 18 de
412 497 62 18 under
479 498 50 23 Kap.

184 526 32 19 TIT
227 527 59 17 Mom.
295 527 22 17 30
329 527 37 17 och
375 527 20 17 31
405 526 84 24 angiina,
498 526 32 18 till

186 557 55 16 extra
257 555 96 18 ordinarie
371 555 111 24 statsutgift
499 555 31 24 sig

184 584 121 18 hänförande
330 585 95 22 posterna
448 584 82 24 fränses,

184 614 72 23 utgöra
273 613 23 18 de
311 613 31 18 för
358 615 19 15 11
391 613 25 18 H.
429 613 21 18 T.
462 613 68 18 beräk-

184 641 50 18 nade
252 642 36 17 och
304 641 79 24 utgifna
397 641 99 24 beloppen
510 652 19 2 —

185 671 108 23 29,591,867:
300 671 21 17 08
333 681 23 2 —
369 671 109 22 27,918,380:
485 671 28 17 63.

220 768 82 23 Tolfte
317 768 180 23 Hufvudtiteln.

185 820 234 22 Förvaltningsgrenar,
426 820 104 18 hänförda

195 855 34 18 till
243 855 103 18 Handels-
360 855 39 18 och
413 855 104 18 Industri-

280 890 157 22 expeditionen.

291 938 134 15 Lotsverket.

108 976 11 18 I
185 971 142 28 Öfverstyrelsen
340 975 32 24 för
388 975 41 18 lots-
445 975 30 18 och
488 975 41 24 fyr-

290 1010 131 23 inrätiningen.

282 1044 149 24 (Statsfonden).

162 1087 6 15 1]
184 1085 116 23 Aflöningar
317 1098 211 4 «0
577 1086 101 23 117,050—|
699 1075 14 39 —
721 1086 98 23 115,620|31
1031 1085 79 24 1,429/69

160 1115 11 16 2]
183 1113 77 24 Anslag
283 1113 31 18 för
336 1113 136 24 renskrifning
492 1113 37 18 och

206 1141 132 24 kartaritning
359 1141 169 24 (förslagsanslag)
599 1144 80 22 8,000|—
743 1143 80 22 7,995/60
1070 1143 40 18 4140]

160 1172 10 17 3|
183 1170 77 24 Anslag
274 1170 32 18 för
318 1170 211 23 öfversättningsarbe-
787 1174 2 3 :

206 1200 35 17 ten
253 1199 170 24 (förslagsanslag).
455 1213 4 3 .
479 1213 3 3 .
502 1213 3 4 .
525 1213 3 3 .
599 1201 80 21 4,500|—|
743 1201 78 22 4,058/33
1047 1200 63 17 441167

162 1230 8 16 4|
183 1228 109 23 Expenser,
309 1228 39 18 ved
367 1228 37 17 och
423 1228 106 23 belysning
710 1226 3 2 i

207 1256 217 25 (reservationsanslag).
452 1270 7 4 .
478 1270 4 4 .
501 1270 4 4 .
525 1271 3 3 .
599 1258 80 23 6,000|—1
743 1258 79 22 6,496/27
903 1257 62 18 496127

160 1287 10 17 5|
183 1286 56 23 Hyra
246 1285 31 19 för
286 1285 131 19 embetslokal
428 1285 101 24 (förslags-

207 1315 75 23 anslag).
293 1328 236 5 nn
599 1315 80 23 5,400/—|
708 1303 17 39 =
742 1315 80 23 6,925—
886 1315 51 23 1,525

234 1343 60 18 Mom.
307 1344 51 17 1—5:
371 1344 108 22 140,950:
465 1339 19 31 —

300 1369 72 30 141,095:
383 1369 30 30 51.

421 1407 108 23 Transport
537 1395 7 40 |
546 1401 137 30 76,288,983]97]
691 1401 136 29 71,910,612|60|
845 1400 126 30 2,510,415j05]
990 1407 120 23 6,888,786|42

586 1464 25 18 23
