1017 1623
122 64 74 22 Ständ.
212 64 47 22 Skr.
275 78 28 2 —
320 64 64 22 Extra
393 60 127 27 direktören
537 65 4 22 i
559 65 95 23 Finlands
671 66 64 22 Bank.

325 374 145 23 Finlands
509 376 156 22 Ständers
705 376 102 22 skrif-

255 410 87 21 veise
363 409 31 22 till
417 409 187 28 Bankfullmäktige
628 410 92 23 rörande
743 411 63 22 extra

256 443 122 23 direktören
399 443 4 22 i
424 443 95 23 Finlands
536 445 57 21 Bank
609 444 25 23 af
648 445 159 22 Bankfullmäk-

254 477 44 28 tige
312 477 159 23 tillförsäkradt
486 477 63 30 årligt
560 479 114 22 understöd
687 479 4 22 i
703 479 103 22 händelse

255 511 26 23 af
296 511 118 24 framdeles
436 513 93 22 skeende
552 513 182 28 afskedstagande
756 512 48 23 frän

256 546 206 29 direktörstjänsten.

116 789 63 23 Till
199 789 160 24 Finlands
381 790 161 24 Ständers
560 791 176 23 Bankfull-

348 825 152 29 mäktige.

112 996 37 22 Pä
167 996 187 30 framställning
374 997 25 22 af
417 997 198 23 Bankutskottet
633 998 78 22 hafva
732 998 72 22 Stän-

44 1030 79 22 derna
146 1031 114 29 godkänt
278 1031 247 30 Bankfullmäktiges
544 1032 58 22 med
621 1033 57 21 stöd
698 1032 25 22 af
742 1033 61 22 sista

43 1066 135 22 momentet
198 1065 32 23 63
250 1066 14 28 $
284 1066 8 22 i
310 1066 165 29 reglementet
492 1066 40 23 för
550 1066 121 23 Finlands
690 1067 75 22 Bank
779 1067 25 22 af

43 1099 50 22 den
107 1099 31 23 19
155 1100 114 22 februari
283 1100 67 23 1895
363 1100 96 23 fattade
472 1100 83 23 beslut
569 1102 35 21 att
617 1101 155 23 tillförsäkra
788 1102 14 21 ä

43 1135 71 21 extra
140 1135 50 21 stat
217 1135 4 21 i
240 1134 108 23 Banken
367 1136 123 22 anställde
509 1135 145 23 direktören
674 1135 58 23 Clas
751 1142 51 16 von

43 1167 95 28 Collan,
158 1169 86 22 därest
262 1169 52 23 han
332 1170 190 22 kvarstannade
541 1170 7 22 i
563 1170 38 22 sin
614 1170 188 23 innehafvande

42 1202 150 30 befattning,
214 1204 35 22 att
273 1204 51 22 han
343 1204 44 22 vid
404 1204 136 22 framdeles
559 1204 111 23 skeende
690 1204 112 24 afskeds-

40 1238 120 28 tagande,
180 1239 69 21 utom
276 1238 8 22 i
312 1239 42 22 det
381 1238 44 22 fall
454 1240 35 21 att
515 1239 52 22 han
592 1238 84 23 hblefve
702 1239 25 22 af
742 1239 59 29 laga

41 1272 108 23 domstol
168 1272 75 24 dömd
262 1273 111 29 tjänsten
392 1273 124 29 förlustig,
537 1273 25 23 af
580 1274 121 22 Bankens
720 1274 82 22 medel

41 1306 99 23 komme
158 1308 8 21 i
186 1307 149 29 ätnjutande
355 1308 26 22 af
399 1308 35 22 ett
453 1308 74 29 ärligt
545 1308 140 22 understöd
704 1308 39 22 för
762 1308 40 22 sin

41 1340 159 24 återstående
228 1341 79 23 lifstid
335 1342 36 22 till
399 1348 95 16 samma
522 1342 101 29 belopp,
644 1349 53 16 som
722 1342 79 29 enligt

39 1382 73 15 mom.
131 1376 12 22 1
162 1376 8 22 i
186 1376 111 22 nämnda
314 1376 14 30 $
346 1376 26 22 af
387 1376 164 30 reglementet
568 1377 80 22 skulle
661 1377 139 22 tillkomma
