1045 1625
568 103 7 11 '

273 123 155 19 Bankutskottets
439 123 118 19 betänkande
568 124 36 18 N:o
616 124 11 17 2
640 123 95 24 angående
746 124 133 22 Längmanska
890 123 72 23 fonder-

205 158 36 12 nas
253 152 116 23 förvaltning
382 152 34 18 och
428 152 140 24 användningen
581 152 19 18 af
612 152 23 18 de
647 152 103 24 disponibla
761 151 130 19 räntemedlen.

343 180 91 19 Finlands
446 180 89 19 Ständers
547 181 96 18 skrifvelse
655 182 28 17 till
695 181 186 23 Bankfullmäktige
877 176 11 33 i
893 187 71 11 samma

412 209 71 19 ärende,

274 260 90 19 Finlands
378 261 88 19 Ständers
477 261 127 24 underdäniga
616 262 86 18 anmälan
715 268 30 12 om
756 262 30 18 val
794 262 25 22 af
822 261 142 23 Bankfullmäk-

205 290 35 22 tige
252 290 32 18 och
295 290 146 18 Bankrevisorer
452 290 57 22 jämte
521 290 118 24 suppleanter
651 290 30 18 för
693 290 46 18 dem.

274 318 88 18 Finlands
374 318 89 19 Ständers
475 319 95 18 skrifvelse
580 319 28 18 till
617 319 172 23 Bankfullmäktige
797 319 7 17 i
812 324 71 13 samma
892 318 71 18 ärende.

274 370 86 18 Relation
371 371 28 17 till
411 370 90 19 Finlands
514 372 20 17 år
547 371 45 18 1904
603 370 112 19 församlade
724 370 79 23 ständer,
813 370 94 24 angående
913 372 50 21 post-

206 399 126 23 sparbankens
344 399 6 17 i
362 399 81 18 Finland
455 400 85 18 tillstånd
551 400 32 17 och
595 399 117 23 förvaltning
723 399 59 18 under
793 400 44 17 åren
849 398 51 23 1899,
913 398 51 22 1900,

205 427 51 22 1901,
269 427 44 18 1902
326 427 35 18 och
373 428 51 18 1903.

274 456 154 18 Statsutskottets
441 456 85 18 däröfver
537 456 72 24 afgifna
620 456 118 18 betänkande
749 456 36 18 N:o
797 456 17 18 2.

273 484 127 18 Rättelseblad
411 485 30 17 till
452 490 70 13 samma
534 484 121 19 betänkande.

342 513 90 18 Finlands
450 513 88 19 Ständers
557 513 127 24 underdäniga
701 513 96 19 skrifvelse
813 513 7 17 i
832 512 98 24 anledning
944 512 20 18 af

412 542 58 23 sagda
481 542 83 19 relation.

274 594 99 18 Berättelse
385 594 28 18 till
425 594 90 18 Finlands
528 594 79 19 Ständer
619 595 19 17 af
650 594 34 18 den
694 595 29 17 för
732 593 68 19 vården
810 599 30 12 om
849 593 24 18 de
880 593 19 18 af
907 593 56 18 fram-

203 622 51 19 lidne
268 622 196 20 Medicinelicentiaten
481 623 85 18 Herman
581 623 88 22 Frithiof
677 623 62 18 Antell
751 622 153 19 testamenterade
916 628 47 12 sam-

203 651 60 24 lingar
275 651 77 18 tillsatta
364 652 138 23 Delegationen.

274 680 117 18 Hemställan
409 681 19 17 af
446 687 70 12 samma
534 681 109 23 Delegation
661 682 28 16 att
707 679 104 20 Ständerna
825 680 43 18 ville
879 679 85 24 förlänga

205 708 42 19 dess
259 708 85 24 uppdrag
355 709 50 18 intill
416 709 41 18 dess
470 715 22 12 en
504 715 26 17 ny
542 709 110 24 Delegation
663 709 67 18 hinner
740 709 60 18 blifva
811 709 72 18 tillsatt.

274 738 152 18 Statsutskottets
443 739 6 16 i
466 738 100 23 anledning
584 739 19 17 af
621 738 58 23 sagda
695 738 98 18 berättelse
811 738 70 23 afgifna
901 737 62 18 betän-

204 766 61 18 kande
275 767 37 18 N.o
324 767 16 17 3.

342 795 89 18 Finlands
445 795 86 19 Ständers
544 794 127 25 underdäniga
682 795 96 18 skrifvelse
789 794 95 24 angående
894 794 70 19 vården

412 830 31 12 om
453 824 109 18 förberörda
573 824 106 23 samlingar.

342 852 90 19 Finlands
445 852 88 19 Ständers
545 853 95 18 skrifvelse
652 853 6 17 i
669 852 100 24 anledning
780 852 21 18 af
812 852 36 18 den
858 852 105 22 berättelse,

412 888 39 12 som
469 882 83 23 afgifvits
569 882 19 18 af
599 882 133 23 Delegationen
745 881 30 19 för
788 881 68 18 värden
868 887 30 12 om
910 880 23 19 de
945 881 19 17 af

410 910 98 18 framlidne
518 910 195 18 medicinelicentiaten
725 910 26 18 H.
761 910 22 18 F.
793 910 63 18 Antell
866 911 97 17 testamen-

411 939 62 18 terade
484 939 105 23 samlingar.

273 990 85 18 Relation
378 991 27 17 till
423 990 89 18 Finlands
530 983 117 26 Ständer
622 979 28 40 af
664 991 117 23 Bestyrelsen
792 990 30 18 för
833 989 99 19 utförande
944 990 20 17 af

203 1018 146 24 gafvelgruppen
361 1019 28 18 till
402 1018 139 19 Ständerhuset.

273 1070 89 19 Finlands
376 1070 88 20 Ständers
476 1070 128 24 underdäniga
616 1070 112 19 hemställan
740 1070 95 24 angäende
846 1070 116 24 ajournering

204 1099 20 18 af
235 1099 94 24 pågående
340 1099 91 24 landtdag
443 1100 27 18 till
482 1099 124 19 instundande
618 1100 49 18 höst.

273 1151 89 18 Finlands
380 1151 89 19 Ständers
486 1151 127 24 underdäniga
625 1151 101 22 skrifvelse,
738 1151 129 18 innefattande
879 1157 22 12 en
912 1151 7 18 i
931 1157 31 12 an-

203 1179 76 24 ledning
296 1180 19 18 af
332 1180 122 24 landtdagens
472 1180 107 19 afslutande
595 1180 53 24 gjord
659 1180 116 23 underdänig
786 1180 138 23 framställning
935 1180 27 18 till

203 1209 56 18 Hans
271 1209 101 23 Kejserliga
384 1209 92 22 Majestät.
