1048 1625
447 54 25 21 I
784 54 27 20 31

150 120 125 30 Ökningen
293 122 27 22 af
333 122 138 29 utgifterna,
487 122 98 22 hvilken
600 122 74 22 under
689 118 152 46 finansperio-

80 156 46 22 den
149 156 142 22 1895—1097
314 156 113 29 utgjorde|
442 156 84 22 endast
546 157 115 28 1,756,000
679 156 67 22 mark
761 156 56 22 eller
831 156 10 21 i

80 190 111 22 medeltal
212 198 41 21 per
276 191 26 21 är
326 190 108 29 omkring
456 191 74 29 2,59/,,
554 174 44 38 haz
619 191 89 21 säledes
723 191 38 21 för
776 184 65 28 tiden

79 224 69 22 från
156 226 26 20 -är
204 225 57 22 1897
280 224 38 22 till
338 225 25 21 är
379 225 57 21 1900
451 208 67 45 stigit
533 225 38 21 till
586 225 115 30 5,992,000
715 224 67 22 mark
797 224 44 22 och

80 259 38 22 för
140 259 66 22 tiden
227 260 55 21 frän
301 261 26 20 är
348 260 57 21 1900
419 259 39 22 till
473 260 25 21 är
514 260 58 21 1904
586 260 39 21 till
640 259 114 30 6,578,000
768 259 73 22 mark.

80 293 52 22 Den
148 294 63 21 förra
226 301 108 14 summan
348 295 173 28 representerar
536 301 30 14 en
581 294 60 28 ärlig
657 294 89 28 ökning
761 293 26 22 af
798 301 43 14 un-

80 329 68 27 gefär
162 329 33 28 8,0
204 329 34 28 %/o,
255 329 45 21 den
315 335 81 15 senare
412 336 29 13 en
457 329 74 21 sådan
546 328 26 22 af
587 329 107 28 omkring
709 328 32 29 5,3
750 329 34 28 %9.

149 362 47 22 Vid
219 370 29 14 en
270 370 64 14 mera
357 363 129 28 detaljerad
501 363 148 29 granskning
664 363 27 22 af
705 363 76 21 denna
796 364 45 19 ste-

80 396 70 29 gring
169 397 9 21 i
198 397 131 28 utgifterna
349 397 136 22 observeras
504 397 92 29 främst,
617 399 35 19 att
669 397 74 22 under
761 397 80 28 loppet

81 431 27 21 af
122 431 28 22 de
166 433 90 20 tvänne
271 433 92 20 senaste
377 431 215 29 finansperioderna
608 439 29 14 en
651 431 134 28 betydande
801 431 40 22 ök-

80 465 59 29 ning
162 466 27 21 af
211 466 131 28 utgifterna
365 467 40 27 egt
426 473 52 14 rum
500 466 55 21 med
573 466 93 28 hänsyn
680 465 38 22 till
733 466 108 28 styrelse-

82 500 43 21 och
150 500 323 29 förvaltningskostnaderna,
489 501 9 21 i
513 501 67 21 dessa
600 501 54 21 ords
669 500 172 22 vidsträcktare

81 534 129 29 betydelse.
241 535 72 21 Detta
328 535 104 29 framgår
446 543 28 13 ur
489 535 106 29 följande
610 535 83 22 tabell:

80 603 50 24 ning
145 603 20 19 af
180 604 62 18 sanka
256 604 78 18 marker
349 604 83 24 (hvilket
443 604 54 18 förut
508 604 68 24 utgått
587 610 23 12 ur
624 610 24 12 en
660 604 84 18 särskild
755 604 86 18 mossut-

80 632 161 25 torkningsfond)
261 634 51 17 samt
327 633 24 17 de
367 633 85 17 militära
466 633 88 23 utgifter,
569 633 69 18 hvilka
651 632 84 24 tidigare
746 632 95 18 bostridts

80 667 25 12 ur
116 661 151 24 militiefonden,
281 667 47 13 men
339 662 8 17 i
359 661 147 24 statsförslaget
517 662 32 18 för
561 662 55 18 detta
628 662 20 17 är
660 661 75 23 päförts
747 660 94 20 statsfon-

82 690 42 18 den.
150 690 66 18 Dessa
227 690 123 18 sistnämnda
361 689 88 25 utgifter,
461 696 31 12 om
505 690 72 18 inalles
588 691 74 22 801,746
674 690 56 18 mark
740 690 23 18 49
774 685 67 52 penn,

80 720 83 23 utgöras
176 719 19 18 af
206 719 96 24 följande:

80 765 115 24 Utgifterna
211 765 31 18 för
257 765 66 18 krets-
335 765 37 18 och
383 765 154 18 länenämderna
549 765 23 24 (5,
584 765 26 24 X,
622 765 52 24 1—7)
687 767 33 21 Fm
732 765 109 23 242,150:—

82 793 220 24 Generalguvernörens
323 793 193 24 dispositionsmedel
531 793 39 24 (för
590 794 85 17 militära

151 822 97 24 Bndamäli
261 824 16 22 8,
289 822 22 24 Vy
324 822 23 24 I)
370 837 3 3 s
393 818 26 33 ace
431 818 12 33 sc
461 836 28 4 mv
529 837 6 4 3
554 837 27 3 sx
600 837 73 4 KR
699 830 7 8 >
755 823 86 23 6,000:
828 818 17 32 —

80 851 44 18 Ved
134 851 34 18 till
178 851 137 24 brödbakning
327 851 37 18 och
372 851 129 24 matkokning
509 857 25 12 m.
542 857 26 12 m.
576 851 32 18 för
615 851 60 24 ryska

149 881 82 22 teuppor
243 879 34 24 (14;
290 879 63 24 VL:T)
370 894 3 3 >
392 894 281 4 sussa
502 875 37 33 sx
552 875 11 33 x
576 894 97 4 kera
698 887 9 8 »
743 880 97 23 —30,000:
827 875 17 32 —

82 908 116 23 Aflöningar
210 909 12 17 &
234 908 169 24 indragningsstat
415 908 32 18 till
460 908 38 18 den
510 908 94 24 upplösta
610 908 65 18 finska

149 936 100 19 militären
261 937 34 24 (16,
308 937 26 23 II,
346 937 24 23 6)
395 951 22 3 <.
437 951 236 4 «n.
698 945 9 7 »
732 937 109 23 495,586:49

82 965 161 18 Gratifikationer
254 965 32 18 till
297 965 85 18 militära
393 965 130 24 tjenstemäns
536 965 90 18 sterbhus
640 965 34 24 (15,

150 993 32 24 Vh
195 994 479 24 ön.
699 1002 8 8 »
744 995 97 22 —20,000:—

81 1022 186 24 Begrainingshjelp
285 1023 32 17 till
335 1023 85 18 militära
437 1023 130 23 tjenstemäns
584 1023 90 18 sterbhus

150 1051 35 24 (15,
198 1051 33 24 VI
243 1051 18 24 6)
279 1046 25 34 soo
323 1065 72 4 ers
415 1066 26 3 rr
462 1066 26 3 rr
507 1066 4 3 =
530 1066 4 3 m
554 1066 3 3 x
577 1066 27 3 rr
624 1066 49 3 rr
699 1059 7 7 >
755 1052 86 23 —7,000:—

81 1079 123 25 Statsbidrag
220 1079 33 19 till
263 1080 109 18 militärens
385 1081 59 17 enke-
457 1081 37 17 och
505 1080 123 24 pupillkassa
640 1080 35 24 (15,

150 1109 33 23 VI
195 1109 18 23 Y)
236 1104 53 33 assi
301 1123 26 4 is
347 1123 3 3 s
370 1124 3 2 a
393 1104 56 33 asiaan
456 1104 18 33 van
486 1104 72 33 anastaa
578 1124 27 3 RR
627 1123 47 4 pa
700 1116 7 8 »
756 1110 86 26 —1,010:—

596 1143 79 19 Summa
687 1146 34 20 ie
732 1144 81 23 801,746:
819 1144 22 17 49

861 121 37 15 Den
904 120 79 19 faktiska

855 142 137 20 utgifishushält-

861 166 72 19 ningens
941 167 41 18 steg-

861 189 121 19 ringsprocent.

861 361 124 19 Förvaltnings-

870 385 104 18 utgifternas

888 407 67 19 ökning.
