1034 1620
205 29 24 18 U.
246 28 24 19 B.
285 37 30 3 —
331 25 208 30 Bankfullmäktiges
555 25 124 24 berättelse.
821 29 14 20 3

44 90 108 30 sprungit
169 97 56 22 upp,
241 90 9 21 i
264 90 112 22 Finlands
394 90 68 22 Bank
477 90 36 22 till
529 94 13 19 6
559 91 42 21 och
617 90 50 30 61/2
685 90 27 31 %%
729 92 59 21 samt
803 91 34 22 uti

45 126 195 29 privatbankerna
262 126 36 21 till
318 129 12 19 6
342 126 35 29 !/a,
394 130 13 19 7
424 126 43 22 och
484 129 11 19 7
508 126 27 30 2/2
553 126 27 30 %/o
597 126 44 22 och
657 127 44 21 den
715 126 122 22 utländska

46 162 265 29 pänningemarknaden,
324 162 40 22 där
376 162 108 22 särskildt
494 164 55 20 vära
559 162 278 28 fastighetskreditanstal-

45 200 37 20 ter
96 198 97 28 tidigare
208 199 56 21 utan
280 198 117 28 svårighet
412 198 88 22 kunnat
514 198 92 28 placera
621 201 15 19 4
647 198 27 30 9/4
687 198 151 29 obligationer

46 234 36 22 till
103 234 8 22 i
132 236 37 20 det
191 235 115 21 närmaste
329 234 113 28 parikurs,
464 234 52 22 blef
536 234 142 28 smäningom
701 236 35 20 för
759 234 79 30 dylika

47 270 147 29 operationer
217 270 41 21 allt
280 270 87 22 mindre
391 270 136 28 tillgänglig,
551 270 150 28 hvarigenom
716 271 63 21 såväl
794 270 44 22 den

47 306 91 29 privata
158 306 297 28 byggnadsvärksamheten
477 306 8 21 i
505 306 90 22 landets
610 307 72 21 större
698 306 76 22 städer
789 313 50 15 som

48 342 46 22 den
108 342 147 22 kommunala
270 341 208 29 företagsamheten
492 342 115 22 kännbart
622 343 129 21 försvårats.

120 378 36 21 Då
174 377 120 25 Utskottet
312 378 70 22 afsett
400 379 34 21 att
452 378 42 22 här
509 378 65 28 gifva
589 386 30 14 en
628 377 127 23 kortfattad
766 377 73 23 öfver-

49 414 46 22 sikt
110 413 26 22 af
149 413 28 22 de
192 413 138 27 företeelser,
346 413 80 23 hvilka
441 413 52 22 från
508 415 71 20 ofvan
592 414 93 28 angifna
695 413 54 28 föga
759 414 80 21 tröste-

48 449 50 22 rika
113 449 175 29 utgångspunkt
307 457 68 21 synas
390 449 70 23 hafva
476 449 131 22 samvärkat
622 449 36 22 till
673 449 126 29 skapandet
815 448 25 23 af

49 493 29 14 en
100 486 72 28 något
194 485 84 29 ljusare
301 485 48 22 bild
368 487 25 20 af
406 485 89 22 landets
519 485 148 22 ekonomiska
682 485 58 29 läge,
757 485 60 22 lärer
832 485 9 21 i

50 521 81 22 sådant
154 520 107 23 afseende
285 528 29 14 en
338 521 126 23 öfverblick
480 522 24 21 af
517 522 52 22 vårt
585 520 138 29 varuutbyte
738 520 53 22 med
806 522 34 20 ut-

49 558 78 21 landet
143 556 103 23 befinnas
260 557 133 28 belysande.

121 592 35 23 Af
174 593 42 22 här
238 592 96 27 införda,
350 594 30 28 pä
396 593 74 28 grund
486 594 25 20 af
524 592 173 22 tullstatistiken
711 592 130 29 uppgjorda

50 629 97 23 tabeller

210 754 115 24 Varuutbyte
337 754 36 19 och
384 754 118 23 tulluppbörd
513 754 8 18 i
533 754 84 22 miljoner
628 754 58 18 mark.

203 827 33 23 År.
314 824 80 36 Import.
466 823 81 36 Export.
612 831 93 23 Uppbörd.

198 935 48 17 1899
332 935 51 21 251,0
483 934 51 22 184,9
647 933 39 22 36,7

199 970 47 18 1900
332 970 51 22 270,7
484 970 50 22 197,7
647 968 38 22 42,0

199 1006 48 18 1901
332 1006 51 22 215,6
484 1005 51 23 186,8
648 1004 38 22 32,0

200 1042 48 18 1902
333 1042 51 22 234,1
484 1041 51 22 202,7
648 1040 39 22 33,3

200 1078 48 18 1903
334 1078 50 22 267,5
485 1077 50 23 213,7
649 1076 38 22 37,7
698 1076 2 3 '

181 1113 89 23 Approxi-

192 1143 67 19 mativt

202 1180 48 18 1904
255 1179 19 24 3
335 1180 50 22 269,1
486 1179 51 22 212,8
639 1178 38 22 38,9
