1050 1625
236 62 27 22 36
574 62 24 22 H

206 138 55 14 nom
283 131 88 29 nådiga
390 131 136 21 manifestet
546 130 45 22 den
610 131 30 21 20
661 131 31 29 (7)
706 131 53 29 juni
775 131 57 21 1900
847 130 121 30 påbjudna

207 165 136 22 införandet
366 166 26 21 af
412 165 71 29 ryska
506 165 94 29 språket
618 165 9 22 i
648 165 135 29 Kejserliga
807 165 109 29 Senaten,
931 165 37 21 uti

207 200 165 28 utgiftsstaten
394 200 38 21 för
454 200 104 21 Senaten
581 200 9 21 i
612 200 176 29 statsförslaget
810 200 39 21 för
868 200 26 21 är
910 199 58 22 1904

208 234 121 28 upptagits
352 236 35 20 ett
408 234 188 29 förslagsanslag
619 241 37 14 om
679 234 94 29 200,000
794 234 73 28 mark,
882 233 85 23 hvaraf

208 268 119 21 härintills
346 268 94 29 124,000
454 268 66 21 mark
535 268 38 21 för
590 268 135 21 ändamälet
741 268 152 29 disponerats.
924 268 44 21 Ge-

208 309 55 14 nom
278 302 42 21 här
335 303 153 28 uppräknade
504 302 110 29 åtgärder
629 303 74 21 hafva
717 302 132 29 utgifterna
864 302 38 22 för
911 302 56 29 Kej-

209 337 85 28 serliga
317 337 104 22 Senaten
443 337 68 21 ökats
534 337 53 21 med
610 337 93 29 9271400
723 337 72 21 mark.
825 332 144 26 Återstoden

209 371 27 21 af
264 371 172 22 ofvanberörda
464 371 89 28 ökning
585 371 43 22 har
650 371 131 22 föranledts
803 371 166 28 förnämligast

210 405 72 30 deraf,
301 407 34 20 att
342 406 124 27 Senatens
483 405 176 30 expensemedel
674 408 61 19 samt
751 406 112 28 anslagen
878 405 38 22 för
930 405 39 22 be-

210 440 114 22 kostande
345 441 26 21 af
389 441 201 28 öfversättningar
605 448 30 14 m.
651 441 23 21 fl.
690 440 124 22 enahanda
830 440 82 28 anslag
927 447 42 14 un-

210 475 41 21 der
269 475 81 28 loppet
366 475 26 21 af
406 475 180 28 ifrågavarande
602 475 36 21 tid
652 475 83 22 blifvit
750 474 115 29 förhöjda.
881 487 29 3 —
926 471 44 25 Ök-

209 509 88 29 ningen
313 510 26 21 af
353 509 132 28 utgifterna
500 509 41 22 vid
557 509 230 22 Statssekretariatet
802 509 44 22 och
859 509 111 22 General-

210 544 239 28 guvernörskansliet,
473 544 97 22 hvilken
592 544 38 22 för
652 544 67 22 tiden
741 544 54 22 från
814 544 26 21 år
861 544 57 21 1900
932 543 39 21 till

211 580 25 20 år
251 578 57 22 1904
327 578 39 22 för
384 578 39 22 det
438 579 64 21 förra
518 578 171 22 embetsverket
704 577 91 30 uppgår
810 578 37 22 till
863 578 107 28 omkring

210 613 79 28 50,000
312 613 68 21 mark
405 613 44 21 och
471 613 38 21 för
532 613 40 21 det
594 620 81 14 senare
697 613 39 21 till
755 612 108 28 omkring
878 612 93 29 167,000

210 648 72 28 mark,
299 648 48 21 stär
362 648 9 20 i
386 647 114 22 samband
520 647 54 21 med
589 647 29 21 de
632 647 38 21 för
686 647 67 22 dessa
769 646 146 22 embetsverk
929 653 42 15 un-

212 682 40 21 der
267 682 26 21 är
308 682 57 21 1903
381 682 125 21 faststälda
522 689 47 21 nya
583 681 167 29 utgiftsstater.

279 716 53 21 Den
354 716 149 29 fluktuation,
527 723 49 15 som
599 716 130 21 förmärkes
747 715 37 22 uti
799 714 173 30 ofvanangifna

211 751 100 28 utgifter
329 751 38 21 för
386 751 155 29 rättsvärden,
562 750 86 22 hänför
667 751 37 27 sig
719 749 200 29 hufvudsakligen
934 749 38 22 till

210 786 75 28 nägra
299 786 76 21 under
390 786 77 21 denna
482 792 75 22 grupp
573 785 118 22 bokförda
707 785 91 22 diverse
813 784 100 28 utgifter
928 785 44 26 (er-

212 819 105 29 sättning
339 819 38 22 för
399 820 150 28 frängängna
571 819 165 22 bötesandelar
759 826 29 14 m.
811 820 46 27 m.),
879 817 93 23 hvilkas

212 854 85 28 belopp
320 854 75 21 under
418 854 28 21 de
470 853 116 22 särskilda
606 854 56 21 ären
681 856 25 18 är
721 853 171 22 underkastadt
906 852 66 28 bety-

213 888 76 22 dande
304 888 128 29 vexlingar.
458 888 54 22 Med
528 888 93 28 hänsyn
636 887 82 22 härtill
733 887 79 22 kunna
827 887 146 28 ökningarna

213 923 44 22 och
278 923 196 28 minskningarna
497 923 27 21 af
542 923 66 20 dessa
628 921 101 29 utgifter
747 921 38 22 till
800 923 48 20 stor
864 921 38 21 del
916 928 57 15 vara

213 958 82 21 endast
311 957 122 22 skenbara.

281 992 71 21 Hvad
367 992 131 28 utgifterna
514 992 36 21 för
564 991 178 28 förvaltningen
755 991 9 21 i
774 991 70 21 länen
854 989 118 29 beträffar,

213 1027 43 21 har
273 1027 128 22 tillväxten
416 1026 27 22 af
458 1026 117 22 desamma
591 1025 37 22 till
643 1027 87 20 största
745 1025 69 22 delen
828 1025 146 21 förorsakats

213 1069 85 21 genom
320 1061 138 29 förhöjning
476 1061 26 21 af
516 1061 205 21 löneförmånerna
737 1060 20 29 ej
773 1059 91 22 mindre
880 1060 38 21 för
933 1066 41 22 gu-

213 1099 140 19 vernörerne
375 1099 30 18 än
424 1096 38 21 för
481 1095 208 28 länestyrelsernas
709 1094 66 23 såväl
793 1094 117 22 ordinarie
925 1101 50 14 som

214 1130 185 22 extraordinarie
415 1130 141 28 tjenstemän
571 1131 61 20 samt
647 1129 89 29 ökning
752 1130 27 20 af
792 1129 46 21 den
853 1129 37 21 för
905 1128 70 29 polis-

214 1164 166 28 bevakningen
398 1165 9 21 i
426 1164 137 22 landsorten
586 1164 108 21 anstälda
716 1162 108 30 personal
842 1162 72 29 jemte
930 1162 45 22 den

213 1200 39 21 till
276 1200 136 21 densamma
436 1199 118 29 utgäende
580 1198 111 29 aflöning.
731 1198 81 22 Delvis
838 1198 66 22 torde
930 1198 45 21 den

214 1234 105 28 stegring
334 1234 9 21 i
358 1233 138 29 utgifterna,
513 1233 96 22 hvilken
626 1232 170 23 ofvanstäende
812 1232 73 22 tabell
895 1232 9 21 i
914 1232 62 22 före-

214 1268 102 23 varande
333 1268 111 22 afseende
458 1268 94 29 företer,
567 1275 56 14 vara
634 1268 83 21 endast
728 1267 107 29 skenbar,
847 1270 56 18 enär
913 1273 63 15 nem-

214 1303 66 28 ligen
301 1302 39 22 till
364 1302 76 22 denna
460 1310 75 21 grupp
555 1302 142 28 hänförliga,
719 1301 26 22 af
763 1301 108 28 tillfällig
886 1303 36 19 art
937 1308 39 14 va-

214 1337 79 28 rande,
313 1344 55 14 men
388 1337 51 21 ofta
455 1336 71 23 äfven
539 1336 77 21 under
630 1343 30 14 en
674 1336 82 28 längre
772 1336 36 21 tid
822 1335 155 28 regelbundet

216 1371 190 22 återkommande
428 1371 100 28 utgifter
547 1371 39 21 till
604 1372 48 20 rätt
671 1370 134 29 betydande
821 1369 85 29 belopp
922 1369 55 22 tidi-
