1034 1620
202 108 12 14 2
411 101 209 28 Bankfullmäktiges.
628 100 125 24 berättelse.

202 171 165 27 angelägenhet,
383 172 64 25 hvars
469 172 165 20 bestämmande
658 172 135 20 uteslutande
808 171 125 21 ankommer
949 173 12 19 ä

201 205 102 22 Finlands
319 205 100 21 Ständer.

270 240 188 28 Borgareständet
471 240 101 27 slutligen
582 240 38 21 har
630 241 167 20 äterremitterat
808 240 152 21 meranämnda

201 274 58 21 kläm
281 274 34 21 för
337 275 123 21 erhällande
483 275 22 20 af
526 274 93 27 följande
644 275 131 21 förändrade
799 274 92 27 lydelse:
916 278 45 24 ,att

201 308 122 22 Ständerna
345 309 50 21 ville
418 310 84 20 besluta
518 309 40 21 hos
574 309 60 21 Hans
649 309 121 27 Kejserliga
785 309 102 26 Majestät
903 311 6 19 i
924 316 36 13 un-

202 343 143 27 derdänighet
368 344 90 24 anmäla,
475 346 32 18 att
530 343 122 21 Ständerna
667 344 55 20 finna
738 344 119 26 ordningen
873 343 32 21 för
920 343 39 21 till-

201 378 121 21 värkandet
344 378 24 20 af
387 378 102 20 Finlands
511 378 71 21 Banks
603 378 71 20 sedlar
694 385 50 13 vara
761 385 25 13 en
803 378 157 27 angelägenhet

200 412 65 21 hvars
280 412 165 21 bestämmande
461 412 67 27 enligt
543 412 35 27 lag
594 412 124 21 ankommer
734 411 226 22 uteslutande
878 407 12 37 å
895 411 65 22 Stän-

202 446 86 26 derna";
311 447 32 20 till
364 447 52 26 följd
439 447 79 20 hvaraf
532 446 81 26 jämväl
633 447 42 20 den
690 447 135 26 motivering,
842 453 48 14 som
905 446 55 21 före-

201 476 39 32 går
255 481 93 21 berörda
363 481 64 26 kläm,
443 481 69 21 borde
528 483 6 19 i
550 481 225 21 öfverensstämmelse
790 482 50 19 med
855 481 104 27 Borgare-

201 515 98 21 ståndets
307 515 90 21 sålunda
405 516 83 20 fattade
496 515 70 21 beslut
575 515 161 21 omformuleras
746 515 41 21 och
795 515 163 27 kompletteras.

201 562 28 2 —
242 549 82 21 Vidare
339 550 39 20 har
394 550 184 27 Borgareståndet
593 550 102 20 särskildt
710 550 87 21 beslutit
813 550 90 20 omfatta
919 549 40 21 Ut-

202 584 95 20 skottets
313 584 112 21 uttalande
441 585 12 19 å
468 584 61 20 sidan
547 589 25 22 32
588 584 113 27 angående
717 584 101 27 åtgärder
833 587 46 17 mot
890 584 70 20 Bank-

200 618 141 27 fullmäktige.

270 756 116 22 Utskottet
400 758 31 20 får
447 759 6 19 i
469 758 115 26 anledning
595 757 66 25 häraf,
671 757 91 21 rörande
774 757 119 27 det
815 752 9 36 i
833 757 57 27 fråga
901 760 57 18 satta

201 791 163 21 öfverförandet
379 792 25 20 af
415 792 203 27 sedeltryckningen
634 792 31 20 till
680 808 8 11 ,
691 791 162 27 Expeditionen
868 791 33 20 för
916 791 41 20 för-

200 825 129 28 färdigande
345 826 24 20 af
381 829 142 24 statspapper
538 827 7 20 i
560 824 177 28 Kejsaredöme",
751 825 74 21 anföra
841 825 102 27 följande:

269 860 9 20 I
294 859 226 22 öfverensstämmelse
542 861 50 20 med
614 860 206 27 Bankfullmäktiges
836 859 42 21 och
893 859 65 22 Sena-

200 897 48 18 tens
263 896 7 19 i
286 897 32 18 ett
340 895 93 26 tidigare
455 895 67 20 skede
544 895 24 20 af
580 895 70 20 denna
666 895 60 26 fräga
741 894 76 27 gjorda
832 894 125 21 uttalanden

200 929 66 20 håller
287 929 116 21 Utskottet
425 929 51 26 före,
493 932 33 18 att
542 929 41 21 den
598 929 124 21 nuvarande
738 930 119 26 ordningen
872 928 32 21 för
919 929 40 21 till-

199 963 106 27 värkning
327 963 24 21 af
371 963 95 21 bankens
489 963 78 25 sedlar,
584 963 66 27 enligt
665 963 87 21 hvilken
768 963 124 21 densamma
907 970 51 20 eger

199 1004 47 14 rum
263 998 30 26 pä
310 1001 33 17 tre
359 997 69 26 skilda
444 1001 57 17 orter
517 998 41 20 och
574 998 76 20 därvid
666 998 37 20 det
718 997 86 27 slutliga
819 997 140 27 förfärdigan-

200 1032 38 20 det
253 1032 25 20 af
289 1032 99 21 sedlarna
409 1032 196 21 omhänderhafves
622 1032 24 21 af
658 1032 86 21 banken
759 1032 52 26 själf,
828 1032 88 21 innebär
932 1039 25 13 en

199 1066 24 20 sä
246 1066 101 20 afsevärd
369 1067 105 27 trygghet
497 1070 47 18 mot
566 1066 110 21 underslef
698 1066 42 21 och
762 1066 145 27 förfalskning,
927 1070 32 17 att

199 1100 67 21 redan
281 1100 26 20 af
319 1100 70 21 denna
405 1101 65 20 orsak
485 1108 26 13 en
524 1101 209 27 systemförändring
744 1100 47 21 icke
803 1100 68 21 borde
881 1100 77 28 ifräga-

199 1134 94 21 komma.
323 1135 52 20 Men
397 1134 105 26 härjämte
526 1135 41 20 och
582 1136 6 19 i
603 1135 89 21 främsta
710 1138 91 18 rummet
817 1134 38 21 bör
872 1136 85 24 erinras,

200 1172 32 18 att
254 1169 91 27 ändring
367 1170 58 20 inom
449 1169 70 21 denna
542 1169 64 26 detalj
630 1170 21 20 at
674 1169 215 27 bankförvaltningen
911 1169 47 21 icke

198 1203 114 27 rättsligen
334 1203 43 20 kan
402 1210 79 20 genom
507 1204 171 20 administrativa
702 1204 143 26 förfoganden
870 1210 89 20 genom-

199 1237 64 20 föras.
288 1237 9 20 I
313 1237 78 21 sådant
407 1238 102 20 atseende
525 1239 35 19 mä
574 1237 129 26 framhållas,
715 1241 32 18 att
758 1238 201 27 grundstadgandet

198 1271 93 21 rörande
313 1271 84 21 banken
419 1272 35 27 i8
471 1276 24 22 55
513 1272 23 21 af
552 1277 53 22 1772
628 1273 34 20 års
685 1272 184 28 Regeringsform,
893 1272 65 27 enligt

198 1305 83 21 hvilket
303 1305 86 22 banken
413 1307 44 20 står
479 1306 67 21 under
564 1306 133 21 Ständernas
714 1308 97 27 ,garanti
827 1306 43 21 och
884 1306 72 25 vård",

198 1340 128 27 ytterligare
342 1341 117 26 ätergifves
473 1340 29 29 iS
515 1346 8 15 1
542 1341 24 20 af
578 1341 38 20 det
631 1347 80 20 genom
727 1340 98 27 Regents
840 1341 42 20 och
897 1340 61 21 Stän-

199 1374 49 20 ders
270 1374 163 27 samstämmiga
454 1374 71 21 beslut
546 1375 111 20 tillkomna
680 1375 207 26 bankreglementet.
916 1374 42 22 Att

198 1408 63 21 ordet
277 1408 61 20 värd
349 1408 116 21 innefattar
481 1408 96 22 bankens
592 1409 136 27 förvaltning,
745 1409 32 21 för
793 1409 24 21 sä
827 1408 46 22 vidt
883 1408 74 22 därom
