1048 1631
317 126 30 22 U.
363 126 28 22 B.
409 138 24 3 —
449 126 77 28 Prop.
541 126 47 23 N:o
603 126 22 22 6.
823 128 26 20 15

297 234 59 29 Nådig
379 235 116 29 förordning
519 234 103 30 angående
638 235 101 29 reglering
755 235 22 23 af
792 235 57 23 kloc-

227 269 60 23 kares
304 269 37 24 och
357 269 136 29 orgelnisters
509 269 85 29 aflöning
612 269 4 23 |
630 269 77 23 landets
720 269 129 29 evangelisk-

227 303 102 24 lutherska
344 303 149 29 församlingar.

446 367 45 28 18

157 413 16 21 I
184 414 75 27 hvarje
273 413 35 22 till
319 413 84 21 landets
414 413 246 28 evangelisk-lutherska
670 413 68 28 kurka
748 413 97 21 hörande

87 447 140 28 församling,
243 448 38 21 der
295 448 108 21 klockares
419 448 52 20 eller
487 447 116 28 orgelnists
614 447 98 28 aflöning
725 447 43 21 icke
778 447 69 21 redan

88 482 75 27 blifvit
184 483 85 20 ordnad
283 482 9 21 i
306 482 224 27 öfverensstämmelse
546 482 49 21 med
607 482 128 27 grunderna
750 481 10 21 i
774 482 73 20 denna

86 516 138 28 förordning,
230 517 57 21 skall
294 517 70 20 sådan
374 516 158 27 lönereglering
539 517 36 20 ske
583 516 62 21 inom
652 516 45 27 fem
705 516 26 21 år
742 516 103 27 härefter.

445 579 46 28 28

155 625 116 27 Reglering
293 625 124 21 verkställes
440 625 12 21 &
470 625 166 27 kyrkostämma,
652 625 52 21 efter
720 625 36 21 det
770 624 75 27 frågan

86 659 87 25 (utesl.)
189 659 149 22 underkastats
354 659 119 27 beredning
489 659 24 22 af
526 659 70 22 dertill
619 660 5 20 ä
638 659 158 27 kyrkostämmäa
811 661 33 18 ut-

86 693 66 22 sedda
174 700 108 21 personer.
312 694 193 27 Kyrkostämmans
521 694 77 23 beslut,
614 693 116 28 hvaröfver
745 693 76 21 besvär
835 693 10 20 i

84 728 77 27 vanlig
184 728 95 27 ordning
300 728 25 27 fä
347 728 99 27 anföras,
470 728 54 21 skall
540 727 141 22 underställas
697 729 146 25 guvernörens

84 762 102 27 pröfning
208 763 39 20 och
269 762 57 27 förty
342 763 67 26 jemte
424 763 157 26 handlingarna
596 763 7 20 i
618 763 87 20 ärendet
720 762 31 21 till
767 768 76 21 guver-

84 799 68 19 nören
162 797 107 21 insändas.
293 797 141 20 Guvernören
443 804 47 20 eger
500 799 39 25 att,
548 797 54 27 efter
609 797 122 20 inhemtadt
739 797 102 27 yttrande

84 831 29 27 af
116 831 156 21 vederbörande
279 831 138 27 domkapitel,
425 831 108 27 antingen
540 831 112 27 fastställa
660 831 88 20 beslutet
754 831 89 26 oförän-

83 865 65 21 dradt
156 866 51 20 eller
213 865 95 28 ock,med
314 865 134 28 angifvande
455 865 29 27 af
487 865 76 21 skälen
569 865 36 28 för
610 865 82 27 vägrad
696 865 145 27 fastställelse,

83 899 131 29 äterförvisa
229 900 89 20 ärendet
335 899 34 21 till
384 906 31 21 ny
431 899 134 28 behandling
580 899 28 28 af
620 900 168 27 kyrkostämma.

152 934 81 21 Besvär
249 933 58 22 öfver
324 935 146 25 guvernörens
487 934 73 21 beslut
570 934 86 26 (ufesl.)
668 933 173 22 anföras
760 929 13 35 i
780 933 61 22 Sena-

82 971 48 18 tens
146 968 273 27 Ekonomiedepartement.

152 1003 46 20 Har
212 1002 110 21 klockares
337 1003 51 20 eller
404 1002 115 27 orgelnists
536 1002 93 27 aflöning
645 1002 135 21 härförinnan
793 1008 48 20 reg-

81 1037 66 21 lerats
170 1042 75 21 genom
269 1036 152 27 öfverhetligen
437 1036 100 21 faststäld
552 1037 103 26 förening,
671 1043 45 14 som
733 1036 107 21 öfverens-

81 1073 102 19 stämmer
206 1071 49 20 med
277 1071 146 26 stadgandena
445 1071 7 20 i
468 1071 70 21 denna
554 1071 131 26 förordning,
700 1071 83 20 anmäle
798 1070 42 21 för-

81 1105 118 27 samlingen
211 1105 73 21 derom
295 1105 39 20 hos
346 1107 136 24 guvernören
493 1105 50 21 med
554 1105 125 27 biläggande
689 1105 23 20 af
720 1105 119 26 förenings-

81 1139 89 21 skriften
186 1139 39 21 och
240 1139 231 21 fastställelsebeslutet
485 1140 8 20 i
508 1139 84 27 styrkta
606 1139 115 21 afskrifter.

438 1208 46 27 38

148 1254 77 21 Lönen
239 1254 57 20 skall
310 1254 97 27 utfästas
422 1254 7 20 i
444 1254 121 26 penningar
578 1254 31 20 till
624 1254 55 20 visst
689 1253 79 27 belopp
779 1254 60 19 samt

76 1295 80 20 genom
181 1288 172 27 församlingens
373 1288 86 27 försorg
479 1288 114 27 uppbäras
615 1288 39 20 och
672 1287 31 28 pä
727 1287 110 21 bestämda

79 1322 55 21 tider
156 1322 24 21 ät
203 1323 127 26 löntagaren
345 1322 116 21 utbetalas.
496 1322 43 20 Vid
554 1322 163 27 fastställandet
731 1321 29 27 af
773 1322 64 20 lönen

79 1357 38 21 bör
139 1357 100 27 afseende
254 1356 66 22 fästas
336 1357 27 27 pä
379 1357 25 20 de
423 1356 46 21 frän
487 1356 154 27 församlingen
656 1356 59 21 förut
730 1356 107 26 utgäende

77 1390 114 28 afgifterna
213 1391 109 21 äfvensom
345 1391 27 27 pä
387 1390 158 27 omfattningen
561 1390 23 22 af
596 1390 124 22 klockarens
736 1390 51 21 eller
803 1396 33 14 or-

78 1425 116 27 gelnistens
211 1425 180 27 tjenstegöromäl.

146 1470 48 23 Lag-
207 1471 33 17 och
252 1470 184 18 Ekonomiutskottets
449 1470 113 18 betänkande
574 1470 34 18 N:o
622 1471 15 17 1.
