1048 1631
220 83 33 37 44
423 88 27 23 U.
467 88 25 22 B.
509 101 27 4 —
553 88 74 29 Prop.
643 88 44 23 N:o
703 88 14 23 1

500 389 55 20 VII
574 390 70 25 Kap.

434 452 103 21 Särskilda
552 452 155 27 bestämningar.

551 523 48 28 18.

265 571 66 21 Hvar
353 578 49 14 som
425 570 111 29 olofligen
555 571 152 28 uppdämmer
722 573 79 19 vatten
817 571 55 21 eller
888 573 59 19 stän-

194 614 40 21 ger
255 607 133 28 kungsädra
407 606 55 21 eller
478 606 67 28 eljest
561 606 79 29 bryter
656 609 48 19 mot
719 607 62 21 hvad
797 607 8 20 i
823 609 10 18 1
850 606 97 29 kapitlet

194 643 103 28 stadgats
319 642 55 21 eller
389 645 30 26 pä
434 642 75 29 grund
526 643 65 20 deraf
607 642 108 22 särskildt
731 642 160 26 föreskrifvits,
909 642 38 21 dö-

194 686 55 19 mes,
266 679 41 21 der
323 678 19 29 ej
360 678 127 29 gerningen
503 678 8 21 i
527 681 69 19 annat
612 679 89 28 lagrum
712 678 89 29 belagts
812 679 53 20 med
875 679 72 28 högre

194 714 73 26 straff,
284 713 35 22 till
335 714 65 21 böter
415 714 69 29 högst
499 714 120 29 fyratusen
635 714 70 21 mark.

267 751 40 22 Om
326 757 85 15 ansvar
425 751 37 26 för
478 751 48 26 den,
542 757 49 15 som
606 752 9 20 i
629 750 132 27 kungsädra
777 751 76 26 lägger
868 751 79 21 hinder

190 787 39 26 för
243 787 82 26 fiskens
339 787 118 27 vundring,
474 787 92 27 städgus
581 788 9 20 i
605 787 136 27 strafflagen.

266 823 47 21 Gör
333 821 73 28 någon
426 823 34 26 sig
479 823 87 26 skyldig
582 823 32 21 till
629 823 113 21 missbruk
757 823 38 21 vid
809 821 84 23 sådant
908 821 39 21 all-

193 859 64 19 mänt
272 857 121 28 nyttjande
410 857 23 21 af
449 857 143 28 vattendrag,
610 865 50 14 som
675 857 8 21 i
699 859 10 19 1
722 857 51 28 kap.
785 859 29 20 25
825 857 14 28 8
851 861 24 17 är
885 857 61 21 med-

193 892 81 29 gifvet,
291 900 54 13 vare
361 893 39 20 bot
416 893 69 28 högst
501 893 123 21 etthundra
641 893 70 21 mark.

546 967 50 24 28.

253 1011 143 22 Missbrukas
422 1015 43 18 rätt
484 1015 33 18 att
532 1014 51 21 med
596 1014 101 26 flottgods
713 1014 65 27 lägga
795 1013 32 22 till
842 1013 38 22 vid
895 1013 52 22 eller

192 1045 33 26 att
248 1047 96 22 beträda
368 1049 78 20 strand
462 1049 55 21 eller
533 1052 66 25 göres
616 1049 41 20 der
673 1048 72 21 skada
761 1048 54 21 eller
831 1049 76 27 ohägn
923 1047 24 22 af

192 1085 77 26 någon
298 1084 23 21 af
345 1083 264 30 flottningsmanskapet,
640 1084 92 21 straffes
764 1084 45 21 den
840 1083 107 29 skyldige

193 1119 52 21 med
261 1119 66 22 böter
343 1119 20 29 ej
382 1119 65 22 öfver
459 1120 137 28 femhundra
613 1120 71 25 mark,
702 1120 40 21 der
757 1119 51 22 icke
819 1119 129 29 gerningen

192 1155 73 28 enligt
289 1155 83 21 allmän
397 1155 105 29 strafflag
526 1159 24 17 är
570 1156 85 28 belagd
672 1155 52 21 med
741 1158 116 26 strängare
873 1155 73 21 straff.

192 1190 99 22 Pröfvas
307 1191 134 21 förmannen
457 1191 71 21 hafva
543 1199 84 21 genom
643 1191 118 21 bristande
777 1190 81 29 tillsyn
876 1191 72 21 vällat

192 1228 33 19 att
241 1226 86 22 brottet
343 1226 92 26 skedde,
452 1227 53 21 böte
521 1227 46 21 han
578 1227 70 28 högst
656 1226 137 28 femhundra
804 1227 69 21 mark.
900 1228 23 26 (3
933 1230 14 23 $

194 1264 10 19 1
222 1268 67 16 mom.
306 1264 8 20 i
325 1263 76 27 prop.)

264 1298 47 21 För
326 1298 123 21 uraktlätet
464 1298 145 28 fullgörande
626 1298 24 20 af
660 1298 286 28 anmälningsskyldighet,

192 1340 49 14 som
265 1333 8 21 i
295 1335 12 19 2
327 1334 51 28 kap.
401 1335 26 19 12
443 1334 14 28 S
474 1333 160 26 föreskrifvits,
652 1341 54 13 vare
722 1334 39 21 bot
777 1334 80 21 femtio
874 1334 71 21 mark.

192 1369 43 27 (del
251 1370 29 27 af
299 1370 8 21 2
321 1372 14 24 $
350 1370 15 22 2
380 1376 67 16 mom.
463 1372 9 20 i
483 1371 77 27 prop.)

267 1410 214 20 Vattenrättsutskottets
493 1411 118 19 betänkande
623 1412 39 18 N:o
673 1412 16 18 1.
