1048 1631
431 114 40 22 N:o
489 116 17 19 1.
793 117 28 20 69

436 191 26 20 83
482 190 17 27 8.

156 235 89 22 Utföras
264 236 17 27 ej
303 235 25 22 de
344 235 33 22 för
392 235 126 22 inrättande
535 235 23 21 af
571 235 83 22 flottled
670 235 130 23 föreskrifna
816 243 34 15 ar-

87 271 64 21 beten
172 271 57 21 inom
251 270 39 21 den
307 270 38 26 tid,
362 276 45 15 som
424 269 72 22 derför
511 270 113 26 bestämts,
641 270 83 21 anmäle
741 271 108 22 distrikts-

87 305 125 28 ingeniören
233 304 75 21 härom
327 304 39 22 hos
386 305 134 26 guvernören
540 304 7 21 i
563 304 99 22 afseende
678 305 13 20 å
707 305 41 21 den
765 305 84 28 åtgärd,

88 345 46 16 som
149 340 43 21 kan
208 338 69 22 finnas
293 339 107 27 påkallad.

436 438 28 21 34
483 437 18 28 8.

158 482 167 22 Vederbörande
345 483 168 21 kronolänsman
534 483 80 27 åligger
632 484 34 20 att
680 483 45 21 låta
740 483 7 21 i
763 483 38 22 sitt
817 483 31 22 di-

88 518 66 21 strikt
169 518 104 27 kungöra,
290 517 59 22 såväl
364 517 72 22 hvilka
451 524 105 21 personer
567 519 37 20 äro
616 519 95 26 antagna
722 518 32 21 till
764 518 83 22 förmän

88 552 33 21 för
144 552 136 27 flottningen,
304 552 48 21 med
371 552 85 27 uppgift
475 559 34 14 om
526 552 90 22 enhvars
633 553 214 27 tillsyningsområde,

88 593 46 16 som
152 587 73 21 hvilka
244 587 135 27 virkesegare
400 587 81 22 anmält
497 587 133 27 skogsalster
646 587 31 22 till
693 587 101 28 flottning
809 587 39 22 och

89 621 101 22 aflemnat
213 622 38 21 sitt
271 622 152 27 virkesmärke,
444 623 23 20 så
486 623 39 20 ock
544 622 57 21 hålla
616 622 100 27 teckning
731 622 23 21 af
768 623 80 20 virkes-

88 657 75 21 märke
186 656 119 27 tillgänglig
327 656 33 22 för
383 657 54 26 dem,
461 663 46 15 som
530 657 50 27 vilja
604 659 49 25 taga
675 657 121 21 kännedom
814 663 33 15 om

90 691 126 22 detsamma.

158 725 71 22 Sådan
249 726 129 27 kungörelse
397 726 54 22 skall
472 726 37 21 ske
525 726 66 21 innan
607 726 127 27 flottningen
750 726 98 27 vidtager

89 760 57 26 eller,
164 766 34 15 om
214 761 99 20 anmälan
329 761 39 21 hos
383 761 141 21 länsmannen
540 761 69 27 gjorts
622 767 81 20 senare,
715 761 132 21 omedelbart

90 795 54 22 efter
160 795 76 22 denna.

437 860 27 21 35
479 859 18 28 $.

157 904 44 21 Der
224 911 122 20 gemensam
368 903 103 28 flottning
494 911 50 20 eger
567 911 53 19 rum,
644 911 49 15 vare
712 905 135 27 virkesegare

88 939 84 27 skyldig
198 940 33 20 att
253 939 58 21 inom
335 939 40 21 den
398 939 7 20 i
427 938 250 28 flottningsföreningens
699 939 90 27 stadgar
811 939 36 21 be-

88 973 86 22 stämda
196 973 31 22 tid
250 973 39 22 och
305 974 6 20 i
328 973 37 22 der
384 973 92 27 stadgad
497 974 91 26 ordning
604 973 32 21 till
651 973 136 28 föreningens
803 975 44 25 sty-

89 1008 55 21 relse
167 1007 90 22 aflemna
281 1008 100 27 teckning
404 1007 23 22 af
443 1008 39 21 sitt
497 1008 147 21 virkesmärke
659 1008 38 21 och
713 1007 84 22 anmäla
813 1013 34 16 om

89 1042 105 27 mängden
211 1042 38 21 och
267 1041 174 22 beskaffenheten
457 1041 23 22 af
494 1042 37 21 det
546 1041 109 28 flottgods,
672 1042 41 21 han
730 1048 63 15 ernar
808 1048 39 15 un-

90 1076 37 21 der
143 1077 47 21 året
205 1076 70 22 införa
285 1077 6 20 i
302 1077 117 21 flottleden.
451 1077 131 21 Underläter
598 1077 41 20 han
656 1076 66 21 sådan
739 1076 108 28 anmälan,

87 1111 63 26 gälde
172 1111 37 21 det
228 1111 93 21 tillskott
341 1111 85 22 utöfver
445 1111 72 27 vanlig
532 1110 180 27 flottningsafgift,
729 1110 118 27 stadgarna

87 1144 34 22 för
144 1145 68 27 dylikt
234 1145 37 22 fall
293 1145 133 27 föreskrifva,
450 1145 81 22 hvilket
552 1145 53 22 dock
620 1145 46 22 icke
681 1145 35 21 må
732 1144 115 28 öfverstiga

87 1180 81 21 hälften
185 1179 23 22 af
220 1180 57 22 hvad
292 1180 61 28 eljest
368 1180 49 22 bort
433 1180 81 28 gäldas.

436 1278 27 21 36
481 1278 19 27 8.

156 1323 59 22 Skall
230 1323 101 28 flottning
342 1324 7 21 i
360 1324 136 27 vattendrag,
513 1323 33 22 för
562 1323 80 22 hvilket
657 1323 190 27 flottningsstadga

86 1358 48 21 icke
155 1358 73 26 gäller,
251 1358 129 22 verkställas
397 1358 12 21 å
425 1358 82 22 sådana
531 1358 84 26 ställen,
640 1358 37 22 der
695 1358 93 22 förutses
804 1358 43 20 kan

87 1394 33 19 att
143 1392 76 22 strand
241 1393 69 21 måste
328 1392 102 22 beträdas
452 1392 51 22 eller
519 1393 68 21 skada
602 1393 81 27 uppstå
697 1398 76 22 genom
789 1391 58 23 flott-

86 1426 86 28 ningen,
194 1426 128 22 underrätte
345 1426 127 22 förmannen
497 1433 34 15 om
556 1427 70 21 denna
645 1427 7 21 i
670 1427 41 27 god
735 1426 31 22 tid
789 1426 58 21 förut
