1048 1631
220 120 16 22 4
422 118 27 22 U.
465 118 26 22 B.
505 130 29 3 —
550 118 72 28 Prop.
638 118 45 22 N:o
699 118 20 22 3.

184 189 59 22 efter
267 189 77 29 behag
371 189 82 29 afsäga
471 189 42 29 sig.
549 189 35 22 De
602 197 56 14 vore
675 191 101 20 tvärtom
794 188 125 23 faststälda
937 189 9 22 i

184 223 135 22 samhällets
342 224 104 27 intresse,
469 224 31 29 pä
523 223 41 22 det
588 223 122 23 domarene
728 223 41 22 vid
787 223 159 28 fullgörandet

185 259 24 21 af
227 258 52 21 sina
303 258 176 29 embetspligter
497 258 75 21 skulle
589 266 57 14 vara
664 257 144 22 säkerstälda
826 260 48 19 mot
893 258 53 21 obe-

184 292 84 29 höriga
291 292 134 29 inflytelser.
461 293 12 21 I
497 292 60 29 följd
574 293 68 22 häraf
660 293 78 22 kunde
757 291 30 22 en
803 291 74 23 sådan
896 299 49 15 sus-

184 327 98 28 pension
309 327 24 22 af
350 327 99 22 berörda
467 327 153 28 stadganden,
640 335 49 14 som
706 327 9 22 i
732 326 153 23 förevarande
903 327 42 21 fall

184 362 85 27 afsägs,
293 361 52 22 icke
369 362 172 29 ävägabringas
565 369 84 21 genom
668 361 185 22 administrativt
870 361 76 22 förbe-

185 395 49 22 häll
251 396 42 21 vid
315 397 141 28 tjensternas
474 396 145 27 besättande,
638 398 57 19 utan
713 395 83 22 endast
813 402 85 22 genom
915 403 30 14 en

184 430 102 21 särskild
297 431 36 21 för
346 431 131 21 ändamälet
489 430 113 29 vidtagen
614 429 253 30 lagstiftningsätgärd.
897 429 48 22 Och

186 465 30 21 då
233 465 84 28 sjelfva
336 465 162 29 stadgandena
517 465 136 22 tillkommit
671 465 74 21 under
763 464 141 22 medverkan
922 464 24 22 af

186 499 139 28 Ständerna,
347 499 145 22 erfordrades
515 499 69 22 äfven
609 499 36 22 för
667 499 67 22 deras
757 498 188 29 suspenderande

187 533 145 22 Ständernas
350 534 126 28 samtycke.
512 533 186 22 Vidkommande
717 533 112 29 slutligen
847 533 41 21 det
905 533 40 21 nå-

186 567 56 30 diga
266 568 163 28 förordnande,
453 569 30 28 på
506 568 77 29 grund
605 568 83 22 hvaraf
705 567 240 29 häradshöfdingarne

186 602 72 22 sedan
285 603 26 20 år
340 603 63 21 1873
428 603 102 21 tillträdt
552 603 51 21 sina
625 603 98 28 tjenster
746 602 52 21 med
816 602 77 22 vilkor
911 603 36 20 att

186 644 56 14 vara
265 637 172 22 underkastade
461 637 28 21 de
507 637 170 29 förändringar,
696 636 188 22 häradsrätterne
903 635 43 23 och

187 671 164 28 domsagornas
373 671 96 28 omfång
486 671 122 22 framdeles
627 672 91 21 komme
737 673 35 19 att
790 671 112 28 undergå,
921 671 25 20 så

188 706 87 28 angick
299 705 127 22 detsamma
443 706 52 21 icke
514 705 87 22 sådana
619 705 164 28 förändringar
801 705 24 22 af
843 705 103 22 domare-

186 741 137 28 tjensterna,
343 747 48 15 som
403 741 46 21 den
460 748 33 14 nu
505 741 114 28 påtänkta
632 740 226 23 domstolsreformen
871 739 76 22 skulle

186 774 112 23 medföra.
335 774 49 22 Och
408 775 93 21 emedan
527 775 28 20 de
572 782 48 21 nya
638 775 181 28 bestämningar,
838 781 49 14 som
905 773 41 22 Se-

187 811 73 20 naten
287 809 40 22 vid
346 809 83 22 sådant
447 809 145 22 förhållande
612 811 77 20 ansett
706 809 37 22 för
761 808 126 22 reformens
905 816 42 14 un-

187 843 147 22 derlättande
346 843 157 29 erforderliga,
515 843 147 22 innefattade
674 843 101 28 ändring
788 843 23 21 af
823 843 21 28 ej
857 843 90 22 mindre

187 878 168 29 förordningen
383 878 44 21 den
455 879 14 20 3
493 878 115 21 Februari
635 878 71 27 1868,
725 881 28 18 än
773 877 76 29 öfriga
867 877 81 22 ofvan-

187 912 131 29 åberopade
345 912 193 29 lagstadganden,
556 913 79 21 kunde
654 912 116 21 desamma
788 912 51 21 icke
858 911 90 22 likstäl-

187 947 35 22 las
241 947 53 21 med
312 947 133 22 förenämda
463 947 40 21 vid
520 947 339 28 häradshöfdingetjensternas
872 947 77 21 besät-

188 981 71 22 tande
287 981 90 22 fästade
404 982 84 21 vilkor.
524 981 52 22 Den
599 981 108 28 ordning,
728 981 68 22 hvari
815 981 73 28 sagda
904 981 44 22 vil-

188 1016 42 21 kor
263 1015 121 28 faststälts,
411 1016 79 21 kunde
517 1015 78 23 derför
616 1017 21 28 ej
660 1015 73 22 heller
750 1015 41 22 vid
812 1023 33 14 nu
863 1015 86 28 ifräga-

188 1050 104 21 varande
311 1050 83 29 åtgärd
412 1051 65 28 tjena
494 1050 38 22 till
549 1050 106 22 förebild.

257 1085 48 21 Vid
335 1084 74 22 skedd
438 1085 166 28 föredragning
634 1085 23 22 af
687 1084 115 21 Senatens
831 1083 118 22 ofvanom-

189 1118 87 23 ordade
303 1119 162 29 underdäniga
491 1119 139 22 hemställan
654 1120 37 21 för
717 1118 46 22 den
785 1118 31 21 27
836 1118 113 22 Februari

191 1154 64 21 1897
284 1155 70 28 jemte
381 1156 35 20 ett
442 1154 23 22 af
493 1154 101 22 Senaten
618 1154 79 22 tillika
721 1153 52 22 med
797 1152 152 23 omförmälda

187 1188 113 28 yttrande
325 1188 96 22 insändt
443 1188 89 29 förslag
555 1188 38 22 till
615 1188 74 22 delvis
712 1187 89 22 ändrad
819 1187 89 29 lydelse
927 1188 22 21 af

188 1222 302 30 landtdagspropositionen
517 1223 9 21 i
553 1226 78 19 ämnet
658 1222 42 22 har
726 1222 66 22 Hans
816 1222 134 29 Kejserliga

188 1257 113 28 Majestät
327 1258 9 20 i
362 1257 73 22 nåder
464 1257 104 29 godkänt
599 1256 128 30 nästsagda
754 1256 93 29 förslag.
883 1256 67 22 Dock

188 1291 43 22 har
256 1299 29 14 ur
310 1292 121 28 ingressen
458 1292 37 21 till
522 1292 271 28 författningsförslaget,
820 1290 68 22 hvari
910 1298 40 14 an-

188 1326 83 28 gifvits
303 1328 35 20 att
367 1326 171 29 författningen
566 1327 9 21 i
598 1327 64 21 vissa
697 1325 64 22 delar
797 1325 68 22 afvek
898 1325 52 21 frän

189 1360 63 22 hvad
280 1361 20 27 ej
325 1360 90 22 mindre
445 1360 170 23 ofvanberörda
648 1360 138 28 förordning
813 1360 24 21 af
863 1360 46 21 den
935 1360 13 20 3

188 1394 117 22 Fubrumri
336 1395 73 28 1808,
436 1399 30 18 än
494 1395 70 22 även
592 1396 13 21 2
634 1396 14 26 $
675 1395 9 21 i
712 1395 65 21 1772
808 1395 37 21 åre
876 1395 74 27 Rege-

189 1429 133 29 ringsform,
367 1430 98 28 jemförd
505 1430 53 22 med
601 1430 54 22 4:de
699 1429 106 29 punkten
845 1429 8 21 i
892 1429 59 21 riks-

259 1473 133 23 Lagutskottets
405 1474 110 17 betänkande
528 1474 37 17 N:o
578 1474 14 17 1.
