1048 1631
322 91 27 22 U.
366 92 25 22 B.
408 104 28 3 —
453 92 75 28 Prop.
545 91 45 23 N:o
606 92 20 21 1.
788 94 27 19 47

94 158 83 28 ningar
201 157 64 29 gifva
287 165 28 13 en
337 156 131 29 affattning,
485 165 28 13 ur
528 156 96 22 hvilken
640 157 106 28 framgår,
763 159 33 19 att
812 157 39 22 det

94 193 52 22 icke
162 194 42 21 här
219 193 72 28 gäller
306 193 158 28 upptagandet
480 193 23 21 af
518 201 48 20 nya
579 193 155 28 grundsatser,
747 196 33 18 att
791 193 60 21 stad-

95 229 106 29 gandena
217 229 94 21 fastmer
327 229 44 21 fått
387 231 25 19 så
427 231 34 19 att
477 233 55 24 säga
547 229 57 28 följa
620 229 52 21 med
686 229 29 21 de
731 229 74 28 öfriga
815 229 36 21 till

95 265 174 28 förebyggande
284 265 23 21 af
323 264 167 27 missförstånd,
507 268 61 18 samt
583 267 33 18 att
632 265 28 21 de
675 265 51 21 icke
742 268 55 25 göra
813 273 38 13 an-

96 301 68 28 språk
188 303 30 26 på
241 309 28 13 en
287 301 182 28 fullständighet,
487 308 49 13 som
553 301 98 20 uteslöte
666 300 146 29 tillämpning
827 301 24 21 af

96 337 69 21 äfven
190 337 71 21 andra
281 336 7 21 i
311 336 45 21 den
378 337 73 20 sunda
467 336 154 21 rättskänslan
637 337 124 27 grundade,
778 337 72 21 ehuru

96 373 51 22 icke
170 373 8 20 i
201 373 38 28 lag
263 371 157 30 uttryckligen
445 372 102 21 uttalade
573 372 108 21 liknande
706 375 77 23 satser,
810 373 42 21 har

96 409 120 21 Utskottet
234 408 95 21 beslutit
349 408 92 21 förorda
457 408 140 29 antagandet
612 408 24 21 af
651 408 28 29 $$
695 411 28 18 22
740 409 42 21 och
798 411 29 19 26
843 409 8 21 i

97 445 45 21 den
158 445 65 24 form,
240 445 13 28 8
270 447 28 18 25
314 444 8 21 i
337 444 131 21 Utskottets
484 444 87 29 förslag
587 452 41 21 ger
643 444 39 22 vid
698 445 97 21 handen.

168 481 50 20 Mot
229 480 45 21 den
285 479 7 22 i
301 482 28 19 23
338 480 14 28 &
360 480 101 21 nämnda
468 480 142 28 befogenhet
618 482 32 19 att
658 480 75 21 utföra
741 480 110 29 rensning

97 516 24 22 af
128 516 138 28 vattendrag
275 515 68 22 äfven
351 515 62 22 inom
423 523 86 14 annans
519 516 93 21 område
620 516 41 21 har
671 516 118 22 Utskottet
799 516 52 22 icke

97 552 78 22 funnit
198 552 49 21 skäl
268 551 35 22 till
319 551 157 29 anmärkning.
508 552 37 21 Då
561 552 126 21 emellertid
702 553 148 28 paragrafens

98 587 125 29 affattning
239 587 77 22 kunde
332 587 65 28 gifva
411 587 42 22 vid
468 587 93 22 handen
578 590 33 19 att
622 588 85 21 enhvar
722 595 55 15 vore
793 588 58 21 oför-

97 623 99 22 hindrad
212 625 33 20 att
258 623 75 21 utföra
345 623 64 28 dylik
422 623 110 28 rensning
543 623 62 22 inom
617 626 52 25 eget
679 624 92 21 område
782 625 70 20 också

97 660 74 21 under
186 659 41 26 tid,
245 659 29 21 då
289 659 46 21 fisk
352 659 71 28 stiger
438 659 8 21 i
462 659 162 28 vattendraget
635 660 42 21 och
688 660 71 21 skada
768 667 83 21 genom

98 695 88 22 arbetet
204 695 95 22 sålunda
315 695 78 21 kunde
409 695 139 28 tillskyndas
565 703 75 14 annan
655 695 196 29 fiskeberättigad,

97 732 42 21 har
164 731 116 22 Utskottet
303 731 78 21 funnit
403 731 82 28 nödigt
508 733 34 19 att
564 739 84 21 genom
666 739 28 14 en
710 731 141 22 redaktionel

98 767 98 28 ändring
220 767 43 21 och
286 767 81 28 tillägg
390 767 24 20 af
429 769 33 18 ett
484 769 7 18 2
508 775 68 13 mom.
593 767 65 28 gifva
672 767 135 28 paragrafen
823 775 29 14 en

99 803 71 22 sådan
194 803 95 28 lydelse,
314 805 33 19 att
369 803 102 28 antydda
486 803 108 28 tolkning
609 803 144 28 förebygges,
771 803 81 22 dervid

99 839 59 22 dock
180 839 82 21 endast
280 839 147 28 skyddandet
442 838 34 21 uti
492 839 175 28 ifrågavarande
682 839 131 22 hänseende
829 839 24 22 af

99 875 29 23 de
143 875 170 25 värdefullaste,
330 875 73 20 under
418 874 48 22 viss
483 874 34 21 tid
530 875 23 21 af
564 877 48 19 året
622 875 93 22 fredade
726 875 126 28 fiskslagen

99 913 87 19 ansetts
201 910 56 21 böra
272 911 92 20 komma
379 910 8 21 i
403 910 157 21 betraktande.

172 945 75 22 Också
262 946 106 28 gällande
384 946 148 28 lagstiftning
548 946 116 21 meddelar
678 946 97 21 likasom
790 947 14 28 &
823 949 28 19 24

99 982 85 22 förbud
200 982 43 21 och
257 981 148 28 föreskrifter,
418 981 110 22 afseende
539 984 33 19 att
582 981 82 22 hindra
674 983 177 28 vattendragens

100 1018 151 21 förorenande
257 1017 55 22 eller
317 1017 182 29 uppgrundning
504 1025 85 21 genom
595 1018 118 21 införande
720 1018 8 21 i
737 1018 116 21 desamma

100 1054 24 21 af
146 1054 157 28 hvarjehanda
327 1053 166 22 affallsämnen.
527 1054 101 21 Sålunda
649 1054 91 28 ålägger
755 1056 28 19 20
800 1054 51 29 kap.

101 1092 12 19 6
130 1090 14 28 &
159 1089 27 22 B.
203 1090 26 21 B.
247 1097 66 20 egare
330 1089 23 21 af
369 1091 114 26 sågqvarn
500 1092 34 19 att
549 1090 59 21 vaka
625 1090 64 21 öfver
705 1090 38 21 det
754 1091 99 27 sågspån

100 1125 52 22 icke
167 1127 38 20 må
220 1125 117 21 inkomma
351 1125 8 20 i
375 1128 90 18 vattnet
481 1125 44 21 och
541 1127 97 20 utsätter
650 1125 67 22 straff
726 1126 36 21 för
773 1125 80 22 under-

100 1162 102 21 låtenhet
218 1161 144 21 härutinnan.
396 1164 57 19 1868
470 1163 35 19 års
523 1161 134 29 förordning
673 1162 118 28 angående
806 1164 47 19 vat-

100 1197 161 29 tenledningar
277 1198 42 21 och
335 1197 136 22 vattenverk
487 1197 128 21 innehåller
630 1200 47 19 åter
693 1198 52 21 med
762 1200 10 19 1
785 1204 67 15 mom.

101 1234 24 21 af
140 1233 150 21 förevarande
305 1233 107 29 paragraf
428 1233 98 28 analoga
541 1233 176 22 bestämmelser.

172 1269 185 21 Vidkommande
380 1269 150 29 paragrafens
551 1271 13 19 2
581 1277 67 15 mom.
665 1270 76 21 kunde
757 1269 38 22 väl
811 1269 43 21 för-

100 1305 73 23 budet
196 1307 33 19 att
248 1305 95 21 afbarka
359 1305 140 28 skogsalster
515 1307 14 19 å
544 1304 50 22 isen
610 1304 24 22 af
648 1305 136 28 vattendrag
800 1305 55 21 eller

102 1343 13 21 å
138 1341 108 21 stranden
270 1340 105 22 derinvid
396 1348 67 14 anses
478 1340 120 29 inneligga
614 1341 69 21 redan
699 1341 34 21 uti
749 1341 105 28 stadgan-

102 1377 58 22 dena
176 1377 7 21 i
199 1377 148 29 paragrafens
365 1379 10 19 1
392 1384 75 18 mom.,
485 1384 54 14 men
555 1377 41 21 har
606 1376 118 22 Utskottet
735 1377 59 21 dock
805 1376 50 22 fun-

177 1419 212 18 Vattenrättsutskottets
403 1419 118 18 betänkande
535 1419 38 18 N:o
585 1419 15 18 1.

867 953 30 20 24
913 951 20 28 8.

914 972 4 7 a
