1048 1631
192 110 14 20 4
421 110 30 22 U.
467 110 27 22 B.
507 116 30 10 —
553 110 75 29 Prop.
644 111 42 22 N:o
701 111 22 22 9.

400 179 224 28 distilleringsverken
631 179 124 28 inflytande
761 179 197 28 kontrollafgiften:

401 214 36 21 till
461 215 89 25 80,000
570 215 63 20 mark
654 214 87 27 årligen
758 214 72 21 under
845 215 29 20 ett
889 214 64 21 hvart

401 248 30 27 af
442 248 172 27 ifrågavarande
627 248 88 28 periods
730 248 53 28 fyra
798 248 32 21 år.

262 333 33 21 På
310 334 123 21 enahanda
449 334 57 26 skäl,
523 341 51 14 som
586 334 28 21 de
625 334 80 21 hvilka
715 333 114 21 föranledt
840 333 113 21 Utskottet

192 367 38 27 att!
245 367 104 22 beräkna
369 368 287 27 bränvinstillverkningen
676 368 69 26 något
763 368 61 27 lägre
840 369 30 19 än
885 367 7 21 i
907 367 45 21 den

191 402 86 27 nådiga
299 403 174 27 propositionen
496 405 36 24 egt
554 410 59 19 rum,
630 403 42 20 har
694 402 113 21 Utskottet
830 404 74 19 ansett
919 401 34 27 sig

191 436 50 21 icke
265 436 80 21 kunna
369 437 102 20 beräkna
494 437 44 20 den
561 437 67 20 andel
647 436 32 21 uti
696 436 173 27 ifrågavarande
885 435 66 25 vinst,

192 476 50 15 som
263 470 70 27 enligt
355 471 27 20 10
397 471 12 26 3
428 471 8 20 i
452 471 59 27 Kejs.
528 471 163 26 förordningen
707 470 26 21 af
745 471 44 20 den
805 471 14 20 9
829 470 51 27 juni
897 471 54 20 1892

190 504 143 21 tillkommer
357 505 310 26 kommunikationsfonden,
689 505 34 20 till
747 511 90 14 samma
867 505 84 27 belopp

191 545 51 14 som
258 539 45 21 den
312 539 84 27 nädiga
406 540 181 27 propositionen,
598 540 54 21 eller
663 539 60 21 Fmk
735 540 112 25 1,000,000
857 539 93 26 ärligen,

190 575 57 18 utan
263 573 136 28 uppskattat
414 574 76 21 denna
505 574 103 21 inkomst
620 574 81 21 endast
711 573 95 21 tillFmk
817 574 96 25 900,000:
923 585 28 3 —

191 607 36 21 för
249 607 68 21 hvart
339 608 44 21 och
402 610 30 19 ett
455 608 25 21 af
498 608 45 21 den
559 608 177 21 nästinfallande
752 607 198 28 finansperiodens

191 641 50 28 fyra
257 641 32 21 är.
320 642 114 21 Utskottet
449 643 34 20 fär
499 643 87 20 säledes
601 643 119 20 vördsamt
735 642 83 21 föreslä

468 718 33 19 att
523 717 148 27 omförmälda
692 716 131 21 vinstmedel
845 715 105 22 beräknas

430 751 7 20 1
452 752 106 25 900,000
572 751 63 21 mark
650 750 91 28 årligen.

261 831 44 20 Det
326 831 85 26 förslag
433 831 34 21 till
490 831 131 27 förordning
636 831 117 26 angående
767 831 41 20 den
824 831 62 24 skatt,
902 837 47 14 som

190 864 35 27 för
241 864 141 28 tillverkning
397 865 28 27 af
437 865 94 21 bränvin
548 865 8 20 i
570 865 98 21 Finland
681 865 58 20 skall
753 865 108 26 erläggas,
874 865 76 27 äfven-

189 905 48 14 som
261 906 36 14 om
322 899 203 22 bränvinsskattens
546 899 103 21 använde
672 899 40 21 och
735 899 125 27 fördelning
882 899 68 20 under

190 933 54 20 ären
271 934 148 25 1901—1904,
442 934 87 21 hvilket
549 934 53 21 med
617 934 45 21 den
678 933 84 26 nädiga
777 933 173 28 propositionen

190 967 34 20 till
248 967 129 22 Ständerna
400 968 170 27 öfverlämnats,
594 969 44 20 och
655 968 69 21 hvars
739 968 13 20 2
769 969 12 25 8
797 968 99 20 handlar
911 974 39 15 om

190 1001 104 22 skattens
310 1002 160 27 användande,
485 1004 112 25 upptager
612 1002 103 27 anslaget
729 1002 34 21 till
779 1002 129 21 kontrollen
919 1002 32 21 öf-

190 1042 39 15 ver
245 1035 289 28 bränvinstillverkningen
558 1038 59 19 samt
636 1036 35 21 till
687 1036 118 27 äklagares
821 1036 129 21 belönande

190 1070 36 21 för
241 1070 110 21 särskildt
366 1070 34 21 nit
420 1070 39 21 vid
475 1070 127 21 beifrandet
620 1070 25 21 af
658 1070 173 21 öfverträdelser
846 1070 25 21 af
884 1070 67 21 brän-

190 1104 247 27 vinsförfattningarna
451 1105 34 21 till
501 1106 91 25 250,000
608 1105 68 20 mark
691 1111 39 14 om
745 1105 54 26 året,
814 1105 35 20 till
864 1105 87 20 hvilket

190 1138 87 28 belopp
302 1139 87 21 nämda
414 1139 80 27 anslag
518 1139 39 21 vid
583 1140 54 20 1897
654 1139 37 21 ärs
707 1139 110 27 landtdag
829 1139 120 21 nedsattes.

190 1172 69 21 Detta
282 1173 86 27 anslag,
391 1180 52 14 som
462 1173 35 21 för
512 1174 52 20 hela
580 1173 186 28 finansperioden
783 1173 88 21 säledes
886 1174 65 20 kom-

190 1213 49 15 mer
261 1209 33 19 att
316 1208 76 27 uppgä
411 1208 34 20 till
468 1208 111 26 1,000,000
602 1208 74 26 mark,
699 1208 64 20 torde
784 1208 25 20 af
823 1208 128 20 Ständerna

189 1241 58 21 böra
264 1241 150 21 oförändradt
429 1242 143 27 godkännas,
588 1242 99 20 likasom
703 1242 67 20 äfven
786 1242 44 20 den
846 1242 7 20 i
869 1248 82 21 propo-

189 1275 101 21 sitionen
306 1278 118 25 upptagna
438 1276 174 28 anslagsposten
627 1282 41 15 om
682 1276 93 26 400,000
787 1276 67 20 mark
864 1276 86 27 årligen

189 1309 34 21 till
239 1309 130 27 fördelning
384 1310 98 21 emellan
498 1310 71 21 stads-
584 1311 44 20 och
645 1310 244 21 landskommunerna.

261 1344 32 20 Pä
309 1344 74 26 grund
399 1344 25 21 af
437 1344 38 21 det
489 1344 97 22 anförda
596 1344 35 21 fär
643 1344 113 21 Utskottet
766 1344 118 22 vördsamt
895 1344 56 22 före-

190 1378 41 26 slä,
248 1380 32 17 att
304 1378 128 21 Ständerna
447 1379 52 20 ville
515 1379 36 21 för
565 1380 13 24 $
600 1380 6 20 2
626 1379 3 20 i
646 1378 155 22 omförmälda
816 1379 135 26 förordning

190 1414 85 25 antaga
290 1412 101 28 följande
406 1412 95 28 lydelse:

261 1458 142 18 Statsutskottets
416 1458 111 18 betänkande
539 1458 37 18 N:o
590 1458 17 18 6.
