1048 1631
335 81 28 22 U.
381 81 26 23 B.
425 94 26 4 —
469 81 69 29 Prop.
556 80 44 23 N:o
615 81 13 21 1
799 83 27 19 75

103 148 24 22 af
148 148 78 22 desses
249 148 92 21 andelar
362 147 8 22 i
387 148 39 21 det
445 147 117 29 torrlagda
578 146 107 23 omrädet.
717 146 34 22 Pä
767 146 38 22 det
818 146 42 21 lik-

102 185 39 22 väl
164 184 90 29 garanti
277 186 70 19 mätte
371 183 76 22 finnas
469 186 48 19 mot
532 183 151 28 möjligheten
699 185 34 19 att
748 183 24 21 af
788 183 72 27 sagda

104 220 140 29 befogenhet
267 220 77 21 kunde
363 223 68 25 göras
447 219 59 22 bruk
522 219 74 22 under
612 219 201 28 omständigheter,
831 219 28 20 dä

104 256 82 21 sädant
201 255 68 22 lände
285 255 34 22 till
336 255 71 22 skada
423 255 36 21 för
475 255 53 21 dem
544 262 50 15 som
609 255 51 21 icke
676 254 59 29 vilja
749 254 110 29 deltaga
847 250 14 39 i

101 292 121 28 företaget,
238 291 41 22 har
293 291 66 22 desse
371 291 97 22 lemnats
480 293 70 26 öppet
561 293 39 24 att,
613 291 40 21 der
664 291 27 21 de
702 293 157 26 representera

103 335 97 21 egareno
223 327 36 22 till
274 327 89 21 hälften
379 327 24 21 af
418 327 45 21 den
479 327 71 26 mark,
567 327 69 21 hvars
652 326 159 29 torrläggning
827 326 32 21 af-

103 371 43 18 ses,
170 365 109 20 motsätta
300 363 36 28 sig
355 363 125 28 företagets
496 362 122 22 utförande
634 363 53 20 med
703 363 46 20 den
764 363 94 25 verkan,

103 401 33 20 att
159 398 91 23 enskild
273 398 112 29 delegare,
411 406 48 14 som
483 397 73 23 likväl
579 397 63 22 utför
658 398 131 29 dikningen,
807 397 51 22 icke

102 435 41 21 har
167 435 150 22 omförmälda
341 437 45 19 rätt
408 434 36 21 till
467 434 153 29 godtgörelse.
652 435 51 20 Den
722 433 7 22 i
745 433 114 29 företaget

102 471 52 21 icke
176 471 147 28 deltagandes
343 471 96 21 intresse
456 475 24 16 är
496 471 73 28 enligt
584 478 64 21 prop.
665 470 148 29 tillgodosedt
828 472 30 27 pä

105 507 39 21 det
158 509 46 19 sätt
220 509 33 18 att
267 507 85 20 honom
368 506 97 21 lemnats
482 506 70 22 frihet
564 509 38 23 att,
615 509 60 18 ännu
686 506 71 21 sedan
769 505 89 22 diknin-

102 551 46 20 gen
170 543 110 25 slutförts,
300 542 58 21 efter
378 547 103 16 närmare
499 542 109 29 pröfning
625 542 23 21 af
664 543 44 20 den
723 545 66 26 nytta
805 542 53 21 den-

104 586 86 14 samma
206 579 35 20 för
257 579 86 20 enhvar
359 578 97 25 medför,
472 578 92 22 besluta
580 578 36 29 sig
632 578 35 21 för
681 578 115 21 huruvida
810 578 46 21 han

102 615 84 20 önskar
202 614 93 28 erlägga
311 613 36 22 sin
363 614 68 21 andel
448 614 23 21 af
487 614 161 26 kostnaderna,
665 614 70 21 hellre
752 617 28 18 än
791 616 33 19 att
835 616 24 19 ät

103 650 45 22 don
169 650 100 21 dikande
290 649 36 22 för
348 649 48 22 viss
412 649 35 22 tid
463 650 60 21 afstä
539 649 35 22 sin
591 650 37 21 del
644 650 23 21 af
683 650 45 21 den
743 649 116 29 torrlagda

103 686 100 21 marken.

175 721 76 22 Ofvan
277 721 96 22 berörda
397 721 149 28 grundsatser
569 721 95 22 rörande
688 721 123 28 utdikning
835 721 24 22 af

103 757 164 23 vattendränkt
293 757 64 22 mark
384 757 96 28 erbjuda
501 765 30 14 en
551 757 48 22 viss
621 757 236 22 öfverensstämmelse

104 794 53 21 med
182 793 28 22 de
234 793 150 28 stadganden,
409 800 49 15 som
478 793 73 28 enligt
574 795 14 20 4
611 793 51 29 kap.
686 793 34 22 uti
738 793 120 22 enahanda

104 829 125 22 afseenden
254 828 61 29 gälla
337 829 8 21 i
374 829 65 28 fräga
465 836 38 14 om
531 829 113 28 sänkning
666 829 22 22 af
706 829 41 28 sjö.
783 829 74 22 Ocksä

102 865 61 28 gälla
186 865 36 21 för
245 865 154 22 förhällandet
419 865 99 22 emellan
534 865 56 22 flere
607 865 114 28 deltagare
737 865 8 22 i
761 865 95 28 företag,

102 908 49 14 som
174 901 61 21 afser
257 900 124 29 utdikning
402 901 24 21 af
443 901 165 22 vattendränkt
624 901 69 26 mark,
710 901 73 29 enligt
800 903 26 20 12
843 901 14 29 8

101 939 13 19 2
137 944 68 14 mom.
225 944 87 14 samma
328 937 137 28 rättsregler,
483 944 50 14 som
549 937 36 21 för
601 937 114 28 deltagare
731 937 8 21 i
755 937 102 28 sjösänk-

101 972 160 29 ningsföretag
283 972 116 23 inbördes.
430 972 104 22 Sälunda
555 972 87 29 äligger
658 973 37 21 det
711 973 8 21 i
735 973 122 21 hvartdera

102 1008 65 22 fallet
190 1008 116 29 deltagare
330 1010 34 19 att
382 1007 19 30 ej
420 1007 89 23 mindre
525 1008 114 29 förskjuta
654 1008 35 21 för
705 1009 98 21 arbetets
819 1008 37 22 be-

102 1043 121 22 drifvande
248 1043 86 29 nödiga
349 1044 76 21 medel
440 1044 8 21 i
464 1044 144 21 förhållande
624 1044 24 22 af
663 1052 28 13 en
706 1045 69 21 hvars
790 1046 67 27 nytta

101 1079 24 22 af
138 1079 120 29 företaget,
269 1083 29 18 än
309 1082 34 19 att
353 1080 59 21 efter
423 1080 99 21 arbetets
536 1080 141 22 slutförande
688 1080 72 29 enligt
771 1087 86 14 samma

101 1115 76 29 grund
193 1115 92 29 deltaga
299 1115 8 22 i
323 1115 125 29 gäldandet
464 1115 24 22 af
504 1116 29 21 de
550 1115 94 30 slutliga
659 1116 158 22 kostnaderna.
845 1116 11 21 I

102 1151 110 22 händelse
235 1152 36 21 för
294 1152 125 28 utdikning
440 1152 25 21 af
487 1152 165 22 vattendränkt
674 1152 64 22 mark
755 1154 102 20 statsme-

102 1187 37 21 del
165 1187 141 26 försträckts,
330 1187 80 27 blifva,
437 1187 7 21 i
471 1187 74 22 likhet
570 1188 54 22 med
648 1188 62 22 hvad
736 1195 49 15 som
810 1188 46 28 gäl-

101 1222 33 22 ler
158 1222 41 22 vid
225 1222 140 30 sjöfällning,
390 1223 158 29 deltagarenes
571 1223 9 21 i
598 1223 112 29 företaget
724 1223 133 29 lägenheter

103 1258 129 30 underpant
247 1258 36 22 för
299 1258 170 22 annuiteternas
486 1259 146 29 erläggande,
648 1259 83 22 liksom
745 1259 69 21 äfven
824 1266 32 22 ny

103 1302 79 20 egares
204 1294 147 29 ansvarighet
372 1294 36 22 för
423 1294 24 22 af
462 1294 156 22 företrädaren
634 1295 33 21 uti
682 1295 173 29 ifrägavarande

102 1330 108 22 afseende
233 1330 118 29 ingängna
371 1330 157 30 förpligtelser
548 1330 8 22 i
571 1331 122 22 hvartdera
708 1331 65 21 fallet
788 1331 68 21 bedö-

100 1372 49 16 mas
166 1365 73 29 enligt
254 1373 87 15 samma
356 1366 137 28 rättsregler.
523 1366 42 22 Uti
581 1366 62 22 vissa
658 1366 8 22 i
684 1369 25 19 12
726 1367 15 29 8
758 1370 11 18 1
787 1374 67 14 mom.

175 1408 215 19 Vattenrättsutskottets
403 1409 118 18 betänkande
534 1409 38 19 N:o
583 1410 17 18 1.
