1048 1631
183 121 27 19 36
399 119 74 23 Ständ.
489 119 36 23 Sv.
542 132 26 4 —
585 120 61 28 Prop.
664 119 35 23 N:o
714 120 15 21 1.

184 183 102 28 görande
302 182 26 23 af
341 185 89 20 vattnet
445 183 7 21 i
468 183 51 22 dess
534 191 47 20 nya
596 183 55 29 lopp
667 182 55 23 eller
736 182 52 29 läge
804 182 43 22 och
863 189 82 22 genom

183 219 102 20 vattnets
301 217 144 22 återförande
461 217 76 22 blefve
552 219 57 20 utan
624 219 73 27 nytta.

536 283 26 19 19
577 281 21 28 8.

253 320 142 22 Vattenverk
415 321 36 21 får
465 321 50 21 icke
531 321 117 28 anläggas,
666 321 71 21 innan
751 319 102 23 tillstånd
870 319 76 22 dertill

184 355 125 21 utverkats.

253 388 47 22 Vid
323 389 81 22 sådant
419 389 113 22 tillstånds
549 389 130 29 beviljande
695 389 105 28 angifvas
816 389 129 28 dämnings-

186 423 105 22 vilkoren
307 426 58 19 samt
381 424 27 21 de
424 423 75 29 öfriga
513 424 179 28 bestämningar,
708 431 49 14 som
771 423 52 22 med
839 423 106 22 afseende

186 459 13 20 å
222 457 61 22 hvad
306 457 70 22 ofvan
398 458 103 29 stadgats
523 458 27 21 af
570 458 175 22 förhållandena
767 457 113 30 påkallas;
903 457 43 22 och

186 491 64 26 skall,
267 491 29 22 då
311 492 80 21 verket
406 492 82 22 varder
503 493 101 28 anlagdt,
615 499 86 22 egaren
711 494 29 27 på
750 492 94 28 lämplig
856 491 43 22 och
910 491 36 22 för

188 526 153 21 allmänheten
363 526 42 21 lätt
427 527 131 28 tillgänglig
573 527 60 28 plats
648 527 116 28 uppställa
779 526 167 22 vattenstånds-

186 562 94 24 mätare,
296 561 119 21 utvisande
431 561 28 22 de
475 561 7 21 i
497 561 143 22 förhållande
655 561 36 21 till
706 563 71 19 utsatt
792 560 106 29 fixpunkt
913 561 34 20 så-

186 595 70 21 lunda
271 595 118 22 bestämda
403 595 143 29 höjdmåtten
561 595 37 22 för
612 595 227 28 vattenregleringen
849 595 7 21 i
867 597 79 19 ström-

186 628 69 23 fallet.

255 663 89 22 Varder
360 663 19 29 ej
396 664 80 22 verket
499 665 94 28 anlagdt
611 665 62 21 inom
688 664 33 21 tio
737 665 24 20 år
777 663 58 22 efter
851 663 37 22 det
903 663 44 21 till-

187 697 91 22 ståndet
293 698 150 26 meddelades,
459 706 53 14 vare
528 699 127 21 tillståndet
671 698 108 22 förfallet.

536 764 28 19 20
579 762 21 29 8.

256 801 69 22 Hvad
340 801 8 22 i
364 803 26 20 19
405 801 15 30 8
435 802 103 29 stadgats
561 802 59 29 gälle
636 802 7 21 i
659 801 136 29 tillämpliga
814 801 63 22 delar
892 800 56 29 jem-

187 836 38 21 väl
248 835 149 29 ombyggnad
418 836 25 22 af
456 836 142 26 vattenverk,
614 843 38 15 om
668 836 92 21 dermed
776 835 59 22 afses
851 835 98 28 ändring

188 870 26 21 af
235 869 141 22 föreskrifna
398 871 75 21 vilkor
495 871 36 21 för
551 864 179 35 anläggningen,
745 870 43 22 och
803 872 46 19 rätt
865 872 32 19 att
913 869 36 22 be-

190 911 77 22 gagna
289 904 102 29 tillfällig
413 905 52 22 dam
487 905 65 22 öfver
568 905 139 29 kungsådra,
723 907 24 19 så
762 905 43 22 ock
821 904 128 22 inrättande

191 938 26 21 af
231 939 77 28 aflopp
331 939 54 21 eller
408 946 76 15 annan
498 939 182 28 vattenledning,
696 939 84 22 hvaraf
793 938 134 29 förändring
942 938 7 21 i

189 973 173 28 vattendragets
378 973 55 29 djup
450 974 55 21 eller
520 974 51 28 läge
587 974 55 21 eller
657 974 8 21 i
675 973 170 22 vattenståndet
857 973 45 21 kan
913 972 36 22 be-

188 1006 69 27 faras,
274 1007 160 22 återställande
450 1008 26 21 af
488 1008 144 29 vattendrag,
646 1015 49 14 som
705 1007 58 22 vikit
774 1007 52 22 från
837 1007 36 21 sin
883 1006 66 26 bädd,

189 1041 43 22 och
255 1041 144 28 anläggande
414 1042 8 21 i
438 1049 87 15 annans
548 1042 52 22 dam
620 1042 26 22 af
659 1042 98 28 fiskväg,
773 1049 49 14 som
837 1041 26 22 af
877 1041 73 21 denne

188 1075 50 22 icke
253 1075 140 29 medgifvits.

258 1109 55 22 Kan
337 1110 142 29 anläggning
496 1111 26 22 af
535 1111 40 22 bro
591 1111 55 22 eller
662 1117 76 15 annan
753 1109 111 30 byggnad
879 1110 7 21 i
901 1112 48 19 vat-

189 1143 98 29 tendrag
310 1144 89 22 befaras
419 1145 61 22 vålla
494 1145 159 29 uppdämning
669 1145 55 21 eller
738 1144 41 22 bro
795 1144 82 22 orsaka
891 1143 60 22 flott-

189 1178 88 29 ningen
299 1179 124 29 väsentligt
442 1187 58 19 men,
517 1180 54 22 eller
586 1180 59 22 skall
661 1179 41 22 bro
718 1179 89 29 byggas
824 1178 65 22 öfver
904 1180 47 20 vat-

190 1213 85 25 tenled,
291 1213 40 21 der
348 1213 133 22 samfärdsel
497 1214 26 21 af
535 1214 143 28 betydenhet
693 1220 54 22 eger
762 1220 57 18 rum,
835 1212 58 22 skall
909 1212 43 22 ock

190 1246 104 22 tillstånd
309 1247 67 22 sökas
391 1248 34 21 till
441 1248 70 22 sådan
527 1248 150 29 anläggning.

541 1313 27 19 21
584 1311 21 29 8.

261 1349 98 22 Orsakar
378 1350 143 30 anläggning
538 1351 26 22 af
576 1351 139 22 vattenverk
730 1350 130 22 omedelbar
875 1350 77 25 skada,

191 1390 53 14 vare
268 1391 81 21 egaren
374 1384 94 30 skyldig
491 1388 80 19 ersätta
596 1386 139 25 dengamma,
755 1384 89 19 ändock
860 1384 93 28 anlägg-

191 1417 88 29 ningen
295 1418 82 22 utförts
401 1419 72 29 enligt
491 1419 27 22 de
540 1419 37 23 för
592 1419 133 23 densamma
747 1417 134 24 meddelade
895 1418 58 22 före-
