1048 1631
188 96 14 21 4
385 96 85 23 Ständ.
487 96 39 23 Sv.
541 110 28 2 —
584 96 75 29 Prop.
675 96 42 24 N:o
732 97 23 21 2.

259 167 26 27 b)
305 167 9 22 i
338 167 69 30 fråga
429 175 44 15 om:
490 168 108 23 beredda:
614 169 151 27 fodermedel,
786 171 42 20 det
845 171 58 20 eller
921 168 29 23 de

188 202 141 28 råmaterial,
357 202 84 22 hvaraf
465 210 75 15 varan
562 203 80 22 blifvit
666 203 130 26 framstäld,
822 203 43 22 och
890 203 61 22 skall

189 237 78 22 denna
290 237 103 29 uppgift,
421 237 40 22 der
482 238 20 28 ej
528 240 72 19 annat
617 237 145 22 förhållande
781 237 76 22 finnes
876 238 75 29 angif-

188 273 47 26 vet,
261 279 67 14 anses
350 271 117 22 innefatta
490 273 35 20 att
548 279 73 14 varan
648 271 132 22 tillverkats
801 271 150 22 uteslutande

189 305 23 22 af
231 305 30 22 de
279 305 116 30 uppgifna
414 310 99 18 ämnena
531 309 60 18 samt
610 308 35 20 att
658 306 109 29 skadliga
776 305 175 23 beståndsdelar

189 339 44 23 och
255 339 144 23 främmande
419 344 83 18 ämnen
520 341 52 21 icke
590 341 9 20 i
617 348 74 15 varan
709 341 56 28 ingå
783 341 8 21 i
807 341 73 29 högre
893 340 58 29 grad

189 379 31 17 än
243 374 159 22 råmaterialet
425 375 76 22 såsom
519 375 46 29 god
582 375 157 22 handelsvara
757 375 24 22 af
800 375 52 22 dem
869 375 82 29 plägar

188 408 127 28 innehålla;

260 443 22 28 ce)
305 443 9 22 i
335 443 109 22 afseende
468 445 13 20 å
502 443 158 27 utsädesvara,
679 443 52 22 dess
753 451 124 22 ursprung,
901 451 50 14 ren-

188 477 113 29 hetsgrad
327 480 62 19 samt
409 478 156 29 procenttalet
582 481 59 25 rent,
660 478 97 29 grobart
776 479 35 21 frö
830 479 120 21 äfvensom

190 512 156 29 procenttalet
364 513 23 21 af
405 512 50 22 deri
473 512 115 29 ingående
606 513 127 28 ogräsfrön.

259 546 23 21 2.
311 547 55 21 Kan
397 547 201 28 gödslingsämnes
635 547 57 22 eller
724 546 164 23 utsädesvaras
915 554 36 14 ur-

189 588 90 21 sprung
297 582 21 27 ej
337 583 104 24 utrönas,
460 582 43 21 bör
521 581 78 22 derom
618 582 13 21 å
650 582 90 21 beviset
758 581 129 22 anmärkas.

261 616 22 21 3.
309 615 28 29 Ej
360 616 38 21 mä
416 616 150 29 konstgjordt
584 615 191 30 gödslingsämne
794 616 55 21 eller
870 615 82 22 beredt

188 649 144 22 fodermedel
361 649 127 23 benämnas
511 651 58 21 efter
592 651 101 27 räämmne,
719 658 49 14 som
792 650 50 22 deri
869 649 83 22 endast

189 683 38 22 till
249 684 132 29 oväsentlig
403 685 38 21 del
458 685 75 28 ingår,
556 685 57 22 eller
636 685 55 28 eljes
711 685 12 21 ä
742 693 63 18 vara,
829 685 96 22 hvarom
944 685 8 20 i

190 718 77 21 denna
285 719 138 28 förordning
438 719 102 29 stadgas,
566 720 90 28 nyttjas
683 719 148 28 benämning,
853 727 50 14 som
927 722 25 18 är

189 753 159 22 vilseledande
367 753 52 22 med
437 754 96 28 hänsigt
551 754 37 21 till
606 761 85 15 varans
710 761 116 22 ursprung
845 753 55 22 eller
913 753 39 22 be-

189 787 141 22 skaffenhet.

553 869 13 20 3
586 869 19 26 &.

259 925 50 21 När
329 924 197 29 gödslingsämne,
551 925 141 22 fodermedel
720 925 57 21 eller
800 925 152 22 utsädesvara

190 959 70 29 säljes
281 959 9 22 i
311 959 62 28 säck,
398 959 52 22 kärl
471 959 56 22 eller
550 967 76 14 annan
649 960 46 21 fast
719 959 164 29 förpackning,
903 959 48 28 bör,

190 993 41 22 der
254 993 21 29 ej
300 993 147 22 annorlunda
469 994 101 26 aftalats,
594 995 14 21 å
629 994 82 29 hvarje
734 994 156 29 förpackning
913 1001 39 14 an-

189 1028 97 29 bringas
308 1028 89 29 tydligt
420 1029 44 21 och
481 1029 123 28 varaktigt
619 1029 87 27 märke,
725 1036 50 14 som
792 1029 87 28 jemväl
891 1028 61 22 skall

189 1063 9 21 i
216 1063 185 28 garantibeviset
419 1065 121 27 upptagas.

547 1144 15 22 4
573 1144 27 27 8.

259 1200 89 22 Finnes
369 1200 41 22 vid
431 1201 74 21 skedd
526 1201 175 28 undersökning
726 1200 23 22 af
771 1208 64 18 vara,
856 1208 50 14 som
925 1204 25 18 är

190 1235 88 21 försäld
300 1235 53 21 med
374 1234 46 22 den
438 1236 8 20 i
466 1236 11 20 1
498 1237 13 25 &
529 1235 85 23 nämda
632 1235 101 29 garanti,
759 1237 35 19 att
812 1234 52 22 dess
882 1234 68 27 verk-

189 1276 90 15 samma
299 1269 177 23 beståndsdelar
497 1274 40 17 äro
559 1270 90 22 mindre
675 1274 30 17 än
724 1269 63 22 hvad
806 1269 91 22 beviset
915 1269 35 21 in-

189 1303 114 27 nehäller,
329 1311 56 15 vare
412 1304 81 22 aftalet
520 1304 91 22 ändock
630 1306 78 20 ansett
726 1304 77 21 säsom
821 1303 128 29 behörigen

189 1338 133 29 fullgjordt,
345 1338 76 22 derest
443 1338 128 22 afvikelsen
589 1338 52 22 icke
661 1342 25 18 är
705 1340 73 20 större
797 1342 30 18 än
845 1338 63 22 hvad
927 1338 23 22 af

190 1372 117 22 Senatens
333 1372 291 30 Ekonomiedepartement
655 1372 81 22 blifvit
763 1373 75 21 såsom
865 1372 86 29 lagligt

190 1406 186 30 analysspelrum
396 1407 126 22 faststäldt.
