1048 1631
401 439 95 32 Förslag
515 440 33 24 till
564 440 142 31 förordning,
719 439 115 32 angående
846 440 57 24 hvad
916 440 36 24 vid

332 485 165 32 tillämpningen
517 486 27 23 af
560 485 65 32 lagen
646 493 33 17 om
698 487 160 27 vattenrätten,
876 486 26 23 af
913 486 40 24 den

608 532 42 24 bör
668 532 124 31 iakttagas.

261 605 51 21 Med
334 605 152 27 upphäfvande
509 605 23 22 af
552 605 156 27 förordningen
733 605 39 21 den
791 606 25 19 17
832 605 123 26 september

196 641 54 20 1860
265 640 111 27 angäende
392 640 130 27 behandling
538 640 23 21 af
573 641 101 25 ärenden,
687 646 46 16 som
745 641 50 20 röra
805 639 149 22 vattenverks-

194 675 155 26 anläggningar
372 674 39 22 och
435 675 68 22 andra
526 674 287 28 vattenafledningsarbeten
833 674 48 21 med
896 674 57 21 hvad

194 709 74 21 dervid
282 709 8 21 i
304 709 59 22 vissa
377 709 37 21 fall
430 711 24 20 är
470 711 33 20 att
518 710 105 27 iakttaga,
635 711 58 20 samt
705 709 196 27 ordningsstadgan
912 709 41 20 den

193 744 13 20 8
222 743 55 27 april
295 744 53 20 1875
368 744 111 26 angäende
497 743 103 28 flottning
619 743 23 22 af
655 743 140 28 skogsalster,
812 743 77 21 varder
904 743 50 21 här-

193 777 48 22 med
256 777 128 22 förordnadt
401 784 44 8 som
462 777 70 28 följer:

498 849 20 15 I
542 850 106 19 kap.

434 905 103 21 Ailmänna
552 905 163 27 bestämningar.

552 969 8 19 1
579 967 17 28 8.

262 1007 107 26 Tillsynen
388 1007 59 21 öfver
464 1008 157 27 vattendragen
640 1007 141 26 handhafves,
802 1007 69 21 under
886 1007 68 22 öfver-

193 1041 117 26 styrelsens
332 1041 34 22 för
388 1043 50 26 väg-
457 1042 39 21 och
515 1042 232 27 vattenbyggnaderna
762 1042 108 26 inseende,
887 1041 23 22 af
924 1042 30 21 di-

193 1075 235 28 striktsingeniörerne,
443 1077 54 21 hvar
511 1077 58 21 inom
585 1077 39 21 sitt
640 1076 97 22 distrikt.

261 1109 118 28 Angäende
395 1111 100 26 tillsynen
511 1111 59 22 öfver
584 1111 160 22 fiskeväsendet
759 1111 7 20 i
781 1111 74 21 landet
871 1113 24 19 är
909 1113 46 19 sär-

193 1144 66 21 skildt
274 1145 109 27 stadgadt.

549 1175 47 27 28

261 1214 204 27 Distriktsingeniör
487 1221 50 21 eger
559 1216 114 26 uppdraga
693 1216 23 20 ät
731 1214 104 27 ingeniör,
851 1220 46 15 som
911 1214 44 21 för-

192 1248 90 21 ordnats
297 1248 80 22 honom
392 1249 33 21 till
440 1249 90 27 biträde,
548 1251 32 19 att
590 1250 8 20 i
608 1250 54 21 visst
677 1249 39 22 fall
732 1249 51 21 eller
796 1248 49 22 med
855 1248 100 22 afseende

192 1283 14 20 å
220 1282 54 22 visst
296 1284 131 26 vattendrag
449 1284 74 22 utöfva
542 1284 41 22 den
599 1284 227 27 distriktsingeniören
843 1283 112 27 äliggande

192 1316 108 28 tillsynen,
317 1318 25 21 sä
357 1318 40 20 ock
413 1320 33 20 att
461 1318 117 22 verkställa
593 1325 46 21 syn,
651 1325 47 15 som
710 1318 23 22 af
742 1319 135 26 guvernören
888 1318 67 26 enligt

192 1351 63 27 lagen
271 1358 35 15 om
322 1354 148 20 vattenrätten
487 1353 116 27 anbefalts;
620 1354 55 20 dock
691 1353 56 21 skall
759 1352 196 27 distriktsingeniö-

192 1392 37 14 ren
245 1386 7 20 i
267 1386 116 22 sistnämät
398 1386 38 22 fall
447 1388 67 27 jemte
528 1388 214 27 synehandlingarna
753 1387 39 21 och
802 1386 153 26 förrättnings-

191 1426 105 16 mannens
312 1421 115 22 utlätande
441 1421 92 22 insända
548 1422 39 22 sitt
603 1424 48 26 eget
666 1422 105 27 yttrande
786 1421 7 21 i
809 1421 72 21 saken.
