1048 1631
309 127 72 23 Ständ.
398 127 35 23 Sv.
449 141 28 2 —
494 128 62 27 Prop.
573 127 35 23 N:o
623 128 15 22 1.
841 130 12 19 7

94 191 147 28 betydenhet,
257 193 34 19 att
313 191 158 28 kungsådrans
495 191 127 28 stängande
638 191 51 21 med
704 191 46 22 fast
765 191 52 21 dam
832 191 20 28 ej

94 233 69 21 synes
179 226 78 21 kunna
272 225 128 28 medgifvas
415 233 40 14 ens
475 225 75 22 under
565 225 38 22 det
618 225 7 21 i
642 227 11 19 7
669 227 30 26 (6)
715 226 14 28 &
745 225 108 29 stadgade

93 260 113 22 förbehåll
222 267 36 14 om
280 259 128 22 inrättande
431 260 26 21 af
477 260 98 28 fiskväg.
605 260 46 21 Det
673 260 42 21 har
730 260 123 21 emellertid

94 295 51 21 icke
160 297 65 26 synts
249 294 127 21 Ständerna
390 294 107 29 lämpligt
517 297 40 24 att,
572 296 74 19 såsom
661 294 7 21 i
683 295 170 28 propositionen

95 329 102 26 föreslås,
214 331 23 19 åt
252 329 44 21 den
309 329 180 21 administrativa
499 328 176 29 lagstiftningen
685 331 56 19 utan
751 331 102 19 närmare

96 363 139 29 angifvande
251 363 26 21 af
290 363 71 28 syftet
376 363 142 21 öfverlemna
529 365 33 19 att
573 363 123 21 bestämma
707 370 36 15 om
755 363 98 26 ,undan-

94 401 40 25 tag
148 398 52 21 från
216 397 58 22 hvad
291 397 70 22 ofvan
376 397 176 26 föreskrifvits*,
564 400 55 18 utan
629 397 41 21 har
681 397 38 22 det
730 397 122 28 undantag,

95 433 95 21 hvarom
205 432 40 21 här
262 435 24 18 är
301 431 72 29 fråga,
389 434 86 19 ansetts
492 431 56 22 böra
563 431 24 22 få
601 431 59 29 plats
671 432 7 21 i
688 432 38 28 lag
737 434 73 19 såsom
821 434 32 19 ett

95 467 94 21 allmänt
204 466 132 29 stadgande,
351 466 68 21 hvars
434 466 77 22 lokala
527 466 145 28 tillämpning
682 466 69 21 sedan
761 466 92 21 ankom-

95 508 48 15 mer
158 503 14 19 å
186 501 171 22 vederbörande
375 500 170 29 myndigheter.
575 501 186 28 Propositionens
777 500 76 22 alltför

93 535 141 22 omfattande
249 535 149 28 formulering
413 535 42 22 har
470 535 65 28 förty
551 537 80 19 ersatts
646 535 51 21 med
713 543 28 14 en
750 535 101 21 inskrän-

93 570 75 21 kande
184 570 143 27 bestämning
342 569 96 22 rörande
461 569 165 29 dambyggnad
642 569 65 22 öfver
722 569 130 28 kungsådra

94 605 33 21 uti
143 604 96 22 berörda
253 604 143 28 vattendrag,
412 604 80 21 dervid
516 604 90 28 hänsyn
625 604 67 28 tagits
708 603 20 29 ej
745 604 58 21 blott
817 604 34 21 till

95 641 10 19 1
122 646 66 15 mom.
205 639 26 21 af
243 639 149 21 förevarande
407 639 114 28 paragraf,
538 641 56 18 utan
609 638 68 22 äfven
692 639 35 20 till
736 638 115 22 föreskrif-

93 676 66 19 terna
166 673 118 28 angående
293 673 139 28 utläggande
440 673 27 21 af
472 673 103 28 tillfällig
583 673 52 21 dam
643 673 64 21 öfver
715 672 136 29 kungsådra.

162 707 147 22 Beträffande
331 707 204 28 bestämningarna
557 707 7 21 i
584 709 12 19 6
612 707 14 28 &
642 707 69 21 hafva
726 707 126 21 Ständerna

94 742 78 21 funnit
188 742 127 27 betänkligt
337 744 34 19 att
385 741 118 29 medgifva
523 749 68 20 egare
609 742 26 21 af
651 741 134 22 vattenverk
808 741 44 22 den

94 777 6 20 i
123 776 136 29 paragrafen
281 776 130 28 föreslagna
434 776 142 28 befogenhet
598 778 31 19 uti
652 776 43 21 den
715 776 137 27 omfattning

94 811 40 21 der
150 811 139 21 förutsättes.
319 811 36 21 Då
373 811 118 28 nämligen
508 810 209 29 lågvattenståndet
732 811 7 20 i
754 810 99 28 Augusti

94 847 30 26 på
148 845 65 28 långt
237 848 41 18 när
302 845 50 21 icke
383 845 34 21 uti
445 845 45 21 alla
517 845 89 21 landets
634 845 136 28 vattendrag
797 851 56 14 sam-

94 879 120 22 manfaller
235 879 52 22 med
309 879 212 28 lågvattenståndet
539 879 37 22 för
593 879 52 22 hela
660 881 53 24 året,
729 879 76 21 kunde
821 881 31 18 ett

94 914 94 21 allmänt
204 913 101 22 tillstånd
320 916 33 19 att
368 913 87 22 medels
473 914 159 28 uppdämning
646 913 59 22 hålla
715 916 89 19 vattnet
814 913 37 21 vid

94 948 141 21 förstnämda
257 947 55 29 höjd
335 948 51 21 med
409 948 50 21 skäl
483 948 91 21 befaras
592 949 89 20 komma
703 950 34 19 att
751 947 102 22 medföra

94 983 82 21 hinder
190 982 37 22 för
242 983 39 21 det
290 983 115 28 naturliga
414 983 224 28 lågvattenståndets
649 982 139 25 inträdande,
796 982 57 21 hvil-

96 1017 40 22 ket
150 1019 54 24 åter,
222 1020 53 18 enär
290 1017 178 28 vattendragens
484 1017 105 28 förmåga
604 1019 34 19 att
652 1019 101 26 upptaga
768 1016 43 22 och
821 1016 32 21 af-

97 1051 71 22 börda
182 1051 118 22 vårfloden
315 1051 144 28 väsentligen
477 1055 25 18 är
518 1051 113 22 beroende
646 1051 26 22 af
684 1051 169 22 vattenståndet

94 1085 40 22 vid
150 1085 85 22 dennas
251 1085 140 25 inträdande,
414 1088 74 19 måste
503 1086 63 21 vålla
587 1093 28 14 en
630 1085 103 29 stegring
751 1085 43 22 och
809 1085 44 22 för-

93 1120 111 28 längning
219 1119 26 22 af
257 1119 117 22 vårfloden
397 1123 58 18 samt
471 1123 15 18 t.
504 1127 19 15 o.
540 1128 29 13 m.
586 1128 28 14 en
630 1120 111 21 successiv
756 1119 97 29 höjning

96 1154 26 22 af
134 1154 171 22 vattenståndet
320 1155 65 21 öfver
395 1154 98 24 hufvud.
517 1155 50 21 Och
577 1157 48 19 mot
635 1162 28 14 en
673 1154 69 22 sådan
753 1155 8 20 i
770 1156 84 26 många

94 1189 42 21 fall
151 1189 120 28 ödesdiger
286 1189 149 21 eventualitet
452 1196 70 22 synas
542 1189 172 22 föreskrifterna
729 1191 34 19 att
777 1188 76 22 tillfäl-

94 1224 34 28 lig
143 1223 51 22 dam
210 1223 65 22 öfver
297 1224 132 28 kungsådra
452 1224 59 22 skall
527 1224 162 21 undanskaffas
709 1224 49 21 före
773 1223 80 21 vårflo-

93 1258 57 21 dens
173 1257 80 29 början
279 1260 58 19 samt
361 1260 40 23 att,
427 1265 38 15 om
490 1258 124 22 bestående
639 1258 95 28 höjning
759 1257 26 21 af
807 1258 46 28 låg-

93 1292 193 22 vattenståndet
280 1288 15 37 i
307 1292 100 28 Augusti
422 1292 110 26 inträder,
556 1292 44 22 den
622 1292 87 22 tillåtna
725 1292 128 28 dämnings-

96 1326 86 28 höjden
196 1326 42 22 bör
253 1326 58 22 efter
326 1326 72 22 behof
411 1327 92 25 sänkas,
519 1327 51 21 icke
585 1327 75 21 lemna
669 1326 136 28 tillräckliga
815 1333 38 21 ga-

95 1360 91 26 rantier,
203 1360 58 22 helst
276 1360 112 29 sistsagda
402 1360 147 22 förhållande
564 1361 7 21 i
587 1360 122 22 allmänhet
723 1360 59 22 först
797 1360 57 21 efter

93 1402 29 14 en
137 1394 81 29 längre
232 1395 44 21 tids
298 1394 114 22 måhända
435 1396 103 28 dyrköpt
561 1395 128 22 erfarenhet
706 1394 77 23 kunde
797 1394 56 22 kon-

94 1431 103 19 stateras.
228 1429 75 21 Också
317 1429 65 21 torde
397 1429 91 22 landets
503 1430 139 28 vattendrag
656 1430 51 21 med
723 1428 107 23 afseende
841 1430 13 19 å

869 709 12 19 6
897 708 30 27 (4)
943 707 21 28 8.
