1048 1631
223 106 13 20 6
528 104 44 22 N:o
588 106 20 20 5.

193 169 622 33 fökenkäerstkiga
419 165 27 41 de
455 165 158 41 aröastäende':
622 165 196 41 ohtkpamluträne
827 169 123 26 HORN

193 207 80 22 värde.
302 207 13 22 I
330 207 200 29 obligationernas
544 209 52 20 text
610 207 44 22 bör
664 206 117 29 angifvas,
793 206 9 22 i
811 206 83 23 hvilka
904 207 47 29 slag

194 241 28 22 af
234 241 141 29 fastigheter
397 241 30 22 de
448 241 155 29 skuldsedlar,
626 248 51 16 som
691 241 10 21 i
715 241 74 22 ofvan
807 241 96 22 anfördt
920 241 31 22 af-

194 275 86 22 seende
294 277 139 27 pantsättas,
449 276 68 21 skola
530 283 58 14 vara
600 275 145 22 intecknade
755 276 44 21 och
809 275 38 22 till
857 274 94 23 hvilken

194 311 85 28 högsta
293 313 147 26 procentsats
455 311 26 22 af
494 311 84 22 värdet
592 310 173 29 fastigheterna
779 310 103 22 belånas.

263 345 116 22 Utfärdar
392 345 71 28 bank,
486 352 50 15 som
558 345 72 22 äfven
653 345 91 22 drifver
761 351 79 15 annan
854 344 99 22 bankrö-

194 379 66 28 relse,
284 379 157 29 obligationer
456 381 31 28 på
501 380 57 29 lång
581 379 230 29 återbetalningstid,
834 378 61 22 skall
917 379 36 22 för

194 413 79 22 denna
286 420 58 22 gren
360 414 27 21 af
399 414 103 22 rörelsen
519 414 101 21 inrättas
639 420 30 15 en
686 413 201 28 underafdelning
901 413 52 22 med

194 447 102 22 särskild
310 448 129 29 bokföring
453 448 44 22 och
511 448 159 29 redovisning.

263 482 12 21 I
291 482 111 22 afseende
417 483 14 21 ä
445 482 157 29 tillverkning
616 482 46 22 och
675 481 154 23 utlemnande
844 481 39 22 till
897 481 57 22 ban-

194 517 47 21 ken
257 516 27 22 af
296 516 136 23 blanketter
455 517 38 22 till
510 517 158 29 obligationer
691 518 60 20 samt
765 516 146 29 granskning
929 517 25 21 af

194 550 168 22 säkerheterna
376 551 38 22 för
429 551 188 29 obligationerna
632 551 120 28 iakttages
767 550 64 22 hvad
845 550 28 22 af
883 550 71 22 Sena-

194 587 40 19 ten
250 585 9 20 i
274 584 85 22 sädant
373 585 112 22 afseende
499 585 113 22 särskildt
627 585 161 22 föreskrifves.

544 649 14 26 8
575 650 32 19 13.

263 688 52 21 Har
329 688 176 29 sammanlagda
519 688 111 29 beloppet
646 688 26 21 af
681 687 48 22 alla
742 688 38 21 för
790 689 35 20 ett
835 688 59 21 visst
904 687 51 30 slag

194 721 27 22 af
235 721 157 29 obligationer
407 722 77 22 stälda
497 724 84 27 panter
595 721 101 30 nedgätt
710 721 75 22 under
804 721 41 22 det
862 722 91 29 belopp,

194 763 50 15 som
259 757 9 21 i
283 757 78 22 denna
382 757 145 29 förordning,
549 757 216 29 bolagsordningen
787 756 57 22 eller
865 757 90 28 obliga-

195 791 171 22 tionsvilkoren
380 791 117 23 faststälts
511 792 39 22 tili
565 792 111 22 säkerhet
690 792 38 22 för
742 791 139 22 utestäende
897 791 58 22 obli-

194 825 108 28 gationer
317 825 27 22 af
358 825 65 22 detta
439 826 56 29 slag,
511 825 91 30 åligger
617 826 41 21 det
672 826 100 29 publika
787 825 111 22 ombudet
911 827 43 26 att,

194 859 80 22 därest
289 859 94 22 banken
398 860 53 22 icke
465 861 64 21 inom
544 861 42 21 tvä
600 860 89 22 veckor
703 860 82 21 ställer
795 860 159 21 föreskrifven

194 896 59 25 pant
268 893 37 22 för
320 893 41 22 det
376 894 95 22 felande
486 894 116 29 beloppet,
624 901 38 15 om
681 893 161 23 förhällandet
856 895 41 22 hos
914 894 40 21 Se-

194 929 84 19 natens
293 927 293 30 Ekonomiedepartement
601 928 100 22 anmäla.

263 962 87 22 Därest
365 963 69 28 bank,
451 971 49 14 som
514 963 63 22 varit
591 963 137 28 berättigad
742 965 35 19 att
787 963 94 29 utgifva
891 963 64 22 läne-

194 996 164 29 obligationer,
374 997 70 22 råkar
458 998 9 21 i
482 997 215 22 konkurstillständ
713 997 57 22 eller
780 997 57 29 eljes
848 997 61 22 efter
918 999 37 19 ut-

194 1030 86 22 färdad
295 1031 158 30 ärsstämning
475 1032 115 29 upplöses,
609 1039 55 22 eger
684 1032 116 21 Senatons
815 1032 140 21 Ekonomie-

194 1065 168 29 departement,
378 1067 63 28 uppä
456 1067 110 21 anmälan
581 1067 88 27 härom,
688 1073 85 22 genom
791 1066 88 22 allmän
896 1066 59 21 kun-

194 1099 91 28 görelse
299 1099 123 30 förelägga
437 1101 95 28 enhvar,
548 1108 50 15 som
612 1101 101 21 innehar
732 1101 27 20 af
775 1101 106 21 bankens
897 1100 58 22 obli-

193 1134 115 28 gationer,
325 1136 42 27 att,
383 1135 41 21 vid
439 1135 85 22 förlust
539 1135 27 22 af
579 1135 32 22 all
626 1135 82 22 vidare
718 1137 49 20 rätt
777 1135 38 22 till
824 1135 130 29 betalning,

194 1168 64 22 inom
273 1170 42 20 tvä
330 1170 25 20 är
371 1169 54 22 frän
440 1170 167 29 kungörelsens
623 1170 88 28 datum,
723 1170 8 21 i
742 1170 64 22 förra
819 1170 69 21 fallet
897 1177 59 21 upp-

194 1203 52 21 visa
261 1203 118 23 desamma
394 1204 39 22 till
451 1204 127 30 bokföring
600 1205 45 22 och
668 1204 145 30 päteckning
831 1204 63 22 inför
909 1204 46 22 den

194 1244 91 22 person,
301 1245 50 15 som
366 1239 236 22 konkursdomstolen
610 1240 8 20 i
627 1239 86 22 sädant
723 1238 111 22 afseende
844 1239 43 21 bör
896 1241 58 25 utse,

194 1274 62 19 samt
270 1272 9 21 i
295 1280 82 14 senare
391 1273 136 28 händelsen,
551 1274 62 28 eller,
638 1274 31 20 dä
691 1273 158 29 ärsstämning
870 1273 83 22 blifvit

193 1306 120 28 utfärdad,
329 1309 37 19 att
380 1307 75 22 förete
471 1308 189 22 förbindelserna
670 1308 38 21 till
723 1308 92 21 inlösen
830 1308 9 21 i
854 1308 100 21 banken.

193 1341 110 21 Nämnda
325 1341 140 29 kungörelse
483 1342 43 22 bör
540 1343 72 21 minst
627 1343 43 21 två
683 1343 90 28 gånger
791 1342 74 22 under
887 1342 69 22 hvar-

194 1375 56 22 dera
266 1376 27 21 af
307 1375 68 22 dessa
390 1377 25 21 år
430 1378 31 27 pä
476 1376 106 29 bolagets
597 1377 133 22 bekostnad
745 1377 96 28 införas,
852 1377 102 22 förutom
