1048 1631
225 101 13 20 2
297 102 5 8 '
527 102 40 22 N:o
586 103 32 20 14.

195 169 190 28 nödvändiggöras
407 177 77 21 genom
507 172 37 21 det
562 174 49 25 steg
626 171 32 22 till
672 171 182 28 monopoiisering
870 171 23 22 ai
906 171 51 22 sax-

195 203 142 28 förareyrket,
361 211 46 15 som
430 205 66 22 redan
519 205 71 22 blifvit
612 207 60 26 taget
691 212 77 21 genom
784 206 63 21 ofvan
863 205 92 22 berörda

195 238 134 27 förordning.

263 273 62 22 Hans
341 273 120 28 Kejserliga
475 274 104 28 Majestät
597 275 39 21 har
651 275 135 21 fördenskull
796 275 50 21 lätit
856 275 99 26 uppgöra

195 309 48 25 nytt
265 308 82 27 förslag
366 308 33 21 till
417 308 127 28 förordning
558 309 7 21 i
582 310 78 25 ämnet,
675 309 62 21 hvari
751 308 108 22 särskilda
874 308 23 21 af
909 307 45 27 lag-

194 342 110 21 utskottet
322 343 36 20 vid
373 344 87 21 senaste
475 343 89 27 lagtima
579 343 104 28 landtdag
697 343 123 27 föreslagna
836 342 118 27 ändringar

194 376 77 21 vunnit
287 376 129 27 beaktande,
433 377 39 22 och
487 377 141 22 öfverlemnas
643 377 68 28 sagda
725 377 82 28 förslag
821 376 89 22 härmed
921 375 33 22 till

194 410 135 23 Ständernas
353 412 128 27 antagande,
504 411 119 28 hvarjemte
645 411 122 22 Ständerna
782 411 33 22 till
830 411 122 21 kännedom

193 445 110 22 meddelas
325 445 87 28 bilagda
431 446 80 27 förslag
534 446 33 21 till
582 446 135 27 kungörelse,
733 446 150 22 innehållande
898 445 56 22 före-

193 480 88 21 skrifter
292 480 24 21 af
325 480 160 22 administrativ
495 482 67 20 natur
572 481 92 22 rörande
674 481 279 26 sakförareföreningarnas

194 515 148 26 organisation
359 515 39 21 och
412 515 143 22 verksamhet.

261 549 152 22 Förenämnda
428 549 221 28 författningsförslag
665 551 38 20 äro
719 550 24 21 af
755 549 94 28 följande
862 549 91 28 lydelse:

401 722 82 27 Förslag
507 722 28 21 till
558 722 116 27 förordning
693 721 107 28 angående
817 721 134 27 rättegångs-

330 761 125 28 fullmäktige
471 762 37 21 och
524 762 231 27 sakförareföreningar.

259 835 50 22 Med
325 835 153 28 upphäfvande
493 836 23 21 af
530 837 19 26 2,
565 837 19 26 3,
601 838 12 20 9
630 837 39 21 och
687 838 24 19 12
728 837 25 27 $$
772 837 25 20 15
813 836 50 27 kap.
874 836 77 21 Rätte-

190 869 148 28 gängsbalken
354 870 77 25 varder
446 870 125 27 härigenom
586 871 116 27 stadgadt:

260 965 2 3 s
549 951 45 28 18.

258 995 75 22 Såsom
349 997 207 28 rättegångsombud
571 997 51 22 eller
636 998 86 21 biträde
738 998 23 21 åt
775 998 52 26 part
842 997 35 21 må
891 997 59 26 nytt-

184 1030 36 27 jas
236 1030 77 22 endast
329 1031 124 28 välfrejdad,
469 1032 79 21 redbar
558 1032 39 21 och
607 1032 33 22 till
650 1032 69 22 sådan
730 1031 137 22 verksamhet
878 1030 71 23 skick-

187 1064 30 27 lig
232 1071 87 21 person,
335 1072 46 15 som
397 1067 17 26 ej
431 1066 48 28 sjelf
492 1067 70 21 under
576 1067 104 21 målsman
696 1067 53 21 står.

255 1099 25 27 Ej
304 1100 36 21 må
356 1101 71 26 någon
441 1101 122 27 fullmäktig
578 1107 52 16 vara
644 1101 7 22 i
668 1101 40 21 den
724 1101 46 26 sak,
786 1100 104 22 hvarmed
905 1099 44 21 han

186 1133 95 22 befattat
303 1134 34 28 sig
359 1135 71 22 såsom
453 1135 87 22 domare
562 1135 50 22 eller
631 1137 87 21 rättens
737 1135 90 27 betjent,
843 1134 52 22 eller
910 1133 40 21 hos

186 1167 118 28 Kejsarens
327 1169 234 28 befallningshafvande
583 1170 51 22 eller
657 1176 73 16 annan
753 1169 168 22 öfverexekutor
936 1168 13 20 å

186 1202 105 23 embetets
314 1205 91 27 vägnar;
429 1206 18 26 ej
471 1205 48 27 den,
535 1211 45 15 som
595 1205 45 22 förr
654 1205 58 22 varit
727 1204 123 27 fullmäktig
865 1203 35 22 för
915 1209 34 15 ve-

186 1236 183 24 derdelomannen
384 1239 7 21 i
407 1246 81 15 samma
502 1239 53 27 mål;
572 1240 17 27 ej
606 1240 48 26 den,
670 1239 65 22 hvars
750 1238 63 22 fader
827 1238 51 22 eller
889 1238 61 21 svär-

185 1270 67 28 fader,
276 1278 41 16 son
340 1273 52 21 eller
414 1274 55 27 måg,
486 1274 80 21 broder
585 1274 50 22 eller
654 1274 77 27 svåger
746 1274 7 20 i
769 1275 74 19 rätten
860 1272 90 22 domare

184 1306 70 22 sitter.
285 1307 25 27 Ej
334 1307 67 23 heller
422 1309 36 21 må
480 1308 199 22 domstolsledamot
701 1308 46 22 låta
769 1308 72 21 bruka
863 1307 35 27 sig
917 1306 34 22 till

183 1340 124 29 fullmäktig
322 1342 36 22 vid
373 1348 82 16 samma
470 1343 92 21 domstol
577 1343 51 21 eller
642 1343 37 21 vid
695 1343 71 27 någon
777 1343 53 26 rätt,
841 1348 48 15 som
901 1341 48 21 der-

184 1374 70 22 under
275 1376 68 27 lyder.
374 1377 78 22 Annan
471 1377 129 27 tjensteman
619 1378 37 21 må
674 1377 18 27 ej
711 1377 68 22 heller
793 1376 35 22 för
843 1376 109 27 sakegare

183 1408 52 28 tala,
251 1412 42 19 när
309 1411 37 22 det
361 1414 45 20 mot
420 1412 55 21 hans
491 1412 135 28 embetspligt
642 1412 88 22 strider.
