1048 1631
188 130 28 19 44
405 128 73 23 Ständ.
495 128 35 23 Sv.
546 141 28 3 —
591 128 61 28 Prop.
669 127 35 23 N:o
719 128 14 22 1.

187 191 138 22 Underlåter
347 193 77 27 någon
447 192 45 25 det,
515 194 84 19 ersätte
622 191 71 22 skada
712 191 43 22 och
771 191 114 29 uppehåll,
901 198 48 15 som

189 226 133 28 derigenom
337 226 78 23 vållas.

539 291 26 20 16
581 289 21 29 8.

259 329 202 22 Sammanblandas
473 329 71 22 under
554 329 110 28 flottning
675 329 73 22 skilde
761 337 67 21 egare
838 329 113 29 tillhörigt

190 363 70 26 virke,
285 371 48 14 som
356 364 82 21 saknar
460 364 84 25 märke,
568 364 43 21 och
633 364 46 21 kan
703 364 50 21 icke
769 364 97 25 utredas,
882 363 68 22 hvem

188 398 76 21 virket
286 398 83 26 tillhör,
393 399 58 20 skall
474 398 125 22 detsamma
620 398 100 22 fördelas
743 398 84 21 mellan
846 398 105 28 samtlige

190 433 147 28 virkesegare
352 433 8 20 i
374 434 53 20 mån
449 433 27 21 af
496 433 38 21 det
550 433 89 28 belopp,
656 432 86 22 enhvar
756 433 61 21 visar
832 433 35 28 sig
881 432 70 22 hafva

190 467 97 21 förlorat
303 467 26 21 af
342 467 29 21 då
380 467 92 22 flottadt
481 467 71 22 virke.
574 467 49 22 Har
633 467 75 22 virket
718 467 75 28 ingått
803 467 7 21 i
821 474 130 21 gemensam

189 501 116 28 flottning,
327 501 70 22 varde
420 501 38 22 det
474 509 83 21 genom
573 501 116 29 offentligt
704 503 68 27 utrop
788 501 59 22 såldt
862 501 36 22 för
913 509 38 20 ge-

189 543 102 14 mensam
306 536 104 28 räkning.

541 601 25 19 17
582 600 21 28 8.

259 639 136 28 Qvarligger
407 639 101 22 flottadt
530 640 65 21 virke
613 642 64 19 utom
691 639 66 22 flotte
772 639 55 22 eller
846 639 105 28 ringbom

190 675 14 19 å
219 673 55 22 eller
289 673 40 22 vid
344 673 78 22 strand
437 674 80 28 längre
533 677 28 18 än
577 676 33 19 ett
626 675 31 26 är,
672 681 55 14 vare
741 673 163 29 strandegaren
914 673 37 22 be-

190 708 100 27 rättigad
313 710 34 19 att
369 708 95 29 tillegna
479 709 35 28 sig
530 709 131 25 detsamma,
677 710 25 19 sä
716 707 70 22 framt
801 708 50 21 icke
866 708 85 21 virkes-

190 749 85 21 egaren
297 742 62 21 inom
381 743 76 21 trettio
479 743 71 28 dagar
565 743 59 21 efter
638 743 144 28 uppmaning
797 749 82 22 genom
895 742 56 21 kun-

189 776 90 28 görelse
301 776 7 21 i
324 776 71 17 kyrka
419 777 79 28 gäldar
522 777 124 15 kostnaden
671 777 36 14 för
732 777 160 28 kungörandet
908 776 43 22 och

324 794 74 11 kyrka
488 793 7 5 r
520 793 129 6 kostnaden
671 792 33 7 för

189 809 90 23 bortför
293 811 81 21 virket.

540 877 25 18 18
581 875 21 28 8.

259 913 77 28 Virke,
357 921 48 14 som
420 914 87 28 sjunkit
522 914 54 22 eller
592 915 7 20 i
614 914 129 29 sjunkande
758 914 103 21 tillstånd
876 915 74 21 finnes

189 948 7 21 i
212 950 91 19 vattnet
316 947 43 22 och
374 948 50 22 icke
439 948 166 29 ofördröjligen
619 949 125 28 borttages,
759 951 37 19 må
811 949 26 21 af
849 951 102 19 vattnets

190 989 68 21 egare
274 981 55 22 eller
343 989 82 19 annan,
441 990 49 15 som
505 983 67 22 deraf
584 983 57 22 lider
656 990 59 18 men,
727 983 7 21 i
744 983 101 22 vittnens
853 986 97 19 närvaro

189 1016 62 22 föras
267 1016 36 21 till
318 1017 139 28 närbelägen
472 1017 78 22 strand
565 1017 43 22 och
623 1017 103 22 tillfaller
741 1017 90 26 honom,
847 1019 25 20 så
882 1017 69 22 framt

189 1050 51 21 icke
262 1051 162 28 virkesegaren
447 1051 61 22 inom
531 1054 33 19 ett
587 1053 24 20 år
634 1051 59 22 efter
710 1052 143 28 uppmaning
868 1059 83 21 genom

190 1085 139 28 kungörelse
346 1085 8 20 i
372 1085 89 28 kyrkan
477 1085 80 29 gäldar
572 1085 155 22 kostnaderna
742 1085 36 22 för
793 1085 158 29 upptagandet

190 1119 43 22 och
249 1119 161 29 kungörandet
425 1122 58 19 samt
498 1119 88 22 bortför
601 1120 82 21 virket.

260 1153 99 29 Sjunket
373 1154 72 26 virke,
461 1162 48 14 som
524 1155 50 21 icke
590 1154 26 22 af
627 1162 85 21 egaren
722 1157 113 27 upptages
846 1155 61 22 inom
918 1157 33 19 ett

190 1190 31 24 år,
237 1195 66 15 anses
319 1190 74 20 såsom
408 1188 146 29 öfvergifvet.

539 1254 26 20 19
580 1252 21 29 8.

259 1291 46 21 För
321 1291 70 21 skada
406 1292 44 21 och
465 1292 129 28 olägenhet,
610 1299 49 15 som
675 1299 83 21 genom
773 1292 90 22 strands
878 1292 73 22 beträ-

190 1325 75 21 dande
281 1325 92 22 orsakas
389 1326 54 21 eller
459 1326 25 22 af
497 1326 109 28 flottgods
617 1326 56 22 eller
684 1326 65 29 eljest
759 1326 40 22 vid
810 1327 54 21 eller
874 1327 7 21 i
893 1326 58 29 följd

190 1358 26 22 af
235 1359 110 29 flottning
367 1360 136 28 tillskyndas
526 1368 68 21 egare
616 1361 56 22 eller
690 1361 149 22 innehafvare
855 1361 26 21 af
891 1360 60 30 jord,

189 1396 88 24 valtton,
300 1394 64 26 fiske,
383 1394 48 27 bro,
447 1395 56 21 voiko
517 1395 55 22 eller
587 1405 78 12 auuan
681 1395 148 29 anläggning,
845 1395 42 22 ven
903 1404 49 13 som

189 1427 51 22 icke
263 1428 135 28 inbegripits
421 1429 7 21 i
448 1428 62 22 förut
529 1429 103 22 bestämd
648 1429 153 28 godtgörelse,
817 1432 25 19 sä
857 1430 43 21 ock
916 1430 36 21 för
