1048 1631
457 120 44 21 N:o
520 122 32 19 10.
845 121 12 21 5

197 189 82 28 Enligt
294 188 76 21 denna
385 188 141 28 förordning
539 188 100 21 ådömda
650 188 67 21 böter
727 188 97 21 tillfalla
834 188 53 22 kro-

128 230 53 14 nan.
204 223 89 21 Saknas
304 222 102 28 tillgång
417 222 37 21 till
466 222 66 21 deras
543 222 61 22 fulla
614 222 123 29 gäldande,
750 223 137 21 förvandlas

129 257 28 21 de
173 257 74 28 enligt
263 256 85 22 allmän
365 256 122 29 Strafflag.

479 311 24 19 10
519 310 21 26 8.

196 343 50 20 Har
263 343 136 21 tillverkare
417 350 49 14 mer
482 347 30 17 än
529 350 29 14 en
572 343 64 28 gång
655 343 82 22 blifvit
752 343 134 21 förvunnen

128 384 38 14 om
181 377 167 21 öfverträdelse
365 377 26 21 af
405 377 182 28 förordningens
604 377 153 28 föreskrifter,
770 385 55 21 eger
839 377 47 22 Gu-

127 415 85 18 vernör
234 411 117 22 dessutom
375 412 30 27 pä
428 412 44 21 den
495 411 121 29 skyldiges
640 412 130 21 bekostnad
788 411 98 28 vidtaga

128 445 46 22 alla
190 445 28 22 de
233 445 115 29 ätgärder,
372 453 49 14 som
440 446 37 21 för
493 453 30 13 en
539 445 61 22 ökad
615 445 103 22 kontroll
733 445 80 22 kunna
829 453 57 13 vara

128 480 26 21 af
167 479 83 22 nöden.

479 511 22 18 11
520 510 20 25 8.

196 543 115 28 Bryggeri
327 543 43 21 och
385 543 156 28 tillverkning
558 546 39 18 äro
612 543 133 28 underpant
755 543 38 21 för
803 542 82 22 bevill-

127 577 99 28 ningens
241 577 138 29 utgörande.

477 608 25 19 12
520 607 19 26 8.

197 640 76 21 Straff
286 640 37 21 för
337 640 168 21 öfverträdelse
517 641 27 20 af
553 640 77 21 denna
641 640 138 28 förordning
790 640 95 21 ädömes

128 675 26 21 af
167 674 54 28 laga
236 674 108 22 domstol.

197 706 82 31 Öfriga
302 709 139 21 hithörande
465 709 109 27 ärenden,
596 716 36 14 om
648 709 81 21 hvilka
743 709 52 21 icke
811 708 73 21 ofvan

128 746 25 18 är
168 743 146 22 annorlunda
329 743 117 28 stadgadt,
463 743 95 28 afgöras
569 744 25 21 at
605 743 174 22 vederbörande
795 743 88 22 Guver-

127 780 48 25 nör,
195 777 69 22 hvars
279 777 79 28 utslag
373 777 82 22 länder
470 777 38 22 till
524 778 156 21 efterrättelse
695 777 65 22 intill
776 777 51 21 dess
844 780 39 18 än-

127 811 69 29 dring
221 812 49 21 deri
291 812 96 21 vunnits
409 819 86 21 genom
514 812 90 28 besvär,
621 819 48 14 som
684 813 79 20 kunna
779 811 8 22 i
801 811 83 29 vanlig

127 845 100 29 ordning
243 847 94 20 anföras
352 846 42 21 hos
410 847 115 21 Senatens
540 847 299 28 Ekonomiedepartement.

477 895 25 19 13
519 894 19 26 8.

194 927 43 20 Ett
259 927 117 28 exemplar
399 928 26 19 af
447 927 77 21 denna
544 927 137 28 förordning
701 927 61 21 skall
777 926 107 29 ständigt

126 960 82 28 finnas,
224 961 29 28 pä
269 961 75 21 finska
359 961 44 21 och
418 961 100 21 svenska
534 961 107 28 spräken,
653 961 106 28 anslaget
769 961 30 28 pä
809 961 74 27 lämp-

126 994 48 29 liga
190 995 84 21 ställen
289 995 63 21 inom
368 995 82 29 hvarje
467 995 117 29 bryggeri.

477 1044 25 19 14
519 1042 19 27 8.

194 1070 22 25 Ä
239 1075 112 21 Senatens
373 1075 295 29 Ekonomiedepartement
690 1076 134 21 ankommer
848 1077 35 19 att

125 1109 107 21 meddela
255 1109 28 21 de
305 1113 106 18 närmare
429 1110 157 28 föreskrifter,
602 1117 49 14 som
666 1110 8 21 i
689 1109 110 22 afseende
815 1110 13 21 &
844 1109 38 22 be-

124 1143 143 29 villningens
283 1143 133 29 debitering
433 1144 43 22 och
487 1144 114 29 uppbörd,
613 1144 133 22 kontrollen
757 1144 67 22 öfver
835 1143 46 22 till-

125 1178 146 28 verkningen
294 1179 26 21 af
341 1178 158 29 maltdrycker
522 1181 61 19 samt
605 1179 38 21 för
660 1178 181 29 tillämpningen
857 1178 27 21 af

126 1211 76 22 denna
217 1212 138 28 förordning
371 1212 8 21 i
395 1212 73 28 öfrigt
483 1212 107 22 befinnas
606 1212 159 29 erforderliga.

475 1261 25 20 15
518 1260 18 27 8.

193 1292 83 22 Denna
287 1293 140 28 förordning
437 1293 62 21 skall
509 1294 119 28 tillämpas
638 1294 54 20 frän
703 1293 44 21 den
760 1296 8 18 1
781 1293 100 21 Januari

126 1328 52 20 1901
196 1327 43 21 och
254 1327 75 28 gäller
345 1328 37 21 till
397 1328 122 28 utgängen
536 1328 27 21 af
577 1328 25 21 är
619 1330 60 20 1904.

330 1373 11 21 I
356 1373 78 22 Näder
449 1374 113 28 godkänd
577 1374 8 21 i
602 1374 34 21 S:t
650 1374 142 28 Petersburg
808 1373 45 21 den
867 1376 12 19 3

261 1408 44 26 (15)
322 1407 101 22 Januari
441 1410 60 20 1900.

380 1460 328 22 Minister-Statssekreterare
724 1461 85 21 Plehwe.
