1048 1631
344 100 29 24 U.
389 100 26 24 B.
433 113 27 4 —
476 100 75 28 Prop.
566 99 46 23 N:o
627 98 14 24 1
825 100 12 20 7

390 165 160 28 Förordning
557 165 127 28 angående
691 164 50 23 rätt
748 164 42 23 för
797 170 72 22 egare

330 202 29 23 af
371 201 146 23 vattenverk
532 201 37 23 att
584 201 10 22 i
604 201 64 23 vissa
678 201 46 23 fall
734 201 26 22 få
769 201 40 22 sin
819 200 50 23 rätt

329 238 42 22 till
387 237 123 23 strömfall
526 237 29 22 af
568 237 105 23 domstol
688 236 113 29 pröfvad.

188 317 130 24 Härigenom
332 317 75 20 varder
420 317 108 24 stadgadt:

470 380 45 23 18.

192 431 39 20 Vill
248 437 59 19 egare
321 431 27 26 af
362 431 118 25 vattenverk,
495 436 47 15 som
555 430 140 26 härförinnan
708 430 9 20 i
729 430 83 25 behörig
825 430 45 20 ord-

120 465 52 24 ning
192 464 119 24 tillkommit,
329 464 89 25 förvissa
431 464 32 25 sig
477 469 34 14 om
525 464 34 20 sin
572 465 43 18 rätt
628 463 30 20 till
671 463 121 25 strömfallet
804 462 67 21 säviät

119 497 33 20 det
170 497 27 25 af
220 496 131 21 vattenverket
373 497 104 24 upptages,
492 496 48 21 söke
554 496 114 25 skriftligen
681 496 37 21 hos
731 497 99 19 domaren
843 496 27 25 of-

116 530 71 25 fentlig
211 529 80 21 kallelse
305 528 14 21 d
337 529 44 25 den,
403 535 44 14 som
461 535 62 14 anser
536 529 33 25 sig
582 534 39 20 ega
634 529 63 20 bättre
711 530 41 19 rätt
765 529 30 20 till
806 529 63 26 fallet,

118 564 30 19 att
162 563 35 20 vid
215 562 85 21 domstol
320 561 14 22 då
353 562 42 21 viss
415 561 169 26 rättegångsdag,
605 567 44 15 som
668 562 47 25 efter
733 563 45 19 natt
793 562 38 20 och
845 561 26 20 år

118 596 87 25 infaller,
220 596 33 19 sitt
265 594 94 26 anspråk
372 595 93 20 anmäla.

470 670 47 23 28.

191 719 72 22 Sådan
277 720 81 21 kallelse
372 720 53 20 skall
438 722 73 23 genast
523 719 73 22 anslås
610 719 14 21 ä
637 721 77 19 rättens
727 721 50 19 dörr
790 721 36 19 och
840 725 31 20 ge-

119 759 49 15 nom
188 753 115 20 sökandens
323 752 77 27 åtgärd
420 753 79 26 införas
519 755 29 18 tre
562 752 79 26 gånger
654 753 8 20 i
675 753 109 20 allmänna
798 753 73 20 tidnin-

119 792 75 20 garna,
209 787 62 25 deraf
281 792 24 14 en
319 785 57 26 gång
389 787 8 19 i
408 787 66 25 första
487 792 114 15 nummern
612 787 35 24 för
656 787 25 19 ett
689 785 122 26 årsqvartal,
821 785 51 21 dock

119 819 19 26 e&
157 825 71 14 senare
246 820 29 19 än
288 819 33 20 det
335 819 85 25 qvartal,
435 825 44 14 som
493 825 25 14 en
531 818 83 21 månad
627 820 47 25 efter
688 819 106 20 kallelsens
807 819 64 25 utfär-

120 852 68 20 dande
206 853 53 24 först
281 853 56 24 tager
357 852 34 20 sin
413 852 84 25 början;
517 857 50 15 vare
580 852 37 20 ock
630 852 105 20 sökanden
748 851 81 26 skyldig
843 853 30 18 att

119 885 65 20 minst
194 886 49 25 fyra
261 884 102 21 månader
374 886 44 24 före
432 885 39 20 den
485 886 78 19 utsatta
576 885 68 25 dagen
658 885 113 26 skriftligen
784 885 89 25 delgifva

119 917 95 21 kallelsen
234 918 83 25 enhvar,
337 923 45 15 som
403 917 63 26 enligt
478 918 40 19 den
530 918 45 25 före
588 917 106 21 kallelsens
707 917 124 26 utfärdande
845 923 26 14 8e-

121 951 49 20 nast
182 951 123 24 upprättade
323 950 157 25 mantalslängd
499 956 49 19 eger
567 951 47 20 eller
631 951 48 19 med
691 951 89 24 stadgad
793 949 80 21 åborätt

122 983 88 20 innehar
223 983 128 26 sjelfständig
364 983 94 25 lägenhet
469 983 8 20 i
495 984 40 19 den
554 983 183 26 byasamfällighet,
752 983 36 20 der
801 984 70 19 ström-

118 1016 58 25 fallet
195 1016 69 25 ligger,
283 1016 37 20 och
333 1017 26 19 är
372 1016 57 20 inom
441 1016 127 20 kommunen
582 1016 70 20 bosatt.
679 1016 76 19 Finnes
768 1016 8 19 i
789 1016 83 25 samfäl-

123 1049 86 24 ligheten
222 1047 127 26 kungsgård,
357 1049 82 20 boställe
455 1049 48 19 eller
516 1054 75 14 annan
604 1048 91 20 likartad
709 1048 96 25 lägenhet,
819 1048 54 21 skall

122 1081 104 20 sökanden
234 1081 79 26 jemväl
326 1082 91 20 insända
431 1081 96 20 kallelsen
541 1081 30 20 till
584 1083 103 24 guvernör
699 1081 37 20 och
749 1081 124 25 domkapitel

120 1119 44 15 80m
178 1114 99 20 vederbör.

473 1201 45 23 38.

192 1252 91 24 Enhvar,
301 1257 43 15 som
359 1256 62 15 anser
434 1251 32 25 sig
479 1256 38 20 ega
531 1252 44 19 rätt
588 1251 30 20 till
631 1251 119 26 strömfallet
762 1250 67 21 sävidt
841 1251 33 20 det

122 1285 26 25 af
157 1284 131 20 vattenverket
300 1286 105 23 upptages,
419 1284 54 20 skall
483 1283 14 21 ä
507 1286 65 18 utsatt
580 1285 43 24 dag
632 1284 34 20 sitt
674 1283 93 26 anspråk
775 1284 98 24 anmäla;

122 1318 59 25 hafve
200 1317 49 21 dock
269 1318 31 25 lof
316 1318 29 19 att
363 1317 135 25 derförinnan
512 1317 91 25 skriftlig
617 1317 101 20 anmälan
732 1317 29 20 till
774 1317 99 20 domaren

124 1350 96 20 insända.
242 1350 137 20 Försummar
392 1350 43 20 han
449 1350 37 25 det,
500 1355 50 15 vare
564 1350 29 20 all
607 1350 58 20 talan
677 1350 37 20 och
723 1350 42 20 rätt
770 1350 102 25 förlustig,

121 1382 65 20 derest
198 1383 43 20 icke
254 1382 105 21 sökanden
371 1384 100 24 gentemot
483 1383 77 20 honom
574 1383 74 20 brustit
665 1383 3 19 i
679 1382 55 20 hvad
749 1388 34 14 om
792 1382 81 20 kallelse

120 1416 27 19 är
157 1415 133 26 föreskrifvet.

198 1452 209 20 Vattenrättsutskottets
420 1453 118 19 betänkande
550 1453 38 19 N:o
600 1453 17 19 1.
