1048 1631
227 107 27 21 26
541 105 40 22 N:o
600 106 18 21 1.

198 174 95 28 område,
316 181 45 16 som
377 175 20 27 ej
412 174 35 22 må
462 180 53 16 vara
536 176 70 20 större
628 176 28 20 än
677 177 34 20 att
732 174 127 22 förmannen
878 176 26 19 är
925 174 34 22 för

198 209 145 22 allmänheten
358 209 42 22 lätt
415 209 129 28 tillgänglig.

268 244 63 21 Hvad
354 244 39 21 här
416 246 24 19 är
455 243 63 28 sagdt
533 244 109 27 tillämpas
665 244 48 21 icke
736 244 13 21 å
769 244 120 27 jordegare,
913 249 46 15 som

198 277 48 22 från
267 285 53 20 egen
339 278 53 27 skog
410 278 52 22 eller
478 278 13 21 å
509 278 50 22 kort
575 278 87 22 sträcka
680 278 74 21 flottar
777 277 182 22 husbehofsvirke.

552 354 24 20 13
592 353 19 28 8.

268 393 206 27 Flottningsförman
493 393 120 22 företräder
628 393 151 26 virkesegaren
794 393 7 20 i
817 393 43 21 alla
875 392 26 21 de
916 391 44 21 för-

200 427 124 27 hållanden,
348 434 46 15 som
417 428 34 21 vid
475 427 126 28 flottningen
623 427 133 22 förekomma
771 427 53 21 eller
838 426 33 22 till
887 425 73 22 hvilka

200 461 71 22 denna
293 462 68 27 gifver
384 462 91 27 upphof;
499 463 39 20 och
557 468 51 15 vare
622 462 78 27 jemväl
715 461 126 27 tillsägelse,
856 460 51 22 kraf
921 460 39 21 och

200 502 71 15 annan
294 496 131 27 uppfordran
449 498 56 20 samt
523 497 117 26 stämning,
656 502 47 15 som
719 496 91 21 rörande
825 495 78 22 sådant
918 494 42 21 för-

200 530 102 21 hållande
325 531 54 26 ågår
401 531 133 26 förmannen,
558 530 69 22 likaså
649 531 44 26 gild
717 536 46 15 som
786 536 34 15 om
837 529 123 22 densamma

202 564 60 27 ågått
285 571 86 20 egaren.
401 561 30 25 Är
447 565 18 27 ej
483 565 83 21 förman
590 565 56 21 stäld
662 565 53 21 eller
729 563 142 22 föreskrifven
886 564 74 20 anmä-

201 599 35 21 lan
248 605 34 15 om
301 599 77 22 honom
395 599 66 27 gjord,
478 605 50 16 vare
543 599 7 21 i
566 599 38 21 fall
620 605 44 15 som
680 599 7 21 i
705 599 32 27 18,
749 599 24 22 21
787 598 39 22 och
837 599 26 20 22
875 597 24 28 $$
911 599 49 25 sägs

201 633 25 21 så
249 633 83 28 ansedt,
357 640 45 15 som
425 640 34 15 om
483 634 37 21 der
544 633 65 22 nämd
629 633 116 27 tillsägelse
761 633 53 21 eller
829 631 131 28 uppfordran

201 667 47 22 icke
257 667 164 22 efterkommits.

271 702 44 21 Der
331 709 122 20 gemensam
469 702 99 27 flottning
584 709 50 20 eger
650 708 54 20 rum,
720 702 56 27 gälle
791 707 35 16 om
841 701 120 26 flottnings-

201 736 106 27 styrelsen
323 736 57 21 hvad
397 742 34 15 om
446 743 63 20 egare
525 738 56 25 sägs.
611 730 19 27 Å
645 735 213 28 flottningsstyrelsen
873 735 87 21 ankom-

201 776 46 14 mer
260 770 80 27 jemväl
357 773 32 18 att
404 771 114 26 godkänna
535 771 138 27 delegarenes
689 770 168 21 virkesmärken.

553 847 25 20 14
594 845 18 28 8.

271 885 74 27 Virke,
369 892 44 15 som
437 886 32 21 för
491 885 99 28 flottning
613 886 119 27 utlägges
726 881 14 36 i
755 885 132 26 vattendrag,
905 885 57 20 skall

202 926 52 15 vara
277 920 116 27 ordentligt
416 920 119 26 afbarkadt,
560 921 23 20 så
606 920 65 22 framt
694 920 47 21 icke
764 919 151 27 vattendraget
937 921 24 19 är

202 954 66 21 slutet
284 954 41 21 och
340 954 73 21 tillhör
427 954 151 27 virkesegaren
590 961 83 20 ensam;
685 954 55 22 dock
751 953 34 22 må
797 953 94 22 oklufvet
901 953 60 21 virke

202 988 24 21 af
240 995 53 20 gran
309 989 40 21 och
365 988 78 22 löfträd
460 991 54 20 samt
530 989 33 21 till
578 989 116 26 brännved,
710 989 87 26 kolning
807 988 52 22 eller
868 987 33 22 för
912 988 51 21 hus-

202 1022 67 22 behof
286 1022 71 23 afsedt
376 1023 95 22 oklufvet
489 1023 60 21 virke
568 1023 72 22 flottas
656 1023 111 26 obarkadt,
784 1029 34 15 om
833 1021 128 28 flottningen

202 1057 101 21 slutföres
320 1058 57 20 inom
394 1059 30 20 ett
441 1057 23 22 år
480 1057 53 22 efter
547 1058 81 21 virkets
642 1057 137 22 afverkande.

272 1091 103 28 Eftergift
398 1091 47 22 från
460 1092 39 21 här
515 1092 92 26 stadgad
628 1091 195 28 afbarkningsplikt
838 1091 42 22 kan
896 1091 66 21 likväl

202 1126 96 27 beviljas,
315 1126 40 22 och
371 1126 124 27 afbarkning
512 1126 23 22 af
548 1127 80 21 bränn-
644 1127 39 21 och
699 1126 139 27 kolningsved
852 1125 110 22 föreskrif-

202 1166 44 22 vas,
263 1161 38 21 der
317 1160 121 28 synnerliga
453 1161 46 21 skäl
515 1163 45 19 äro.

553 1237 25 20 15
594 1236 18 27 8.

273 1275 74 21 Flotta
365 1275 51 21 flere
435 1276 109 26 samtidigt
564 1276 59 20 virke
638 1276 6 20 i
661 1278 32 19 ett
712 1275 133 27 vattendrag,
862 1281 49 15 vare
928 1281 35 15 en-

203 1309 54 21 hvar
284 1309 84 27 skyldig
392 1311 31 19 att
453 1309 23 21 så
501 1309 98 22 bedrifva
628 1310 135 26 flottningen,
789 1311 33 19 att
854 1308 47 22 icke
931 1308 32 22 för

203 1350 69 14 annan
295 1344 90 26 uppstår
407 1344 75 21 hinder
504 1344 52 21 eller
580 1344 121 27 olägenhet,
725 1350 46 15 som
793 1344 43 20 kan
853 1343 110 21 undvikas.

203 1377 131 22 Underlåter
349 1379 70 23 någon
435 1378 42 25 det,
493 1380 82 19 ersätte
592 1378 67 21 skada
675 1378 39 22 och
730 1378 108 26 uppehåll,
852 1383 46 15 som
909 1378 54 20 deri-

203 1418 78 20 genom
299 1412 74 22 vållas.
