1048 1631
339 88 26 22 U.
383 88 26 22 B.
425 101 31 3 —
471 88 73 29 Prop.
560 88 46 23 N:o
622 88 14 23 1
805 91 28 19 23

422 341 41 20 III
479 341 73 26 Kap.

421 405 34 20 Om
470 405 86 28 dikning.

463 479 10 18 1
491 477 20 28 8.

180 524 131 28 Jordegare,
332 531 49 14 som
400 523 36 22 för
457 524 80 29 odling
560 524 55 21 eller
633 524 136 29 förbättring
786 524 24 22 af
825 524 38 22 sin

108 560 64 21 mark
188 559 41 22 vill
246 559 99 22 derifrän
361 559 76 22 afleda
452 562 97 24 vattnet,
565 567 55 14 vare
635 560 129 29 berättigad
779 563 34 19 att
826 560 36 21 för

108 596 129 21 ändamälet
260 596 68 28 lägga
351 596 63 21 täckt
437 596 56 21 eller
511 598 71 27 öppet
600 596 54 21 dike
672 603 84 22 genom
774 603 87 15 annans

108 639 61 20 egor,
191 633 25 20 sä
236 631 68 22 framt
325 631 77 29 aflopp
425 631 54 22 eller
497 632 143 29 planmässig
656 632 123 29 utdikning
795 631 68 30 eljest

107 667 51 22 icke
175 667 54 22 eller
245 668 81 21 endast
341 668 53 21 med
410 667 89 29 oskälig
515 668 100 21 kostnad
626 668 45 21 kan
681 668 180 26 ästadkommas;

109 703 59 22 dock
184 703 57 22 skall
258 703 63 22 diket
337 705 24 20 sä
377 703 64 29 längt
457 704 129 21 utsträckas
604 706 59 19 samt
676 706 25 20 sä
711 703 95 22 inrättas
818 704 43 21 och

108 739 151 26 underhällas,
277 742 33 19 att
325 739 72 22 skada
413 741 12 20 &
441 747 88 14 annans
546 740 65 21 mark
626 739 51 22 icke
693 741 101 27 uppstär.

179 775 150 28 Befogenhet,
346 783 49 14 som
411 775 41 22 här
468 775 72 22 ofvan
556 776 43 21 och
614 775 9 22 i
639 778 12 19 5
663 775 14 29 8
692 780 59 24 sägs,
763 775 98 22 tillkom-

107 818 49 14 mer
176 811 69 21 äfven
265 811 50 26 den,
335 811 96 22 hvilken
449 813 76 20 säsom
547 811 84 22 landbo
653 811 54 22 eller
725 811 135 22 annorledes

107 846 95 22 besitter
215 847 166 28 jordlägenhet.

459 913 50 29 28.

178 960 60 21 Dike
255 964 12 17 &
284 967 86 14 annans
386 961 65 20 mark
467 960 48 27 bör,
533 961 77 21 sävidt
625 963 56 18 utan
697 960 88 29 oskälig
799 961 61 21 kost-

106 996 46 21 nad
174 996 54 21 eller
248 996 91 28 intrång
357 995 8 22 i
384 995 168 30 utdikningens
568 996 155 29 planmässiga
738 996 122 21 utförande

106 1032 46 21 kan
168 1032 47 25 ske,
231 1031 79 29 läggas
327 1032 40 21 der
382 1031 39 22 det
432 1032 91 21 medför
533 1032 85 21 minsta
629 1032 122 29 olägenhet
760 1032 37 21 för
807 1032 52 26 den,

106 1075 50 14 som
182 1075 53 20 eger
259 1067 54 22 eller
335 1067 88 29 nyttjar
447 1068 101 26 marken,
574 1068 43 21 och
640 1068 59 21 helst
722 1067 9 22 i
753 1068 106 21 markens

106 1103 123 22 räskilnad.

179 1133 66 33 Öppet
259 1139 50 22 dike
323 1139 36 21 mä
373 1139 52 21 dock
436 1139 21 28 ej
466 1139 82 29 läggas
559 1146 83 22 genom
654 1146 86 15 annans
751 1139 109 29 bebygda

106 1177 58 19 tomt
180 1174 51 22 eller
246 1175 112 28 trädgärd,
375 1177 56 19 utan
447 1175 57 21 hans
521 1175 39 22 lof.

459 1252 49 29 38.

177 1299 47 21 Vid
240 1299 108 29 diknings
364 1299 123 22 utförande
503 1302 14 19 &
533 1307 87 14 annans
637 1300 64 21 mark
717 1301 37 20 mä
767 1299 90 29 jorden,

105 1342 50 14 som
171 1337 119 27 upptages,
307 1335 78 29 läggas
402 1335 40 21 vid
459 1335 67 22 sidan
543 1336 24 21 af
582 1335 70 26 diket,
665 1336 59 21 dock
734 1337 26 20 sä
770 1337 33 19 att
814 1335 45 21 den

104 1370 52 22 icke
171 1370 94 22 hindrar
279 1373 100 19 vattnets
397 1370 143 27 afrinnande,
553 1371 55 21 eller
619 1371 43 21 ock
672 1371 61 21 föras
744 1370 35 22 till
790 1374 69 18 annat

181 1412 210 20 Vattenrättsutskoltets
404 1413 118 19 betänkande
536 1412 36 20 N:o
584 1414 16 18 1.
