1048 1631
428 104 43 21 N:o
490 106 31 19 10.
815 106 12 19 3

165 172 98 29 Uppgår
285 172 188 29 förbrukningen
497 172 27 21 af
546 172 58 21 malt
627 173 40 21 vid
690 175 34 19 ett
746 173 111 28 bryggeri

96 206 75 22 under
193 207 50 20 året
265 206 38 21 till
321 213 49 14 mer
385 210 30 17 än
431 206 153 22 femtiotusen
602 206 123 29 kilogram,
741 206 116 29 uppbäres

96 242 36 19 ett
154 240 101 22 tillskott
278 241 27 20 af
322 240 33 21 tio
375 241 72 28 penni
462 241 38 20 för
515 240 82 29 hvarje
612 241 33 20 tio
662 241 114 28 kilogram
792 240 64 28 malt,

96 282 51 14 som
168 275 95 21 utöfver
285 274 73 29 sagda
376 274 85 29 belopp
481 275 44 20 och
540 274 38 21 till
594 274 43 21 och
652 275 53 21 med
721 274 136 21 etthundra-

97 309 152 22 femtiotusen
265 309 116 28 kilogram
396 308 40 22 vid
451 309 110 28 bryggeri
573 309 118 21 användes
703 309 38 21 för
751 309 105 21 tillverk-

96 344 59 28 ning
171 343 27 22 af
210 343 102 22 nämnda
329 343 104 28 drycker,
446 345 60 19 samt
517 343 117 28 tjugufem
645 350 72 21 penni
728 343 37 21 för
776 343 80 28 hvarje

97 378 33 21 tio
146 378 116 28 kilogram
277 377 64 28 malt,
357 385 49 14 som
422 377 74 22 under
511 378 51 21 året
573 377 125 22 förbrukas
709 377 94 22 utöfver
813 379 44 19 ett-

96 412 246 21 hundrafemtiotusen
357 412 122 29 kilogram.

166 515 50 21 Har
231 515 8 21 i
255 515 116 28 bryggeri,
389 515 40 21 der
444 515 134 28 maltdryck
594 515 127 27 tillverkas,
738 515 74 21 under
823 517 34 18 ett

98 550 25 21 år
138 549 52 22 icke
206 549 135 22 förbrukats
357 550 25 21 så
393 552 49 19 stor
454 549 118 28 qvantitet
584 549 62 28 malt,
659 551 35 19 att
704 549 153 28 bevillnings-

98 583 104 29 afgiften
224 584 30 27 på
271 584 77 27 grund
367 584 27 21 af
410 587 7 18 1
436 585 13 26 $
465 584 92 28 uppgår
572 583 37 21 till
625 583 142 22 åttahundra
783 583 72 26 mark,

97 618 61 21 skall
173 618 74 21 likväl
263 618 64 21 detta
342 618 85 28 belopp
439 618 113 28 erläggas.
579 617 116 29 Lindring
705 618 9 21 i
725 618 64 21 detta
800 618 56 21 hän-

98 653 84 21 seende
198 653 46 20 kan
260 653 60 21 dock
336 653 26 21 af
375 653 177 21 vederbörande
567 653 161 28 Expedition
721 649 15 36 i
743 653 113 21 Senatens

97 687 293 29 Ekonomiedepartement
420 688 103 28 beviljas,
550 688 8 21 i
584 687 111 22 händelse
721 687 135 22 tillverkare

97 722 75 21 under
194 723 50 20 året
262 722 102 29 upphört
379 723 54 20 med
447 722 37 21 sin
499 722 87 21 rörelse
602 722 56 21 eller
673 722 111 29 bryggeri
799 721 56 29 eljes

97 757 38 21 till
158 757 60 28 följd
241 757 26 20 af
287 757 86 21 vådeld
393 757 56 21 eller
470 764 79 14 annan
565 756 193 29 olyckshändelse
773 756 82 28 längre

97 791 35 22 tid
148 792 27 21 af
189 792 50 21 året
254 792 61 21 varit
330 791 9 22 i
355 791 170 22 overksamhet.

452 857 12 19 3
481 855 18 27 8.

166 895 113 28 Fritagen
294 895 53 21 från
363 895 131 28 bevillning
508 902 55 13 vare
574 894 131 29 hembrygd
715 894 138 29 maltdryck,

97 929 76 22 ehvad
188 929 135 22 densamma
339 932 25 18 är
379 929 38 21 till
429 929 143 28 försäljning
583 929 136 28 medgifven
731 928 56 22 eller
797 928 58 21 icke.

166 963 145 22 Restitution
327 963 26 21 af
367 963 80 28 erlagd
464 963 132 29 bevillning
611 970 55 21 eger
680 970 52 14 rum
742 963 37 21 för
789 963 67 21 malt-

97 998 80 29 dryck,
194 1005 49 14 som

166 1034 24 25 a)
206 1033 53 20 från
275 1032 80 21 landet
371 1033 99 26 utföres;

166 1067 23 27 0)
204 1067 74 21 under
300 1067 85 28 sjelfva
408 1066 186 29 tillverkningen
618 1066 55 22 eller
695 1066 102 21 derefter
818 1066 37 21 till

96 1100 46 22 den
163 1101 59 28 grad
237 1101 102 28 skadats,
357 1104 34 18 att
407 1101 51 27 den,
475 1101 76 28 enligt
567 1101 139 28 tillförlitlig
721 1101 133 28 utredning,

96 1135 52 34 icke
164 1135 47 21 kan
227 1137 75 21 såsom
318 1135 133 29 maltdryck
467 1135 127 22 användas.

450 1201 13 19 4
479 1200 20 26 8.

164 1238 152 22 Beträffande
339 1239 44 21 tull
406 1239 37 21 för
466 1239 141 29 maltdryck,
630 1246 49 14 som
698 1238 37 22 till
753 1238 102 22 Finland

95 1273 95 28 införes,
214 1273 81 21 länder
319 1273 37 21 till
378 1273 158 22 efterrättelse
562 1273 62 21 hvad
650 1273 78 21 derom
751 1276 26 18 är
799 1272 57 22 eller

95 1307 85 21 varder
195 1308 116 28 stadgadt.

451 1338 48 26 58.

165 1373 90 25 Önskar
270 1377 78 27 någon
365 1379 34 19 att
410 1377 8 20 i
429 1376 38 21 för
482 1376 86 22 sådant
578 1376 109 21 ändamål
697 1376 78 21 afsedt
785 1375 70 28 bryg-

94 1410 51 28 geri
168 1410 38 21 till
228 1410 142 29 försäljning
386 1410 109 22 tillverka
519 1410 139 29 maltdryck,
675 1410 60 23 skall
750 1410 47 21 han
813 1409 42 21 hos
