1048 1631
169 94 13 21 2
419 94 28 23 U.
464 94 27 22 B.
510 107 27 4 —
554 94 70 28 Prop.
640 94 40 22 N:o
696 94 14 22 8

168 160 92 30 hänsyn
274 162 85 27 jemväl
373 160 74 23 dertill
462 164 36 19 att
513 160 44 23 den
566 160 86 29 nådiga
661 161 166 29 propositionen
837 161 120 23 bibehåller

170 196 38 22 det
222 196 35 22 för
272 197 143 22 närvarande
432 197 113 28 utgående
562 197 103 30 beloppet
681 197 151 27 oförändradt,
845 197 112 23 vördsamt

169 232 90 23 föreslå:

458 283 31 20 att
504 281 156 28 Ridderskapet
676 281 35 22 och
727 281 69 22 Adelm
805 283 57 20 samt
873 281 84 22 Bonde-

385 318 83 21 ständet
483 317 53 24 ville,
552 318 46 21 med
607 318 95 28 ändring
713 317 30 27 af
748 318 37 21 sitt
795 317 64 22 beslut
869 317 10 22 i
888 317 70 22 denna

386 353 37 28 del,
445 354 114 28 godkänna
574 354 35 21 det
624 354 9 21 i
648 354 40 21 den
704 353 81 28 nådiga
798 353 159 28 propositionen

385 389 106 28 ingående
506 389 247 29 författningsförslaget.

242 448 76 22 Under
336 449 163 27 förutsättning
515 449 35 21 att
567 449 63 22 detta
645 449 84 26 förslag
744 449 79 21 vinner
840 449 62 21 bifall
918 449 41 21 har

171 484 117 22 Utskottet
303 484 136 29 uppskattat
454 484 166 23 ärsinkomsten
635 485 33 21 för
685 484 142 22 Statsverket
839 485 24 21 af
874 485 83 27 ifräga-

171 520 99 22 varande
293 520 121 28 bevillning
434 521 34 21 till
487 521 38 21 det
546 521 86 28 belopp,
650 528 47 14 som
714 520 70 22 under
799 522 53 20 ären
873 521 85 21 1896—

173 556 56 22 1898
245 556 7 21 i
269 556 105 22 medeltal
389 556 93 27 influtit,
497 556 53 22 eller
566 557 101 27 omkring
683 557 81 27 28,000
781 556 69 27 mark,
869 557 39 20 och
924 556 35 22 fär

170 591 61 30 förty
247 591 107 30 derjemte
370 592 89 22 föreslä:

457 655 31 19 att
504 653 121 22 Ständerna
641 653 46 22 ville
702 653 68 21 såsom
785 653 91 21 inkomst
891 652 27 27 af
927 653 31 21 be-

389 689 116 28 villningen
520 688 34 27 för
569 689 91 27 spelkort
676 689 68 21 under
754 690 112 20 närmaste
877 688 81 27 finans-

383 725 74 27 period
486 724 152 22 1901—1904
667 723 94 23 Veräkna
786 726 29 19 ett
841 724 69 28 belopp
935 724 25 27 af

387 760 99 27 112,000
501 761 69 20 mark.
596 777 2 2 .

244 819 146 28 Helsingfors,
407 819 43 23 den
466 819 28 23 27
510 819 107 23 Februari
635 819 62 23 1900.

244 933 9 21 I
269 933 197 28 handläggningen
483 933 23 22 af
522 933 64 22 detta
597 933 82 22 ärende
689 933 60 22 inom
761 933 116 22 Utskottet
889 933 71 22 hafva

173 969 95 27 deltagit
287 969 147 22 ordföranden
451 969 120 28 Snellman,
588 969 151 22 ledamöterne
756 969 127 28 Schulman,
901 969 58 22 San-

173 1005 70 27 mark,
269 1005 111 28 Vegelius,
406 1005 105 28 Ilmanen,
534 1005 138 27 Päivärinta,
701 1001 78 32 Öberg,
808 1005 150 28 Aeimelaeus,

172 1040 110 22 Forsman
295 1041 41 21 och
350 1041 93 29 Flygare
457 1042 59 21 samt
525 1041 172 29 suppleanterne
706 1041 107 29 Kyander
819 1041 41 21 och
869 1040 91 22 Starcke

173 1078 60 20 samt
249 1076 72 22 delvis
337 1076 93 29 Ekberg.

247 1517 160 25 Bevillningsutsk.
420 1518 183 23 sammanj..förslag,
628 1518 40 18 Bet.
682 1517 36 19 Nio
730 1518 16 17 1.
