1048 1631
83 150 25 6 +"
129 148 36 9 oh

81 158 23 12 40
125 159 44 11 ven

85 185 27 20 18
129 183 35 30 88.

85 436 27 20 19
128 435 20 28 8.

84 716 29 31 20
130 726 20 29 8.

101 1156 28 20 22
145 1155 21 29 &.

251 146 98 33 tidaers.

181 184 94 23 ständen
290 184 72 22 hafva
377 185 102 28 godkänt
496 185 67 22 dessa
578 184 138 29 paragrafer.

252 221 163 22 Presteständet
435 221 41 21 har
491 221 97 21 beslutit
604 223 33 19 att
653 221 39 21 det
708 221 34 21 uti
761 223 25 19 17
804 221 43 21 och
865 223 26 19 18
907 221 29 29 88

182 255 188 23 förekommande
396 257 117 28 uttrycket
541 257 21 26 ,i
587 257 87 28 kyrka*
703 257 153 28 (,kirkossa*)
878 257 58 21 skall

181 291 112 22 uteslutas
310 293 63 21 såväl
389 295 13 19 å
418 293 150 21 förevarande
585 293 82 21 ställen
681 300 50 14 som
742 293 66 22 öfver
819 293 40 21 allt
870 292 67 29 eljest

181 327 41 22 der
237 329 72 27 sagda
324 329 94 28 uttryck
434 329 158 21 förekommer.

253 364 55 21 Som
330 364 101 29 lagenlig
451 365 118 28 pluralitet
590 365 132 28 föreligger,
739 365 41 21 har
796 365 140 21 Prestestån-

182 399 50 22 dets
248 399 77 22 beslut
340 400 51 21 icke
407 400 114 22 föranledt
536 401 36 21 till
583 401 80 28 åtgärd
674 401 52 21 från
736 401 131 21 Utskottets
879 399 56 22 sida.

252 436 83 21 Denna
358 437 105 28 paragraf
486 437 42 21 har
551 437 23 21 af
598 437 106 28 samtliga
728 437 67 21 stånd
814 435 122 30 antagits
925 431 16 39 i

182 471 102 29 enlighet
299 473 54 20 med
368 473 161 21 betänkandet.
561 473 67 21 Dock
644 473 70 21 hafva
729 474 82 21 Preste-
827 472 43 21 och
881 473 56 22 Bor-

179 508 150 27 garestånden
344 508 34 21 uti
394 509 147 28 paragrafens
558 511 12 18 2
588 516 67 14 mom.
673 509 24 21 af
711 509 44 20 den
771 508 77 21 finska
859 511 77 18 texten

181 546 68 19 rättat
265 543 65 22 ordet
348 544 77 25 ,sillä*
442 544 35 21 till
495 544 85 26 ,sille*.

253 579 121 22 Utskottet
390 580 102 21 föreslär:

376 151 37 26 pet
436 150 39 23 och
498 151 71 22 Adeln
589 152 59 20 samt
668 150 110 27 Borgare-
799 150 37 22 och
857 150 79 20 Ronde

469 648 32 20 att
516 647 104 21 rättelsen
635 647 134 26 godkännes.

254 723 141 28 Paragrafen
417 723 42 21 har
481 723 51 22 icke
556 723 115 22 föranledt
692 723 35 21 till
742 725 76 26 någon
835 723 102 21 anmärk-

181 759 58 28 ning
262 759 51 21 från
337 759 73 28 öfriga
434 759 79 22 stånds
538 759 56 22 sida.
632 759 110 22 Deremot
764 759 42 21 har
829 761 108 26 Borgare-

182 795 87 22 ståndet
299 795 96 21 beslutit
425 795 142 22 öfverlemna
592 797 24 20 åt
641 795 120 22 Utskottet
787 798 34 18 att
847 798 54 25 taga
929 795 8 21 i

182 831 172 28 öfvervägande
374 831 115 21 huruvida
514 831 51 21 icke
591 831 34 21 uti
654 831 148 28 paragrafens
831 833 10 18 1
868 837 67 15 mom.

182 867 24 21 af
229 867 45 21 den
296 867 77 21 finska
396 869 77 19 texten
497 874 78 14 senare
597 867 68 21 delen
681 867 23 20 af
719 867 72 21 första
807 867 130 28 meningen,

183 903 111 28 börjande
316 903 52 21 med
392 903 70 21 orden
485 903 36 28 ,ja
541 903 134 21 hakekoon*
693 903 71 21 borde
781 903 93 28 utbytas
891 905 47 18 mot

183 946 75 14 annan
289 938 113 29 tydligare
433 939 150 28 formulering
614 941 59 19 samt
705 946 78 14 senare
815 938 123 29 meningen

184 975 55 26 »Jos
265 974 114 22 vahinko*
405 982 19 14 o.
449 982 17 14 s.
490 982 21 13 v.
537 978 48 18 mot
604 974 55 27 ,Jos
681 974 102 22 vahinko
809 974 32 21 tai
866 975 72 20 haitta

180 1010 84 28 johtuu
281 1010 78 29 yhden
374 1010 266 29 puutavaranomistajan
655 1009 32 22 tai
703 1010 76 21 hänen
789 1009 150 22 miehistönsä

183 1046 130 29 erityisestä
333 1046 199 26 tuottamuksesta,
552 1046 138 21 vastatkoon
714 1045 52 22 siitä
788 1045 91 26 toisille,
900 1045 38 29 jos

185 1082 29 21 he
230 1081 44 22 sitä
289 1081 123 22 vaativat*.

255 1117 120 22 Utskottet
390 1117 76 22 finner
482 1117 20 29 ej
518 1118 50 21 skäl
582 1118 117 28 tillstyrka
711 1117 226 29 ändringsförslaget.

253 1155 161 27 Ridderskapet
429 1155 38 21 och
483 1155 72 21 Adelm
567 1156 59 20 samt
636 1155 83 21 Preste-
729 1155 38 21 och
778 1154 161 28 Borgarestän-

184 1191 35 21 det
234 1190 72 22 hafva
321 1190 102 28 godkänt
435 1190 137 28 paragrafen
584 1189 73 29 enligt
667 1190 167 21 betänkandets
845 1189 93 29 förslag.

255 1226 163 22 Bondeständet
433 1226 41 21 har
495 1226 95 21 beslutit
618 1233 28 14 ur
666 1225 148 29 paragrafens
838 1228 10 18 1
871 1232 68 15 mom.

183 1262 102 21 utesluta
305 1262 71 21 orden
397 1262 75 26 ,inför
487 1262 256 28 utmätningsmannen*
761 1260 179 29 (,ulosottomie-

182 1298 47 20 hen
244 1298 111 27 edessä*).

256 1333 46 21 För
317 1333 156 22 betänkandet
489 1334 33 20 uti
537 1334 75 20 denna
622 1333 76 29 punkt
710 1333 123 29 föreligger
845 1332 96 22 sälunda

184 1369 101 29 lagenlig
309 1369 216 29 ständerpluralitet,
549 1369 92 21 hvadan
664 1369 185 21 Bondeständets
878 1368 63 29 skilj-
