1048 1631
219 114 12 18 4
536 112 40 21 N:o
595 114 15 19 1.

190 181 51 21 eller
264 182 33 20 att
320 181 107 21 strömfall
450 181 48 21 med
520 181 64 27 ingen
610 181 52 22 eller
685 180 58 22 blott
768 181 109 27 obetydlig
895 187 57 16 sam-

189 215 80 22 färdsel
292 217 87 26 stänges
404 215 51 22 eller
480 215 132 22 vattenbrist
635 215 35 22 vid
687 215 178 27 lågvattenstånd
882 215 69 22 under

190 256 49 21 nyss
263 250 87 27 angifna
372 250 159 27 förutsättning
551 249 125 28 förebygges
692 256 75 21 genom
785 250 130 28 utläggande
930 250 23 22 af

190 284 91 27 tillfällig
297 285 49 21 dam
363 284 58 22 öfver
436 285 147 27 kungsådran,
598 291 34 15 om
644 285 103 27 derjemte
759 285 81 22 dennas
852 285 99 22 ändamål

189 318 200 23 tillfredsställande
404 319 125 27 tillgodoses
545 325 76 21 genom
638 319 148 27 anbringande
802 319 23 22 af
837 319 49 21 fullt
896 319 53 27 tjen-

189 353 43 27 liga
254 353 148 28 inrättningar
421 353 33 21 för
469 352 80 23 fiskens
565 359 55 21 upp-
636 353 39 21 och
691 353 148 28 nedstigande,
855 353 95 22 flottnin-

189 393 52 21 gens
264 387 147 26 bedrifvande,
435 389 97 19 vattnets
555 387 128 27 tillräckliga
707 387 70 27 aflopp
797 387 40 22 och
852 389 41 20 den
908 387 42 21 till-

190 421 109 27 äfventyrs
322 421 175 22 förekommande
520 421 153 22 samfärdselns
696 422 174 27 möjliggörande.
900 421 50 22 Men

189 457 66 21 också
277 457 7 20 i
306 456 145 22 förhållandet
470 456 31 21 till
525 456 84 21 enskild
635 458 44 19 rätt
705 458 24 19 är
754 456 196 27 tillgodogörandet

190 491 22 21 af
226 491 37 21 det
278 494 61 18 stora
354 491 72 25 värde,
443 490 162 22 vattenkraften
616 497 56 21 eger,
685 491 22 20 af
717 493 32 19 ett
759 492 25 20 så
795 491 156 27 öfvervägande

190 525 90 22 allmänt
303 526 99 25 intresse,
422 527 33 20 att
474 525 41 22 den
532 525 107 22 enskildes
655 527 45 20 rätt
714 525 47 22 icke
776 525 33 21 får
825 525 126 26 obetingadt

189 560 161 27 upprätthållas
373 562 111 25 gentemot
507 560 62 21 detta
591 560 99 26 intresse,
713 561 53 20 utan
787 559 39 22 bör
841 559 55 26 vika,
913 559 37 21 der

189 595 131 26 uttagandet
343 594 22 21 af
387 594 128 22 drifkraften
532 595 7 20 i
555 596 32 19 ett
610 594 105 21 strömfall
737 594 87 21 kräfver
844 595 32 20 ett
894 593 57 22 blott

189 629 130 27 oväsentligt
342 630 88 26 intrång
453 630 6 20 i
479 629 131 22 densamma.
641 629 32 21 En
697 629 101 21 afvikelse
821 628 58 21 såväl
901 628 48 21 från

189 663 72 28 regeln
278 670 33 15 om
323 664 172 27 öppenhållande
507 664 23 21 af
538 664 126 27 kungsådra
674 670 45 15 som
731 663 48 22 från
790 663 41 21 den
843 663 107 21 allmänna

189 704 90 15 normen
303 699 33 20 att
352 698 6 21 i
374 698 129 27 vattendrag
526 699 18 26 ej
566 699 35 20 må
615 698 81 27 byggas
712 704 72 15 annan
800 697 33 22 till
847 703 48 16 men
910 697 40 21 har

190 732 56 22 altså
268 732 51 22 bort
341 732 117 27 medgifvas
481 733 69 21 under
574 732 62 22 ofvan
656 732 91 21 anförda
761 731 188 27 förutsättningar,

189 767 47 20 med
261 767 36 20 det
319 767 127 27 ytterligare
465 767 69 21 vilkor
549 767 34 21 för
598 767 113 26 undantag
727 766 22 21 af
763 766 118 22 sistnämda
897 765 52 27 slag,

189 802 33 20 att
244 801 34 22 för
301 801 70 22 skada
390 801 39 21 och
448 801 120 28 olägenhet,
584 807 46 16 som
646 801 73 26 vällas,
736 801 55 21 skall
805 802 68 25 gifvas
888 800 61 27 godi-

188 835 84 27 görelse
288 835 54 22 efter
357 835 52 22 fulla
424 836 76 21 värdet
516 835 40 22 och
571 835 81 22 hälften
670 835 129 22 derutöfver.

258 870 44 21 Der
318 871 32 20 ett
366 870 105 21 strömfall
487 872 24 19 är
527 871 25 21 så
566 870 127 26 beskaffadt,
704 871 34 20 att
748 870 34 21 för
793 870 47 21 dess
851 869 98 27 tillgodo-

188 905 97 26 görande
304 904 85 22 fordras
409 911 26 14 en
451 904 33 22 för
498 905 69 27 begge
582 905 88 21 sidorna
685 910 122 22 gemensam
824 904 54 26 dam,
895 910 54 20 upp-

188 939 47 21 står
258 945 26 15 en
308 939 225 28 intressegemenskap
557 939 89 22 emellan
671 945 92 22 egarene
779 939 13 20 å
807 940 58 20 ömse
884 938 64 25 sidor,

188 973 86 22 hvilken
289 974 97 21 kommer
401 973 332 28 sameganderättsförhållandet
749 973 83 27 ganska
847 974 53 20 nära
911 971 38 22 och

189 1007 72 22 derför
284 1008 39 21 ock
337 1008 7 21 i
361 1008 42 21 viss
426 1009 50 20 mån
500 1009 68 20 måste
587 1008 120 27 underlyda
722 1013 82 16 samma
819 1006 69 27 regler
903 1012 46 15 som

189 1042 36 21 det
248 1043 126 21 sistnämda.
405 1043 70 21 Häraf
496 1042 68 28 följer,
589 1043 45 21 dels
657 1044 33 20 att
709 1042 107 21 hvardera
831 1047 78 21 egaren
925 1043 24 18 är

188 1076 85 28 skyldig
293 1078 33 20 att
345 1079 51 25 taga
411 1077 34 21 del
460 1077 7 20 i
482 1077 113 27 byggande
612 1077 22 21 af
647 1083 123 21 gemensam
786 1077 55 25 dam,
857 1082 34 15 om
906 1075 42 21 han

188 1111 35 21 vill
239 1111 98 27 begagna
353 1111 32 22 sin
402 1111 33 22 del
451 1111 23 22 af
487 1113 93 25 vattnet,
596 1111 45 22 dels
658 1113 39 24 att,
706 1117 35 15 om
757 1111 41 21 den
814 1117 38 14 ene
866 1110 82 21 undan-

188 1145 79 28 drager
282 1146 33 28 sig
331 1146 109 22 dammens
455 1146 119 28 byggande,
592 1146 39 22 den
648 1146 66 22 andre
729 1145 65 22 likväl
805 1145 39 21 bör
855 1151 39 21 ega
904 1145 45 21 rätt

188 1181 39 25 att,
245 1183 58 19 emot
318 1180 128 27 ersättning,
463 1181 12 20 å
491 1180 41 22 den
548 1180 68 22 förres
633 1180 88 22 område
737 1180 22 21 af
772 1179 59 21 fallet
847 1179 38 21 och
895 1179 54 21 hans

188 1214 77 21 strand
288 1214 57 22 hålla
369 1214 64 27 nödig
457 1214 48 22 dam
529 1214 39 22 och
590 1214 56 22 fäste
664 1214 33 22 för
718 1214 77 21 denna.
825 1213 74 21 Ehuru
915 1212 35 22 väl

188 1249 169 27 strandegarens
373 1248 120 28 skyldighet
509 1250 34 20 att
560 1249 89 27 upplåta
660 1248 73 22 härtill
743 1248 126 26 erforderlig
879 1247 71 27 grund

187 1282 100 28 betingas
307 1283 47 27 just
377 1283 66 25 deraf,
467 1285 33 19 att
522 1283 44 21 han
589 1285 24 19 är
636 1290 63 20 egare
716 1283 31 21 till
764 1282 51 22 eller
830 1282 120 26 delegare
939 1278 15 36 i

188 1317 40 21 den
252 1317 136 22 tillstötande
411 1318 61 20 delen
489 1317 23 22 af
525 1317 136 27 strömfallet,
676 1323 64 21 synes
757 1317 54 21 dock
825 1316 123 27 billigheten

187 1350 75 22 fordra
278 1354 39 24 att,
335 1358 34 15 om
385 1358 78 20 egaren
475 1351 22 21 af
506 1358 42 15 ena
558 1352 104 21 stranden
674 1358 50 20 eger
735 1351 48 21 hela
793 1350 66 27 fallet,
871 1350 77 22 honom

188 1385 129 22 tillkommer
343 1386 110 21 enahanda
482 1388 46 17 rätt
553 1386 31 20 till
611 1386 106 21 damfäste
743 1386 12 20 &
778 1386 40 20 den
845 1386 104 20 motsatta

187 1420 110 21 stranden.
