1048 1631
330 94 29 22 U.
375 94 28 22 B.
419 107 29 3 —
463 94 73 28 Prop.
552 94 46 22 N:o
614 94 13 22 1
783 96 42 20 107

100 158 128 29 sökningen
244 159 95 22 sålunda
350 159 34 22 uti
395 159 175 29 1trågavarande
581 159 124 29 lagförslag
716 159 136 22 inskränkes

100 195 36 21 till
160 195 159 29 nyssantydda
341 195 192 29 förutsättningar
556 195 36 22 för
616 195 44 22 slik
681 199 93 25 vägran,
788 195 68 22 fram-

99 231 77 21 träder
191 231 8 21 i
214 231 149 29 lagförslaget
379 239 28 14 en
417 231 107 22 bestämd
535 231 112 22 afvikelse
658 231 51 22 från
721 231 44 22 den
778 231 77 22 stånd-

100 267 80 28 punkt,
197 267 95 21 hvilken
309 269 56 20 1868
382 269 35 20 års
434 267 136 29 förordning
581 267 89 28 intager
680 267 35 21 till
726 271 127 24 guvernörs

100 302 172 29 pröfningsrätt,
294 303 34 29 ity
343 305 34 20 att
392 303 8 21 i
417 303 74 22 denna
504 303 148 29 förordnings
669 305 27 20 30
713 304 43 21 och
772 305 27 20 31
818 303 35 29 $$,

101 346 50 14 som
166 339 84 21 handla
265 339 86 26 härom,
367 341 71 26 nägra
453 339 194 28 inskränkningar
662 339 35 22 för
713 339 71 29 sagda
795 339 60 29 pröf-

101 374 115 29 ningsrätt
229 375 52 21 icke
297 375 76 21 finnas
389 377 92 19 utsatta.

172 412 14 19 2
202 418 67 14 mom.
288 413 27 19 10
331 411 14 28 8
360 411 127 21 innehåller
503 411 145 28 stadganden
664 411 85 26 derom,
761 413 33 19 att
805 411 47 21 ifall

100 446 41 22 vid
164 447 173 28 handläggning
361 447 23 21 af
402 447 83 21 ärende
506 447 97 21 rörande
624 447 142 21 tillkomsten
783 447 24 21 af
822 454 33 21 ny

101 482 55 21 eller
172 482 133 29 förändring
321 483 24 20 af
359 483 125 21 bestående
500 483 148 28 anläggning,
665 486 120 25 guvernör,
801 490 54 14 vare

102 518 36 28 sig
153 518 8 21 i
177 518 58 29 följd
251 519 24 20 af
289 519 168 28 framställning
473 519 36 20 till
525 519 69 21 hvars
612 519 132 28 afgifvande
757 519 44 21 den
811 526 44 21 syn

101 554 140 21 förrättande
257 554 133 29 ingeniören
406 554 77 21 kunde
499 562 56 14 anse
572 555 36 28 sig
624 555 127 21 föranläten
759 554 96 29 jemlikt

102 592 26 19 21
151 589 37 29 Si
204 589 44 22 den
264 589 134 29 förordning
415 590 119 28 angående
550 590 79 29 lagens
646 597 37 14 om
699 592 156 19 vattenrätten

101 625 155 28 tillämpande,
273 626 92 21 hvartill
381 626 86 28 förslag
482 625 165 22 öfverlemnats
663 626 34 21 till
714 626 140 21 Ständernas

102 661 123 26 utlätande,
243 661 54 22 eller
312 663 30 27 pä
357 669 75 14 annan
447 662 77 28 grund
538 662 78 26 funne,
629 665 32 18 att
672 662 183 28 anläggningens

102 697 113 22 tillkomst
230 697 55 21 eller
300 697 133 29 förändring
449 698 121 28 päkallade
587 698 114 21 ändrande
714 698 23 21 af
747 697 108 22 utfärdad

102 732 210 29 flottningsstadga,
333 735 24 20 sä
373 733 58 22 skall
448 733 38 22 det
502 733 78 29 äligga
595 737 144 25 guvernören
756 736 33 19 att
806 733 49 21 der-

102 776 38 14 om
162 768 95 29 vidtaga
281 769 86 28 åtgärd,
391 769 69 22 äfven
484 777 38 14 om
545 769 19 29 ej
583 769 127 29 ansökning
726 769 74 29 gjorts
818 777 37 13 om

102 804 231 29 flottningsstadgans
349 805 122 21 ändrande.
503 805 42 21 Ett
561 805 81 22 sådant
653 805 125 28 stadgande
790 812 65 14 anser

102 840 120 21 Utskottet
236 840 140 29 följdriktigt
391 841 43 21 och
449 841 42 20 här
506 843 31 26 pä
553 841 37 21 sin
603 841 65 28 plats.
700 841 154 28 Stadgandets

102 875 125 29 aifattning
250 876 76 29 gifver
349 876 111 29 derjemte
483 876 41 22 vid
547 877 99 25 handen,
670 879 32 18 att
719 877 28 20 dä
763 876 91 21 enskild

103 912 109 28 sakegare
235 913 97 20 ansöker
355 920 37 13 om
415 912 98 29 ändring
532 913 8 20 i
556 913 209 28 flottningsstadga,
783 912 72 21 sädan

103 947 129 29 ansökning
248 948 42 21 bör
305 948 24 21 af
343 951 115 26 guvernör
474 948 35 21 till
527 948 140 29 behandling
683 951 119 26 upptagas.

174 983 130 22 Motiverna
323 983 35 22 till
376 986 25 19 11
419 984 20 29 &,
455 984 8 21 i
479 984 97 21 hvilken
591 985 118 21 Utskottet
726 984 19 29 ej
763 984 92 21 föresla-

103 1020 35 27 git
152 1021 77 27 nägon
247 1020 103 28 ändring,
367 1020 64 21 torde
448 1020 90 28 framgä
554 1020 139 21 omedelbart
709 1027 27 14 ur
751 1027 104 21 paragra-

103 1056 51 21 fens
172 1055 150 29 ordalydelse.
441 1079 8 5 N

174 1091 122 22 Likaledes
319 1092 65 21 torde
405 1094 55 19 utan
480 1091 81 22 vidare
577 1091 137 29 motivering
730 1092 55 21 böra
801 1091 54 28 god-

104 1128 87 20 kännas
207 1127 138 29 stadgandet
359 1127 9 22 i
386 1129 25 20 12
428 1127 20 29 8.

175 1163 36 21 De
233 1164 107 26 ärenden,
365 1171 49 14 som
436 1167 134 19 omnämnas
592 1164 8 21 i
622 1167 10 18 1
654 1164 50 28 kap.
726 1166 27 19 21
771 1164 46 27 (22)
834 1163 21 29 &,

103 1199 120 29 angäende
242 1200 160 28 nedläggande
423 1200 24 21 af
464 1200 144 26 vattenverk,
626 1200 43 22 och
691 1202 6 19 3
714 1206 67 15 mom.
799 1201 28 19 24
843 1199 14 29 &

104 1235 125 26 derstädes,
254 1242 37 14 om
313 1235 133 29 beviljande
469 1235 24 21 af
515 1236 104 28 eftergift
640 1238 23 19 ät
683 1243 66 21 egare
771 1235 23 21 af
809 1237 48 19 vat-

104 1270 96 22 tenverk
223 1270 52 22 frän
297 1271 148 29 iakttagande
468 1271 24 21 af
515 1271 149 22 föreskriften
683 1272 8 20 i
709 1271 148 29 paragrafens

106 1309 10 18 1
142 1314 66 14 mom.
236 1307 95 21 rörande
357 1307 127 21 hindrande
512 1307 25 21 af
563 1307 75 22 affalls
664 1307 162 22 inkommande
850 1307 8 21 i

105 1344 85 24 vatten,
214 1342 120 22 äfvensom
359 1342 55 22 dei
437 1345 13 19 8
471 1343 14 28 S
505 1345 13 19 2
540 1344 50 28 kap.
608 1351 37 13 om
668 1343 150 21 meddelande
835 1342 24 22 af

104 1377 104 22 tillständ
231 1378 127 22 tillsvidare
381 1380 34 20 att
430 1378 108 22 bedrifva
561 1378 109 29 flottning
693 1378 8 22 i
720 1378 137 28 vattendrag

180 1419 211 20 Vattenrättsutskottets
403 1420 118 19 betänkande
535 1420 35 19 N:o
582 1421 18 18 1.

889 989 25 19 11
933 986 18 28 8.

889 1096 27 19 12
933 1094 19 28 &.

890 1171 26 19 13
933 1168 20 28 &.
