1048 1631
276 80 85 24 Ständ.
377 80 40 23 Sv.
432 93 27 3 —
476 81 74 28 Prop.
566 80 45 23 N:o
626 81 36 22 15.
837 81 12 21 7

92 152 56 21 eller
174 152 73 29 begär
273 152 45 22 han
347 154 35 20 att
405 151 41 22 der
472 152 73 22 varda
562 152 130 29 muntligen
710 151 65 28 hörd,
794 151 57 22 eller
872 158 3 2 *

92 186 76 22 finner
194 186 117 22 hofrätten
333 186 68 29 eljest
418 188 65 27 parts
501 186 104 23 hörande
623 186 90 29 nödigt,
731 186 119 29 förelägge

93 221 117 22 hofrätten
238 223 107 27 parterne
372 221 48 22 viss
447 221 47 29 dag
512 221 30 22 dä
560 221 154 29 bevisningen
732 221 56 21 eller
805 221 46 22 för-

93 255 67 22 höret
186 255 60 22 skall
269 263 43 21 ega
334 263 58 20 rum,
415 255 42 22 och
478 257 88 20 utsätte
588 255 83 28 tillika,
689 255 60 22 efter
767 255 84 22 sakens

94 290 167 27 beskaffenhet,
288 289 120 30 påföljden
434 290 38 22 för
495 293 54 26 part
567 290 23 22 af
608 290 127 22 förfallolös
753 292 97 20 utevaro

94 324 58 22 eller
168 324 164 22 försummelse.

163 359 86 22 Finner
262 359 117 22 hofrätten
392 359 168 22 vittnesförhör
572 359 56 22 eller
640 367 77 15 annan
727 359 124 28 bevisning

94 393 80 22 kunna
200 393 137 30 lämpligare
364 393 105 29 försiggä
495 394 63 22 inför
584 393 44 22 den
651 393 106 27 domstol,
776 393 76 22 som
837 389 20 38 i

94 428 74 21 saken
187 427 70 29 dömt,
277 428 56 21 eller
351 428 8 21 i
378 427 29 22 de
425 428 48 27 fall,
493 436 49 14 som
560 428 146 22 omförmälas
725 429 8 20 i
751 428 16 22 4
786 429 13 26 $
821 428 28 21 17

95 463 53 28 kap.
175 463 240 28 Rättegängsbalken,
437 462 56 22 eller
516 463 8 22 i
542 463 124 28 tvistemäl,
684 463 42 21 der
743 465 108 26 parterne

94 497 80 22 härom
193 499 72 26 enats,
283 497 62 22 inför
368 505 78 14 annan
464 497 128 28 underrätt,
611 497 126 22 bestämme
755 497 30 22 dä
804 497 47 22 viss

95 531 41 28 tid,
164 532 63 22 inom
253 531 96 22 hvilken
377 534 82 27 parten
487 532 43 22 bör
556 532 37 21 till
614 532 117 22 hofrätten
749 532 103 21 inlemna

95 566 118 29 protokoll
239 566 64 22 öfver
329 566 46 21 den
402 566 129 29 åberopade
549 567 160 28 bevisningen.
745 566 106 22 Försum-

95 608 49 14 mas
162 600 77 23 denna
257 601 34 22 tid
309 603 58 20 utan
386 601 54 28 laga
459 601 83 28 förfall,
561 601 79 28 afgöre
652 601 118 22 hofrätten
782 600 71 23 mälet

95 635 31 28 pä
144 635 28 21 de
190 635 58 28 skäl,
267 643 48 14 som
333 635 64 22 förut
414 635 121 22 företedda
554 639 45 18 äro.

445 727 53 27 98.

163 789 164 22 Förekommer
353 789 9 22 i
387 789 118 28 brottmål,
532 797 49 14 som
608 797 82 22 genom
713 790 84 22 besvär
815 789 36 22 till

95 823 118 22 hofrätten
231 824 130 27 inkommit,
381 824 132 29 synnerligt
531 824 51 22 skäl
600 827 34 19 att
653 825 64 22 öfver
734 825 79 28 nägon
829 824 24 21 af

95 860 53 27 part
166 858 83 22 anförd
267 858 176 29 omständighet
461 858 57 23 höra
538 867 77 14 annan
633 861 58 27 part,
709 858 72 23 varde
793 858 59 22 hans

94 892 111 29 yttrande
223 893 8 21 i
249 893 138 29 embetsväg
404 893 137 22 infordradt.

436 985 30 21 10
487 985 20 26 8.

165 1053 167 29 Stadgandena
350 1054 9 21 i
377 1053 78 23 denna
473 1053 137 29 förordning
622 1054 63 29 gälla
699 1054 52 21 icke
764 1053 89 22 sädana

95 1087 250 29 brandstodsärenden,
365 1095 48 15 som
432 1088 59 22 afses
511 1089 8 21 i
537 1088 165 29 förordningen
720 1089 23 22 af
762 1088 45 22 den
821 1088 30 21 26

96 1121 103 22 Oktober
220 1123 71 21 1743.
318 1123 28 29 Ej
367 1122 72 23 heller
456 1123 38 21 mä
506 1123 205 29 bestämningarna
723 1123 8 21 i
744 1123 23 28 4,
781 1123 14 21 5
810 1122 43 23 och

95 1156 15 21 6
129 1157 28 26 $$
176 1156 117 30 tillämpas
312 1158 13 21 å
343 1158 116 27 brottmål,
478 1165 50 14 som
544 1158 60 28 angä
619 1158 55 28 rysk
690 1158 94 28 militär,
797 1157 57 22 eller

95 1191 15 21 &
127 1190 98 23 tullmål.
255 1192 12 21 I
285 1192 66 22 dessa
369 1192 43 22 fall
429 1192 93 22 komma
540 1192 79 22 derom
636 1192 63 22 förut
716 1191 137 23 meddelade

95 1224 116 24 särskilda
238 1226 145 22 föreskrifter
411 1228 36 20 att
473 1226 143 23 fortfarande
640 1226 70 22 lända
730 1226 38 22 till
785 1226 69 22 efter-

94 1259 102 23 rättelse.

164 1294 70 23 Hvad
257 1295 9 22 i
287 1296 14 20 2
325 1295 44 22 och
391 1296 14 21 3
425 1296 28 26 $$
471 1295 103 29 stadgas,
592 1296 38 22 mä
647 1296 51 22 icke
716 1295 74 23 heller
807 1295 48 22 till-

95 1328 89 29 lämpas
202 1330 9 21 i
229 1329 40 22 det
287 1330 48 28 fall,
353 1337 50 15 som
421 1334 96 18 nämnes
536 1330 9 22 i
564 1331 32 21 30
614 1331 14 26 8
646 1330 24 22 af
686 1330 168 28 förordningen

96 1362 45 23 den
170 1364 30 21 19
227 1364 128 22 December
378 1364 64 22 1889
471 1372 38 15 om
532 1364 122 23 införande
677 1365 23 22 af
717 1372 33 22 ny
768 1364 87 22 allmän

94 1397 107 30 strafflag
218 1399 36 21 för
273 1398 226 23 Storfurstendömet
516 1399 109 23 Finland.
