1048 1631
338 86 27 22 U.
380 86 27 22 B.
424 99 29 3 —
468 86 76 29 Prop.
560 86 45 23 N:o
621 88 13 21 1
790 90 43 19 103

108 160 38 14 om
163 152 169 29 expropriation
348 152 24 21 af
387 152 46 21 fast
449 152 115 29 egendom
579 152 37 21 för
631 152 94 22 allmänt
741 152 70 22 behof
826 154 38 27 pä-

108 188 84 29 bjuder
202 195 36 14 om
249 187 141 22 tillsättande
401 188 24 21 af
435 188 87 21 nämnd
532 188 36 21 för
575 188 122 29 värdering
709 188 24 21 af
743 188 120 29 egendom,

108 231 50 14 som
174 231 84 21 genom
274 223 44 22 slik
334 223 171 29 expropriation
521 224 58 21 skall
594 224 106 21 afträdas.

168 259 89 22 Härvid
278 263 24 18 är
324 262 33 19 att
377 260 79 21 märka
477 262 34 19 att
526 259 51 22 icke
593 260 45 21 alla
654 260 27 21 de
697 260 48 26 fall,
762 267 49 14 som
827 260 37 21 be-

108 299 62 18 röras
186 295 8 21 i
212 298 10 19 1
240 303 67 14 mom.
325 297 12 20 8
353 295 21 29 &,
392 295 73 28 enligt
480 303 88 14 samma
584 296 116 28 paragrafs
724 298 6 19 2
747 303 67 14 mom.
832 295 32 22 bli

108 331 96 22 föremäl
227 331 36 21 för
286 331 167 28 uppskattning
476 331 24 21 af
523 331 41 21 der
586 331 154 22 föreskrifven
756 331 108 22 förstärkt

110 367 149 28 synenämnd.
290 366 81 29 Enligt
387 369 11 18 1
417 374 68 14 mom.
503 367 58 21 skall
582 367 116 28 nämligen
717 367 40 21 vid
773 374 44 21 syn
833 367 31 20 äf-

108 411 46 14 ven
170 403 45 21 den
231 403 126 28 ersättning
373 403 146 26 bestämmas,
536 411 50 13 som
596 403 177 28 ifrägakommer
783 403 8 21 i
802 407 62 17 ären-

110 439 45 21 den
170 439 24 21 af
210 439 51 21 dei
279 441 10 19 1
307 446 67 14 mom.
392 441 13 18 3
421 439 14 28 &
452 441 12 18 2
481 439 53 28 kap.
552 441 59 19 samt
627 441 12 19 6
656 439 14 28 8
685 439 43 21 och
751 441 6 19 2
770 446 67 14 mom.
851 441 11 18 7

109 475 15 28 8
140 477 14 19 4
169 475 51 28 kap.
237 475 96 21 berörda
352 475 56 28 slag,
425 475 84 20 medan
526 475 85 21 sädana
626 475 100 21 ärenden
741 475 8 21 i
767 477 10 19 1
795 482 68 14 mom.

111 513 10 18 7
140 510 14 29 8
170 513 13 18 6
205 510 51 29 kap.
273 509 50 22 icke
346 513 96 18 nämnas
465 510 72 21 bland
561 510 59 26 dem,
636 510 8 21 i
660 510 79 21 hvilka
755 511 108 28 sakegare

109 547 42 21 bör
174 546 146 29 personligen
343 545 24 22 få
391 545 37 22 del
451 546 24 21 af
498 546 164 28 föreläggande
677 547 44 20 och
737 546 126 29 utlysning,

110 583 43 20 och
175 582 67 21 dessa
262 582 100 21 ärenden
378 581 88 22 säledes
483 581 20 29 ej
522 581 72 22 heller
608 581 91 29 jemlikt
722 584 6 19 2
745 589 68 14 mom.
830 581 34 22 uti

109 626 31 13 nu
162 618 173 28 ifrägavarande
351 620 13 19 8
381 617 14 29 &
411 617 35 22 för
462 617 168 29 uppskattning
646 617 24 22 af
685 618 126 28 ersättning
827 619 37 27 pä-

110 653 62 22 kalla
186 653 140 22 tillsättande
343 653 23 21 af
377 653 40 21 der
428 653 156 22 föreskrifven
594 653 108 22 förstärkt
713 653 149 29 synenämnd.

109 689 81 22 Skälet
212 689 76 21 härtill
311 693 31 22 är,
359 691 33 19 att
408 689 28 21 de
453 689 159 28 ersättningar,
629 689 79 22 hvilka
723 689 92 22 komme
831 691 34 20 att

110 727 56 26 utgå
186 724 72 29 enligt
281 727 4 18 1
303 732 67 14 mom.
388 727 13 18 3
417 725 14 28 &
448 727 13 18 2
477 725 53 28 kap.
548 725 42 21 och
607 725 94 21 hänföra
718 725 35 28 sig
769 725 35 21 till
820 729 44 17 sär-

110 760 75 22 skilda
205 761 108 21 anstalter
327 761 37 21 för
379 760 122 29 flottnings
517 761 182 28 möjliggörande
716 761 43 21 och
774 760 90 22 beford-

109 797 77 25 rande,
211 797 28 20 de
263 796 73 28 enligt
359 799 13 18 6
396 796 14 29 &
427 798 14 19 4
456 796 52 29 kap.
526 796 41 22 vid
582 797 148 28 vattendrags
747 796 117 21 sänkande

109 832 37 21 för
166 832 70 25 mark,
259 832 72 21 skada
351 832 42 21 och
410 832 123 28 olägenhet
548 831 8 22 i
572 831 58 29 följd
646 832 24 21 af
685 832 65 21 dikes
766 832 98 21 ledande

110 868 65 22 öfver
194 875 86 14 annans
300 875 54 21 egor
369 868 116 28 utgäende
501 868 183 28 ersättningarna
699 868 120 21 äfvensom
836 867 28 22 de

109 911 50 14 som
176 903 73 22 skulle
265 905 56 27 utgå
337 903 72 29 enligt
434 906 3 19 2
455 911 67 14 mom.
537 906 11 19 7
560 904 14 29 $
586 911 86 14 samma
683 904 51 28 kap.
747 903 35 22 för
793 903 72 22 skada

109 940 45 21 och
170 939 121 29 olägenhet
305 939 134 29 uppkomna
453 947 85 20 genom
555 939 87 22 arbetet
659 939 38 22 vid
709 939 155 28 sänkningens

110 975 127 26 utförande,
254 975 132 22 förutsättas
402 983 55 14 vara
473 975 24 21 af
504 975 90 21 mindre
605 975 150 28 betydenhet;
770 975 43 22 och
824 975 41 21 har

110 1011 67 22 alltsä
192 1011 196 29 uppskattningen
404 1011 23 22 af
441 1011 67 22 dessa
520 1011 152 28 ersättningar
682 1013 86 20 ansetts
779 1011 84 26 kunna,

110 1049 56 19 utan
189 1049 33 19 att
244 1049 71 26 nägot
338 1054 53 14 men
409 1054 55 14 vore
481 1049 34 19 att
531 1047 65 21 deraf
611 1047 83 26 befara,
711 1047 153 22 öfverlemnas

110 1083 35 20 till
166 1082 169 22 verkställande
356 1085 90 19 ensamt
461 1083 24 20 af
501 1082 194 29 syneförrättaren
708 1082 72 29 jemte
797 1082 28 21 de
842 1082 23 21 af

110 1119 85 21 honom
211 1118 126 22 tillkallade
352 1118 60 29 gode
428 1121 106 18 männen.

182 1154 79 22 Skulle
285 1154 39 22 det
347 1156 48 20 åter
417 1154 115 26 befinnas,
556 1157 34 19 att
613 1155 45 21 den
677 1154 8 21 i
707 1157 13 19 8
736 1154 14 29 8
773 1157 5 18 1
796 1161 67 14 mom.

110 1190 100 22 nämnda
231 1190 156 29 ersättningen
407 1190 55 22 eller
482 1192 78 26 nägon
576 1190 37 22 del
630 1190 63 22 deraf
708 1190 51 22 icke
775 1190 46 21 kan
836 1192 29 26 pä

111 1226 97 22 förhand
231 1226 118 26 beräkmas,
371 1227 92 21 komme
486 1226 156 29 värderingen
662 1226 23 21 af
700 1226 72 22 sädan
787 1228 78 19 ersätt-

110 1262 56 28 ning
190 1264 33 19 att
245 1262 40 22 vid
309 1270 74 20 synen
405 1262 109 21 bortfalla
538 1262 42 21 och
597 1262 57 28 egde
670 1261 130 29 respektive
817 1262 48 21 sak-

110 1305 74 21 egare,
210 1298 75 21 derest
308 1298 28 21 de
359 1298 52 21 icke
434 1298 78 21 kunde
538 1305 37 14 om
598 1298 143 21 densammas
757 1297 109 29 belopp
850 1293 20 38 i

110 1333 60 28 godo
198 1333 35 29 sig
255 1333 86 26 förena,
366 1334 79 21 derom
467 1333 42 22 vid
534 1333 99 22 domstol
657 1332 109 22 särskildt
788 1332 75 22 tvista.

111 1369 149 22 Erfordrades
284 1376 44 22 syn
351 1369 36 21 för
409 1369 175 21 bestämmande
608 1369 23 21 af
646 1368 64 29 dylik
727 1368 138 28 ersättnings

185 1411 213 19 Vattenrättsutskottets
411 1411 118 19 betänkande
542 1411 38 19 N:o
592 1411 15 19 1.
