1048 1631
461 106 40 22 N:o
520 109 16 19 1.
822 108 27 20 43

119 182 51 21 gen;
190 176 38 21 och
244 182 38 21 ege
298 176 79 27 jemväl
393 175 106 22 hvardera
515 177 126 25 sakegaren,
659 182 32 15 om
707 177 71 26 någon
796 176 22 21 af
832 176 47 21 dem

119 211 37 20 det
172 211 70 26 äskar,
259 212 48 19 utse
323 217 25 14 en
364 210 185 27 värderingsman.

192 244 181 27 Värderingsman
397 245 40 20 bör
460 251 53 15 vara
533 244 78 28 ojäfvig
627 245 39 21 och
681 245 64 21 hafva
761 245 66 27 aflagt
843 245 36 21 do-

119 279 93 21 mareed.

479 308 47 27 98.

190 348 67 21 Göres
277 348 23 21 af
313 350 128 25 rättsegare,
458 349 27 20 dä
501 349 99 21 tillständ
616 349 32 20 till
664 349 130 26 anläggning
810 349 69 25 sökes,

120 383 67 21 sådan
204 383 142 26 anmärkning
361 384 45 20 mot
421 383 125 21 sökandens
561 384 46 20 rätt
622 383 33 21 till
666 383 215 27 anläggningsstället

120 417 51 21 eller
186 418 96 20 vattnets
298 417 113 27 nyttjande
427 417 51 21 eller
494 417 62 28 eljest
572 423 33 16 om
621 417 117 26 företagets
753 417 127 27 förenlighet

120 452 48 21 med
192 452 39 21 den
259 451 68 22 förres
350 453 51 25 rätt,
419 453 33 20 att
467 452 77 27 frägan
562 452 73 21 derom
650 452 39 21 bör
704 451 33 22 för
753 452 74 27 tvistig
843 458 38 15 an-

120 492 40 21 ses,
184 487 65 21 varde
272 487 110 21 sökanden
403 487 90 21 anvisad
510 488 34 19 att
560 487 111 26 angäende
685 487 68 21 sädan
768 486 62 27 fräga
845 493 35 20 ge-

121 527 49 15 nom
186 521 109 27 stämning
311 521 12 21 &
338 521 78 21 honom
432 521 56 21 först
503 521 93 22 utverka
611 523 84 20 rättens
711 521 122 28 afgörande.

191 555 75 22 Säsom
286 555 107 22 tvistemäl
414 561 63 16 anses
494 556 39 21 ock
549 556 115 27 stridighet
679 556 89 21 emellan
785 555 96 22 enskilde

122 596 34 15 om
171 590 151 27 kungsädrans
338 591 59 20 rätta
412 590 49 27 läge
477 590 51 21 eller
544 597 34 14 om
594 590 103 21 särskildt
711 590 108 21 förunnad
834 591 47 20 rätt

120 625 34 20 att
170 626 77 25 stänga
263 624 50 22 eller
328 625 119 20 inskränka
463 625 131 21 densamma.

476 689 25 20 10
517 690 18 25 $.

189 728 46 21 Har
258 728 78 21 ansökt
359 729 131 26 anläggning
514 729 46 21 icke
576 729 111 26 motsagts,
705 728 50 21 eller
771 729 24 20 är
810 727 72 28 gjordt

117 762 35 27 jäf
173 762 144 26 underkändt,
341 762 38 21 och
402 762 69 22 finnes
494 763 78 21 hinder
588 763 46 20 icke
648 762 66 22 heller
729 764 58 19 möta
803 763 6 20 i
825 762 56 21 hvad

125 798 9 20 1
151 797 93 27 kapitlet
266 797 117 22 innehåller
402 803 34 15 om
453 797 132 27 kungsädra,
601 797 66 21 varde
683 797 146 27 ansökningen
845 797 36 21 be-

122 831 70 28 viljad.

190 865 101 22 Päkallar
307 866 131 21 tillkomsten
455 866 22 21 af
492 872 27 21 ny
536 866 51 21 eller
597 865 126 28 förändring
734 865 22 22 af
765 865 117 22 bestäende

122 900 130 27 anläggning
275 900 203 27 flottningsstadgas
503 901 117 26 ändrande,
644 900 85 27 vidtage
748 901 134 26 guvernören

123 935 77 26 åtgärd
215 935 7 20 i
237 935 79 21 sådant
338 934 106 27 afseende,
469 935 58 21 ändå
550 936 33 20 att
607 935 120 26 ansökning
746 935 72 20 derom
836 935 46 20 icke

120 971 70 25 göres.

476 999 24 20 11
518 998 18 27 8.

189 1038 134 27 Ersättning,
340 1045 44 14 som
401 1039 6 20 i
423 1039 12 20 8
452 1039 11 26 $
479 1040 79 24 nämts,
582 1038 55 21 skall
653 1039 6 20 i
675 1038 94 27 utslaget
788 1037 33 22 till
844 1037 36 22 be-

124 1073 75 26 loppet
214 1073 125 21 fastställas.

192 1107 46 21 Har
254 1107 70 27 någon
341 1107 83 22 fordrat
439 1107 68 27 högre
521 1107 78 27 belopp
612 1107 51 21 eller
674 1107 63 21 äskat
747 1106 136 27 godtgörelse

122 1140 34 22 för
170 1140 85 28 förlust,
272 1141 68 22 skada
351 1141 50 23 eller
413 1141 122 28 olägenhet,
546 1148 46 15 som
603 1141 46 22 icke
660 1142 83 20 kunnat
753 1141 28 27 på
791 1141 92 21 törhand

122 1175 113 27 beräknas,
261 1176 50 21 eller
333 1176 40 21 har
389 1176 231 27 ersättningsanspråk
635 1176 125 26 framstälts,
776 1181 45 15 som
837 1176 46 20 icke

122 1210 35 20 vid
173 1216 65 21 synen
255 1210 98 27 anmälts,
370 1211 43 21 kan
430 1210 108 22 ställande
554 1210 22 22 af
590 1210 99 22 säkerhet
705 1210 71 21 derför
787 1209 32 21 till
830 1210 53 21 visst

124 1244 78 27 belopp
219 1244 143 22 föreskrifvas.

478 1275 25 19 12
519 1274 19 27 &.

192 1313 92 28 Beviljas
303 1313 98 22 tillständ
420 1314 32 20 till
468 1314 142 26 sjösänkning
626 1313 50 21 eller
692 1312 170 27 strömrensning
877 1312 7 21 i

123 1347 44 27 fall,
183 1347 88 22 hvarom
287 1348 7 20 i
310 1349 12 19 4
338 1348 49 26 kap.
405 1349 12 19 3
431 1348 11 27 &
459 1348 52 21 eller
530 1349 23 19 17
566 1348 11 27 8
590 1348 68 20 andra
673 1353 62 15 mom.
752 1348 66 25 sagts,
829 1346 55 21 skal!

119 1382 94 27 utslaget
228 1382 145 22 underställas
383 1382 304 27 Ekonomiedepartementets
698 1382 6 20 i
715 1381 93 21 Senaten
819 1380 58 28 pröf-

124 1422 56 21 ning.
