1048 1631
437 109 41 21 N:o
497 112 16 19 1.
799 112 25 20 61

446 180 25 19 17
489 179 17 27 $.

163 218 75 27 Karta,
262 225 45 14 som
327 219 6 20 i
356 220 31 25 11,
410 220 25 20 12
451 219 40 21 och
509 221 25 19 13
551 219 25 28 $$
593 221 78 25 nämts,
687 219 55 22 skall
757 221 98 26 upptaga

95 253 40 21 den
158 253 67 21 sanka
247 253 62 21 mark
327 253 51 21 eller
394 253 36 22 det
445 253 138 28 vattendrag,
600 259 45 16 som
661 255 24 20 är
700 254 7 21 i
722 254 67 27 fräga,
806 254 49 21 dess

95 287 71 28 aflopp
181 287 56 22 intill
252 289 109 20 närmaste
377 289 70 20 större
463 288 138 27 vattendrag,
617 288 117 22 hvarderas
745 290 110 20 närmaste

96 321 147 28 omgifningar,
260 323 79 20 räerna
353 322 78 21 mellan
448 323 27 20 de
490 323 71 21 skilda
576 323 163 27 lägenheternas
751 323 103 21 områden

95 358 62 25 samt,
173 357 7 20 i
195 356 61 27 fräga
273 363 33 14 om
322 357 179 27 strömrensning,
519 357 26 21 de
561 357 183 26 omständigheter
759 357 7 21 i
782 357 71 27 öfrigt,

94 391 235 27 förrättningsmannen
352 397 64 15 anser
439 391 82 28 nödigt.
553 391 72 22 Sädan
643 391 64 22 karta
722 391 39 22 bör
776 392 30 26 pä
820 393 35 20 sö-

94 425 97 22 kandens
213 425 144 22 föranstaltan
380 427 118 26 upprättas
517 432 79 21 genom
616 426 121 27 sakkunnig
752 425 103 27 person
840 421 18 36 i

95 460 61 21 skala
171 459 23 22 af
209 461 130 20 1:2000—1
350 467 4 14 :
364 461 56 20 8000
437 460 58 28 eller,
511 461 29 21 dä
550 461 172 27 strömrensning
733 462 24 20 är
768 461 7 20 i
785 460 68 27 fråga,

97 495 130 21 1:8000—1
239 502 5 14 :
253 495 70 21 20000
346 495 57 26 eller,
424 495 33 21 för
477 497 72 20 större
564 495 141 27 vattendrags
721 496 133 21 vattensam-

95 529 149 27 lingsomräde,
263 530 124 21 1:400000.

373 627 74 16 III
472 629 106 18 kap.

425 673 35 22 Om
477 679 44 22 syn.

446 725 25 20 18
489 725 18 28 8.

163 764 49 27 Syn,
228 765 88 21 hvarom
324 765 7 20 i
339 765 62 27 lagen
411 771 34 15 om
453 766 151 20 vattenrätten
616 767 94 23 nämnes,
721 763 82 28 utlyses
815 763 39 21 och

95 799 125 21 verkställes
236 800 70 21 säsom
321 799 7 21 i
344 801 12 20 6
372 799 50 27 kap.
439 799 23 22 af
474 799 68 27 sagde
556 799 35 27 lag
605 799 136 21 föreskrifves
755 797 40 22 och
806 797 48 22 med

94 834 141 27 iakttagande
251 833 22 22 af
286 834 56 21 hvad
358 834 39 21 här
412 834 73 21 nedan
501 841 34 14 om
551 834 73 27 hvarje
640 833 45 27 slag
701 833 22 21 af
732 833 68 21 sådan
811 831 43 22 för-

94 868 98 27 rättning
207 868 102 21 särskildt
325 870 55 25 sägs.

445 899 25 20 19
488 897 17 27 $.

163 937 115 27 Utlysning
301 937 22 21 af
343 943 39 21 syn
405 937 40 22 bör
469 938 87 27 angifva
576 937 121 22 ändamälet
716 936 49 21 med
780 941 73 21 synen,

95 973 68 24 orten,
187 971 91 27 hvarest,
299 972 38 21 och
356 972 67 26 tiden,
440 972 27 21 dä
484 972 125 21 densamma
625 971 53 22 skall
693 970 95 27 försiggä
803 969 52 22 eller

94 1005 93 28 vidtaga,
204 1008 61 24 samt,
282 1007 37 20 der
333 1007 147 27 sjösänkning,
493 1006 172 27 strömrensning
675 1006 51 21 eller
736 1004 119 27 invallning

95 1041 24 20 är
133 1040 7 21 i
155 1039 67 28 fråga,
239 1040 116 27 företagets
370 1040 150 22 beskaftenhet
536 1041 39 21 och
591 1040 134 27 omfattning.

162 1074 143 27 Utlysningen
321 1075 54 21 skall
391 1075 66 21 skildt
474 1075 104 27 delgifvas
594 1074 165 27 forststyrelsen,
771 1072 83 22 fiskeri-

94 1108 145 27 inspektören,
262 1109 211 22 kronolänsmannen
491 1110 6 21 i
514 1111 62 20 orten
596 1109 39 22 och
655 1108 101 22 särskildt
775 1108 79 20 krono-

94 1142 51 22 eller
158 1143 210 27 konsistoriiombud,
381 1150 33 15 om
425 1143 66 23 hvars
503 1144 105 22 utseende
618 1143 235 27 förrättningsmannen

94 1177 84 21 erhällit
195 1178 164 22 underrättelse.

161 1212 149 28 Delgifningen
334 1219 62 15 anses
419 1213 120 27 verkstäld,
564 1220 34 14 om
620 1212 149 22 meddelandet
785 1211 69 21 under

94 1248 147 25 mottagarens
257 1247 74 21 adress
346 1248 116 21 inlemnats
479 1248 14 21 &
508 1247 134 28 postanstalt
656 1248 7 20 i
679 1248 23 20 sä
717 1246 42 28 god
770 1246 38 26 tid,
821 1247 33 19 att

94 1281 118 21 detsamma
234 1281 49 22 bort
305 1283 86 20 komma
413 1282 81 21 honom
518 1283 66 21 minst
604 1288 26 15 en
646 1282 64 21 vecka
725 1281 46 21 före
786 1286 66 21 synen

94 1315 111 21 tillhanda.

444 1346 27 20 20
489 1346 18 26 8.

163 1384 43 26 Syn
221 1385 6 20 i
244 1385 114 27 anledning
381 1385 23 21 af
425 1386 101 21 ansökan
546 1392 34 15 om
600 1385 97 21 tillständ
713 1386 33 20 att
762 1383 92 28 anlägga

92 1418 128 21 vattenverk
235 1419 54 21 skall
305 1420 24 20 sä
343 1419 91 27 utföras,
451 1421 34 20 att
501 1419 298 28 förrättningsinstrumentet
809 1418 45 22 vid-
