1048 1631
188 116 13 22 2
392 115 27 24 U.
434 115 26 24 B.
475 130 28 2 —
519 117 72 29 Prop.
607 118 43 22 N:o
666 114 19 26 3.

161 186 105 28 mulering
281 186 23 21 af
319 186 70 21 denna
405 187 18 26 8,
439 186 82 22 hvilket
536 186 82 29 förslag
632 186 33 21 till
680 185 67 30 syftet
761 186 77 29 jemväl
849 186 72 22 öfver-

161 222 140 19 ensstämmer
324 221 48 20 med
396 221 41 20 den
461 221 81 28 lydelse
565 229 79 13 samma
668 221 11 28 &
703 221 38 21 har
762 222 5 19 i
785 220 41 21 den
843 221 77 28 nådiga

161 255 168 28 propositionen,
344 255 34 21 får
393 255 114 22 Utskottet
523 255 109 22 vördsamt
647 255 120 22 hemställa:

437 320 34 19 att
485 318 67 28 äfven
563 318 156 28 Ridderskapet
731 318 39 21 och
781 318 70 21 Adeln
862 318 57 27 ville,

369 353 50 21 med
432 353 136 27 frängäende
583 353 29 27 af
622 353 39 21 sitt
672 353 9 20 i
691 353 66 21 saken
773 353 93 27 tidigare
876 353 45 28 fat-

369 387 48 21 tade
443 387 74 28 beslut,
538 387 118 27 godkänna
678 387 173 28 ifrågavarande
873 388 15 20 3
906 388 15 27 $

369 421 69 28 enligt
458 421 115 22 Utskottets
588 422 89 27 förslag.

230 559 12 21 I
268 559 99 21 ärendets
395 559 160 28 handläggning
580 559 64 22 hafva
668 559 90 28 deltagit
776 559 144 22 ordföranden

161 593 100 21 Friherre
283 594 26 21 R.
332 595 27 20 A.
383 593 84 26 Wrede,
489 594 144 21 ledamöterne
654 593 121 29 Stjernvall,
791 594 24 21 B.
830 594 19 21 J.
867 593 54 22 Gro-

161 628 84 27 tenfelt,
261 627 168 29 Schwartzberg,
444 628 29 21 H.
489 628 24 21 E.
530 627 138 28 Schroderus,
685 628 114 26 Stenbäck,
814 628 107 27 Hellman,

162 662 56 28 Aug.
240 662 101 26 Jusölius,
364 662 95 27 Kumlin,
482 662 119 28 Stigzelius,
620 655 106 35 Åkesson,
742 663 107 26 Hollm&n,
864 663 57 20 Ten-

162 696 83 21 sikkala
262 696 41 22 och
318 697 87 28 Torppa
421 699 56 18 samt
491 697 164 28 suppleanterne
666 697 20 21 J.
697 705 42 13 von
750 697 118 20 Haartman
880 697 40 21 och

160 730 109 22 Punttala.

234 782 20 9 L
290 783 4 4 PT
340 790 29 3 SINN.
404 790 22 3 199
491 790 55 5 Mars

231 782 140 29 Helsingfors
387 782 41 22 den
446 784 26 20 13
488 783 58 20 Mars
564 783 60 21 1900.

271 1447 130 23 Helsingfors
416 1448 49 17 1900.
489 1447 130 23 Helsingfors
627 1433 184 41 "Centraltryckeri.
