1048 1631
177 115 14 20 4
411 115 26 23 U.
453 116 26 22 B.
495 129 27 3 —
538 116 72 28 Prop.
625 117 43 22 N:o
684 116 31 22 11.

178 183 113 22 Utskottet
307 191 25 14 ur
347 183 152 24 motsvarande
514 187 96 20 moment
625 185 7 22 i
648 185 40 22 den
702 185 70 22 finska
781 187 72 20 texten
865 185 70 22 såsom

177 217 120 28 obehöfliga
313 219 99 21 uteslutit
426 220 67 21 orden
511 227 111 14 »summan
638 220 64 21 tahi».

245 252 180 27 Propositionens
447 253 81 28 förslag
546 254 31 21 till
593 255 11 20 7
621 254 11 28 $
649 255 25 20 11
691 254 48 27 kap.
754 254 25 21 R.
795 254 24 21 B.
835 253 79 22 afviker
929 254 7 20 i

176 287 25 20 sä
216 287 67 21 mätto
298 287 46 22 frän
362 288 40 21 den
418 287 23 22 af
460 288 53 21 1897
530 289 35 20 ärs
582 288 90 22 Ständer
687 288 33 21 för
736 289 67 26 sagda
817 288 12 28 $
844 289 92 26 antagna

176 321 87 27 lydelse,
279 323 32 20 att
333 322 36 21 det
386 321 23 22 af
423 322 120 22 Ständerna
558 323 98 21 använda
671 323 110 27 uttrycket
797 323 136 26 »utländing»

177 355 82 28 utbytts
284 358 59 19 emot
367 356 144 22 »främmande
534 359 54 20 stats
607 357 128 22 undersäte»
753 357 74 27 (mom.
839 357 14 21 5
869 356 67 27 enligt

176 391 178 26 propositionen),
369 391 93 22 hvarhos
481 392 6 20 i
503 391 31 28 &n
550 391 77 22 införts
643 394 33 19 tre
691 398 42 20 nya
748 393 96 19 moment
858 391 23 21 af
894 391 41 21 den

176 424 81 27 lydelse
280 431 64 15 mom.
367 425 19 25 3,
409 425 13 21 6
438 425 39 22 och
493 426 11 21 7
521 425 22 22 af
556 425 162 28 ifrågavarande
733 425 12 28 $
760 426 32 21 uti
807 425 127 27 propositio-

176 464 41 15 nen
233 457 34 22 för
282 459 133 21 närvarande
430 466 45 20 ega.

245 493 77 21 Ehuru
344 493 83 22 säledes
451 495 4 20 2
472 501 62 14 mom.
558 494 22 21 af
600 494 128 21 nästnämda
743 494 11 27 &
770 493 164 22 öfverensstäm-

176 533 46 14 mer
245 527 50 21 med
319 527 130 22 Ständernas
471 529 35 20 vid
526 529 52 20 1897
595 529 35 20 års
645 528 103 27 landtdag
763 528 90 21 rörande
869 527 66 27 sagda

176 564 96 19 moment
292 561 81 22 fattade
396 563 77 25 beslut,
489 563 39 22 har
549 564 113 21 Utskottet
680 563 54 22 dock
749 565 71 19 ansett
835 563 33 26 sig
883 563 52 21 böra

176 596 131 22 beträffande
335 597 41 21 den
403 598 7 21 i
437 598 91 21 berörda
550 600 96 19 moment
667 598 106 27 ingäende
799 597 134 22 föreskriften

175 631 92 21 rörande
290 632 119 27 stämnings
429 632 139 27 kungörande
584 639 77 20 genom
677 632 108 21 allmänna
800 632 135 26 tidningarna

175 665 80 21 föreslä
277 672 26 15 en
326 666 96 27 ändring.
451 667 50 20 Med
521 667 144 26 kungörelsen
681 666 57 21 afses
754 667 31 20 att
801 666 64 21 vinna
879 667 54 20 stör-

158 673 52 82 [5
236 699 87 28 möjliga
351 701 83 26 garanti
460 700 33 21 för
520 703 32 19 att
577 701 135 26 stämningen
739 699 108 27 verkligen
875 699 58 22 kom-

176 740 46 15 mer
244 734 32 21 till
299 734 40 21 den
360 741 91 20 persons
472 731 126 29 kännedom,
614 741 47 15 som
677 734 54 21 skall
747 736 108 19 stämmas.
884 734 49 21 Men

175 767 33 20 för
229 768 76 27 antydt
327 768 98 21 ändamäl
448 769 41 20 kan
512 769 36 21 det
568 769 107 25 knappast
697 774 64 15 anses
776 774 51 15 vara
842 767 91 28 tillfylles

176 803 31 20 att
228 802 145 27 kungörelsen
396 802 80 21 införes
496 803 7 20 i
523 803 71 20 hvilka
616 808 99 15 nummer
735 801 23 22 af
773 801 107 22 allmänna
895 802 39 21 tid-

175 836 105 27 ningarna
303 843 46 14 som
372 836 62 26 helst,
450 839 51 18 enär
519 837 49 20 med
587 843 26 14 en
629 837 66 20 sädan
711 836 121 27 anordning
847 837 30 20 ett
892 835 41 22 för-

175 870 102 21 biseende
298 870 23 21 af
337 871 145 26 kungörelsen
498 871 82 26 mycket
595 871 39 20 lätt
649 871 42 20 kan
707 877 40 20 ega
763 877 53 14 rum.
846 871 42 20 För
903 872 32 19 att

176 904 70 21 sävidt
268 905 84 26 möjligt
374 904 116 27 förebygga
512 905 59 20 detta
593 905 39 20 har
652 904 119 26 Utskottet,
786 904 49 21 med
853 904 80 21 anslut-

176 939 51 26 ning
249 939 32 21 till
304 939 55 21 hvad
383 939 21 21 af
418 939 189 27 Lagberedningen
622 939 109 21 förordats
748 939 31 20 uti
794 939 105 21 särskilda
913 938 23 21 af

175 973 125 21 densamma
315 973 68 21 under
399 979 76 15 senare
491 973 30 22 tid
537 973 125 21 utarbetade
672 973 122 26 lagförslag,
805 973 128 26 exempelvis

175 1013 35 16 om
225 1007 134 22 försvunnen
375 1014 91 20 persons
481 1007 135 22 förklarande
631 1007 33 22 för
680 1007 43 21 död
738 1007 39 21 och
791 1013 34 15 om
837 1007 96 21 dödande

174 1041 24 22 af
211 1042 115 25 urkunder,
341 1044 72 19 ansett
428 1042 33 27 sig
477 1043 51 20 böra
544 1042 78 21 föreslä
634 1044 32 19 att
676 1041 141 27 kungörelser
827 1041 23 21 af
858 1041 75 27 ifräga-

175 1076 93 21 varande
291 1076 47 27 slag
361 1076 139 27 ovilkorligen
523 1076 66 21 borde
612 1083 26 14 en
661 1075 23 22 af
705 1076 27 21 de
747 1077 34 20 tre
797 1075 84 27 gänger,
898 1075 35 21 de-

175 1116 82 15 samma
273 1110 60 21 skola
348 1110 7 21 i
370 1110 107 21 allmänna
491 1110 135 27 tidningarna
641 1110 128 27 publiceras,
781 1109 79 22 införas
875 1109 7 21 i
897 1109 36 21 nä-

175 1146 37 25 got
227 1144 23 22 af
263 1145 27 21 de
306 1151 99 15 nummer
421 1144 22 22 af
457 1145 63 21 dessa
535 1145 113 27 tidningar,
663 1151 48 15 som
724 1144 110 22 utkomma
840 1140 15 36 ä
876 1144 57 21 vissa

174 1185 27 15 en
225 1179 57 27 gäng
304 1179 33 21 för
355 1179 42 21 alla
412 1179 111 21 bestämda
538 1179 64 27 dagar
618 1179 22 21 af
654 1180 52 24 äret,
722 1178 107 27 nämligen
844 1179 7 20 i
867 1178 66 27 sagda

175 1213 119 27 tidningars
316 1213 69 21 första
407 1220 98 14 nummer
527 1213 23 21 af
570 1216 31 18 ett
620 1213 126 27 ärsgvartal,
762 1213 50 21 eller
828 1212 105 22 säledes
920 1208 16 37 i

174 1247 67 21 första
259 1249 87 20 numret
365 1247 32 21 för
416 1248 71 26 nägon
508 1248 22 21 af
549 1248 130 21 mänaderna
697 1247 94 26 Januari,
807 1247 67 27 April,
889 1247 44 21 Juli

174 1281 51 21 eller
249 1282 103 21 Oktober.
382 1282 127 26 Uppenbart
532 1284 23 19 är
578 1282 54 21 dock
654 1283 32 19 att
709 1282 47 25 den,
772 1288 46 14 som
835 1281 98 21 utverkat

174 1316 41 21 den
239 1316 106 27 skriftliga
368 1317 141 26 stämningen,
525 1316 68 22 mäste
615 1315 120 28 medgifvas
753 1322 26 14 en
795 1316 44 20 viss
855 1316 30 20 tid
900 1314 33 22 för

174 1350 129 28 vidtagande
313 1350 23 22 af
345 1351 76 26 åtgärd
433 1357 35 15 om
479 1350 155 28 kungörelsens
642 1350 114 21 införande
767 1350 8 20 i
785 1350 147 26 tidningarna;

174 1384 39 22 och
235 1385 28 21 då
285 1385 7 21 i
314 1385 57 21 detta
391 1384 100 22 afseende
506 1391 25 13 en
548 1385 28 19 tid
593 1384 22 21 af
629 1391 27 14 en
673 1384 78 21 månad
767 1386 60 22 synts
843 1383 90 22 Utskot-

174 1420 30 20 tet
219 1425 52 15 vara
285 1418 49 22 fullt
353 1418 112 28 tillräcklig
479 1418 63 22 äfven
557 1418 33 22 för
604 1424 112 22 personer,
727 1418 84 22 bosatta
826 1418 7 21 i
847 1418 84 21 landets

243 1464 134 23 Lagutskottets
390 1465 111 17 betänkande
513 1465 37 17 N:o
563 1466 17 16 3.
