1048 1631
52 785 12 17 w

211 88 26 19 14
409 85 26 23 U.
451 86 28 22 B.
496 98 30 4 —
541 85 75 29 Prop.
631 85 43 23 N:o
690 86 13 21 1

180 158 50 15 som
250 151 62 23 helst
331 154 85 20 inrätta
435 152 49 27 bro,
504 154 90 24 såsnart
612 152 138 29 jordogaron
769 158 68 16 anser
861 152 74 22 sådan

179 195 56 14 vara
255 187 36 22 för
310 187 36 30 sig
361 188 78 29 nödig.
471 188 71 21 Detta
556 188 104 22 kommer
673 187 87 29 jemväl
776 189 34 20 att
825 191 55 25 göra
896 187 38 22 od-

180 223 91 29 lingens
287 224 142 21 rentabilitet
443 225 81 21 osäker
540 225 44 21 och
599 224 73 21 rubba
688 224 52 21 dess
757 224 74 21 sunda
841 223 94 22 utveck-

180 259 56 28 ling,
253 260 98 21 emedan
367 259 39 22 det
421 264 25 17 är
461 259 107 29 omöjligt
583 261 34 20 att
630 261 30 28 pä
670 259 98 22 förhand
779 259 101 22 beräkna
891 259 44 22 alla

180 295 87 28 nödiga
282 295 124 22 kostnader
421 295 44 22 och
478 295 186 29 uppkommande
675 295 88 22 besvär.
788 295 36 21 En
834 302 101 21 process-

180 331 78 28 lysten
279 331 121 29 jordegare
422 332 45 21 kan
488 334 29 26 pä
538 331 76 29 grund
635 331 24 22 af
679 331 52 22 dem
753 334 57 19 utan
830 331 30 22 all
876 331 59 21 ända

181 367 69 28 pläga
273 367 44 21 och
339 367 128 22 trakassera
488 367 36 22 sin
544 375 93 20 granne.
669 367 55 22 Man
740 367 41 21 bör
797 367 88 21 minnas
902 369 33 19 att

182 402 71 21 redan
275 403 52 21 frän
349 403 118 22 urminnes
488 403 60 22 tider
571 403 35 21 uti
629 405 41 20 vär
690 403 147 28 lagstiftning
853 411 29 13 en
897 403 39 21 all-

182 439 132 28 männyttig
330 439 119 28 betydelse
465 439 128 22 tillerkänts
610 439 161 28 afloppsdiken
788 439 43 21 och
847 441 39 24 att,
903 441 33 19 sä-

182 481 50 14 som
252 474 121 22 Utskottet
394 475 87 28 jemväl
505 479 72 24 säger,
596 475 53 26 ,det
664 475 98 28 inträng,
779 475 96 21 hvarom
896 475 41 21 här

182 513 25 18 är
223 511 71 28 fräga,
311 511 8 21 i
336 511 48 21 viss
400 513 53 20 män
470 511 46 21 kan
532 514 66 25 sägas
615 518 55 15 vara
685 511 114 21 beroende
816 511 23 21 af
854 511 83 21 förhäl-

182 545 111 23 landenas
309 554 59 21 egen
383 549 74 24 natur,
473 547 43 22 och
527 549 33 19 ett
571 547 77 21 alltför
662 547 64 28 längt
739 547 88 28 gäende
839 547 98 28 anspräk

182 583 31 27 pä
228 583 129 28 ersättning
373 583 61 28 förty
451 583 20 28 ej
488 583 72 21 borde
575 584 70 21 vinna
658 583 167 21 erkännande".

258 618 144 29 Visserligen
423 619 179 21 tillfredsställer
616 619 49 28 mig
685 626 67 14 mom.
770 620 13 19 2
799 618 52 21 icke
865 618 73 21 heller

183 654 36 21 för
239 654 78 29 öfrigt,
340 662 53 14 men
412 655 124 21 förlitande
552 655 48 28 mig
616 655 77 28 derpä,
710 656 33 19 att
759 661 53 14 man
827 654 41 22 vid
885 655 52 20 dess

182 690 149 29 tillämpning
354 690 8 21 i
378 690 121 29 praktiken
517 690 59 22 skall
599 691 92 21 komma
712 692 33 19 att
768 692 54 26 taga
847 690 91 28 hänsyn

182 726 37 21 till
240 726 149 29 jordbrukets
411 728 135 27 berättigade
565 726 142 29 utveckling,
725 726 95 21 afhäller
833 725 41 29 jag
889 726 49 28 mig

183 761 52 22 frän
251 764 35 19 att
301 762 42 21 här
357 762 127 22 framställa
499 764 71 27 nägot
585 764 53 27 nytt
654 761 91 29 förslag.

259 797 145 23 Derutinnan
428 798 63 21 delar
511 798 41 29 jag
573 797 132 22 Utskottets
726 797 94 29 mening
837 800 33 19 att
885 798 52 25 den,

184 841 50 14 som
255 834 24 21 af
300 834 64 21 diket
383 834 82 29 drager
480 836 72 27 nytta,
569 837 25 18 är
609 834 93 29 skyldig
718 833 8 22 i
742 834 127 28 dikningen
884 836 54 27 taga

184 869 44 23 del,
259 870 84 21 Likväl
364 870 45 21 kan
429 870 41 29 jag
489 870 52 21 icke
564 870 123 28 godkänna
712 869 131 22 Utskottets
871 870 66 28 äsigt,

184 907 34 19 att
246 905 43 22 här
317 906 138 21 omnämnda
483 908 66 26 nyttä
577 906 42 21 bör
646 905 124 28 begränsas
797 905 81 22 endast
903 905 36 22 till

184 941 40 21 det
240 941 146 22 omedelbara
401 949 67 21 gagn,
485 949 50 14 som
551 941 64 22 diket
629 941 78 22 kunde
723 941 92 22 komma
831 943 33 20 att
878 942 61 21 med-

184 977 50 20 föra
257 979 57 19 utan
335 979 33 19 att
390 979 77 26 nägon
490 985 75 14 annan
586 977 81 28 ätgärd
682 977 36 21 till
733 977 106 21 markens
856 977 83 22 förbät-

184 1013 81 20 trande
289 1013 113 28 vidtages,
427 1016 54 19 enär
501 1013 153 28 värderingen
674 1013 24 21 af
719 1013 55 21 slikt
789 1020 62 21 gagn
867 1013 72 28 enligt

184 1048 49 21 min
248 1049 71 21 tanke
335 1049 77 21 blefve
429 1049 147 28 synnerligen
592 1049 119 21 obestämd
728 1049 43 21 och
786 1049 115 21 beroende
917 1049 23 21 af

184 1091 29 14 en
233 1084 138 29 godtycklig
395 1085 105 28 tolkning
523 1087 27 26 ty
570 1087 62 19 svärt
652 1091 54 15 vore
725 1084 27 29 ju
773 1087 34 19 att
822 1084 117 29 förutsäga

185 1120 62 22 hvad
270 1121 96 21 marken
389 1121 58 21 efter
471 1121 127 29 dikningen
620 1123 75 19 säsom
712 1120 71 21 sädan
799 1121 91 20 komme
906 1123 34 19 att

185 1156 97 26 afkasta,
299 1156 115 22 huruvida
430 1157 28 21 de
475 1157 186 29 klimatologiska
675 1156 174 22 förhällandena
862 1156 77 23 blefve

183 1200 164 20 gynsammare
367 1200 19 14 o.
404 1200 17 14 s.
437 1200 30 19 v.,
484 1195 55 19 utan
555 1195 34 19 att
605 1193 76 21 deruti
696 1195 71 26 nägra
776 1192 164 29 inloppsdiken

185 1228 100 28 (säledes
306 1228 93 29 vanliga
419 1229 118 28 tegdiken)
558 1232 74 26 göras.
664 1229 125 21 Dessutom
811 1228 42 22 bör
868 1229 71 28 enligt

185 1263 49 21 min
250 1264 70 21 tanke
337 1264 97 29 dikning
449 1265 52 21 icke
516 1272 66 14 anses
599 1266 76 20 säsom
691 1264 40 22 det
741 1264 59 21 enda
811 1264 86 22 medlet
907 1266 34 20 att

185 1300 45 21 öka
244 1300 107 22 markens
361 1300 254 29 afkastningsförmäga,
627 1302 56 20 utan
691 1302 68 26 utgör
768 1300 45 21 den
822 1300 39 21 det
869 1300 72 21 första

185 1336 44 20 och
240 1336 124 28 oafvisliga
374 1336 99 22 vilkoret
487 1336 35 22 för
538 1336 106 22 markens
660 1336 119 21 rationella
794 1336 147 28 bebrukning

184 1371 45 21 och
245 1371 37 21 för
297 1372 120 28 odlingens
434 1372 182 28 framgängsrika
631 1372 158 22 bedrifvande.
819 1372 45 28 Jag
875 1379 66 14 anser

261 1413 214 20 Vattenrältsutskottets
487 1414 118 18 betänkande
617 1413 38 19 N:o
667 1414 16 18 1.
