1048 1631
329 86 26 23 U.
371 87 28 23 B.
417 100 24 3 —
460 86 74 29 Prop.
548 86 44 23 N:o
609 86 13 22 1
791 87 28 21 13

170 159 29 29 Ej
224 159 71 22 heller
319 158 45 23 kan
385 158 42 29 jag
442 158 129 29 godkänna,
588 160 35 20 att
638 158 161 29 strandegaren
815 158 38 21 be-

98 195 55 22 frias
168 195 51 22 frän
234 195 148 27 iakttagande
398 195 26 21 af
437 195 43 21 den
495 194 121 22 faststälda
626 194 183 29 byggnadstiden
820 194 33 22 ef-

98 234 35 19 ter
148 231 40 22 det
202 231 120 28 lösningen
337 231 130 21 verkstälts.
498 231 47 21 Det
560 233 26 19 är
600 230 50 22 icke
666 233 46 19 rätt
725 233 34 18 att
769 230 84 21 honom

98 267 86 22 lemnas
203 269 70 20 större
289 266 91 21 tillfälle
395 266 36 21 till
447 266 169 29 spekulationer
631 268 31 27 pä
677 265 177 30 strömfallsega-

99 311 51 14 rens
164 302 128 22 bekostnad
308 305 28 18 än
353 303 24 20 åt
393 301 72 22 denne
481 309 85 15 senare.

170 339 35 21 Pä
227 337 74 30 grund
325 337 27 22 af
370 338 36 21 det
428 337 142 30 ofvansagda
591 339 72 28 vägar
680 337 42 29 jag
737 337 118 22 vördsamt

100 375 94 21 föreslå:

386 447 32 20 att
435 445 126 22 Ständerna
574 445 50 22 ville
634 445 33 22 till
683 445 103 23 Utskottet
797 446 57 21 åter-

351 481 110 22 remittera
477 481 143 22 betänkandet
633 481 9 22 i
657 481 80 22 sådant
752 481 58 28 syfte
823 483 33 20 att

352 517 18 21 I
382 517 90 28 kapitlet
491 517 30 21 12
536 519 16 26 $
561 517 136 28 formuleras
710 518 31 27 pä
752 517 105 28 följande

351 555 53 20 sätt:
427 553 70 22 derest
523 553 158 28 strandegaren
705 553 20 28 ej
748 553 107 28 begagnat

351 589 36 22 sin
403 589 143 28 lösningsrätt
561 591 74 20 senast
650 590 28 21 då
694 597 27 14 en
737 589 52 22 eller
798 589 58 28 flere

352 632 64 21 egare
439 625 36 22 till
498 625 128 27 strömfallet
649 625 50 22 eller
723 625 27 30 |,
767 625 26 27 af
809 625 46 22 dem

351 662 58 21 detta
423 661 84 28 fordra,
523 669 36 21 ege
574 661 26 22 de
615 661 135 22 sistnämnda
768 663 47 20 rätt
825 663 33 20 att

347 698 33 27 pä
395 705 82 14 samma
492 699 43 20 sätt
544 697 36 28 för
590 698 36 21 sin
636 698 136 28 anläggning
784 698 72 21 tillösa

351 733 34 28 sig
408 733 75 28 nödigt
506 733 164 22 strandomräde
687 733 38 22 och
739 735 47 26 väg,
803 733 55 22 dock

352 769 45 22 icke
421 769 26 28 af
468 769 80 28 bebygd
564 771 55 26 tomt,
634 769 36 22 och
686 769 70 28 äligge
771 769 35 22 det
823 770 35 21 sä-

353 805 36 22 väl
403 806 88 21 strand-
506 813 45 14 som
566 805 38 22 ock
613 805 199 28 strömfallsegaren
827 807 30 20 att

352 841 95 28 anlägga
471 841 147 22 vattenverket
636 841 58 22 inom
710 843 33 20 tre
759 842 26 21 är
802 841 57 24 efter

355 877 34 22 det
407 877 100 22 tillstånd
522 877 104 26 erhållits,
643 877 58 27 eljest
711 884 52 15 vare
777 877 80 22 lösnin.

352 914 99 27 gsrätten
459 913 112 28 förfallen.
595 913 79 22 Derest
689 913 113 28 lösningen
813 913 42 27 för-

352 949 74 27 faller,
451 949 36 22 bör
512 949 58 22 lösen
586 949 116 28 återbäras,
720 949 67 23 likväl
802 951 55 20 utan

355 987 72 20 ränta.

421 1057 59 28 Kap.
497 1057 43 21 III.

176 1122 79 21 Ehuru
267 1124 13 19 4
291 1123 49 28 8:ns
351 1122 174 22 bestämmelser
535 1122 8 21 i
554 1123 30 21 all
596 1123 36 21 sin
642 1123 118 28 stränghet
771 1123 86 21 drabba

106 1158 70 21 ofvan
195 1158 97 28 belägen
308 1158 129 28 jordegare,
457 1158 73 29 enligt
546 1158 24 22 af
584 1158 118 22 Utskottet
717 1158 80 28 gifven
815 1158 43 22 för-

106 1194 96 28 klaring,
220 1194 81 22 endast
317 1194 7 21 i
347 1194 39 22 det
409 1194 47 26 fall,
473 1197 34 19 att
527 1194 77 22 nedan
626 1194 97 29 belägen
736 1194 122 28 jordegaro

106 1230 24 20 af
160 1230 64 21 diket
249 1230 52 21 icke
327 1230 41 22 har
395 1232 71 26 nägot
493 1238 50 14 som
572 1230 61 22 helst
659 1238 61 20 gagn
743 1238 53 13 vare
823 1230 36 28 sig

105 1266 55 20 med
184 1266 109 21 afseende
315 1268 12 18 &
350 1266 58 21 hans
431 1266 52 29 jord
504 1266 56 21 eller
581 1270 51 24 väg,
657 1266 19 28 ej
696 1266 72 21 heller
782 1268 77 26 nägon

107 1301 79 26 skada,
218 1302 45 20 kan
292 1301 41 29 jag
363 1302 72 21 likväl
461 1302 51 21 icke
539 1302 122 28 godkänna
687 1302 28 21 de
737 1301 34 22 uti
789 1309 68 14 mom.

104 1338 13 19 2
140 1336 186 22 förekommande
347 1338 82 21 orden:
451 1338 68 26 ,eller
541 1338 41 21 bro
599 1338 67 28 eljest
680 1338 108 26 tarfvas*,
805 1342 55 17 enär

104 1372 74 28 enligt
202 1373 51 21 dem
279 1373 150 29 dikesegaren
453 1376 24 18 är
493 1374 94 28 skyldig
614 1376 33 19 att
670 1378 41 17 när
733 1374 42 22 och
800 1374 59 21 hvar

178 1415 210 19 Vattenrättsutskoitets
401 1416 118 18 betänkande
533 1416 38 18 N:o
583 1416 15 18 1.

875 1123 13 19 4
905 1121 21 28 8.
