1048 1631
200 132 13 19 2
428 130 29 23 U.
474 130 28 23 B.
517 143 29 3 —
560 130 76 29 Prop.
652 130 45 23 N:o
713 130 23 22 6.

202 197 12 21 1
237 195 110 30 Augusti
368 195 68 23 1720
455 196 46 22 och
520 196 50 22 den
589 197 16 21 4
618 196 139 22 December
772 196 67 22 1734
854 195 106 23 sålunda

201 230 106 26 ordnad,
335 232 36 20 att
398 230 56 27 alla,
483 237 53 15 som
555 231 118 22 hemman
691 231 84 22 bruka
798 230 45 22 och
863 230 98 27 besitta,

200 264 73 23 skola
301 264 97 29 årligen
426 265 36 21 till
488 265 42 22 lön
558 265 47 22 och
628 265 134 22 underhåll
781 265 26 22 åt
824 264 136 23 klockaren

201 299 106 28 erlägga
326 305 31 16 en
376 299 84 28 kappe
479 299 54 28 råg,
554 306 30 15 en
604 299 84 28 kappe
701 299 64 22 korn
779 299 45 22 och
835 305 30 16 en
875 299 84 28 kappe

199 333 73 22 hafre
299 333 40 22 för
368 333 90 29 hvarje
485 333 55 27 rök,
560 333 46 22 och
629 335 36 20 att
683 333 136 22 klockaren
837 333 122 28 derjemte

200 367 108 22 erhåller
328 369 60 20 »när
406 368 106 29 vigning
531 368 58 21 sker
608 368 44 22 två
672 368 51 26 öre,
737 368 39 22 för
795 367 116 28 barndop
925 369 34 20 ett

199 403 50 25 öre,
276 401 40 22 för
343 402 174 29 kyrktagning
542 402 63 22 efter
627 402 64 22 barn
710 402 43 22 två
772 403 51 25 öre,
843 402 62 22 efter
924 403 35 20 ett

200 436 34 22 lik
263 436 43 22 två
335 437 51 26 öre,
414 437 43 21 allt
475 437 8 21 i
501 437 188 28 silftvermynt«;
718 436 101 22 utöfver
845 436 113 22 hvilka
945 432 17 37 i

198 471 43 28 lag
270 471 124 28 stadgade
412 471 186 22 löneförmåner
616 471 151 22 klockarene
786 471 7 22 i
812 471 80 28 några
910 470 49 23 för-

199 505 138 28 samlingar
366 505 97 29 åtnjuta
490 505 32 22 fri
549 505 99 26 bostad,
670 505 53 22 dels
746 505 56 22 med
825 505 52 22 dels
896 507 61 20 utan

197 539 65 28 jord,
283 539 8 22 i
311 539 80 22 andra
411 539 111 29 återigen
541 539 132 26 boställen,
691 540 75 28 jemte
785 539 42 22 det
839 539 118 22 klockare

197 573 7 22 i
223 573 82 29 några
325 574 95 22 trakter
440 573 25 22 af
483 574 85 22 landet
587 574 150 21 tillkommer
757 573 124 22 såkalladt
896 575 60 20 mat-

197 607 74 27 skott,
289 608 138 22 bestående
447 608 25 22 af
490 608 70 27 bröd,
580 609 75 25 smör,
675 608 61 25 kött,
757 608 56 22 med
832 614 68 15 mera
913 608 44 28 dy-

196 641 54 23 likt.
289 642 55 22 Den
373 642 106 22 anförda
498 643 116 28 grunden
633 643 40 21 för
691 642 265 29 klockareaflöningen

198 676 98 29 ansägo
325 676 143 23 Ständerna
496 677 87 28 obillig
611 677 47 22 och
677 677 112 26 orättvis,
810 677 61 22 enär
889 677 67 22 inne-

196 710 109 23 hafvare
334 711 25 22 af
386 711 97 22 mindre
509 711 174 22 hemmansdel
701 711 132 28 nödgades
852 711 103 28 erlägga

195 745 53 22 lika
267 745 100 28 mycket
386 752 52 15 som
458 745 49 22 den
526 746 80 21 större
625 745 161 29 jordegaren,
806 745 45 22 och
871 751 30 16 en
915 745 40 22 be-

196 779 82 29 tydlig
299 779 40 22 del
359 779 25 22 af
401 779 195 30 församlingens
616 779 170 27 medlemmar,
801 780 82 21 såsom
894 780 61 28 tien-

195 815 106 25 stemän,
329 814 153 26 handlande,
511 814 157 26 trafikanter,
691 814 187 22 handtverkare
897 814 56 22 med

194 847 62 23 flere
284 855 122 21 personer
433 850 60 20 utan
520 848 50 22 fast
598 848 132 29 egendom,
754 855 62 15 voro
843 848 111 29 fritagna

194 882 57 22 från
275 883 146 28 skyldighet
440 884 35 21 att
493 883 102 28 deltaga
614 883 7 22 i
641 883 80 28 sagda
741 882 120 29 aflöning.
900 882 53 23 Sät-

194 918 35 20 tet
257 917 39 22 för
323 917 158 28 uppbörden,
505 924 53 15 som
587 917 79 29 enligt
688 917 109 29 gammal
815 917 61 22 häfd
895 917 58 28 ålåg

194 950 138 23 klockaren
361 951 62 29 sjelf,
442 952 92 28 ansågs
554 952 93 28 jemväl
667 958 62 15 vara
747 951 141 22 föråldradt
907 951 45 22 och

194 986 95 28 egnadt
324 988 35 19 att
385 986 133 22 framkalla
546 986 165 29 olägenheter
737 985 40 22 för
805 985 70 22 såväl
902 985 51 22 lön-

193 1019 100 29 gifvare
313 1027 53 15 som
385 1020 136 29 löntagare.
558 1021 55 21 Den
632 1020 119 22 klockare
769 1020 39 22 för
827 1020 125 21 särskilda

193 1053 184 30 förrättningar
397 1055 103 28 tillagda
520 1055 173 28 ersättningen
712 1054 66 22 hade
798 1055 53 21 åter
869 1054 7 21 i
889 1054 63 29 följd

192 1088 26 21 af
245 1089 176 28 myntvärdets
449 1089 143 28 sjunkande
616 1089 107 28 nedgått
745 1089 36 22 till
800 1095 31 15 en
849 1089 103 28 obetyd-

191 1122 86 29 lighet,
304 1123 103 22 hvartill
433 1123 146 29 ytterligare
604 1123 67 27 kom,
695 1124 36 21 att
757 1123 150 28 uppbörden
927 1123 26 22 af

190 1158 113 22 nämnda
331 1158 140 28 ersättning
498 1158 52 22 blef
577 1158 73 22 såväl
673 1158 57 21 från
749 1158 130 28 principiel
898 1164 53 16 som

190 1192 118 27 praktisk
339 1192 130 28 synpunkt
497 1192 127 29 olämplig,
649 1192 78 22 sedan
757 1192 194 28 presterskapet,

191 1232 54 16 som
277 1226 121 29 vanligen
428 1227 7 21 i
464 1227 184 28 sammanhang
678 1226 57 22 med
765 1227 58 28 eget
855 1226 96 22 arvode

190 1260 39 22 för
255 1260 115 23 enskilda
397 1261 118 29 kyrkliga
537 1261 184 28 förrättningar
739 1260 100 28 uppbar
857 1260 94 29 jemväl

189 1294 154 23 klockarene
377 1295 187 22 tillkommande
594 1295 149 29 ersättning,
772 1295 53 21 icke
856 1295 94 25 vidare,

190 1328 63 23 efter
282 1330 42 21 det
351 1330 49 21 den
427 1330 7 21 i
459 1330 182 28 förordningen
670 1329 25 22 af
721 1329 50 22 den
798 1329 15 22 5
841 1329 109 29 Augusti

190 1363 69 23 1886
289 1364 123 28 stadgade
437 1364 160 28 regleringen
620 1363 26 23 af
670 1364 201 28 presterskapets
891 1363 58 22 aflö-

188 1398 64 28 ning
279 1398 84 22 biifvit
391 1398 125 29 gällande,
548 1405 43 15 var
619 1398 156 28 berätvigadt
801 1398 37 22 till
864 1398 85 28 någon

188 1432 165 29 godtgörelse
381 1433 39 21 för
447 1432 86 29 dylika
561 1432 192 28 förrättningar.
790 1432 49 22 För
860 1432 89 22 undvi-

259 1480 50 23 Lag-
322 1481 33 17 och
367 1481 186 17 Ekonomiutskottets
566 1481 112 17 betänkande
690 1482 36 16 N:o
738 1481 15 17 1.
