1048 1631
301 143 27 22 U.
343 143 26 21 B.
384 156 26 2 —
427 142 72 29 Prop.
515 142 46 23 N:o
577 142 33 22 14.

434 497 47 22 111.

148 567 35 21 Då
197 567 36 28 jag
255 566 47 21 icke
318 566 81 21 kunnat
414 566 77 21 förena
506 567 43 27 mig
565 573 33 14 om
615 566 123 22 Utskottets
754 565 81 28 förslag

79 601 91 21 rörande
186 602 12 20 5
214 601 18 28 8,
248 601 37 20 ber
307 601 35 28 jag
357 600 122 29 ödmjukast
495 603 31 18 att
541 601 23 20 få
579 601 66 20 uttala
662 601 41 20 min
719 599 117 22 afvikande

80 635 56 28 äsigt
150 635 6 21 i
172 635 71 21 saken.

149 680 52 21 Med
224 680 27 21 de
273 680 112 21 tillärnade
407 680 262 28 sakförareföreningarna
690 680 65 26 afses,
777 683 58 18 utom

81 717 71 24 annat,
174 717 31 18 att
227 714 132 21 förekomma
381 714 96 28 oskäliga
501 713 184 29 arvodesanspräk
707 714 48 21 frän
775 713 62 22 deras

81 749 147 21 medlemmars
251 748 52 22 sida.
333 749 66 20 Detta
421 748 99 21 ändamål
542 749 76 20 vinnes
634 749 65 27 enligt
715 749 42 20 min
773 748 65 21 tanke

81 783 49 22 icke
151 790 77 21 genom
251 783 38 20 det
303 783 126 28 stadgande,
451 790 45 13 som
519 783 61 27 ingår
599 783 5 20 i
621 784 12 19 5
649 783 12 26 S
677 783 23 20 af
714 782 125 22 Utskottets

81 817 87 28 förslag.
198 812 109 26 OÖfverallt
321 817 38 21 der
375 825 26 13 en
417 817 91 21 särskild
526 820 50 18 taxa
591 817 67 20 finnes
673 817 77 27 införd,
763 819 24 18 är
797 816 41 21 den

82 851 86 22 absolut
182 851 107 21 bindande
311 852 32 20 för
365 851 27 21 de
408 859 109 20 personer,
532 851 34 21 för
581 851 84 21 hvilkas
681 851 90 28 räkning
787 851 52 20 den-

83 893 81 14 samma
176 886 116 28 uppgjorts,
312 885 40 22 och
367 885 37 22 det
419 885 61 21 torde
497 885 107 28 knappast
619 885 72 21 kunna
705 885 87 21 anföras
809 888 30 18 ett

83 920 54 21 enda
161 920 96 28 exempel
279 919 33 28 pä,
327 923 32 18 att
373 920 73 21 förord
462 919 70 22 skulle
548 920 66 21 brutit
629 923 54 18 taxa.
713 919 125 22 Sakförare-

83 955 163 26 föreningarnas
268 953 136 22 medlemmar
419 954 68 21 skulle
504 954 84 21 säledes
604 953 67 22 blifva
687 953 26 22 de
729 953 62 26 enda,
805 953 35 21 för

83 989 74 20 hvilka
172 988 109 28 undantag
296 988 46 21 frän
359 988 68 21 denna
443 989 59 27 regel
518 989 84 20 komme
618 991 31 18 att
664 988 61 28 gälla.
754 988 33 28 Ty
800 988 40 21 Ut-

85 1023 93 20 skottets
193 1022 80 28 förslag
295 1023 122 28 uppställer,
435 1024 18 19 »i
469 1023 69 20 likhet
553 1022 48 21 med
616 1023 98 27 gällande
731 1023 40 27 lag,
787 1023 52 20 aftal

84 1057 71 21 säsom
171 1057 40 20 den
227 1057 68 21 första
313 1057 96 26 grunden
425 1058 35 20 för
476 1057 160 21 bestämmande
652 1057 22 20 af
689 1057 100 21 arvodets
805 1057 38 21 be-

84 1091 58 28 lopp,
157 1091 40 21 och
212 1091 134 21 föreskrifter
361 1099 34 13 om
411 1091 50 21 dess
477 1091 138 21 beräknande
630 1091 55 21 efter
695 1094 49 18 taxa
755 1091 87 21 medde-

85 1125 59 21 lades
160 1125 75 21 endast
251 1125 34 20 för
299 1125 37 22 det
355 1125 38 21 fall
409 1128 31 19 att
455 1125 53 22 aftal
524 1125 48 22 icke
587 1125 103 21 träffats».
719 1125 52 22 Men
787 1125 54 22 hvil-

85 1160 42 20 ken
144 1159 109 28 betydelse
269 1160 68 20 skulle
353 1160 36 20 vid
405 1160 78 21 sädant
497 1160 135 21 förhällande
648 1164 63 17 taxan
723 1161 54 27 ega?
800 1160 43 21 Det

85 1194 39 20 bör
140 1194 105 27 nämligen
262 1194 89 26 märkas,
366 1197 32 18 att
413 1194 67 28 enligt
495 1194 140 28 lagförslaget
650 1194 52 21 aftal
719 1194 65 21 borde
799 1194 43 21 till-

85 1228 55 21 lätas
156 1228 48 21 icke
220 1228 54 21 blott
288 1228 35 21 för
338 1228 81 21 sådana
434 1228 44 26 fall,
493 1228 75 21 hvilka
583 1236 48 13 man
648 1228 35 21 vid
694 1228 149 29 uppgörandet

86 1262 24 20 af
132 1265 50 18 taxa
203 1262 47 21 icke
270 1262 82 22 kunnat
374 1263 119 26 förutsätta,
510 1265 51 18 utan
577 1262 65 22 äfven
658 1262 33 21 för
706 1262 87 27 sådana,
808 1263 35 21 för

86 1296 74 21 hvilka
189 1300 63 18 taxan
282 1300 105 25 upptager
415 1304 126 20 noggranna
563 1297 136 21 föreskrifter
721 1304 35 14 om
779 1304 62 14 arvo-

88 1330 48 21 dets
161 1330 84 29 belopp.
278 1330 44 22 Det
343 1331 62 21 stode
428 1331 91 21 sålunda
542 1331 110 21 sakförare
674 1331 47 21 fritt
741 1334 31 18 att
793 1333 53 26 göra

87 1364 94 28 anspråk
206 1364 27 29 på
255 1364 66 28 högre
342 1365 80 21 arvode
445 1366 33 20 för
498 1366 39 20 sitt
556 1365 79 27 arbete,
656 1367 26 19 än
700 1365 57 22 hvad
780 1369 65 17 taxan

88 1398 74 22 derför
194 1399 133 26 bestämmer,
351 1399 41 21 och
423 1400 53 20 intet
496 1401 87 27 tvingar
602 1400 78 20 honom
701 1403 31 17 att
752 1403 94 25 mottaga

88 1436 32 18 ett
135 1433 98 29 erbjudet
247 1433 134 29 ombudskap
397 1434 34 21 för
447 1434 41 21 den
505 1435 6 20 i
528 1437 63 18 taxan
603 1434 111 21 faststälda
724 1434 123 28 godtgörel-

159 1491 132 23 Lagutskottets
303 1492 111 17 betänkande
426 1491 38 18 N:o
479 1492 16 17 6.
