1048 1631
329 89 27 22 U.
372 89 26 22 B.
414 102 29 3 —
458 89 76 29 Prop.
549 89 45 23 N:o
610 90 13 21 1
781 92 42 19 105

98 158 33 19 att
159 156 66 21 desse
254 160 53 17 män
335 155 71 22 borde
430 162 55 15 vara
509 155 122 29 ,redlige*.
671 155 119 22 Utskottet
813 155 41 22 har

100 191 116 29 nämligen
232 193 76 20 ansett
324 191 51 28 vigt
390 191 63 28 ligga
469 191 77 29 derpå,
563 193 34 19 att
612 191 24 21 af
651 191 78 28 lagens
746 191 41 22 ord
802 191 51 28 tyd-

97 227 44 28 ligt
163 227 107 28 framgår,
295 229 34 19 att
352 227 35 21 till
410 234 31 13 nu
457 227 176 28 ifrågavarande
649 227 138 28 förrättning
801 227 52 21 icke

98 263 70 21 andre
188 265 37 19 må
246 265 63 19 utses
331 266 28 18 än
376 263 35 25 de,
428 270 49 14 som
492 263 62 28 gjort
570 263 36 28 sig
623 263 74 21 kände
713 263 35 21 för
764 263 89 21 redbar-

98 299 45 20 het.
175 299 33 21 På
231 306 88 14 samma
341 301 62 26 gång
426 299 121 21 Utskottet
569 299 9 21 i
601 301 13 19 3
638 306 67 14 mom.
728 298 125 29 inbegripit

98 334 69 22 äfven
190 335 29 21 de
242 335 60 28 gode
327 339 60 21 män,
412 342 48 14 som
485 335 147 21 omförmälas
655 335 8 20 i
688 337 27 18 16
731 335 21 28 8,
769 334 84 21 allden-

99 371 69 20 stund
194 371 66 21 desse
286 371 71 21 hafva
383 372 34 19 att
439 371 96 21 förrätta
558 371 84 21 ärende
666 370 23 21 af
712 370 141 28 fullkomligt

98 407 120 21 enahanda
241 407 163 21 beskaffenhet
427 414 49 14 som
500 407 41 21 här
559 407 181 28 ifrågavarande,
756 407 41 20 har
812 405 41 22 Ut-

98 443 86 21 skottet
207 444 56 20 trott
287 443 36 28 sig
346 442 52 21 icke
421 443 78 20 kunna
523 443 121 21 underlåta
664 444 32 19 att
712 443 8 20 i
736 442 115 29 nyssagda

99 485 67 15 mom.
189 478 74 21 införa
285 478 128 29 stadgande
433 485 37 14 om
487 480 34 19 att
537 479 66 21 desse
620 479 59 28 gode
694 481 53 18 män
762 477 41 23 vid
819 480 33 19 ut-

101 514 111 29 öfningen
220 514 23 21 af
255 514 41 21 sitt
304 515 105 28 uppdrag
417 527 30 3 —
455 515 73 20 ehuru
538 515 34 25 de,
582 515 73 28 enligt
665 515 62 20 hvad
734 514 118 22 Utskottet

102 553 80 24 ansett,
195 551 50 21 icke
258 550 78 26 borde,
349 552 74 19 såsom
434 550 8 21 i
453 552 13 19 6
478 551 13 28 S
502 550 8 21 i
522 551 46 21 den
577 550 53 21 nåd.
640 557 63 22 prop.
715 550 136 28 föreslagits,

102 586 91 29 aflägga
214 587 123 21 domareed
352 599 30 3 —
397 586 91 21 komme
512 589 34 18 att
568 586 86 21 handla
672 586 73 21 under
759 585 93 29 tjenste-

101 630 168 14 mannaansvar
284 623 43 20 och
344 622 88 21 således
448 622 132 29 inbegripas
597 622 73 21 under
692 621 137 29 stadgandet
845 622 7 20 i

101 660 26 19 12
142 659 15 28 8
172 661 13 18 2
202 659 51 28 kap.
271 658 147 28 Strafflagen.
443 658 79 21 Skälet
538 657 94 22 hvarför
647 658 50 21 icke
713 658 47 25 här,
777 659 74 20 såsom

98 694 8 21 i
123 695 26 20 21
168 694 14 29 &
198 696 12 19 2
227 694 52 29 kap.
296 693 8 22 i
320 693 150 22 förevarande
491 693 126 29 lagförslag
638 701 37 14 om
695 693 40 22 der
753 693 99 21 nämnde

99 729 126 29 skiljemän,
235 729 114 22 användts
358 729 65 22 ordet
431 729 203 26 ,domareansvar*
644 733 30 22 är,
681 731 34 19 att
722 729 41 21 här
770 729 81 28 ifråga-

103 765 99 22 varande
216 766 59 28 gode
289 769 53 18 män
356 765 58 29 egde
429 765 40 22 vid
482 773 45 21 syn
539 765 82 22 endast
629 765 88 28 afgifva
727 765 124 24 utlåtande,

103 809 57 18 som,
170 801 71 22 ehuru
252 801 129 29 utgörande
392 801 45 21 den
447 801 115 28 grundval
573 801 87 28 hvarpå
671 800 182 22 bestämmandet

100 837 24 21 af
135 837 158 28 ersättningen
304 837 7 21 i
322 840 157 25 guvernörens
489 837 79 28 utslag
578 837 92 21 komme
680 839 34 19 att
723 837 47 26 ske,
781 836 71 21 likväl
873 860 2 2 -

97 873 51 21 icke
169 873 77 22 blefve
267 876 56 18 utan
344 873 75 22 denna
440 877 157 24 guvernörens
613 873 79 28 åtgärd
709 873 36 21 för
760 873 92 27 sakega-

98 916 54 13 rene
167 909 124 26 bindande,
308 909 120 22 hvaremot
443 909 133 22 förberörde
587 909 121 28 skiljemän
718 909 91 21 komme
819 910 34 19 att

98 944 88 29 afgifva
211 945 158 28 ,skiljedom",
393 945 96 22 hvilken
511 945 79 21 kunde
611 947 56 19 utan
682 945 79 21 vidare
777 944 75 28 tillgö-

98 980 70 21 rande
184 980 36 22 för
235 981 139 28 sakegarene
391 981 84 21 erhålla
491 980 157 29 förpligtande
663 980 66 22 kraft.

170 1017 12 20 I
207 1018 12 19 3
243 1023 68 14 mom.
329 1019 12 18 8
363 1016 14 29 8
392 1016 42 21 har
449 1016 51 21 icke
516 1017 122 21 Utskottet
653 1017 7 20 i
676 1016 77 21 finska
767 1018 85 23 texten,

99 1055 29 26 på
144 1054 46 20 sätt
205 1052 62 21 skett
283 1053 8 20 i
307 1052 45 21 den
367 1052 52 21 nåd.
435 1059 72 22 prop.,
519 1052 117 29 begagnat
647 1052 64 21 ordet
722 1054 129 24 ,esteetön*

98 1090 56 20 utan
169 1089 9 20 i
194 1089 53 21 dess
264 1088 65 21 ställe
345 1088 73 21 insatt
429 1088 179 29 ,jäävittömiä*,
620 1088 88 22 hvilket
723 1088 41 21 ord
780 1089 72 20 måste

100 1124 112 21 erkännas
233 1131 56 14 vara
303 1124 140 26 korrektare,
461 1124 28 21 då
507 1124 41 21 det
562 1124 52 22 icke
631 1126 73 19 såsom
722 1125 129 26 ,esteetön"

98 1161 41 21 har
155 1160 56 21 flere
226 1160 138 28 betydelser.

168 1196 12 21 I
196 1198 13 19 9
225 1196 21 29 &,
263 1204 50 13 som
329 1198 127 19 motsvaras
472 1197 23 20 af
511 1198 28 20 31
552 1196 14 29 8
576 1196 9 22 i
597 1198 57 20 1868
666 1198 34 19 års
711 1195 141 28 förordning,

97 1232 93 28 stadgas
212 1234 40 24 att,
275 1232 77 21 derest
370 1233 125 27 rättsegare
511 1234 50 19 mot
577 1232 113 21 sökandes
706 1234 45 19 rätt
765 1230 36 22 till
817 1238 36 14 an-

98 1268 190 28 läggningsställe
313 1268 54 21 eller
390 1269 101 20 vattnets
515 1267 123 29 nyttjande
654 1268 54 20 eller
724 1267 67 29 eljest
806 1268 48 20 mot

99 1304 113 28 företaget
235 1304 138 21 framställer
396 1303 72 21 sådan
491 1304 153 28 anmärkning
665 1305 32 19 att
713 1303 81 28 frågan
809 1302 44 22 blir

96 1339 88 29 tvistig,
211 1340 87 21 tvisten
325 1339 84 26 derom,
437 1339 98 22 likasom
562 1339 42 21 ock
628 1339 156 29 uppkommen
802 1337 50 22 stri-

98 1374 80 29 dighet
206 1382 36 14 om
269 1375 143 28 kungsådras
436 1377 59 19 rätta
521 1375 53 28 läge
600 1374 55 22 eller
680 1382 37 14 om
745 1374 108 22 särskildt

172 1417 213 19 Vattenrättsutskottets
399 1417 117 19 betänkande
529 1417 38 19 N:o
579 1417 16 18 1.

887 1196 14 20 9
918 1194 19 28 8.
