1048 1631
220 87 29 20 54
422 86 28 22 U.
466 86 26 22 B.
509 99 29 3 —
553 85 76 29 Prop.
646 85 46 23 N:o
707 86 14 22 1

207 158 38 4 ran
273 154 20 8 KR
306 151 36 11 nli
346 151 35 11 Id
412 158 132 6 Kunalsumtinn
567 159 107 5 afaaanda
693 159 27 6 Aal
830 160 39 13 rek

189 159 64 22 prop.
271 159 113 14 särskilda
400 151 150 27 föroskriftor,
566 152 109 21 afsoondo
693 151 48 22 dols
757 154 57 19 att
815 151 131 22 förekomma

190 187 72 22 skada
277 195 84 21 genom
379 188 178 28 gvarlomnande
574 188 24 21 af
614 187 136 29 sjunkande,
763 187 94 29 sjunket
867 187 55 22 eller
933 189 13 20 ä

191 223 109 22 stranden
314 223 23 22 af
348 224 137 28 vattendrag
502 224 117 28 uppflutet
635 223 119 29 flottgods,
770 223 49 22 dels
831 225 33 19 att
874 223 73 22 under

190 259 63 22 vissa
261 259 141 29 betingelser
410 260 119 28 medgifva
540 260 139 21 detentions-
690 259 55 22 eller
754 259 193 28 occupationsrätt

191 297 23 19 ät
230 295 45 21 den
291 295 66 22 deraf
372 295 93 22 lidande
483 296 41 21 och
546 296 97 21 sålunda
659 296 84 21 bereda
759 295 85 22 honom
857 295 90 21 tillfälle

191 331 34 21 till
241 331 148 28 godtgörelse
405 331 7 21 i
429 331 47 26 fall,
493 332 35 25 då,
545 331 115 22 beroende
677 332 24 21 af
714 331 184 22 förhållandenas
909 338 38 14 na-

191 369 43 23 tur,
259 367 72 21 sådan
354 367 6 21 i
385 367 59 21 form
469 367 24 22 af
515 367 140 22 skadestånd
671 367 42 22 alls
729 367 51 21 icke
796 367 55 21 eller
866 366 81 21 endast

191 403 53 20 med
266 403 118 28 svårighet
405 403 78 22 kunde
499 403 103 22 erhållas.
634 404 12 21 I
662 403 71 28 öfrigt
748 406 24 18 är
788 402 159 22 skadestånds-

191 438 90 29 pligten
296 442 103 18 närmare
415 439 105 21 bestämd
537 439 43 22 och
594 438 211 29 skadeersättnings
817 438 130 22 erhållande

191 474 148 22 underlättad
362 475 30 21 bl.
418 483 18 13 a.
460 483 83 20 genom
560 477 117 26 strängare
693 475 143 21 föreskrifter
851 474 96 21 rörande

192 510 123 21 ställandet
331 511 24 20 af
371 511 106 21 säkerhet
492 513 60 19 samt
566 511 8 20 i
590 511 66 28 fråga
672 518 37 14 om
725 510 157 29 virkesegares
896 510 51 22 soli-

192 545 93 22 dariska
301 546 152 29 ansvarighet.
478 547 11 20 I
506 554 86 14 samma
609 547 61 28 syfte
687 548 59 19 samt
759 546 88 29 jemväl
858 545 8 22 i
877 545 71 29 öfrigt

192 581 35 21 till
251 581 165 22 allmänhetens
435 582 85 21 båtnad
536 585 38 18 äro
591 582 158 29 stadgandena
765 589 36 14 om
818 581 130 29 flottnings-

192 617 91 21 förman
306 618 137 21 utvecklade
464 618 91 26 derhän,
574 620 32 19 att
622 618 136 21 förmannen
774 617 8 22 i
797 617 64 29 långt
876 618 71 28 högre

192 653 57 28 grad
273 656 29 18 än
326 653 36 22 för
385 654 141 21 närvarande
549 653 107 22 framstår
679 655 76 20 såsom
773 653 174 28 virkesegarens

193 691 164 26 representant,
381 689 52 22 med
457 689 95 22 hvilken
576 689 51 22 icke
650 689 61 22 blott
733 689 86 22 enhvar
835 697 53 20 eger
903 689 44 21 för-

194 725 83 21 handla
301 725 33 21 uti
359 725 44 21 alla
427 725 23 22 af
474 725 138 28 flottningen
638 725 147 28 härflytande
811 725 135 28 angelägen-

194 761 69 25 heter,
280 763 56 19 utan
351 761 96 22 hvilken
455 761 87 29 jemväl
553 761 126 21 företräder
690 761 162 28 virkesegaren
863 761 8 21 i
881 761 66 28 fråga

193 803 37 14 om
252 799 49 19 mot
320 797 74 21 denne
411 797 88 21 riktade
515 797 52 21 kraf
582 796 7 21 i
606 797 46 20 den
668 796 146 29 omfattning,
831 799 33 18 att
879 798 68 20 stäm-

194 832 55 29 ning
265 834 13 19 å
295 833 162 28 virkesegaren
467 833 46 21 kan
524 833 52 20 med
588 832 145 21 rättsverkan
743 834 118 27 gentemot
872 832 74 21 denne

194 868 117 21 meddelas
327 869 141 20 förmannen.
500 868 32 21 Af
548 871 48 18 stor
610 868 121 29 betydelse
746 868 34 21 uti
796 867 150 22 förevarande

193 903 109 22 afseende
323 908 24 17 är
365 904 69 21 också
457 904 153 28 grundsatsen
634 907 40 23 att,
700 904 40 21 der
763 903 56 22 flere
835 903 112 29 tillhörigt

194 939 65 22 virke
280 939 78 22 flottas
380 939 8 22 i
409 942 32 19 ett
462 940 142 29 vattendrag,
627 940 141 28 flottningen
787 939 8 22 i
811 939 61 29 regel
889 939 58 22 skall

194 975 41 21 ske
258 975 37 21 för
317 983 133 20 gemensam
474 975 97 29 räkning
595 979 59 18 samt
673 978 34 19 att
722 975 175 28 virkesegarene
913 975 34 21 uti

194 1011 103 28 antydda
318 1011 40 22 fall
384 1011 63 22 bilda
473 1019 28 14 en
524 1011 112 29 förening,
664 1011 69 21 hvars
756 1011 192 28 angelägenheter

194 1047 145 21 handhafvas
363 1047 24 21 af
410 1047 51 22 dess
485 1047 97 28 styrelse
606 1047 73 28 enligt
699 1047 36 21 för
752 1046 135 29 föreningen
903 1049 45 19 sär-

194 1082 71 21 skildt
281 1082 122 22 faststälda
419 1083 92 28 stadgar
528 1083 43 21 och
587 1083 53 21 med
657 1090 88 14 samma
761 1082 108 29 ställning
884 1085 64 26 gent-

194 1120 62 19 emot
280 1118 160 26 allmänheten,
465 1126 48 14 som
530 1118 40 22 vid
587 1118 91 22 enskild
694 1118 110 28 flottning
819 1118 128 29 virkesega-

194 1162 40 13 ren
257 1154 96 28 intager.
378 1154 143 22 Sistberörda
544 1154 173 28 bestämningar
741 1158 38 17 äro
798 1154 109 21 likaledes
924 1154 24 21 af

194 1190 51 28 vigt
260 1190 37 21 för
312 1190 175 28 virkesegarene
503 1190 90 29 sjelfva,
610 1190 8 21 i
634 1190 40 22 det
688 1190 153 21 förhållandet
851 1190 97 21 emellan

194 1226 67 20 desse
285 1226 108 21 inbördes
412 1226 123 28 klargöres,
552 1226 43 22 och
610 1226 41 21 vid
668 1225 92 22 enskild
775 1225 109 29 flottning
901 1226 48 21 ofta

194 1261 189 21 förekommande
399 1262 150 28 anledningar
565 1262 35 21 till
616 1262 58 21 tvist
689 1261 146 28 förebyggas.

270 1410 212 19 Vattenrättsutskottets
495 1410 117 19 betänkande
624 1409 39 19 N:o
675 1411 17 18 1.
