1048 1631
336 91 27 22 U.
379 91 27 22 B.
423 104 29 2 —
467 90 76 30 Prop.
559 90 43 24 N:o
618 91 13 22 1
802 94 27 18 37

458 159 13 19 3
487 157 21 28 8.

178 206 48 21 Bör
242 205 72 28 enligt
330 207 13 19 3
359 205 52 28 kap.
430 207 26 19 11
473 205 14 28 &
503 206 51 21 eller
570 207 14 20 4
599 206 51 27 kap.
663 206 27 21 14
700 207 15 24 $
725 205 93 22 område
828 206 33 21 till

108 247 90 16 annans
213 242 114 26 nyttjande
342 241 113 28 upplåtas,
471 240 106 22 meddele
593 241 176 21 öfverexekutor
780 241 35 28 på
830 242 30 21 be-

104 279 76 25 gäran
203 276 173 29 handräckning
400 279 33 19 att
449 278 124 21 detsamma
588 278 82 21 varder
685 278 33 21 till
732 277 81 22 honom
828 279 32 26 af-

106 314 68 26 trädt,
192 313 88 20 ändock
296 313 71 21 redan
383 316 24 18 är
423 312 57 22 tvist
495 320 39 14 om
549 313 139 21 kostnadens
704 312 84 29 belopp
805 313 54 21 eller

106 348 64 21 tiden
186 348 36 21 för
237 348 94 21 hvilken
348 349 103 20 området
467 348 60 21 skall
543 349 77 21 afstås.

458 440 13 19 4
487 438 20 29 8.

176 480 115 31 Ärenden,
315 493 50 14 som
389 487 58 26 angå
470 485 143 22 utverkande
637 485 23 22 af
682 485 104 22 tillstånd
807 487 52 22 eller

104 523 46 21 rätt
171 523 33 21 till
225 523 59 20 lösen
307 521 73 28 enligt
403 521 75 21 denna
501 521 45 28 lag,
568 521 116 22 ordnande
705 521 24 22 af
747 521 110 29 flottning

105 557 55 21 eller
175 556 66 29 eljest
257 556 128 29 ordningen
395 557 41 21 vid
446 557 150 28 vattendrags
608 556 126 29 nyttjande,
746 557 111 28 handläg-

104 600 40 21 gas
164 593 24 21 af
203 595 144 26 guvernören
363 592 8 21 i
386 593 71 25 länet;
475 593 61 21 dock
548 593 120 21 ankomme
682 592 175 29 handläggning

103 629 24 20 af
145 628 65 28 fråga
228 635 37 14 om
284 628 116 21 ordnande
421 628 24 21 af
466 628 142 29 flottningen
623 628 8 21 i
646 628 143 29 vattendrag,
807 635 49 14 som

102 664 68 21 berör
182 665 40 20 två
233 663 55 22 eller
298 663 57 22 flere
365 664 44 25 län,
419 664 56 21 eller
486 664 83 21 sådant
579 664 148 29 vattendrags
739 664 117 21 sänkande

103 702 13 19 å
134 703 145 25 guvernören
294 699 8 22 i
318 700 39 21 det
372 700 44 25 län,
434 700 41 21 der
490 702 73 19 större
580 700 66 21 delen
662 700 23 21 af
695 700 162 29 vattendraget

102 735 80 29 ligger.

455 792 12 18 5
485 789 19 29 8.

173 838 37 21 Dä
235 838 101 21 ansökan
361 837 129 26 inkommit,
517 837 46 22 läte
586 841 144 26 guvernören
753 845 44 21 syn
821 837 35 22 för

102 873 129 22 ändamälet
255 873 134 22 verkställas
416 873 43 22 och
483 873 118 29 förelägge
625 873 70 22 sedan
716 873 73 28 öfrige
806 873 49 21 sak-

102 916 67 21 egare
188 911 33 19 att
240 909 62 21 inom
319 909 72 21 sextio
409 909 70 28 dagar
497 909 167 28 (förflyttning),
678 909 40 22 vid
734 909 83 21 förlust
833 909 23 21 af

101 945 79 21 vidare
203 947 44 18 rätt
271 944 82 26 dertill,
374 945 42 21 hos
432 945 85 43 honom
535 945 131 28 skriftligen
681 947 54 26 göra
750 944 35 29 jäf
801 944 55 21 eller

101 980 141 35 påminnelse
258 980 8 21 i
283 981 76 20 saken.

173 1011 98 31 Ärende,
288 1017 95 21 hvarom
399 1016 7 21 i
425 1019 9 18 1
453 1017 51 28 kap.
523 1019 29 18 20
568 1017 14 28 $
598 1019 13 19 2
628 1024 66 14 mom.
712 1017 55 20 eller
778 1018 12 19 4
802 1017 52 28 kap.

103 1054 26 19 13
153 1052 14 29 &
191 1054 69 26 sagts,
285 1052 54 21 eller
363 1059 49 14 som
436 1055 37 18 rör
497 1052 99 29 ändring
612 1052 24 21 af
650 1051 204 29 flottningsstadga

102 1087 54 21 eller
175 1087 113 28 sänkning
304 1088 24 21 af
344 1088 118 21 sökanden
478 1095 80 14 ensam
575 1088 111 28 tillhörigt
701 1087 89 22 mindre
806 1090 48 19 vat-

100 1123 103 28 tendrag,
220 1125 37 19 må
273 1123 90 29 afgöras
379 1126 56 19 utan
451 1131 50 21 syn,
519 1125 44 20 och
580 1124 82 21 ärende
677 1124 24 21 af
716 1124 139 21 förstnämdt

101 1159 49 28 slag
166 1158 69 22 äfven
251 1162 54 19 utan
321 1160 101 21 hörande
439 1160 24 21 af
479 1162 132 26 rättsegare,
628 1168 37 14 om
681 1160 81 21 sådant
777 1159 76 21 finnes

99 1194 51 22 icke
167 1202 53 14 vara
237 1195 23 21 af
275 1196 82 20 nöden.

172 1230 32 21 Af
227 1238 66 21 syne-
317 1232 42 20 och
384 1231 73 29 öfriga
478 1232 139 28 handlingar
632 1232 35 21 får
681 1234 64 26 tagas
763 1230 38 22 del
816 1231 38 22 hos

101 1266 145 22 länsmannen
261 1268 9 21 i
285 1268 36 21 det
339 1267 95 26 distrikt,
451 1267 59 22 inom
526 1268 81 21 hvilket
622 1267 104 28 företaget
742 1268 27 20 är
784 1266 70 28 afsedt

98 1303 34 20 att
154 1301 91 28 utföras.
277 1302 70 22 Berör
369 1302 106 30 företaget
498 1305 60 20 orter
580 1303 58 22 inom
659 1303 52 27 flere
729 1302 124 23 länsmans-

98 1337 95 28 distrikt,
214 1338 112 22 ankomme
347 1339 14 21 å
380 1341 139 25 guvernören
536 1340 33 21 att
584 1338 113 23 bestämma
713 1338 55 23 hvar
783 1338 70 22 hand-

98 1373 107 28 lingarna
220 1373 61 22 skola
296 1373 71 23 hållas
382 1374 145 29 tillgängliga.

174 1414 211 20 Vattenrättsutskottets
398 1416 118 19 betänkande
529 1416 38 19 N:o
579 1418 16 17 1.
