1048 1631
226 98 14 19 4
538 96 43 21 N:o
598 98 18 20 9.

227 164 40 22 för
281 164 114 22 särskildt
408 165 38 22 nit
459 165 42 22 vid
516 166 136 21 beifrandet
666 167 27 20 af
707 168 77 19 ötver-

227 199 115 22 trädelser
361 200 27 21 af
405 199 318 30 bränvinsförfattningarna
738 200 47 21 för-

227 234 102 29 slagsvis
353 235 91 27 250,000
462 235 67 20 mark
545 242 38 13 om
602 235 56 26 året,
674 234 57 22 eller
747 235 37 21 för

227 269 56 27 fyra
298 269 26 21 år
347 285 5 4 .
383 285 5 5 .
419 285 40 5 vs
780 285 4 5 .
804 270 117 26 1,000,000:
931 281 26 4 --—

198 303 105 21 Dernäst
327 303 38 21 till
390 286 142 47 fördelning
550 285 100 40 selän
671 281 114 56 samtliga

228 337 139 22 kommuner
376 333 13 38 &
411 337 87 28 landet,
515 338 61 21 efter
598 338 67 21 deras
688 337 97 28 mantal,

229 371 44 22 och
303 371 115 29 städerna,
445 372 35 21 uti
507 372 82 21 hvilka
619 371 81 29 hvarje
731 355 55 38 fullt

229 405 128 22 hundratal
381 406 26 21 af
428 406 46 21 den
496 406 183 21 mantalskrifna
694 406 91 21 befolk-

229 440 90 29 ningen
333 440 59 21 skall
417 448 68 14 anses
507 443 119 20 motsvara
641 443 34 19 ett
690 441 95 27 mantal,

230 476 36 20 att
282 475 120 21 användas
417 475 39 21 till
471 475 95 28 nyttiga
581 475 151 21 kommunala
747 475 39 21 be-

229 509 50 28 hof,
295 516 50 14 som
361 509 40 22 vid
417 509 87 22 allmän
520 511 100 20 stämma
635 509 82 22 blifvit
731 509 56 28 god-

229 526 89 73 kända,
324 545 92 26 400,000
427 544 67 21 mark
494 544 112 55 Srligen,
618 543 56 22 eller
685 543 38 21 för
734 543 53 28 fyra

229 579 27 20 är
277 595 4 4 .
457 596 4 4 4
710 594 5 5 «
746 595 5 4 +
783 594 5 5 +
807 579 116 26 1,600,000:
934 589 23 3 —

618 594 95 47 Summa
728 619 61 20 Fmk
806 619 117 27 2,600,000:
932 629 28 4 —

271 677 35 21 Af
321 677 39 21 det
376 677 91 28 belopp,
483 684 49 14 som
548 677 138 21 härutöfver
701 675 95 29 inflyter
810 681 84 22 genom
905 674 56 21 ifrå-

198 711 139 29 gavarande
353 711 70 28 skatt,
440 711 131 21 öfverföres
595 713 91 25 660,000
709 709 67 22 mark
791 709 97 28 årligen,
905 708 56 21 eller

203 746 38 21 för
260 746 55 44 fyra
330 746 26 21 år
373 747 113 26 2,640,000
508 745 72 28 mark,
605 745 37 21 till
664 743 238 29 bevillningsmedlen
917 742 43 22 och

199 781 139 21 Atersioden
353 781 68 28 ingår
436 781 9 20 i
460 759 313 54 kommunikationsfonden.

411 845 12 20 I
437 844 79 22 Näder
532 843 111 29 godkänd
658 843 9 21 i
683 843 35 21 S:t
733 841 142 28 Petersburg
890 840 45 21 den
949 841 12 20 3

344 881 45 26 (15)
405 878 100 22 Januari
523 881 59 18 1900.

464 973 329 23 Minister-Statssekreterare
809 973 85 21 Plehwe.

336 1393 123 51 Helsingfors,
471 1396 105 43 Kejserliga
586 1396 4 1 $
588 1416 92 18 Senatens
692 1390 97 52 tryckeri,
793 1410 48 31 1900.
