1048 1631
397 108 54 22 N:o
469 107 30 23 8.

277 411 76 25 Hans
371 411 184 32 Kejserliga
573 411 162 32 Majestäts
748 411 81 32 nådiga

209 457 138 33 proposition
366 457 34 24 till
420 457 103 25 Finlands
542 457 102 32 Ständer,
664 457 115 32 angående
791 457 40 25 be-

210 503 92 31 villning
321 503 38 24 för
377 503 112 32 spelkort.

140 583 111 21 Förutom
267 581 44 22 den
326 581 30 29 på
371 581 78 28 grund
464 581 27 22 af
504 581 208 29 bestämningarna
725 583 8 20 i
743 583 88 28 nådiga

72 616 156 29 kungörelsen
243 616 27 21 af
284 616 45 21 den
345 617 26 20 22
383 615 58 22 Juni
454 617 53 20 1859
518 616 54 21 med
583 619 27 19 40
621 617 70 28 penni
701 617 38 22 för
749 617 81 28 hvarje

72 651 38 21 lek
125 651 118 28 utgående
258 650 175 29 stämpelafgift
447 650 38 22 för
500 650 110 29 spelkort,
622 651 71 21 hafva
704 651 126 22 korttabri-

72 685 114 21 kanterna
209 685 9 21 i
236 684 82 22 landet
333 684 34 21 alt
383 684 71 21 sedan
472 685 54 21 1865
543 684 75 29 erlagt
633 692 29 14 en
677 685 154 29 bevillnings-

72 719 72 28 afgift
167 719 27 21 af
216 721 26 20 60
264 719 71 28 penni
357 719 37 21 för
417 719 80 28 hvarje
520 719 100 22 kortlek.
650 719 137 22 Inkomsten
805 719 28 22 af

72 753 77 22 denna
170 753 132 29 bevillning
323 753 44 22 har
388 753 38 22 för
449 754 55 21 åren
522 756 140 19 1896—1898
678 755 100 28 uppgått
793 754 38 21 till

73 788 103 28 följande
192 788 90 28 belopp,
298 787 129 29 nemligen:

176 845 26 22 är
221 847 51 20 1896
288 845 38 22 till
347 863 1 4 .
380 863 4 4 .
417 863 4 3 .
452 862 4 4 .
488 862 4 5 .
523 845 62 22 Fmk
601 847 125 26 25,259:40.

185 889 9 9 »
219 881 52 20 1897
304 889 9 9 »
346 897 3 3 <
417 896 77 5 LL.
553 890 9 9 »
602 881 125 26 23,753:40.

186 924 9 9 »
219 916 52 19 18988
305 924 8 9 »
346 931 4 4 <
418 931 76 4 LL.
552 924 10 9 »
601 916 83 26 35,698:
693 917 34 19 80.

141 982 47 21 Vid
204 984 90 19 senaste
310 982 116 21 ordinarie
442 982 115 29 landtdag
573 983 69 28 ätogo
652 982 36 29 sig
699 982 132 22 Ständerna

75 1017 75 21 denna
172 1016 131 29 bevillning
328 1016 37 21 för
392 1017 55 20 ären
473 1018 141 20 1898—1900
637 1016 44 22 och
703 1016 129 29 anledning

75 1058 66 21 synes
165 1051 21 28 ej
209 1051 142 21 förekomma
374 1052 35 19 att
431 1050 38 22 för
494 1050 159 22 instundande
675 1050 158 29 finansperiod

75 1085 100 22 afskaffa
191 1085 139 21 densamma.

142 1119 66 22 Hans
233 1119 132 29 Kejserliga
391 1119 112 28 Majestät
530 1119 42 21 har
595 1119 90 22 derföre
708 1119 64 22 velat
794 1119 38 22 till

76 1154 142 22 Ständernas
233 1154 178 28 handläggning
427 1153 146 22 öfverlemna
588 1153 114 29 följande:

281 1242 82 27 Förslag
379 1242 28 21 till
423 1242 118 27 förordning
557 1247 31 16 om
605 1242 38 21 den
659 1241 112 27 bevillning,
787 1246 44 17 som

211 1282 51 21 skall
281 1282 96 27 erläggas
393 1282 31 21 för
439 1282 93 26 spelkort
548 1282 63 21 under
626 1281 49 22 åren
690 1281 142 23 1901—1904.

142 1344 112 22 Förutom
270 1344 45 22 den
330 1352 84 21 genom
430 1344 87 29 nädiga
532 1344 156 29 kungörelsen
703 1344 27 21 af
744 1344 46 21 den
806 1345 25 20 22

78 1378 52 22 Juni
149 1380 53 20 1859
219 1378 126 22 faststälda
360 1378 175 29 stämpelafgift
550 1379 38 21 för
603 1378 108 29 spelkort,
726 1378 106 28 erlägges

78 1413 32 21 för
129 1412 81 28 hvarje
229 1413 93 22 kortlek
343 1420 28 14 en
392 1413 218 29 bevillningsafgift
626 1413 26 21 af
666 1413 73 21 sextio
755 1413 78 28 penni.
