1048 1631
312 112 27 22 U.
355 113 27 21 B.
399 125 25 2 —
442 112 71 27 Prop.
529 112 41 22 N:o
586 113 20 21 2.
797 115 13 19 5

85 182 70 21 nades
179 182 71 21 bättre
273 183 113 20 motsvara
409 182 38 20 det
467 182 98 21 svenska
584 182 63 21 ordet
666 181 173 26 ,fodermedel*,

85 216 41 21 har
142 215 119 27 Utskottet,
273 216 52 21 med
340 216 88 27 hänsyn
446 215 32 21 till
494 217 32 20 att
538 216 62 21 ordet
611 215 146 26 ,rehuvarat*
769 216 69 21 redan

83 249 80 22 vunnit
178 250 83 21 allmän
277 250 148 27 användning
442 250 5 21 i
463 249 152 28 spräkbruket
630 250 42 21 och
687 249 30 22 dä
732 250 107 21 anmärk-

83 284 55 28 ning
160 284 8 21 i
190 285 61 20 detta
273 284 107 21 afseende
399 285 50 20 icke
470 285 24 20 af
513 284 69 28 något
601 286 67 19 annat
683 284 71 22 Stånd
769 284 71 21 fram-

84 319 72 26 stälts,
172 319 50 21 icke
237 319 75 21 funnit
327 319 122 28 anledning
464 319 84 21 föreslä
564 319 70 21 sädan
650 319 103 28 ändring.
782 319 58 21 Lika

85 353 48 21 litet
148 353 41 21 har
204 353 120 26 Utskottet,
340 354 51 21 med
412 353 123 28 anledning
554 353 23 21 af
596 355 31 19 ett
645 353 40 21 hos
701 353 139 22 Ridderska-

84 390 38 26 pet
138 388 42 21 och
196 387 73 22 Adeln
282 387 73 28 gjordt
366 388 103 27 yrkande
479 389 32 20 att
522 388 63 21 ordet
598 404 9 9 ,
610 387 109 26 vakuus*,
731 387 109 22 hvarmed

86 423 38 21 det
140 422 6 21 i
162 422 99 21 svenska
277 424 73 19 texten
370 422 185 21 förekommande
571 423 63 20 ordet
650 439 4 8 ,
656 422 108 28 garanti"
781 422 59 21 äter-

85 456 79 29 gifvits
186 456 42 22 och
247 463 47 14 som
315 456 122 22 förmenats
456 457 85 27 betyda
560 457 80 20 endast
654 456 127 22 säkerhet
768 452 13 38 i
798 457 42 21 all-

86 491 98 26 mänhet,
195 491 68 21 borde
280 491 91 28 utbytas
388 493 45 19 mot
449 491 63 21 ordet
529 491 109 27 ,takeet*,
653 491 73 21 funnit
741 491 50 22 skäl
807 491 34 21 till

86 525 64 29 dylik
166 525 87 28 ätgärd,
270 525 28 22 dä
318 526 37 21 det
374 525 24 22 af
416 525 115 22 Utskottet
550 525 103 22 använda
670 526 69 25 ordet,
754 525 87 22 hvilket

85 559 71 23 ocksä
177 560 150 21 förekommer
350 560 7 21 i
381 561 42 20 den
445 559 84 28 nädiga
548 559 173 28 propositionen,
741 560 100 27 pröfvats

84 594 137 29 lämpligast.
251 594 33 22 Pä
302 595 73 28 grund
395 594 24 21 af
438 594 60 21 hvad
515 594 68 21 ofvan
599 593 136 22 framhällits
750 593 35 22 fär
801 594 40 22 Ut-

86 629 84 22 skottet
184 629 120 21 hemställa

292 695 32 18 att
350 693 115 20 Utskottets
488 692 136 21 betänkande
647 693 65 20 måtte
735 693 8 20 i
767 693 75 27 ofvan-

223 733 76 21 nämdt
315 733 120 21 hänseende
451 733 147 28 oförändradt
612 733 135 28 godkännas.

156 807 147 28 Helsingfors,
319 808 42 21 den
377 808 28 21 29
420 807 62 22 Mars
503 809 58 20 1900.

162 1468 183 18 Ekonomiutskottets
358 1468 111 18 betänkande
483 1468 35 17 N:o
532 1470 17 15 3.
