1048 1631
104 319 25 19 11
147 317 20 28 8.

118 1327 12 19 2
148 1324 20 29 &.

257 142 165 23 Rondeständet
442 142 41 21 har
499 142 97 22 beslutit
611 145 34 18 att
661 142 58 21 efter
735 142 65 21 ordet
817 138 125 57 simuksan

186 177 75 22 skulle
276 177 119 30 tilläggas:
413 178 67 27 ,,ellei
495 178 72 22 toisin
582 178 36 22 ole
636 177 109 23 sovittu*.

258 214 37 21 Dä
311 213 128 22 emellertid
455 216 34 19 tre
506 214 67 22 ständ
590 214 91 21 förenat
695 213 35 29 sig
741 221 37 14 om
789 185 156 62 Petarkandet

185 249 8 22 i
210 250 75 21 denna
301 250 74 28 punkt
391 250 41 21 har
445 250 186 21 Bondeståndets
642 250 99 21 berörda
751 250 78 21 beslut
839 249 51 22 icke
900 249 44 22 för-

186 285 79 22 anledt
279 287 78 27 någon
373 286 86 28 åtgärd.

257 321 83 22 Denna
355 322 107 28 paragraf
478 323 41 20 har
536 322 23 21 af
575 322 108 28 samtliga
699 321 67 22 stånd
782 321 114 29 godkänts
911 323 33 20 så-

185 357 38 22 väl
244 357 63 22 hvad
328 357 53 22 dess
397 357 89 29 sakliga
504 358 102 21 innehåll
622 365 50 14 som
689 358 45 21 den
750 357 99 22 svenska
864 359 78 19 texten

185 393 117 22 beträffar:
323 393 110 21 Deremot
443 393 42 22 har
496 394 191 27 Borgareståndet
697 393 94 21 beslutit
802 393 141 21 öfverlemna

186 429 35 21 till
234 429 121 21 Utskottet
371 431 34 19 att
419 431 54 26 taga
489 429 8 21 i
513 429 172 28 öfvervägande
701 429 116 21 huruvida
832 428 51 21 icke
899 428 45 21 den

185 464 78 22 finska
275 467 78 19 texten
364 465 24 21 af
398 465 147 28 paragrafens
559 468 10 18 1
582 472 68 14 mom.
663 465 72 21 borde
747 465 84 21 erhålla
842 463 102 29 följande

186 501 136 28 affattning:
355 518 4 9 ,
363 501 106 26 Elleivät
487 508 64 21 suon,
568 501 88 21 rahkan
672 501 48 21 tahi
736 508 71 13 muun
823 499 121 29 vesiperäi-

186 543 40 15 sen
239 543 74 20 maan,
328 536 72 29 johon
417 536 32 22 eri
465 536 81 22 tiloilla
561 536 107 21 kullakin
683 543 30 14 on
729 543 87 18 osansa,
829 535 116 29 omistajat

186 572 162 21 kuulutetussa
363 571 229 29 ojituskokouksessa
608 572 52 21 sovi
676 579 68 14 maan
756 571 126 29 yhteisestä
893 571 50 28 ojit-

186 607 119 22 tamisesta
321 615 41 14 sen
377 607 173 29 viljelemiseksi
566 608 48 21 tahi
630 607 191 29 parantamiseksi
835 607 25 28 ja
874 607 69 21 koko-

186 644 97 21 uksessa
303 643 59 29 joku
384 643 75 22 heistä
479 644 116 28 tarjoutuu
611 643 168 22 toimittamaan
795 642 146 29 ojittamisen,

186 679 92 22 eivätkä
293 679 125 22 vähintään
433 679 84 28 puolen
528 679 157 29 vesiperäisen
696 686 67 14 maan
775 677 116 29 omistajat
899 678 44 21 sitä

185 717 112 24 vastusta,
321 715 101 21 tehköön
447 723 30 18 se,
497 715 57 28 joka
570 715 75 21 siihen
660 714 117 29 tarjoutui,
794 717 57 26 työn
867 713 76 22 oikeu-

186 751 61 21 della
270 751 69 22 saada
362 758 40 14 sen
425 751 104 28 loppuun
552 751 180 21 suoritettuansa
752 749 89 22 nauttia
859 749 84 22 toisten

186 787 145 21 maa-alueita
352 787 97 21 kutakin
467 787 49 21 niin
533 787 81 28 pitkän
629 787 61 28 ajan,
707 786 108 21 enintään
825 785 110 29 viisikym

186 825 77 18 mentä
276 825 87 23 vuotta,
381 825 46 19 että
442 825 128 19 tuotannon
584 822 122 21 harkitaan
722 823 131 20 korvaavan
863 821 79 21 kaikki

186 865 41 14 sen
244 859 70 21 osalle
330 859 88 20 tulevat
433 859 189 21 kustannukset''.

258 894 119 22 Utskottet
398 901 66 14 anser
488 894 35 29 sig
550 895 50 20 icke
627 895 80 20 kunna
730 893 115 29 tillstyrka
866 895 77 26 nägon

187 937 75 14 annan
279 930 97 28 ändring
392 933 29 18 än
437 931 61 22 ordet
517 931 80 26 ,Ellei*
616 931 88 22 ändras
720 931 33 21 till
772 946 7 8 ,
783 929 112 23 Elleivät."

497 998 47 19 IV.
562 997 74 27 Kap.

259 1049 102 21 Ständen
384 1049 70 21 hafva
477 1049 44 22 alla
545 1049 89 29 antagit
657 1049 136 29 paragrafen
815 1047 73 29 enligt
903 1047 40 22 Ut-

186 1086 98 21 skottets
305 1085 96 28 förslag;
423 1086 60 21 dock
503 1086 41 21 har
561 1085 164 23 Presteständet
741 1085 104 21 anmärkt
861 1086 32 19 att
909 1083 33 22 uti

185 1121 149 29 paragrafens
352 1124 9 19 1
380 1129 67 14 mom.
465 1121 58 22 efter
538 1121 66 22 ordet
618 1121 145 27 ,vinnande*
775 1120 71 21 borde
857 1119 86 29 inskju-

186 1160 34 18 tas
239 1158 59 26 ,af*,
315 1158 43 21 och
374 1157 35 22 får
425 1157 118 22 Utskottet
560 1158 121 21 vördsamt
695 1157 95 21 föreslå:

475 1208 32 20 att
523 1207 145 27 paragrafen
682 1206 68 22 måtte
765 1207 73 20 rättas
851 1204 32 29 pä
899 1206 44 20 sätt

403 1241 173 23 Presteståndets
591 1243 154 26 anmärkning
759 1242 71 26 gifver
844 1240 37 22 vid
890 1241 53 21 han-

404 1279 47 21 den.

258 1325 141 29 Paragrafen
422 1326 41 21 har
487 1326 22 20 af
534 1325 107 29 samtliga
658 1325 67 21 stånd
741 1324 126 29 godkänts;
884 1324 59 21 dock

186 1362 42 20 har
251 1362 190 27 Borgareståndet
463 1361 95 22 beslutit
579 1361 143 22 öfverlemna
737 1363 24 19 åt
776 1360 119 22 Utskottet
910 1362 33 19 att
