1048 1631
337 96 28 22 U.
382 96 26 22 B.
424 110 29 2 —
469 96 71 28 Prop.
556 96 40 22 N:o
612 96 21 22 8.
865 95 14 22 3

650 164 158 27 (Öfversättning).

385 216 207 28 Reservation.

166 283 99 21 Emedan
285 283 22 21 vi
329 282 36 22 vid
382 283 166 27 behandlingen
564 283 24 21 af
604 283 275 28 sammanjemkningsför-

94 319 72 28 slaget
181 319 48 21 icke
246 319 59 21 varit
321 325 52 15 ense
389 318 50 22 med
456 319 122 28 Utskottet,
596 319 92 28 utbedja
703 319 24 21 vi
741 326 36 14 oss
788 318 93 22 härmed

94 355 128 28 ödmjukast
237 355 25 21 få
278 355 79 21 anföra
373 355 26 21 de
415 354 56 28 skäl,
489 362 48 14 som
551 355 91 22 hindrat
660 362 35 14 oss
715 356 34 21 att
760 355 121 28 godkänna

95 391 128 24 Utskottets
239 391 84 27 förslag
338 391 41 21 och
395 391 27 21 de
438 391 75 25 motiv,
530 392 30 28 på
574 391 79 22 hvilka
668 391 38 22 det
722 391 74 21 stöder
811 391 39 27 sig.

165 427 115 21 Ehuruväl
296 427 28 21 60
341 427 64 28 penni
423 427 64 27 ingår
503 427 7 21 i
530 427 3 21 1
547 427 69 27 mark,
629 427 78 22 kunna
717 427 23 21 vi
750 427 70 22 likväl
832 427 48 21 icke

94 463 114 27 medgifva
231 464 34 20 att
288 462 164 29 Ridderskapet
475 463 40 21 och
541 463 71 21 Adeln
634 464 58 20 samt
713 463 168 21 Bondeståndet

94 506 80 21 genom
198 500 35 20 att
256 498 118 28 godkänna
399 506 28 14 en
452 499 123 27 bevillning
594 499 24 21 af
639 499 8 21 1
666 499 63 21 mark
745 499 34 21 för
793 499 88 21 kortlek

94 535 61 22 velat
176 535 127 21 bestämma
323 534 94 28 afgiften
437 535 33 20 till
491 535 28 21 60
539 535 73 29 penni,
630 537 53 19 enär
698 535 6 21 i
721 535 82 22 sådant
818 535 40 22 fall
873 535 8 20 i

94 571 81 29 sjelfva
184 571 78 21 verket
271 572 32 20 ett
312 571 166 21 ständerbeslut
489 571 69 21 redan
567 571 72 21 skulle
651 571 106 28 föreligga
768 571 40 21 och
819 578 61 14 sam-

96 607 169 28 manjemkning
280 607 126 27 naturligen
423 607 18 28 ej
458 607 117 27 behöfvas,
592 608 60 20 samt
668 607 105 22 särskildt
789 607 29 21 dä
828 614 53 14 man

96 643 50 22 med
163 644 26 20 sä
205 643 90 28 mycket
310 643 69 21 större
395 643 51 21 skäl
461 643 46 21 kan
524 645 56 26 säga
596 644 34 21 att
647 643 104 28 förslaget
766 643 8 21 i
785 643 43 21 den
839 643 42 21 nä-

94 679 52 28 diga
169 679 163 28 propositionen
357 686 34 14 om
410 679 128 28 beviljande
554 679 24 22 af
594 687 28 14 en
638 679 28 22 60
682 679 78 29 pennis
776 679 65 27 afgift
857 680 25 20 är

95 714 117 28 godkändt
227 721 78 21 genom
321 715 137 28 beviljandet
474 715 23 21 af
516 715 10 21 1
547 715 69 28 mark,
629 715 40 21 och
680 716 35 20 att
725 715 64 22 detta
800 715 82 27 förslag

95 751 96 21 sälunda
214 752 29 27 pä
263 751 57 21 intet
339 751 46 21 sätt
408 751 46 21 kan
479 758 67 14 anses
570 752 107 26 motväga
697 751 128 22 Utskottets
840 751 41 21 be-

95 787 123 27 tänkande,
242 786 86 22 hvilket
346 787 24 28 ju
386 787 114 21 dessutom
517 788 85 21 tvänne
624 787 65 22 ständ
713 787 169 27 enhälligt

95 823 105 28 godkänt.

166 859 52 21 Med
238 859 106 21 afseende
365 859 54 21 därä
435 860 35 21 att
486 859 43 21 den
546 859 83 28 nädiga
645 859 174 29 propositionens
835 859 46 21 för-

95 895 105 22 hällande
225 895 32 21 till
277 895 126 21 Ständerna
425 896 24 20 är
468 896 33 20 ett
517 896 73 21 annat
606 897 28 19 än
652 895 36 22 det
704 903 47 14 som
768 902 50 21 eger
833 902 48 14 rum

96 931 96 21 stånden
204 931 101 27 emellan,
317 933 37 19 äro
372 931 21 21 vi
405 931 68 22 äfven
485 931 147 28 Ofvertygade
644 931 73 22 derom
729 932 35 21 att
772 931 26 21 de
807 931 73 26 stånd,

95 967 79 21 hvilka
190 967 99 27 godkänt
306 967 126 21 Utskottets
444 967 150 27 betänkande,
608 969 28 27 på
647 975 86 13 samma
745 969 58 26 gång
814 967 67 22 äfven

95 1003 83 22 bifallit
201 1003 34 21 till
259 1003 42 21 den
325 1003 82 28 nådiga
429 1003 165 28 propositionen
613 1003 48 22 med
681 1004 136 21 åtminstone
835 1003 48 21 lika

96 1040 46 21 stor
157 1039 170 28 beredvillighet
343 1047 47 14 som
407 1039 33 27 de,
458 1039 79 22 hvilka
554 1039 82 22 önskat
651 1039 146 27 beskattning
807 1039 24 21 af
842 1045 40 15 en-

96 1075 52 22 dast
164 1075 28 22 60
208 1075 73 29 penni,
299 1075 41 22 och
356 1075 75 22 tillåta
447 1075 22 22 vi
485 1082 37 15 oss
540 1075 95 22 sålunda
653 1075 114 21 vördsamt
781 1075 91 21 föreslå:

381 1137 32 20 att
435 1134 124 24 Ständerna
577 1135 48 23 ville
644 1136 46 21 med
704 1135 137 27 förkastande
857 1134 30 28 af

310 1171 322 30 sammanjemkningsförslaget,
653 1171 126 27 öfverlemna
801 1172 22 21 ät
838 1172 44 21 Be-

311 1208 200 28 villningsutskottet
534 1210 31 19 att
586 1210 97 26 uppgöra
703 1210 48 26 nytt
773 1215 109 14 samman-

306 1243 206 29 jemkningsförslag
536 1245 30 25 pä
582 1244 74 28 grund
675 1243 28 27 af
722 1244 110 22 Utskottets
849 1251 34 14 ur-

310 1280 125 28 sprungliga
451 1280 138 22 betänkande.

168 1321 137 28 Helsingfors
322 1321 43 22 den
383 1322 9 20 1
411 1321 59 22 Mars
489 1321 63 22 1900.

200 1363 22 29 J.
241 1362 158 24 Päivärinta.
560 1363 28 23 K.
606 1363 27 22 E.
650 1362 125 29 Vegelius

200 1399 143 28 Johannes
361 1398 128 24 Ilmanen.
555 1399 23 28 J.
596 1398 28 24 R.
642 1399 137 22 Forsman.

282 1461 123 31 Helsingfors,
418 1450 113 42 Päivälehtis
544 1460 84 32 tryckeri,
643 1454 50 28 1900.
