1048 1631
189 125 27 19 63
401 122 72 24 Ständ.
490 123 35 23 Sv.
542 136 26 3 —
585 123 61 28 Prop.
664 123 35 22 N:o
717 124 17 21 1.

539 189 24 19 11
581 187 20 28 8.

258 227 45 21 Vid
326 227 87 22 inlösen
435 227 26 22 af
481 227 113 22 strömfall
617 227 73 28 enligt
714 229 25 19 12
763 228 14 28 &
794 231 9 17 1
821 227 49 28 kap.
887 227 62 22 bör
936 223 17 37 i

189 261 136 28 tillämpliga
347 261 62 22 delar
432 262 112 28 iakttagas
568 262 61 21 hvad
648 269 37 14 om
702 262 99 28 egobyte
816 261 43 22 och
875 269 74 14 annan

186 296 150 28 jorddelning
359 299 24 18 är
405 296 106 21 särskildt
532 296 112 28 stadgadt.
676 296 133 29 Egostycke
824 295 25 22 af
862 295 87 22 mindre

190 330 147 29 betydenhet,
353 333 25 19 sä
393 331 43 21 ock
451 331 124 21 outbruten
590 331 68 21 andel
673 331 8 21 i
697 331 118 27 strömfall,
831 332 36 19 mä
879 330 71 21 likväl

189 367 55 19 utan
268 365 98 28 ändring
388 365 7 21 i
414 365 85 22 mantal
522 365 44 22 och
590 365 62 22 skatt
675 365 52 22 frän
751 373 28 14 en
793 364 107 29 lägenhet
915 364 35 21 till

189 407 76 14 annan
281 399 132 22 öfverföras.

541 459 25 20 12
582 458 21 28 8.

259 497 44 21 Vid
327 497 69 22 skifte
419 497 26 22 af
458 497 144 29 tillandning,
618 505 49 14 som
682 497 77 22 tillhör
775 497 53 22 flere
844 497 105 28 lägenhe-

189 533 40 24 ter,
255 531 40 22 bör
318 531 119 29 iakttagas,
462 532 74 22 sävidt
559 532 40 21 ske
619 532 53 25 kan,
689 534 33 19 att
738 539 28 14 en
781 531 57 22 hvar
853 531 96 21 erhäller

190 565 34 22 sin
247 565 44 22 lott
309 566 3 21 i
328 566 164 29 sammanhang
514 567 52 21 med
589 567 52 21 dess
665 566 74 28 öfriga
762 566 64 21 mark
841 565 43 22 och
899 565 51 22 icke

189 602 133 27 utestänges
345 601 52 21 frän
420 601 142 22 äterstäende
586 603 95 20 vattnet.
711 601 84 21 Finnes
819 600 130 25 skifteslott,

190 642 48 14 som
260 637 78 26 nägon
360 635 124 22 tillkomme
510 635 72 22 under
604 643 88 14 annans
715 642 62 21 egor,
801 637 24 19 sä
847 635 103 21 försvära

190 669 75 22 dessas
289 669 55 22 häfd
369 670 42 21 och
433 670 121 28 nyttjande
578 672 33 19 att
626 669 115 29 väsentlig
757 669 122 28 olägenhet
894 677 55 20 upp-

190 705 52 24 stär,
266 711 54 14 vare
343 704 45 21 han
409 705 98 28 skyldig,
523 712 36 14 om
576 705 38 21 det
628 704 78 29 yrkas,
723 706 33 19 att
770 704 35 21 till
821 704 43 21 den
880 703 69 22 andre

190 737 59 22 afstä
265 738 70 21 sådan
351 739 42 21 lott
409 741 60 20 emot
483 739 108 28 vederlag
607 739 110 28 antingen
733 738 90 28 iläglig
831 737 51 29 jord
895 737 54 22 eller

190 772 7 20 i
212 773 135 28 penningar,
363 773 58 20 efter
436 775 52 26 eget
503 773 42 20 val.

541 839 25 19 13
582 837 20 29 8.

259 876 67 22 Hvad
343 877 6 20 i
365 877 74 21 denna
453 877 38 28 lag
506 880 52 25 sägs
574 884 37 15 om
627 877 137 28 vattendrag
779 884 48 21 ege,
842 877 75 21 sävidt
927 876 20 28 ej

190 911 143 21 annorlunda
347 911 105 22 särskildt
463 911 97 28 stadgas,
572 911 147 29 tillämpning
728 911 85 28 jemväl
824 913 13 19 ä
847 910 100 29 saltsjön.

540 976 26 20 14
582 975 20 28 &.

259 1015 83 21 Denna
364 1015 37 28 lag
423 1015 74 21 träder
513 1015 6 20 i
535 1015 146 22 verksamhet
704 1014 51 21 från
778 1014 43 22 och
839 1015 50 20 med
905 1015 44 20 den

611 1049 29 21 dä
656 1051 28 19 20
700 1049 95 28 kapitlet
810 1051 58 19 samt
883 1051 12 18 6
912 1049 37 21 ka-

190 1084 67 29 pitlet
280 1086 7 19 2
303 1083 44 22 och
362 1087 13 18 3
391 1084 29 29 $$
439 1083 227 29 Byggningabalken
684 1083 43 22 och
743 1083 60 22 hvad
822 1085 13 19 4
855 1083 95 28 kapitlet

191 1121 12 19 2
219 1119 14 29 8
249 1126 86 14 samma
358 1118 53 21 balk
434 1118 125 21 innehåller
582 1126 36 13 om
642 1118 103 27 dikning,
770 1117 117 22 äfvensom
905 1117 44 22 för-

190 1154 155 28 ordningarna
361 1153 25 21 af
399 1153 44 21 den
466 1156 27 18 23
514 1153 60 21 Mars
599 1156 62 22 1868,
685 1152 117 29 angäende
825 1152 124 22 vattenled-

190 1188 83 28 ningar
296 1188 43 21 och
361 1188 142 26 vattenverk,
519 1188 44 20 den
586 1190 25 18 18
632 1187 110 21 Februari
766 1189 61 23 1889,
850 1186 100 22 innehäl-

190 1222 67 21 lande
281 1222 82 28 tillägg
386 1222 34 21 till
435 1224 27 19 33
478 1222 14 28 S
508 1222 7 20 i
530 1222 124 21 sistnämda
677 1221 141 28 förordning,
842 1221 42 21 och
906 1221 44 21 den

191 1258 27 19 24
233 1256 62 22 Mars
312 1258 61 23 1873,
389 1256 118 28 angående
522 1256 108 28 flottning
646 1256 26 21 af
686 1256 144 28 skogsalster,
847 1255 103 29 upphöra

191 1293 33 19 att
239 1290 67 33 gälla.

259 1320 34 26 Är
316 1325 96 28 tidigare
435 1325 133 21 förordnadt
591 1332 36 14 om
652 1324 128 28 ordningen
799 1324 36 22 för
850 1324 99 22 flottnin-

191 1367 45 36 gen
252 1360 7 21 i
274 1360 57 21 visst
355 1359 141 45 vattendrag;
519 1359 67 21 lände
599 1359 71 37 dock
690 1359 38 21 det
743 1358 34 22 till
793 1358 156 26 efterrättelse,

233 1394 14 10 n
381 1393 27 11 4
476 1400 56 4 VNV
551 1385 22 28 10]
749 1393 131 11 £illbomsmar

190 1396 59 19 intill
265 1394 52 21 dess
333 1401 32 21 Dy
381 1396 202 26 iutuningsstauga
597 1401 7 14 i
619 1394 54 28 laga
687 1396 46 25 Väg
750 1401 141 13 ViukKVIDIGOR.
