1048 1631
224 91 27 20 72
423 90 28 22 U.
467 90 28 22 B.
511 103 30 3 —
557 90 73 28 Prop.
646 89 43 23 N:o
705 90 12 22 1

192 156 15 29 8
223 158 13 27 O
253 156 129 22 moddelaw
397 156 179 29 Vostämningar,
597 164 84 21 genom
697 155 80 23 hvilka
788 156 40 21 det
838 155 44 23 blir
892 156 56 29 möj-

193 191 44 29 ligt
252 191 36 22 för
304 192 51 27 den,
372 192 96 22 hvilken
483 191 51 22 icke
554 192 97 29 deltagit
666 192 8 21 i
691 191 103 29 dikning,
811 194 34 19 att
859 192 24 21 fä
899 191 50 23 sina

193 227 115 22 intressen
324 228 81 21 dervid
421 228 8 21 i
444 229 77 27 någon
536 229 54 20 män
607 227 176 29 tillgodosedda,
799 230 56 19 utan
871 230 33 19 att
916 227 32 22 in-

193 265 67 27 trång
284 267 67 25 göres
372 263 35 22 uti
423 264 45 21 den
484 263 111 22 dikandes
612 263 140 28 befogenhet
767 265 34 20 att
816 265 29 27 pä
861 263 87 29 lämpli-

193 302 65 25 gaste
275 302 46 19 sätt
336 299 75 22 afleda
427 299 36 22 för
477 299 94 22 marken
591 299 102 28 skadligt
708 301 85 19 vatten.

263 354 81 28 Enligt
365 357 12 18 5
400 354 13 29 &
435 361 43 21 ega
498 361 106 22 grannar,
626 361 50 14 som
692 353 79 22 förena
787 353 36 29 sig
840 361 37 14 om
892 361 56 21 upp-

193 389 100 28 tagande
317 389 24 22 af
363 392 142 26 gemensamt
530 389 153 29 afloppsdike,
707 389 36 28 sig
763 389 97 22 emellan
876 389 72 22 öfver-

193 425 135 22 enskomma
343 425 31 22 bl.
395 433 18 14 a.
431 433 37 14 om
485 426 38 21 det
540 425 149 26 förhällande,
705 425 67 22 hvari
789 425 86 21 enhvar
890 425 58 22 skall

193 464 54 25 taga
271 461 37 21 del
324 461 8 21 i
349 461 132 29 dikningen,
499 461 119 22 äfvensom
636 469 37 13 om
689 461 75 21 dikets
781 461 91 21 storlek.
904 461 45 22 För

194 497 45 20 den
262 497 111 21 händelse
397 500 32 18 att
453 497 55 21 aftal
531 497 79 21 härom
634 496 127 21 emellertid
783 497 52 21 icke
850 497 97 26 träffats,

194 533 149 20 föreskrifves
360 533 34 20 uti
418 535 3 18 1
440 540 67 14 mom.
525 533 23 20 af
566 535 10 18 7
594 532 14 29 &
620 533 45 20 den
675 532 82 28 grund,
771 532 72 28 enligt
853 532 95 21 hvilken

194 568 80 29 hvarje
299 568 110 21 dikandes
434 568 67 21 andel
525 568 7 21 i
552 568 87 21 arbetet
663 568 42 21 bör
722 567 145 22 bestämmas.
899 568 49 21 Och

194 604 59 21 skall
276 604 82 21 härvid
374 617 29 2 —
418 604 8 21 i
449 606 95 19 motsats
568 603 36 22 till
625 603 62 22 hvad
703 604 44 21 enl.
764 604 14 28 &
795 606 12 19 8
824 604 71 28 gäller
911 611 36 14 om

193 640 79 28 passiv
283 639 134 22 intressents
430 639 142 28 delaktighet
583 639 8 21 i
600 639 98 28 dikning
706 652 29 3 —
744 639 64 22 aktiv
820 640 127 28 deltagares

194 678 81 25 anpart
293 675 8 21 i
318 675 87 22 arbetet
420 675 112 22 beräknas
549 675 58 21 efter
630 675 47 22 den
692 677 67 26 nytta
775 675 63 22 diket
853 675 95 22 bereder

194 711 57 21 hans
267 711 66 22 mark
349 719 83 20 genom
448 714 33 18 att
497 710 136 29 möjliggöra
650 711 52 20 dess
719 711 164 28 torrläggning.
907 711 41 22 Uti

194 749 12 19 2
223 754 70 14 mom.
309 749 48 19 äter
372 747 75 28 gifves
464 747 35 21 för
511 755 87 13 samma
614 747 41 21 fall
671 747 118 21 föreskrift
804 747 145 22 beträffande

194 783 75 21 dikels
287 783 92 26 storlek,
396 783 43 22 och
454 783 89 28 intager
560 783 45 21 den
621 783 52 21 nåd.
690 790 64 21 prop.
766 783 35 21 uti
811 783 138 22 sistnämndt

194 819 115 26 afseende,
327 821 75 20 säsom
418 819 41 21 vid
475 819 107 28 kapitlets
600 819 114 20 allmänna
730 818 139 29 motivering
879 819 70 22 redan

194 855 101 28 antydts,
320 863 29 13 en
372 863 75 13 annan
470 855 144 28 ständpunkt
634 857 30 18 än
682 856 56 19 1868
755 856 35 19 ärs
807 854 140 29 förordning.

194 891 85 20 Medan
295 891 117 28 nämligen
427 891 36 21 för
478 890 142 21 närvarande
637 890 116 21 storleken
769 890 23 21 af
804 890 145 29 afloppsdiko

194 926 106 29 angifves
317 934 84 21 genom
417 927 104 21 absoluta
536 925 231 29 mättbestämningar
778 926 35 21 för
824 926 83 29 sjelfva
918 927 31 20 di-

194 962 45 26 ket,
263 962 125 29 begränsar
411 963 44 20 den
477 962 51 21 nåd.
545 969 64 21 prop.
627 961 28 22 de
673 961 111 22 dikandes
801 963 98 28 anspråk
916 962 34 21 uti

193 997 176 29 ifrågavarande
392 998 107 21 afseende
523 1005 85 21 genom
632 997 141 28 angifvande
792 997 23 21 af
831 998 39 21 det
885 998 64 29 djup,

193 1034 35 21 till
254 1034 91 21 hvilket
374 1034 57 21 hvar
455 1034 127 28 deltagares
607 1034 65 21 mark
696 1033 42 21 bör
764 1033 77 22 kunna
867 1041 83 21 genom

194 1069 120 29 afledning
336 1070 35 21 till
387 1070 64 21 diket
466 1070 132 28 torrläggas.
632 1069 112 29 Antydda
760 1069 56 29 djup
833 1072 67 26 utgör
915 1069 34 22 til-

194 1105 47 21 lika
264 1105 95 22 maximi
382 1108 99 25 gränsen
496 1105 36 22 för
548 1105 97 22 enhvars
662 1105 228 28 bidragsskyldighet
907 1105 43 22 och

194 1141 163 29 kompletterar
381 1141 96 21 sålunda
496 1141 178 29 bestämningen
689 1141 8 21 i
714 1141 63 21 detta
792 1141 108 21 afseende
916 1141 34 21 uti

194 1177 149 28 paragrafens
361 1180 10 18 1
389 1184 67 14 mom.

265 1232 63 21 Enär
348 1232 53 21 med
417 1232 80 21 nutida
513 1232 107 21 tekniska
636 1231 140 29 hjelpmedel
792 1232 105 21 markens
914 1232 36 20 be-

194 1266 133 22 skaffenhet
343 1267 114 29 knappast
472 1268 154 28 någonstädes
642 1268 46 20 kan
699 1270 67 25 sägas
777 1269 82 26 utgöra
869 1266 82 22 hinder

193 1302 36 21 för
253 1302 98 29 dikning
375 1302 35 22 till
433 1303 81 28 nödigt
536 1303 64 29 djup,
626 1303 44 21 och
690 1302 34 22 uti
740 1302 73 22 första
828 1302 123 29 meningen

194 1338 23 21 af
233 1340 13 19 2
263 1346 68 14 mom.
350 1339 38 21 väl
404 1338 62 30 förty
482 1339 64 21 torde
563 1339 87 28 åsyftas
668 1340 33 20 att
717 1338 98 28 dikning
830 1338 35 22 till
876 1338 75 22 afsedt

193 1373 58 29 djup
276 1374 60 21 skall
356 1374 9 21 i
384 1374 59 28 följd
462 1374 24 22 af
501 1374 106 22 markens
624 1381 151 22 ogynsamma
790 1373 162 22 beskaffenhet

269 1415 212 19 Vattenrättsutskottets
494 1416 119 18 betänkande
626 1416 38 19 N:o
677 1416 16 18 1.
