1048 1631
337 103 21 23 U.
376 103 22 22 B.
415 115 29 3 —
461 102 63 28 Prop.
543 102 35 24 N:o
596 103 21 23 5.

387 489 226 23 Bankutskottets
629 489 160 23 betänkande
801 489 53 23 N:o
845 485 13 38 1

316 525 5 22 i
339 525 110 28 anledning
475 525 28 24 af
521 525 59 23 Hans
603 525 119 29 Kejserliga
741 525 114 29 Majestäts

315 559 78 30 nädiga
417 561 136 28 proposition
574 567 34 17 om
629 561 80 22 ändrad
731 561 81 28 lydelse
833 560 26 23 af

315 597 109 22 särskilda
441 597 133 28 paragrafer
592 597 5 22 i
614 595 76 30 nädiga
705 596 150 29 förordningen

316 632 26 23 af
357 633 39 22 den
412 633 25 22 10
454 633 41 28 Maj
507 633 67 28 1886,
588 631 109 30 angäende
709 633 146 27 bankrörelse,

315 674 46 17 som
378 668 27 24 af
418 669 63 28 bolag
499 669 69 22 idkas.

173 745 78 22 Denna
273 745 81 27 nädiga
374 746 140 27 proposition
530 746 42 21 har
588 746 23 21 af
626 746 101 27 samtliga
743 745 64 22 ständ
823 752 32 15 re-

102 782 108 21 mitterats
226 781 33 22 till
275 781 177 26 Bankutskottet,
469 788 50 15 som
536 781 98 22 därefter
648 781 29 28 pä
692 782 98 27 begäran
805 781 50 22 frän

100 817 123 28 Kejserliga
240 817 97 22 Senaten
353 817 122 22 bekommit
491 818 38 21 vid
546 818 104 21 ärendets
663 817 134 27 behandling
808 817 47 21 där-

100 853 75 22 städes
191 853 118 22 tillkomna
324 853 139 28 handlingar,
475 860 27 15 ur
513 853 77 22 hvilka
601 853 109 28 framgätt,
722 856 32 19 att
763 854 92 21 omröst-

100 889 52 27 ning
168 889 7 21 i
192 889 73 22 denna
281 889 62 27 fräga
359 889 6 21 i
383 889 97 22 Senaten
497 889 50 22 icke
563 889 146 22 förekommit.

172 1031 43 22 Vid
239 1032 55 21 1897
316 1031 36 22 års
376 1033 106 27 landtdag
505 1033 114 21 förelades
642 1032 125 23 Ständerna
789 1032 67 27 nådig

100 1068 137 27 proposition
261 1074 35 15 om
320 1068 85 22 ändrad
429 1069 85 27 lydelse
536 1069 24 21 af
575 1069 110 21 särskilda
704 1068 151 28 paragrafer
843 1064 15 36 i

99 1103 82 28 nädiga
198 1103 159 28 förordningen
373 1104 23 21 af
411 1105 44 21 den
473 1105 28 21 10
517 1104 43 27 Maj
579 1104 64 26 1886,
660 1104 113 27 angäende
786 1104 70 22 bank-

99 1139 91 27 rörelse,
212 1146 48 15 som
283 1139 22 23 af
325 1140 66 28 bolag
412 1141 72 21 idkas.
517 1140 33 22 De
566 1140 125 28 föreslagna
706 1140 150 27 ändringarna

99 1175 109 22 hänförde
229 1176 33 26 sig
285 1176 47 21 dels
349 1176 33 21 till
399 1176 155 28 stadgandena
570 1183 37 15 om
624 1176 42 22 den
681 1176 110 26 säkerhet,
808 1182 48 15 som

100 1211 22 21 af
138 1211 66 27 bank,
228 1212 89 21 hvilken
341 1212 95 27 utgifver
459 1212 166 22 räntebärande
648 1212 151 27 obligationer,
816 1212 41 21 bör

99 1246 36 22 för
151 1247 189 27 obligationernas
356 1248 87 22 inlösen
459 1248 87 27 ställas,
558 1248 48 22 dels
617 1248 32 21 till
660 1248 198 22 bestämmelserna

101 1282 115 28 angäende
233 1285 83 20 statens
333 1284 96 21 kontroll
441 1284 23 22 af
476 1284 28 22 de
516 1284 104 22 enskilda
630 1284 125 21 bankernas
765 1284 91 26 rörelse,

101 1318 7 20 i
125 1318 85 22 hvilket
233 1319 106 22 afseende
362 1320 117 27 föreslogs,
503 1322 34 19 att
558 1320 103 28 tillsynen
681 1320 63 22 öfver
759 1319 98 22 nämnda

100 1354 86 22 banker
202 1354 121 22 framdeles
341 1355 72 22 skulle
429 1356 143 21 handhafvas
585 1356 23 21 af
619 1362 27 15 en
657 1355 34 22 för
701 1356 44 21 alla
756 1354 102 23 enskilda

98 1388 86 23 banker
200 1397 127 20 gemensam
343 1392 120 27 inspektör.

172 1433 160 21 Bankutskottets
347 1434 120 20 betänkande
481 1435 40 20 N:o
538 1436 16 19 1.
