1048 1631
123 271 25 18 18
164 269 21 28 8.

120 820 26 19 19
162 819 20 28 8.

117 1061 26 18 21
160 1059 21 28 8.

202 138 27 19 18
420 136 73 23 Ständ.
509 136 35 23 Sv.
560 150 28 3 —
604 136 62 28 Prop.
683 136 35 22 N:o
733 136 14 22 1.

201 207 44 21 gen
261 199 42 22 här
319 200 147 28 obligatorisk
482 200 80 21 endast
577 200 29 22 då
621 200 72 22 sådan
708 199 7 21 i
726 199 97 22 särskild
834 199 128 30 flottnings-

201 234 81 28 stadga
297 233 160 23 föreskrifvits.

270 268 53 21 Med
347 268 106 22 afseende
476 271 13 19 å
507 269 29 22 de
558 271 60 20 stora
637 268 178 29 olägenheterna
830 268 26 21 af
869 267 92 29 sjunket

200 303 43 21 och
258 302 129 29 sjunkande
401 303 76 22 virkes
489 303 125 22 förekomst
625 304 8 20 i
644 303 169 28 vattendragen
823 302 43 22 och
877 303 28 20 då
916 303 43 28 det,

199 337 62 22 hvad
276 337 93 28 sjunket
383 337 65 22 virke
456 337 148 26 vidkommer,
614 337 67 22 torde
691 345 56 14 vara
758 339 62 20 svårt
831 340 32 19 att
874 338 87 27 afgöra,

199 371 60 22 huru
268 371 69 28 länge
348 371 123 22 detsamma
483 372 62 28 legat
554 373 30 28 på
596 372 103 25 bottnen,
707 371 70 22 hafva
785 372 128 21 Ständerna
921 379 38 14 an-

200 408 43 19 sett
264 405 50 22 skäl
333 406 50 21 icke
403 406 73 22 finnas
497 407 35 20 till
554 407 156 28 begränsning
732 406 27 21 af
778 406 181 22 vederbörandes

199 442 46 19 rätt
253 442 33 19 att
295 439 82 28 sjelfva
385 442 30 27 på
423 441 171 28 virkesegarens
603 440 126 22 bekostnad
738 440 51 22 från
797 441 159 28 vattendraget

199 474 126 21 bortskaffa
340 474 75 29 dylikt
429 475 115 28 flottgods.
570 475 12 21 I
597 475 83 28 antydt
695 474 130 22 hänseende
840 475 41 21 har
895 475 63 28 förty

200 511 25 18 18
249 509 14 28 &
285 508 99 26 ändrats,
401 509 79 22 dervid
493 509 86 28 jemväl
594 509 119 28 iakttagits
729 511 34 19 att
778 511 76 26 någon
870 509 88 22 skilnad

198 543 51 21 icke
271 545 67 26 göres
360 543 83 22 mellan
467 543 91 28 sjunket
584 543 43 22 och
650 543 129 29 sjunkande
802 544 69 21 virke.
905 544 55 21 Der-

199 579 60 20 emot
281 577 42 21 har
346 577 7 21 i
376 577 58 22 båda
456 580 117 26 parternas
591 579 95 20 intresse
702 578 87 28 tillagts
805 578 44 21 den
865 578 94 21 bestäm-

198 612 63 27 ning,
285 614 33 19 att
340 611 181 22 bortskaffandet
545 612 39 21 bör
608 612 40 21 ske
667 612 7 21 i
693 612 101 21 vittnens
814 615 103 23 närvaro,
935 614 25 19 så

198 648 33 19 att
254 646 28 21 de
304 647 30 27 på
357 646 70 21 saken
449 647 115 21 verkande
582 646 227 28 omständigheterna
823 647 50 21 icke
888 648 70 20 måtte

198 681 75 21 lemna
288 687 51 14 rum
352 680 36 22 för
399 680 88 22 tvifvel.
510 681 12 21 I
532 681 71 28 öfrigt
613 681 42 21 har
666 680 198 29 ordningsföljden
875 681 84 21 mellan

198 715 71 28 sagda
291 714 120 29 paragrafs
434 715 73 28 begge
530 718 100 19 moment
652 715 52 21 med
727 715 107 22 afseende
853 717 13 20 å
881 715 76 22 dessas

198 749 95 22 relativa
316 749 116 28 betydelse
454 749 43 22 och
515 750 240 27 rättsverkningarnas
780 749 105 22 inbördes
905 749 54 22 tids-

198 783 57 28 följd
271 783 108 29 ombytis.

268 817 147 22 Beträffande
432 821 25 18 19
473 818 14 29 8
503 818 69 22 hafva
588 818 130 21 Ständerna
735 820 75 19 ansett
833 819 34 28 sig
891 819 67 21 bland

198 852 28 21 de
248 852 34 21 uti
306 854 10 19 1
341 859 66 14 mom.
433 852 95 29 angifna
552 853 102 28 grunder
679 852 37 22 för
741 853 218 28 skadeersättnings-

198 887 99 28 anspråk
319 887 8 20 i
349 886 58 29 följd
429 887 26 21 af
475 887 107 28 flottning
602 887 56 21 böra
678 889 105 26 upptaga
801 887 86 28 jemväl
908 887 51 26 den,

198 923 33 19 att
253 921 90 22 farkost
361 921 146 28 tillskyndats
528 921 71 22 skada
614 928 85 21 genom
714 921 98 28 sjunken
827 921 54 22 eller
897 921 60 29 sjun-

198 955 75 22 kande
289 955 65 22 stock
369 955 54 22 eller
439 958 68 19 annat
522 955 26 22 af
563 956 139 27 flottningen
718 955 143 29 härflytande
877 956 81 28 lönligt

197 989 157 22 trafikhinder.
385 985 77 27 Äfven
485 990 33 22 uti
540 992 13 19 2
573 997 67 15 mom.
665 990 41 21 har
725 992 34 19 ett
773 990 88 21 mindre
876 990 81 29 tillägg

197 1023 80 29 gjorts.

267 1059 12 20 I
294 1058 66 29 fråga
375 1066 37 14 om
427 1059 110 21 ställande
553 1059 25 21 af
586 1059 109 22 säkerhet
705 1059 36 21 för
752 1059 148 21 skadestånds
911 1059 46 28 gäl-

196 1093 74 21 dande
277 1092 70 23 hafva
358 1093 128 22 Ständerna
497 1095 81 24 ansett,
591 1095 33 20 att
637 1093 189 29 propositionens
838 1093 119 22 föreskrift

195 1127 71 22 borde
288 1127 7 21 i
315 1129 78 27 någon
415 1129 53 20 mån
490 1127 128 23 modereras
638 1135 86 21 genom
745 1129 32 20 att
792 1127 165 30 flottningsför-

195 1169 100 14 mannen
317 1162 94 21 beredes
434 1162 90 22 tillfälle
546 1164 34 20 att
602 1162 142 22 omedelbart
766 1162 138 22 underkasta
924 1164 33 19 ett

194 1196 131 28 uppenbart
340 1196 92 22 alldeles
448 1196 98 29 oskäligt
562 1196 100 29 anspråk
678 1196 177 28 skiljemännens
868 1196 88 29 bepröf-

195 1230 75 22 vande
287 1230 199 26 förberedelsevis;
501 1231 43 21 och
559 1231 41 21 har
615 1233 34 19 ett
665 1231 71 28 härpå
752 1230 107 29 syftande
875 1231 82 28 tillägg

194 1264 35 21 till
249 1266 27 19 21
301 1264 14 29 8
333 1264 81 29 gjorts,
433 1265 7 21 i
454 1264 58 29 följd
527 1265 84 22 hvaraf
621 1265 88 29 jemväl
725 1272 28 14 en
769 1265 97 28 ändring
881 1265 7 21 i
903 1265 54 21 den-

194 1306 97 14 sammas
306 1299 159 29 uppställning
479 1299 116 22 befunnits
610 1300 80 28 nödig.

263 1333 12 21 I
291 1333 70 29 öfrigt
376 1333 70 23 hafva
460 1334 126 22 Ständerna
596 1334 38 22 för
645 1336 34 19 att
692 1334 88 26 betona,
792 1336 33 19 att
837 1333 118 29 skiljeman

194 1367 50 22 icke
260 1369 37 20 må
315 1367 105 22 betrakta
435 1368 35 28 sig
485 1370 74 20 såsom
574 1368 87 22 ombud
675 1368 37 22 för
728 1368 44 22 den
787 1370 58 26 part,
861 1368 25 22 af
899 1368 56 22 hvil-

194 1401 46 21 ken
263 1402 45 21 han
330 1403 89 25 utsetts,
441 1405 56 18 utan
519 1402 39 22 vid
577 1402 159 29 fuligorandet
757 1402 25 22 af
795 1402 40 22 sii
851 1402 103 29 uppusag

194 1436 103 28 iakttaga
319 1435 42 22 full
385 1436 146 28 opartiskhet,
554 1436 77 22 funnit
655 1436 49 22 skäl
720 1439 33 19 att
768 1437 33 21 uti
817 1436 137 29 paragrafen
