1048 1631
222 91 13 19 8
422 88 28 23 U.
466 89 28 22 B.
510 102 30 3 —
555 89 73 28 Prop.
644 89 45 23 N:o
705 90 24 21 1i

191 154 32 22 Af
247 154 72 22 sådan
342 154 125 30 anieduinp
491 155 42 22 har
553 154 121 23 Utskottot
695 155 69 22 också
786 154 51 23 icke
860 155 88 21 kunnat

192 190 78 21 skrida
291 190 35 21 till
349 190 189 29 slutbehandling
558 191 24 21 af
601 190 151 23 förevarande
768 190 84 29 nådiga
867 198 80 21 propo-

192 226 75 26 sition,
284 226 71 22 innan
375 227 120 21 Utskottet
515 227 150 21 underkastat
685 226 69 22 äfven
775 227 74 28 öfriga
869 227 78 21 ofvan-

191 263 100 20 nämnda
311 263 126 28 lagförslag
457 271 29 13 en
506 263 149 28 granskning,
672 270 49 14 som
737 265 122 26 utmynnat
874 263 9 20 i
899 270 48 21 pre-

192 297 105 22 liminära
319 299 79 21 beslut
421 299 119 28 angående
564 299 28 20 de
615 298 130 29 väsentliga
768 299 93 21 delarna
881 299 7 20 i
909 299 38 21 de-

192 341 93 14 samma.

263 477 74 21 Innan
353 477 119 22 Utskottet
488 477 106 28 öfvergår
608 477 35 21 till
654 485 28 13 en
695 476 215 29 detaljgranskning
923 477 24 21 af

191 512 156 29 lagförslaget,
364 513 84 21 tillåter
463 513 36 28 sig
514 513 119 21 Utskottet
650 515 33 19 att
698 513 81 21 beröra
796 521 29 13 en
839 513 107 21 termino-

191 547 75 29 logisk
283 548 71 29 fråga,
371 548 95 22 hvilken
482 549 82 20 hänför
580 548 35 29 sig
631 548 36 21 till
683 549 110 28 förslaget
809 548 8 21 i
833 548 52 21 dess
900 549 46 20 hel-

190 580 47 37 het.
725 609 2 4 N

263 620 46 21 Det
325 620 66 21 torde
407 619 50 22 icke
474 620 78 21 kunna
567 620 107 21 förnekas
691 623 34 18 att
737 621 117 28 uttrycket
865 621 81 21 vatten-

191 655 54 28 drag
267 656 73 28 enligt
361 657 39 20 det
420 656 132 21 nuvarande
568 656 155 29 spräkbruket
737 655 109 29 vanligen
861 659 85 18 använ-

191 691 40 22 des
253 691 36 22 för
311 694 33 19 att
365 691 113 22 beteckna
493 691 195 26 inlandsvattnen,
705 691 80 22 hvilka
801 691 74 22 direkt
891 691 55 22 eller

190 727 101 22 indirekt
312 727 106 29 nedflyta
439 727 34 22 till
493 727 101 28 saltsjön,
612 727 112 22 ehuruväl
740 727 40 21 fall
796 727 149 26 förekomma,

190 763 30 21 dä
241 763 63 22 detta
321 763 40 22 ord
375 766 64 24 tages
452 763 8 22 i
474 771 28 13 en
514 763 159 26 vidsträktare,
684 763 88 28 jemväl
783 763 96 28 saltsjön
893 771 52 14 om
933 759 15 36 -

190 798 103 22 fattande
302 799 148 22 bemärkelse.
467 799 12 21 I
487 799 150 22 förevarande
645 799 53 21 näd.
708 798 143 29 proposition
861 806 84 15 använ-

190 835 40 20 des
247 835 128 21 detsamma
385 835 128 21 merendels
524 835 8 21 i
543 835 142 21 sistnämnda
697 835 100 28 mening,
809 842 52 13 men
871 834 8 22 i
890 835 53 21 nåd.

189 877 64 22 prop.
267 871 45 21 N:o
329 873 28 19 33
374 871 14 28 &
405 873 27 19 30
448 873 63 26 tages
528 871 117 28 uttrycket
660 871 95 21 alldeles
767 870 125 29 tydligen
881 866 14 37 i
908 871 36 21 sin

190 905 161 23 inskränktare
367 907 126 28 betydelse,
508 907 72 28 jemte
596 907 40 21 det
649 907 8 21 i
672 907 53 21 nåd.
742 914 63 21 prop.
822 907 44 22 N:o
884 909 10 18 1
907 914 37 14 na-

190 942 119 29 turligtvis
323 943 55 28 ingä
394 943 63 26 flere,
474 943 64 21 ordet
554 943 138 28 vattendrag
707 943 160 21 innehällande
884 943 60 21 stad-

189 978 99 28 ganden,
310 979 81 21 hvilka
411 979 50 21 icke
477 983 38 17 äro
531 979 137 28 tillämpliga
686 981 13 19 &
714 979 71 21 andra
800 981 29 18 än
845 978 99 22 inlands-

188 1016 103 19 vattnen.
323 1015 39 21 Nu
381 1017 25 19 är
422 1015 39 21 det
475 1015 137 28 visserligen
628 1015 52 21 icke
697 1014 126 29 någonting
839 1014 104 29 sällsynt,

189 1051 33 19 att
243 1052 33 19 ett
297 1051 43 20 och
361 1058 86 13 samma
467 1051 40 21 ord
523 1051 117 28 begagnas
657 1051 8 20 i
681 1050 62 22 olika
758 1050 154 21 bemärkelser
927 1053 15 18 t.

189 1093 19 14 0.
231 1093 29 14 m.
282 1085 8 22 i
307 1093 86 14 samma
409 1087 46 28 lag;
473 1094 53 13 men
541 1087 82 21 sådant
638 1087 47 21 kan
701 1086 114 21 försvaras
831 1085 61 22 blott
907 1093 36 14 om

188 1121 24 21 af
233 1123 190 28 sammanhanget
443 1123 53 21 med
517 1123 134 28 erforderlig
672 1122 117 29 tydlighet
809 1122 106 28 framgår,
936 1123 7 20 i

188 1157 96 22 hvilken
295 1158 120 29 betydelse
427 1159 64 21 ordet
501 1161 29 26 på
541 1158 80 29 hvarje
632 1159 67 21 ställe
710 1158 58 22 skall
779 1160 70 26 tagas.
874 1158 69 22 Detta

188 1196 25 18 är
229 1194 128 21 emellertid
374 1194 51 21 icke
441 1194 64 21 fallet
520 1194 54 22 med
582 1194 44 22 alla
638 1194 28 22 de
678 1194 150 28 stadganden,
845 1194 8 20 i
864 1194 79 21 hvilka

189 1245 10 10 »
203 1230 151 28 Vattendrag"
377 1230 152 21 förekommer
548 1230 8 21 i
573 1230 27 21 de
622 1230 36 22 till
679 1230 128 21 Ständerna
823 1229 120 22 öfverläm-

187 1264 59 21 nade
268 1265 155 29 lagförslagen
445 1266 95 21 rörande
558 1268 162 19 vattenrätten.
753 1265 102 22 Sålunda
871 1267 72 19 måste

188 1300 40 21 det
244 1303 72 19 sättas
332 1301 8 21 i
351 1301 65 28 fråga
426 1301 115 22 huruvida
551 1301 125 29 meningen
687 1301 120 28 verkligen
816 1301 46 21 kan
873 1301 70 21 hafva

186 1336 61 22 varit
263 1339 34 19 att
313 1337 157 28 stadgandena
485 1337 8 21 i
511 1340 9 18 1
538 1345 68 14 mom.
625 1339 13 19 4
654 1338 15 28 &
686 1337 43 21 och
747 1338 27 20 14
790 1337 14 28 &
820 1339 13 19 2
850 1337 51 28 kap.
919 1337 24 21 af

186 1371 69 31 lagen
277 1380 38 14 om
335 1375 153 19 vattenrätten
509 1373 74 21 skulle
599 1373 62 28 gälla
677 1373 70 21 äfven
763 1372 102 28 saltsjön.
897 1372 46 22 För

263 1414 211 19 Vattenrättsutskottets
487 1415 116 18 betänkande
617 1414 38 19 N:o
668 1415 18 19 1.
