1048 1631
443 119 40 21 N:o
502 120 17 20 1.
805 119 26 20 65

100 189 105 21 anstalter
220 188 61 21 skola
297 188 115 27 anbringas
429 188 51 21 eller
495 187 210 27 fiskodlingsanstalt
715 187 93 21 inrättas
820 186 39 21 och

100 223 145 26 underhållas,
261 224 56 20 samt
341 229 33 14 om
397 222 39 21 och
459 222 32 21 till
513 222 57 21 hvad
592 221 78 28 belopp
689 221 101 22 säkerhet
805 220 56 22 skall

100 257 74 22 ställas
197 257 33 21 för
253 257 74 26 skada,
351 263 45 15 som
419 256 129 28 flottningen
572 256 143 27 tilläfventyrs
737 256 91 21 orsakar
851 255 12 21 å

101 292 79 27 dyrbar
196 291 113 28 egendom;

170 327 23 26 b)
208 327 55 20 huru
279 325 110 22 flottleden
400 326 7 21 i
419 325 64 28 öfrigt
498 326 41 21 bör
553 326 101 25 inrättas,
665 325 71 22 såsom
747 324 114 27 huruvida,

101 361 87 22 hvarest
206 361 39 21 och
263 361 29 26 på
310 360 56 21 hvad
385 361 46 20 sätt
446 360 148 27 uppdämning
610 359 51 22 eller
675 359 149 27 upprensning
840 358 23 21 af

100 395 153 26 vattendraget
275 395 40 21 bör
337 395 38 20 ske
398 394 51 21 eller
469 394 41 21 duc
526 394 87 26 &alber,
630 393 148 27 styrdammar,
795 393 64 21 sänk-

101 430 75 26 kistor,
206 429 199 27 flottningsrännor,
432 428 234 27 sorteringsanstalter,
693 427 167 27 stadigvarande

101 464 44 21 led-
154 464 39 21 och
204 463 199 28 samlingsbommar
418 463 51 21 eller
481 463 69 21 andra
561 462 105 21 anstalter
677 461 33 22 för
720 461 139 27 flottningens

102 498 182 27 ändamålsenliga
302 497 139 22 bedrifvande
453 498 62 21 skola
529 497 116 27 anbringas
661 497 38 21 och
714 496 145 25 underhållas,

102 534 56 20 samt
180 533 107 20 huruvida
309 532 128 21 afträdande
460 531 23 22 af
497 532 61 27 jord-
578 532 50 21 eller
644 531 162 22 vattenområde
822 530 39 21 och

102 567 104 27 utrifning
222 567 50 21 eller
288 567 91 26 ändring
395 566 22 22 af
431 568 85 20 vatten-
533 566 51 21 eller
598 565 105 22 fiskeverk
714 568 24 19 är
749 565 22 22 af
779 565 82 26 nöden;

171 603 22 25 c)
215 601 121 22 kostnaden
359 601 33 21 för
415 601 147 27 anläggandet
584 600 23 22 af
628 600 80 22 anstalt
728 600 50 21 eller
793 599 69 21 vidta-

103 636 69 27 gande
195 636 22 21 af
238 642 70 15 annan
328 636 83 27 åtgärd,
427 642 46 15 som
489 635 68 27 enligt
572 641 62 16 mom.
652 642 13 13 a
681 635 50 21 eller
747 634 10 21 b
773 633 89 22 föresla-

102 671 49 26 gits,
172 671 65 27 jemte
261 669 146 28 ersättningar
430 670 39 21 och
492 669 70 28 öfriga
584 669 89 28 utgifter
691 669 33 21 för
739 668 123 22 flottledens

102 705 125 21 inrättande
250 704 38 21 och
310 705 162 26 sammanlagda
494 705 104 26 beloppet
621 704 22 21 af
664 704 114 25 desamma,
795 703 66 25 tiden,

103 739 57 22 inom
174 739 85 21 hvilken
275 739 100 26 samtliga
397 739 90 21 arbeten
506 739 55 21 böra
576 738 90 27 utföras,
683 739 55 20 samt
753 738 7 21 i
775 737 86 21 hvilken

104 773 90 28 ordning
210 773 66 28 sagda
291 773 93 22 kostnad
399 773 40 22 bör
454 773 119 27 godtgöras
589 773 142 27 anläggaren;

173 809 25 26 d)
214 809 13 20 å
241 808 61 21 hvem
315 807 136 22 underhållet
462 807 23 22 af
493 807 124 28 flottnings-
628 807 39 22 och
677 807 68 21 andra
756 806 107 21 anstalter

104 843 123 20 ankommer
247 842 45 27 och,
312 842 37 21 der
365 842 136 21 underhället
517 842 109 21 ombetros
642 848 70 15 annan
729 843 27 19 än
773 841 26 21 de
813 839 49 22 flot-

104 877 65 21 tande
184 876 79 28 sjelfve,
279 877 56 21 huru
350 877 122 21 kostnaden
488 877 34 21 för
538 877 119 21 detsamma
670 876 53 21 skall
733 875 130 27 godtgöras
852 871 13 37 ;

172 912 22 26 e)
202 911 106 22 huruvida
322 911 128 27 flottningen
466 911 41 22 bör
522 911 109 22 bedrifvas
647 911 106 26 samfäldt,
765 910 51 21 eller
827 916 35 15 om

104 946 38 21 och
158 946 7 21 i
180 946 56 21 hvad
250 947 49 20 män
316 946 82 21 enskild
413 946 103 27 flottning
532 947 88 24 tillätas,
630 947 61 25 samt,
709 945 37 22 der
761 944 102 27 flottning

103 981 6 20 i
126 987 71 15 annan
214 982 27 19 än
257 982 128 20 strömmens
400 981 98 27 riktning
513 981 150 26 förekommer,
679 980 57 21 huru
746 979 117 22 förhällan-

104 1015 36 21 det
162 1015 76 21 mellan
263 1015 70 21 denna
357 1015 38 22 och
418 1015 40 22 den
485 1015 70 28 öfriga
580 1015 128 27 flottningen
734 1014 54 22 skall
814 1013 49 22 ord-

104 1056 49 19 nas;
170 1051 56 20 samt

167 1084 27 26 £)
218 1084 25 21 de
263 1084 183 27 omständigheter
461 1084 7 21 i
485 1083 72 28 öfrigt,
581 1090 46 15 som
651 1084 142 26 tilläfventyrs
810 1083 53 21 böra

103 1118 109 27 iakttagas
228 1119 35 20 vid
277 1118 140 27 flottningens
433 1119 121 21 ordnande.

172 1152 40 22 Till
222 1152 121 28 föreslagna
354 1154 106 20 anstalter
471 1155 57 20 samt
539 1154 123 26 rensnings-
673 1153 38 21 och
723 1152 68 22 andra
803 1152 62 21 arbe-

103 1189 37 19 ten
165 1187 55 21 skall
245 1188 80 26 ritning
351 1189 109 25 uppgöras
487 1187 23 21 af
531 1187 237 27 förrättningsmannen
794 1186 70 21 under

103 1222 140 26 iakttagande
258 1222 7 20 i
281 1222 126 27 tillämpliga
430 1222 60 21 delar
510 1222 57 21 hvad
586 1223 28 20 20
630 1222 12 27 $
658 1221 125 25 innehåller;
800 1220 64 22 hvar-

104 1258 65 24 utom,
194 1256 37 21 der
254 1256 36 21 det
312 1256 86 27 pröfvas
421 1257 77 27 nödigt
520 1256 34 22 för
577 1256 88 27 frägans
679 1255 122 27 belysande,
817 1255 48 21 icke

104 1290 91 22 allenast
210 1290 64 22 karta
288 1291 40 21 bör
343 1292 29 25 pä
387 1291 124 21 sökandens
522 1291 146 21 föranstaltan
678 1291 116 26 upprättas
806 1289 59 21 öfver

103 1325 151 27 vattendraget
273 1325 7 21 i
295 1325 62 21 skala
373 1325 22 21 af
411 1326 149 20 1:20000—1
570 1332 5 14 :
587 1326 75 25 10000,
685 1325 67 21 hvarä
774 1324 90 20 förrätt-

103 1359 156 27 ningsmannen
284 1359 39 21 har
349 1360 33 20 att
404 1360 103 21 utmärka
531 1360 58 27 läget
612 1360 23 20 af
656 1358 208 27 sorteringsplatser,

103 1393 71 27 broar,
197 1394 66 27 färjor
278 1400 27 15 m.
321 1400 35 20 m.,
373 1400 45 15 som
441 1395 43 20 kan
508 1394 162 28 ifrägakomma,
694 1395 52 19 utan
767 1393 39 21 ock
821 1392 44 22 för-

103 1428 202 27 rättningsmannen
329 1428 80 27 äligger
429 1430 33 20 att
482 1430 102 26 uppgöra
600 1428 141 28 detaljkartor
756 1426 59 22 öfver
831 1428 34 20 sä-

797 1474 10 16 5
