1048 1631
334 86 29 22 U.
379 86 26 22 B.
423 98 27 4 —
466 85 74 29 Prop.
556 86 46 22 N:o
618 86 13 22 1
797 88 28 20 69

175 151 149 22 Beträffande
349 152 44 21 den
416 151 34 22 uti
473 153 14 20 2
509 152 15 28 8
545 154 13 19 2
575 159 68 14 mom.
668 152 119 28 ingående,
806 151 51 22 från

104 187 106 28 gällande
231 190 45 18 rätt
295 187 106 21 hemtade
420 187 199 28 inskränkningen
639 187 33 21 uti
687 187 170 28 befogenheten

104 225 34 19 att
160 223 53 21 leda
235 223 52 21 dike
311 230 83 21 genom
413 230 86 14 annans
516 223 72 26 mark,
604 223 41 21 har
660 223 62 21 inom
738 223 120 22 Utskottet

104 259 104 28 yrkande
219 258 72 29 gjorts
303 261 34 18 att
345 258 132 21 densamma
487 258 72 21 borde
568 261 95 18 ersättas
672 259 52 20 med
733 261 32 19 ett
773 258 84 22 förbud

105 297 33 18 att
154 294 221 29 öfverhufvudtaget
390 297 48 19 mot
454 302 80 21 egares
550 294 56 29 vilja
622 295 67 28 lägga
705 294 53 22 dike
773 302 84 21 genom

104 329 94 29 bebygd
214 332 67 23 tomt;
298 330 43 21 och
357 330 40 21 har
413 332 75 19 såsom
505 330 50 21 skäl
572 329 86 22 anförts
672 332 33 19 att
716 330 68 21 också
794 330 63 21 täckt

105 366 60 26 dike,
190 365 110 22 särskildt
322 373 83 21 genom
429 368 32 19 att
485 366 82 21 sådant
590 368 72 19 måste
678 365 35 22 för
729 365 128 29 reparation

104 402 35 21 tid
165 402 58 21 efter
248 409 75 14 annan
347 401 126 29 uppbrytas
497 402 44 21 och
562 401 124 29 omläggas,
710 402 76 21 kunde
808 402 49 21 här-

106 438 40 21 vid
172 438 119 21 förorsaka
307 437 120 29 olägenhet
443 437 43 22 och
501 438 73 21 verka
590 437 96 29 menligt
701 437 8 22 i
724 437 133 29 hygieniskt

106 474 115 21 afseende.
253 473 131 22 Utskottets
400 473 75 22 flertal
491 474 42 21 har
544 474 60 21 dock
614 473 51 22 icke
676 476 75 19 ansett
761 473 96 22 berörda

105 510 50 21 skäl
170 509 94 29 betinga
280 512 33 19 ett
329 509 132 28 stadgande,
479 517 57 18 som,
553 509 154 29 synnerligast
722 511 29 27 på
767 511 42 19 tätt
820 509 37 22 be-

104 545 80 29 bygda
203 545 88 26 ställen,
307 545 118 28 lätteligen
440 545 79 22 kunde
536 545 150 28 omöjliggöra
702 553 29 14 en
746 545 69 22 äfven
831 553 27 13 ur

105 581 124 29 hygienisk
253 582 118 28 synpunkt
392 581 93 22 alldeles
505 581 135 29 nödvändig
661 581 156 29 torrläggning
834 581 24 21 af

106 618 100 21 marken.
238 618 109 21 Deremot
369 618 41 20 har
433 617 120 22 Utskottet
573 620 56 19 trott
650 617 35 28 sig
703 617 56 22 böra
774 617 83 22 föreslå

105 654 173 21 utsträckandet
301 653 23 21 af
346 653 175 28 ifrågavarande
544 653 118 28 undantag
686 653 34 21 till
741 653 115 28 trädgård,

106 693 54 18 enär
184 689 39 22 det
241 689 50 22 icke
309 692 64 25 synts
390 689 90 28 obilligt
496 691 34 20 att
545 689 45 28 lag,
607 689 29 21 då
652 689 43 28 den
712 689 83 21 tillåter
810 689 46 28 läg-

105 725 75 28 gande
200 725 23 22 af
239 725 53 21 dike
308 732 83 21 genom
407 732 86 14 annans
516 725 116 28 trädgård,
657 725 58 21 dock
738 728 41 25 gör
795 724 62 21 detta

106 761 164 28 medgifvande
295 761 80 21 endast
396 763 29 26 på
448 763 32 19 ett
501 761 83 21 sådant
600 763 50 24 sätt,
668 768 48 14 som
733 764 24 17 är
772 760 86 29 egnadt

106 799 34 19 att
154 797 7 21 i
179 799 76 26 någon
271 799 53 19 mån
340 797 89 21 minska
445 797 179 28 olägenheterna
640 797 34 20 för
690 804 83 21 egaren
784 796 23 21 af
819 796 39 21 det

106 833 92 28 intrång
215 833 45 21 han
275 833 8 20 i
299 833 59 28 följd
373 833 65 20 häraf
454 835 73 19 måste
543 833 53 21 lida.

178 871 13 19 3
210 869 20 28 &,
256 876 49 14 som
331 869 126 21 innehåller
480 869 113 21 särskilda
617 868 241 29 detaljbestämningar

106 905 96 20 rörande
218 905 141 21 förfarandet
374 905 52 20 med
443 904 147 29 dikesjorden
608 905 40 20 vid
668 904 145 29 upptagande
835 904 23 21 af

107 939 53 22 dike
176 942 13 19 å
205 947 86 14 annans
308 941 70 25 mark,
395 940 40 21 har
451 940 50 21 icke
518 940 70 29 gifvit
604 940 123 28 anledning
743 940 34 21 till
788 942 71 26 något

107 975 117 22 uttalande
240 976 51 21 från
306 976 130 21 Utskottets
453 976 56 21 sida.

179 1011 79 29 Enligt
274 1013 13 20 4
303 1012 34 28 8&:s
355 1014 10 19 1
383 1019 67 14 mom.
473 1016 25 17 är
519 1012 129 28 jordegare,
673 1019 49 14 som
745 1014 112 25 upptager

107 1047 53 21 dike
184 1055 83 20 genom
291 1055 86 14 annans
401 1048 71 25 mark,
497 1048 95 28 skyldig
615 1047 51 22 icke
691 1047 65 26 blott,
783 1049 75 19 såsom

107 1083 73 21 under
202 1083 58 22 visst
275 1083 113 22 förbehåll
404 1083 71 29 enligt
493 1086 58 19 1868
568 1086 36 19 års
620 1083 139 28 förordning,
776 1085 33 19 att
824 1085 34 19 ut-

106 1119 65 29 gifva
199 1119 146 29 godtgörelse
370 1119 35 22 för
429 1120 44 21 den
495 1119 61 29 jord,
578 1127 49 14 som
649 1121 62 27 åtgår
732 1119 34 21 till
787 1119 70 25 diket,

107 1155 99 21 hvarvid
225 1156 42 20 enl.
290 1163 63 21 prop.
371 1156 68 21 också
456 1156 137 21 dikesrenen
609 1156 42 21 bör
666 1158 63 26 tagas
746 1155 7 21 i
769 1154 89 22 betrak-

108 1191 75 26 tande,
200 1194 56 18 utan
272 1191 69 21 äfven
357 1194 32 18 att
405 1194 83 19 ersätta
498 1191 82 29 hvarje
591 1191 23 21 af
626 1191 125 29 dikningen
762 1190 97 22 orsakad

109 1226 77 22 skada.
208 1226 181 29 Bestämningen
404 1227 8 21 i
427 1230 138 18 momentets
582 1227 56 21 sista
653 1227 92 28 mening
761 1226 96 22 rörande

109 1262 60 26 dike,
186 1269 49 15 som
251 1262 79 28 lägges
347 1262 7 21 i
370 1262 146 22 råskilnaden
531 1262 84 22 mellan
626 1265 83 19 tvänne
721 1262 137 28 lägenheter,

108 1298 216 22 öfverensstämmer
349 1298 52 22 med
427 1299 107 28 gällande
561 1298 142 29 stadganden
730 1298 75 22 såvidt
831 1298 28 21 de

108 1336 60 26 angå
190 1334 44 21 den
258 1334 70 26 mark,
353 1342 49 13 som
425 1334 24 21 af
471 1335 113 21 hvardera
601 1334 57 22 skall
673 1334 116 28 upplåtas;
807 1341 52 13 men

108 1369 83 21 medan
208 1369 141 22 sistnämnda
365 1370 143 28 stadganden
524 1370 110 21 innebära
655 1372 32 19 att
707 1369 154 23 kostnaderna

184 1410 211 19 Vattenrättsutskotteis
407 1412 119 18 betänkande
538 1412 38 18 N:o
588 1412 15 18 1.
