1048 1631
238 92 26 19 18
438 89 25 23 U.
480 89 27 22 B.
523 102 29 3 —
568 88 73 30 Prop.
657 88 45 24 N:o
719 89 13 22 1

206 156 90 29 antydt,
319 155 74 27 ivikus
406 155 109 26 sälumda,
535 157 33 21 atv
584 155 143 24 stömiallen
741 155 93 24 kommo
849 157 34 22 att
897 162 9 15 i
929 154 24 23 af

207 191 84 22 seende
307 193 14 20 ä
336 191 148 28 kungsädran
499 191 108 22 hänföras
624 191 35 21 till
675 193 85 19 tvenne
770 190 135 29 kategorier,
917 191 45 22 den

207 235 43 14 ena
266 227 143 22 omfattande
425 227 119 26 strömfall,
562 234 49 15 som
625 227 95 22 befinna
731 227 36 28 sig
777 227 9 21 i
797 227 40 21 sitt
847 227 115 28 naturliga

207 263 110 26 tillständ,
335 263 46 22 den
396 263 71 22 andra
479 263 120 26 strömfall,
611 263 41 21 der
662 263 136 22 vattenverk
809 262 55 22 eller
875 265 86 19 vatten-

206 299 97 29 ledning
326 299 96 29 anlagts.
454 299 46 22 För
522 299 45 21 den
589 299 142 21 förstnämda
752 298 119 29 kategorin
887 298 74 22 skulle

207 343 88 14 samma
320 335 172 28 bestämningar
517 342 50 15 som
591 335 35 22 för
652 335 71 21 andra
748 335 111 21 rinnande
882 337 80 19 vatten

206 371 93 22 komma
323 373 33 19 att
376 371 67 28 gälla.
475 371 45 21 För
542 371 44 21 den
608 371 70 21 andra
694 372 48 20 äter
757 370 74 22 skulle
847 370 114 29 tillämpas

208 407 138 28 stadgandet
361 409 34 19 att
408 407 148 29 kungsädran
566 407 113 21 beräknas
690 406 58 22 efter
759 406 202 28 vattenmängden,

208 442 97 22 sälunda
325 442 122 29 nämligen,
470 445 33 19 att
523 450 29 13 en
568 442 112 29 tredjedel
696 442 23 21 af
736 442 75 21 denna
826 442 42 21 bör
884 442 77 21 kunna

207 485 84 22 genom
307 478 148 29 kungsädran
471 478 81 29 nedgä.

279 514 46 21 För
343 514 143 21 sistnämnda
505 514 216 28 beräkningsgrund
740 513 76 27 hafva,
833 506 82 35 enligt
921 513 40 22 Ut-

208 549 97 22 skottets
327 549 156 27 förmenande,
504 550 35 21 uti
554 557 77 22 prop:s
647 550 89 28 ingress
753 549 87 22 anförts
856 549 105 30 vägande

208 585 89 29 sakliga
320 585 56 26 skäl,
401 586 42 21 och
467 586 65 22 torde
553 586 140 26 densamma,
713 588 75 19 säsom
805 586 75 21 afsedt
895 585 65 26 varit,

208 621 92 22 komma
316 624 33 19 att
365 621 68 22 lända
448 622 115 21 industrin
579 621 35 22 till
630 621 85 22 bätnad
730 629 83 21 genom
829 624 34 19 att
873 621 88 28 möjlig-

208 660 55 25 göra
279 660 33 18 ett
328 657 72 21 bättre
417 657 148 29 utnyttjande
581 657 23 22 af
620 657 137 22 drifkraften
772 657 8 22 i
797 657 118 22 strömfall.

280 693 120 22 Utskottet
423 693 41 22 har
484 693 59 22 dock
559 695 81 24 ansett,
657 696 34 19 att
707 701 28 14 en
752 693 65 29 dylik
833 693 128 28 anordning

208 729 50 21 icke
275 736 78 14 ensam
370 729 35 21 för
421 729 42 28 sig,
481 729 69 22 äfven
567 737 37 14 om
620 729 160 28 kungsädrans
797 729 84 21 minsta
889 729 72 21 bredd

208 764 138 22 bestämmes
363 764 34 21 till
414 765 37 27 sju
468 767 78 24 meter,
562 772 56 14 vore
634 765 123 28 tillräcklig
773 767 34 19 att
817 765 89 28 afvärja
917 765 45 21 den

208 800 128 29 möjlighet,
353 803 33 18 att
401 801 113 21 strömfall
530 808 83 22 genom
630 801 190 28 dambyggnader
835 801 51 21 frän
896 801 65 21 hvar-

208 836 55 21 dera
287 836 66 21 sidan
377 838 24 19 sä
420 836 163 29 hopträngdes,
602 839 34 19 att
651 837 138 28 visserligen
805 844 29 14 en
850 836 111 29 tredjedel

209 872 23 21 af
251 872 197 29 vattenmängden
463 872 97 21 kunde
576 880 84 21 genom
679 873 46 20 den
740 872 135 21 frilemnade
892 872 70 21 ädran

208 907 118 26 nedrinna,
352 915 52 14 men
427 910 34 19 att
484 908 62 21 detta
570 908 74 21 skulle
668 909 41 20 ske
733 908 81 21 endast
829 915 83 21 genom
929 910 33 19 att

208 945 217 20 vattenströmmens
448 944 116 28 hastighet
590 944 117 29 stegrades
734 943 8 22 i
769 951 28 14 en
822 944 63 28 grad,
912 951 49 14 som

208 979 127 29 väsentligt
350 979 133 22 försvärade
499 980 159 28 kungsädrans
675 979 150 29 användning
840 979 36 22 för
891 980 71 21 andra

208 1015 53 22 dess
279 1015 111 22 ändamäl.
422 1016 36 21 Dä
475 1016 76 21 härtill
566 1016 105 21 kommer
686 1018 39 24 att,
742 1016 50 21 ifall
802 1018 160 19 vattenström-

208 1051 243 28 ningsförhällandena
475 1051 57 22 efter
556 1051 182 29 anläggningens
757 1051 122 22 utförande
898 1051 64 22 skola

208 1087 80 28 läggas
312 1087 35 21 till
370 1088 76 27 grund
468 1087 36 22 för
527 1087 189 29 beräkningarna,
739 1087 67 22 dessa
830 1087 132 29 derigenom

208 1125 73 19 måste
304 1123 92 21 komma
420 1126 33 19 att
478 1123 48 22 dels
551 1123 115 29 betydligt
682 1123 121 27 försvåras,
821 1123 48 22 dels
886 1124 75 26 äfven,

208 1159 41 21 der
265 1159 172 22 vattenkraften
453 1162 30 26 pä
499 1160 148 21 strömfallets
658 1160 113 21 hvardera
783 1159 50 22 sida
843 1159 51 22 icke
906 1167 57 14 sam-

208 1194 71 29 tidigt
302 1197 63 26 tages
382 1194 8 22 i
406 1196 105 28 anspräk,
528 1199 29 18 än
577 1195 79 21 vidare
673 1195 124 26 invecklas,
813 1196 42 20 har
869 1195 94 22 Utskot-

208 1232 34 19 tet
257 1233 76 19 ansett
349 1230 177 30 försiktigheten
541 1231 78 29 bjuda,
636 1234 35 19 att
685 1231 42 22 vid
736 1231 132 22 införandet
878 1231 23 21 af
911 1231 52 21 ifrä-

208 1267 133 28 gavarande
356 1274 47 22 nya
418 1268 124 28 grundsats
558 1268 9 21 i
582 1267 315 29 vattenrättslagstiftningen
912 1267 51 21 icke

208 1304 30 26 gä
261 1302 86 29 längre,
369 1306 28 18 än
418 1306 34 18 att
471 1303 314 29 strömningsförhällandena
804 1303 49 21 före
872 1303 91 29 anlägg-

208 1337 99 29 ningens
323 1338 122 22 utförande
454 1338 74 22 blifva
539 1339 29 21 de
578 1339 36 21 för
624 1339 149 28 kungsädran
783 1339 179 21 bestämmande.

209 1373 55 21 Men
281 1376 12 19 å
309 1374 70 22 andra
395 1374 67 23 sidan
478 1382 68 21 synes
563 1382 87 14 samma
666 1375 75 29 grund
757 1375 36 22 för
803 1375 160 28 kungsädrans

285 1417 212 19 Vattenrättsutskottets
509 1417 118 19 betänkande
639 1417 38 19 N:o
689 1417 15 19 1.
