1048 1631
210 100 15 20 6
416 98 29 23 U.
466 98 26 23 B.
507 111 29 5 —
552 98 74 29 Prop.
642 98 45 23 N:o
701 98 14 23 1

924 164 11 9 o

433 164 62 29 b)
516 166 34 22 alt
571 167 62 26 från.
646 165 57 23 sista.
723 166 116 27 meningen
853 166 10 22 i
876 164 29 23 14
918 175 15 18 $

397 201 66 22 måtte
486 200 106 23 uteslutas
614 200 68 23 orden
707 200 64 28 eller
788 199 33 24 till
837 199 58 23 lösen
910 202 28 27 af

397 237 151 26 strandtomt",
571 235 88 24 hvadan
681 235 67 29 sagde
769 236 16 27 $
808 235 81 22 komme
903 237 32 21 att

398 273 52 27 lyda
465 272 107 23 sålunda:

524 385 31 22 14
570 387 22 26 $.

251 440 35 27 År
301 445 127 23 vattenverk
444 445 148 28 härförinnan
608 445 48 22 med
672 445 94 29 behörigt
781 445 98 23 tillstånd
895 451 40 16 an-

183 481 60 28 lagdt
265 483 8 21 i
295 481 114 29 strömfall,
431 482 64 22 hvari
515 488 78 15 annan
609 481 100 29 lägenhet
724 483 8 21 i
747 488 83 15 samma
844 481 27 28 by
886 488 50 21 eger

182 517 40 28 del,
239 519 56 20 utan
311 519 31 20 att
357 518 71 21 sädan
440 519 114 26 pröfning,
570 525 45 15 som
630 519 59 21 varit
703 518 106 27 förutsatt
827 519 4 20 i
846 517 13 21 1
875 517 16 27 $
904 516 33 22 20

182 553 49 27 kap.
241 553 98 28 jemförd
352 553 49 22 med
415 554 16 21 2
445 554 15 27 $
475 553 28 22 17
517 553 50 28 kap.
583 553 60 27 B.B.,
657 553 122 28 försiggätt,
790 559 52 16 vare
853 554 83 21 vatten-

182 588 85 23 verkets
287 595 64 22 egare
373 589 121 28 berättigad
517 590 39 27 att,
582 590 64 27 äfven
669 596 33 14 om
717 588 129 29 strömfallet
861 588 73 22 kunde

181 624 68 28 delas,
264 625 137 22 underställa
416 627 83 20 rättens
511 626 108 27 pröfning
632 625 32 28 pä
678 625 58 22 hvad
750 626 51 26 sätt,
816 624 70 23 vilkor
896 624 39 22 och

182 660 32 23 tid
227 660 46 23 han
293 667 74 16 ensam
382 661 42 22 den
437 662 37 27 för
489 661 74 22 verket
577 663 9 20 i
602 660 98 28 anspräk
715 662 69 27 tagna
799 660 136 29 drifkraften

182 696 73 28 nyttja
274 697 39 22 mä
331 697 70 22 såsom
416 697 73 22 derom
503 699 9 20 i
528 697 30 21 13
571 697 16 27 $
602 697 85 28 skiljes;
702 697 37 22 och
755 703 36 22 ege
806 696 71 22 under
891 696 43 22 den

182 732 32 23 tid
229 731 21 28 ej
264 733 48 22 rätt
327 732 34 23 till
375 732 129 29 utbrytning
519 734 29 27 af
558 732 35 23 del
608 735 9 20 i
630 732 64 29 fallet
707 739 56 15 rum.

469 829 22 28 €)
511 830 33 21 att
559 831 9 21 i
583 829 29 22 11
626 830 17 27 $
663 828 44 22 VII
722 828 49 28 kap.
788 827 66 23 orden
871 827 65 30 ,eller

397 864 142 22 strandtomt"
564 865 36 22 mä
622 864 107 23 uteslutas
751 865 38 22 och
805 863 130 29 stadgandet

398 900 83 22 erhälla
493 900 99 28 följande
608 901 91 28 lydelse:

528 1021 28 22 11
572 1021 20 28 8.

259 1079 40 23 Vid
321 1080 84 23 inlösen
429 1082 25 27 af
475 1080 109 29 strömfall
607 1080 69 29 enligt
699 1080 30 22 12
748 1081 16 27 $
782 1080 13 22 1
813 1079 47 28 kap.
875 1079 60 23 bör
921 1075 17 39 i

183 1115 130 29 tillämpliga
328 1115 61 23 delar
403 1116 111 28 iakttagas
530 1116 57 23 hvad
602 1123 34 15 om
646 1116 85 28 egobyte
741 1115 37 23 och
789 1122 78 15 annan
875 1115 59 28 jord-

182 1151 90 29 delning
295 1154 26 20 är
344 1152 104 23 särskildt
463 1152 106 29 stadgadt.
600 1152 121 29 Egostycke
736 1153 29 27 af
775 1152 88 23 mindre
877 1152 58 32 bety-

182 1187 83 26 denhet,
289 1188 26 22 sä
330 1188 38 22 ock
383 1188 115 23 outbruten
513 1188 65 24 andel
592 1190 9 21 i
615 1188 114 29 strömfall,
744 1188 37 22 mä
797 1188 66 22 likväl
879 1189 55 21 utan

182 1223 97 29 ändring
302 1226 9 20 i
333 1224 84 22 mantal
440 1224 38 24 och
501 1224 57 22 skatt
580 1225 56 27 från
652 1231 27 15 en
695 1224 99 28 lägenhet
809 1224 32 22 till
857 1230 78 16 annan

182 1256 55 36 öfver
243 1256 64 36 föras.

252 1306 121 23 äfvensom

469 1349 24 28 d)
516 1350 32 21 att
574 1348 125 23 Ständerna
722 1349 65 22 måtte
807 1344 88 54 beskita:
904 1350 33 21 att

396 1384 118 28 godkänna.
528 1384 100 29 följande
642 1384 83 29 förslag
741 1384 33 23 till

258 1422 213 23 Vattenrättsutskottets
483 1426 117 20 betänkande
612 1425 38 20 N:o
662 1426 16 19 1.
