1048 1631
327 108 28 22 U.
369 107 26 22 B.
411 120 28 4 —
453 107 74 29 Prop.
543 107 43 23 N:o
601 107 32 22 11.
849 108 12 20 7

102 177 8 20 i
124 178 72 19 ämnet
215 176 31 21 uti
265 176 77 27 Kongl.
358 176 146 21 resolutionen
520 176 41 21 den
578 177 27 20 29
621 176 41 27 Maj
681 175 56 22 1752
752 182 52 15 vore
819 175 42 22 till-

102 210 70 27 fylles;
192 211 39 21 och
246 211 54 20 hade
317 211 119 21 Ständerna
451 211 49 21 med
515 210 101 22 afseende
632 211 51 20 härä
698 212 71 19 ansett
784 209 77 28 ifräga-

102 245 93 21 varande
212 247 93 19 moment
320 245 73 21 kunna
408 252 26 14 ur
449 245 103 27 förslaget
567 245 57 26 utgä.
649 245 74 26 Enligt
738 244 123 22 Utskottets

102 279 138 21 förmenande
262 279 69 21 tarfva
352 279 54 21 dock
421 279 147 27 stadgandena
583 279 7 21 i
605 279 120 27 åberopade
741 279 119 21 resolution

102 313 213 27 förfullständigande
330 313 40 22 och
385 313 163 28 förtydligande.
571 313 46 22 Och
633 313 27 22 dä
674 320 29 14 nu
714 313 147 27 föreliggande

102 347 80 28 förslag
196 347 31 22 till
251 348 4 21 7
271 354 64 15 mom.
351 348 11 21 7
379 348 12 27 $
407 348 25 21 11
449 348 48 27 kap.
512 348 26 21 R.
549 348 24 21 B.
586 349 23 20 är
625 348 78 27 egnadt
719 349 31 19 att
765 347 96 27 aflägsna

102 382 26 21 de
143 381 179 28 bristfälligheter,
338 389 46 14 som
404 382 84 21 vidläda
503 382 131 27 nyssnämda
649 382 138 27 stadganden,
805 384 56 19 samt

103 416 53 21 1897
180 416 35 21 års
239 416 101 21 Ständers
363 417 116 20 omordade
501 417 132 26 påminnelse
646 416 79 27 jemväl
740 415 69 22 blifvit
824 416 36 21 vid

101 450 113 27 förslagets
232 451 139 26 uppgörande
386 451 96 26 beaktad,
494 451 38 21 har
544 451 112 21 Utskottet
671 450 34 21 för
721 451 32 20 sin
769 450 35 21 del
814 450 46 21 icke

102 484 44 22 haft
169 487 65 19 annat
256 487 32 19 att
309 487 58 19 emot
390 485 91 21 berörda
501 485 81 27 förslag
596 485 101 21 anmärka
713 487 26 19 än
755 486 37 25 att,
808 487 51 19 enär

102 519 119 27 menighets
239 519 90 28 styrelse
344 519 46 22 icke
405 520 59 21 alltid
480 519 158 22 sammanfaller
653 520 48 21 med
717 520 49 21 dess
781 519 78 22 förval-

101 554 65 21 tande
189 554 129 27 myndighet,
334 560 48 15 men
406 554 36 21 det
456 553 33 22 för
506 554 80 21 sädana
601 553 36 22 fall
650 554 63 21 torde
729 554 52 21 böra
795 559 64 16 anses

101 588 97 27 lämpligt
214 590 37 25 att,
266 589 27 26 pä
309 590 42 19 sätt
366 588 62 21 äfven
443 588 33 21 för
492 589 134 20 närvarande
636 589 7 20 i
653 588 115 21 allmänhet
783 591 23 18 är
816 587 43 22 för-

101 622 108 21 hällandet
223 623 7 20 i
245 623 194 24 stadskommuner,
450 623 136 26 stämningen
602 623 107 20 meddelas
726 623 40 20 den
781 622 77 21 förval-

100 657 64 20 tande
180 657 150 26 myndigheten
346 657 39 21 och
400 657 45 21 icke
461 657 112 27 styrelsen,
587 657 160 26 ifrägavarande
763 658 96 19 moment

101 691 66 20 borde
182 691 153 26 kompletteras
351 691 7 21 i
373 691 74 27 antydt
463 691 61 27 syfte.

170 743 31 21 Pä
223 742 51 25 skäl,
290 743 71 21 hvilka
381 743 112 21 Utskottet
509 745 71 19 ansett
595 743 122 27 lämpligast
732 743 52 20 böra
799 742 59 21 anfö-

100 783 35 15 ras
157 777 7 21 i
187 777 154 27 sammanhang
361 777 48 21 med
432 777 158 28 behandlingen
612 777 22 21 af
654 778 111 26 ingressen
782 777 31 21 till
828 783 30 15 nu

99 811 161 27 ifrågavarande
275 811 131 27 förordning,
422 811 38 21 har
476 812 114 21 Utskottet
604 811 60 22 hållit
678 811 45 21 före
736 813 31 19 att
785 811 11 21 4
809 811 8 28 $
831 811 27 21 16

99 845 48 28 kap.
162 845 25 22 R.
203 845 24 22 B.
242 845 67 22 borde
325 852 25 15 ur
365 845 102 28 förslaget
484 846 114 21 utlemnas.

168 897 47 21 Den
231 897 35 22 vid
282 897 54 22 1897
353 897 34 21 ärs
403 897 102 27 landtdag
521 897 31 21 till
568 897 119 22 Ständerna
699 897 158 22 öfverlemnade

98 931 77 27 nädiga
190 931 161 27 propositionen
366 931 111 27 angäende
492 931 98 28 partiella
604 931 148 28 förändringar
768 931 7 21 i
788 933 66 19 rätte-

100 965 144 28 gängsbalken
266 965 131 22 innefattade
411 965 82 28 förslag
505 966 80 27 jemväl
601 966 31 21 till
648 966 65 21 sådan
729 965 92 27 ändring
837 965 20 21 at

100 1000 25 21 11
148 999 10 28 &
182 1000 27 21 10
229 1000 48 27 kap.
293 1000 66 27 sagda
381 1000 54 25 balk,
451 1002 32 19 att
505 1002 101 25 parterne
621 1001 57 20 inom
694 1000 58 21 vissa
768 1001 89 25 gränser

99 1033 96 28 medgafs
216 1035 43 20 rätt
278 1035 31 20 att
325 1034 74 27 sjelfva
414 1034 120 21 bestämma
550 1035 41 20 den
606 1035 99 25 domstol,
721 1034 35 21 vid
771 1033 86 22 hvilken

98 1068 108 21 tvistemål
228 1068 48 21 dem
298 1068 89 21 emellan
406 1068 69 21 skulle
490 1069 138 26 handläggas.
658 1069 65 20 Detta
738 1068 119 27 stadgande

98 1102 110 27 påkallade
223 1102 45 21 åter
283 1103 66 20 sådan
365 1102 225 28 tilläggsbestämning
604 1103 8 21 i
626 1103 14 21 5
655 1103 11 28 $
683 1103 26 21 16
724 1103 47 26 kap.
787 1103 26 20 R.
826 1102 30 26 B.,

98 1143 47 15 som
160 1136 115 22 äterfinnes
290 1137 7 21 i
313 1137 65 21 slutet
393 1137 22 21 af
431 1137 128 21 nästnämda
575 1137 11 28 $
601 1138 7 20 i
622 1137 139 22 förevarande
777 1143 79 21 propo-

98 1171 70 27 sition,
191 1172 106 26 nämligen
319 1174 32 19 att
370 1172 123 27 »angäende
513 1172 133 27 invändning
668 1178 34 15 om
725 1172 48 26 laga
796 1171 60 21 dom-

98 1205 42 22 stol
162 1206 7 20 i
192 1206 35 21 det
249 1206 42 26 fall,
307 1212 46 15 som
374 1206 7 21 i
397 1207 24 20 11
438 1206 11 28 $
466 1207 27 20 10
509 1206 47 27 kap.
572 1206 142 26 omförmäles,
731 1206 54 27 gälle
800 1205 56 21 hvad

98 1240 38 21 der
151 1242 23 19 är
184 1240 120 27 stadgadt».
326 1240 35 22 Då
375 1240 119 22 emellertid
509 1240 81 28 förslag
600 1240 31 22 till
642 1241 90 26 ändring
743 1240 22 21 af
773 1240 26 21 11
809 1240 11 28 $
829 1240 28 21 10

96 1274 48 27 kap.
159 1274 25 22 R.
200 1274 23 22 B.
239 1274 45 22 icke
299 1275 61 27 ingär
375 1275 7 21 i
397 1275 70 21 denna
482 1275 142 27 proposition,
635 1281 62 21 synes
713 1274 143 22 omförmälda

98 1308 227 28 tilläggsbestämning,
341 1309 85 21 hvilken
447 1309 139 21 uteslutande
601 1309 97 27 betingas
714 1308 23 22 af
751 1309 40 21 den
807 1307 49 22 ifrä-

98 1344 82 25 gasatta
202 1343 118 27 ändringen
343 1343 23 21 af
386 1344 129 21 nästnämda
536 1344 90 26 lagrum,
639 1345 55 19 samt
709 1343 7 21 i
731 1342 53 28 följd
796 1342 63 22 häraf

96 1376 48 22 hela
164 1377 14 21 5
199 1378 12 26 &
228 1378 27 20 16
270 1378 47 27 kap.
334 1378 25 21 R.
374 1378 25 21 B.
414 1378 52 21 böra
489 1378 53 27 utgå
563 1384 26 15 ur
611 1377 140 22 förevarande
773 1376 83 22 författ-

165 1457 133 23 Lagutskottets
310 1458 111 17 betänkande
433 1458 38 17 N:o
486 1458 18 17 3.
