1048 1631
197 124 13 20 2
419 122 29 24 U.
465 124 29 21 B.
510 136 27 2 —
553 123 74 29 Prop.
643 123 45 23 N:o
704 123 37 22 14.

197 191 98 22 utarbeta
319 195 47 25 nytt
389 192 81 28 förslag
493 192 32 21 till
545 191 133 29 stadganden
698 193 6 20 i
720 191 142 22 förevarande
877 191 80 22 ärende

197 228 55 19 samt
268 225 59 22 detta
347 226 98 29 uppdrag
460 226 73 21 blifvit
548 226 23 21 af
586 226 93 21 komit6n
697 225 124 28 verkstäldt,
836 226 39 21 har
889 225 68 22 Sena-

197 263 36 18 ten
256 260 102 29 uppgjort
376 260 81 28 förslag
472 261 32 20 till
523 268 29 13 nu
567 259 147 29 föreliggande
730 259 78 28 nädiga
824 259 132 29 proposition

197 293 111 29 angäende
317 294 259 29 rättegängsfullmäktige
586 294 39 22 och
634 294 241 28 sakförareföreningar.
891 293 66 22 Detta

198 327 105 22 Senatens
327 329 227 28 propositionsförslag
576 329 38 21 har
634 329 120 21 sedermera
769 328 74 21 blifvit
857 328 23 21 af
895 327 62 27 Hans

197 362 123 29 Kejserliga
339 363 101 28 Majestät
456 363 5 21 i
479 363 66 21 näder
559 363 117 28 godkändt,
692 363 57 21 dock
764 362 49 22 med
829 362 90 28 ändring
935 362 23 21 af

199 398 10 19 1
227 404 63 14 mom.
307 398 12 20 2
335 398 11 27 $
362 398 6 20 i
384 397 104 28 förslaget
503 397 31 21 till
551 397 125 28 förordning
691 398 6 20 i
713 399 76 19 ämnet.

185 571 10 7 "
269 562 36 21 Dä
322 563 123 21 Utskottets
461 563 67 21 flertal
544 564 6 20 i
562 563 41 21 allo
614 563 99 21 omfattat
725 563 27 20 de
763 563 138 28 synpunkter,
911 570 45 13 som

198 595 24 22 af
243 595 155 29 Lagutskottet
418 597 35 21 vid
474 598 50 21 1897
542 597 34 21 ärs
592 597 102 27 landtdag
708 597 30 20 uti
755 597 49 20 dess
821 596 136 21 betänkande

198 630 92 22 rörande
313 639 28 13 nu
365 631 142 22 förevarande
529 631 61 28 fräga
612 631 127 22 framhällits
760 631 31 21 till
807 631 48 21 stöd
871 631 34 21 för
920 631 37 21 det

197 663 122 23 Ständerna
341 665 28 20 dä
392 665 110 28 förelagda
525 666 143 27 lagförslaget,
693 665 38 22 har
752 665 115 22 Utskottet
886 668 71 18 ansett

197 698 76 28 nödigt
288 701 32 18 att
334 699 39 20 här
393 700 5 20 i
415 699 84 22 korthet
514 699 104 28 redogöra
634 699 34 22 för
683 699 163 28 Lagutskottets
863 699 94 28 antydda

197 732 132 22 uttalanden.
360 733 151 28 Lagutskottet
534 734 99 21 framhöll
653 733 187 28 hufvudsakligen,
855 733 101 22 hurusom

197 766 104 22 behofvet
319 767 23 21 af
361 767 100 28 åtgärder
476 767 34 22 för
525 768 225 21 sakförareväsendets
766 767 109 22 ordnande
891 767 64 22 redan

181 815 5 10 »
197 800 69 22 under
289 801 50 28 lång
361 801 31 21 tid
415 801 40 22 hos
479 809 34 14 oss
529 803 55 20 varit
599 802 88 21 allmänt
702 802 91 21 erkändt
807 802 41 21 och
864 809 93 18 numera,

198 834 67 22 sedan
289 843 25 13 en
338 836 77 21 reform
439 836 23 21 af
480 836 83 21 landets
579 836 189 28 rättegångsväsen
785 836 60 21 stälts
861 835 28 29 på
904 835 52 28 dag-

198 869 126 28 ordningen,
347 869 48 22 icke
416 870 73 28 längre
505 870 71 22 kunde
592 871 80 21 lemnas
688 870 122 21 obeaktadt.
840 870 33 21 En
890 870 66 21 sådan

197 903 81 22 reform
301 904 114 21 förutsatte
437 905 106 28 nämligen
567 905 49 21 med
632 905 101 27 oafvislig
749 904 162 28 nödvändighet
925 907 32 18 ett

198 937 85 28 dugligt
304 938 175 22 sakförarestånd
501 939 41 21 och
565 947 37 13 var
621 939 47 21 icke
683 938 152 29 genomförbar
851 939 46 21 med
915 938 41 21 den

198 971 135 29 ståndpunkt
355 973 216 21 sakförareväsendet
586 973 35 21 för
636 973 133 21 närvarande
785 973 39 20 hos
840 980 35 14 oss
891 973 66 28 intog.

197 1005 66 22 Först
278 1006 41 21 och
335 1006 75 22 främst
425 1007 100 21 fordrade
541 1007 41 21 den
594 1007 24 22 så
628 1007 83 22 kallade
723 1007 233 28 anklagelseprincipen

197 1041 7 20 i
227 1039 108 28 brottmål,
359 1043 51 19 enär
433 1041 35 21 vid
491 1041 49 22 dess
563 1041 169 28 genomförande
755 1042 5 20 i
781 1041 174 28 straffprocessen

196 1073 68 22 åtalet
279 1074 68 21 måste
363 1075 143 22 öfverlemnas
522 1075 22 22 åt
560 1076 110 26 särskilda,
686 1075 101 29 juridiskt
797 1075 86 21 bildade
893 1078 63 18 stats-

196 1108 129 27 tjenstemän
349 1109 41 21 och
413 1109 100 22 domaren
538 1111 18 27 ej
582 1109 72 22 vidare
677 1109 79 27 kunde,
780 1109 70 21 såsom
866 1109 91 28 tidigare

197 1143 56 20 varit
269 1142 67 27 fallet,
351 1150 52 14 vara
418 1143 98 22 verksam
532 1145 5 20 i
554 1143 41 22 den
611 1143 115 22 tilltalades
737 1144 97 26 intresse,
845 1146 31 18 att
886 1143 71 22 denne

198 1176 115 22 förseddes
329 1177 49 21 med
393 1178 145 28 rättskunnigt
554 1178 88 26 biträde,
652 1178 83 22 hvilket
746 1178 135 28 naturligtvis
892 1178 65 21 fram-

197 1210 86 22 kallade
299 1211 66 21 ökadt
378 1212 66 21 behof
459 1212 22 21 af
497 1212 135 28 kompetente
648 1212 117 22 sakförare.
785 1212 120 21 Enahanda
920 1212 37 21 be-

195 1244 39 22 hof
254 1245 85 21 komme
359 1246 7 20 i
382 1248 56 19 ännu
453 1246 64 28 högre
533 1246 51 28 grad
602 1250 31 18 att
647 1248 52 27 göra
715 1247 34 27 sig
763 1246 99 28 gällande
878 1246 80 21 beträf-

196 1278 66 22 fande
285 1280 140 28 rättegången
449 1282 6 20 i
478 1281 63 21 civila
563 1281 42 21 mål
622 1281 129 28 derigenom,
767 1283 31 19 att
814 1280 35 22 vid
866 1280 91 29 tillämp-

196 1314 80 26 ningen
293 1314 22 20 af
330 1314 149 28 muntlighets-
494 1315 40 21 och
551 1314 344 28 omedelbarhetsgrundsatserna,
906 1317 50 19 utan

196 1347 87 21 hvilkas
301 1348 170 28 genomförande
486 1350 6 20 i
507 1350 68 20 större
591 1349 51 21 eller
657 1348 83 22 mindre
756 1348 149 28 utsträckning
920 1348 38 22 nå-

196 1388 42 21 gon
257 1389 57 14 mera
330 1382 133 22 omfattande
479 1383 77 21 reform
574 1384 22 20 af
607 1382 230 29 rättegångsväsendet
846 1382 48 22 icke
906 1390 51 14 vore

196 1415 81 29 möjlig,
300 1416 24 22 så
339 1416 55 28 höga
410 1417 49 21 kraf
474 1418 67 20 måste
556 1418 73 21 ställas
646 1418 27 28 på
688 1420 111 26 parternas
815 1416 142 26 verksamhet,

266 1467 134 23 Lagutskottets
413 1468 110 18 betänkande
536 1468 37 18 N:o
588 1470 16 16 6.
