1048 1631
424 109 40 22 N:o
481 110 20 21 2.
803 108 13 21 5

444 180 11 27 $
472 181 19 20 2

155 221 43 20 Det
220 221 6 20 i
251 222 8 19 1
285 221 11 26 8
321 221 93 20 nämnda
429 220 58 21 bevis
504 220 54 21 skall
575 221 97 26 upptaga
687 225 78 15 varans
781 225 64 14 namn

87 256 56 21 samt
159 255 120 22 dessutom:

157 291 24 25 a)
192 289 133 22 beträffande
333 290 139 27 konstgjordt
481 289 181 27 gödslingsämne,
672 289 48 21 dess
729 294 116 21 ursprung,

87 324 78 21 minsta
185 324 44 21 halt
246 324 22 21 af
281 325 134 20 verksamma
430 324 173 27 beståndsdelar,
620 323 99 28 angifven
735 323 6 21 i
756 324 91 26 procent

87 358 23 21 af
130 358 123 27 fosforsyra,
276 359 6 20 i
298 358 123 21 vattenfritt
438 358 104 26 tillstånd,
559 359 43 20 kali
620 358 39 21 och
674 357 81 26 kväfve,
773 357 72 21 äfven-

87 399 45 16 som
148 393 41 21 den
205 393 60 26 form,
281 393 60 20 hvari
358 393 63 21 dessa
436 393 166 21 beståndsdelar
618 393 50 26 ingå
682 393 7 20 i
705 398 78 20 varan;

156 427 22 27 b)
201 428 7 21 i
226 427 61 27 fråga
303 434 33 15 om
351 427 96 22 beredda
462 427 137 27 fodermedel,
616 427 36 21 det
668 427 51 21 eller
735 427 25 21 de
776 427 69 21 råma-

88 462 69 26 terial,
181 461 76 22 hvaraf
277 468 68 15 varan
360 462 69 21 blifvit
443 461 121 27 framstäld,
581 461 39 22 och
636 461 52 22 skall
705 462 72 21 denna
792 467 54 21 upp-

87 496 45 27 gift,
149 497 37 20 der
202 497 16 26 ej
236 497 67 20 annat
318 496 133 21 förhållande
467 496 68 21 finnes
552 496 100 27 angifvet,
665 502 62 15 anses
739 495 108 22 innefatta

88 532 32 19 att
143 537 65 15 varan
232 531 119 21 tillverkats
375 531 140 21 uteslutande
540 531 22 20 af
584 531 26 21 de
633 530 104 27 uppgifna
756 532 91 19 ämnena

87 567 57 20 samt
163 567 33 20 att
212 566 96 27 skadliga
323 566 165 21 beståndsdelar
504 566 39 21 och
559 566 132 21 främmande
707 567 77 20 ämnen
800 565 47 21 icke

87 601 6 20 i
117 607 65 14 varan
206 601 50 26 ingå
271 601 5 20 i
293 601 65 26 högre
374 601 53 26 grad
443 602 28 19 än
487 601 147 21 råmaterialet
650 601 70 20 såsom
736 601 41 26 god
793 600 53 21 han-

88 635 98 21 delsvara
202 635 22 21 af
238 635 47 21 dem
301 635 76 27 plägar
392 635 117 26 innehålla;

157 671 19 26 e)
200 670 6 21 i
229 669 100 22 afseende
352 671 12 20 å
384 670 149 27 utsädesvara,
555 670 47 21 dess
619 676 114 21 ursprung,
750 669 97 21 renhets-

87 705 54 26 grad
164 706 56 19 samt
238 705 144 26 procenttalet
398 706 55 25 rent,
470 705 90 26 grobart
575 705 32 21 frö
624 704 106 21 äfvensom
747 705 100 26 procent-

88 739 53 21 talet
158 739 22 21 af
195 739 44 21 deri
254 739 106 27 ingående
377 739 118 27 ogräsfrön.

156 773 48 22 Kan
220 773 184 28 gödslingsämnes
421 774 50 21 eller
487 774 154 21 utsädesvaras
658 780 108 21 ursprung
782 774 17 27 ej
812 775 35 19 ut-

88 809 73 24 rönas,
177 808 40 21 bör
233 808 72 21 derom
322 809 13 20 å
350 809 81 21 beviset
447 809 123 22 anmärkas.

156 842 23 27 Ej
204 843 34 20 må
260 843 139 27 konstgjordt
423 843 174 27 gödslingsämne
621 843 49 21 eller
685 843 76 21 beredt
776 843 71 21 foder-

88 877 68 21 medel
172 877 116 21 benämnas
305 877 54 22 efter
376 878 94 26 råämne,
487 884 46 15 som
550 878 45 21 deri
612 878 75 21 endast
703 877 32 21 till
747 878 99 21 oväsent-

86 912 29 26 lig
138 911 33 22 del
187 912 65 27 ivgår,
270 911 50 22 eller
336 912 49 27 eljes
403 913 12 20 å
430 919 60 19 vara,
508 912 88 21 hvarom
612 913 7 20 i
635 912 70 21 denna
721 912 126 26 förordning

87 947 94 26 stadgas,
198 947 80 26 nyttjas
294 947 136 27 benämning,
447 953 44 15 som
509 949 25 19 är
544 947 145 22 vilseledande
700 947 48 21 med
759 947 88 26 hänsigt

87 981 32 21 till
134 987 79 16 varans
229 987 108 22 ursprung
353 981 51 22 eller
419 981 155 22 beskaffenhet.

443 1045 12 28 $
471 1047 19 19 3.

156 1084 45 21 När
216 1085 179 26 gödslingsämne,
411 1085 132 21 fodermedel
559 1085 51 21 eller
626 1085 141 21 utsädesvara
783 1085 64 27 säljes

87 1119 6 21 i
110 1119 56 26 säck,
183 1119 46 21 kärl
246 1119 51 21 eller
313 1126 72 14 annan
402 1119 43 22 fast
461 1119 149 28 förpackning,
627 1119 44 27 bör,
688 1119 37 21 der
737 1120 17 26 ej
767 1125 78 15 annor-

87 1154 67 21 lunda
170 1154 94 26 aftalats,
280 1154 82 21 beviset
379 1161 33 14 om
427 1161 67 14 varan
511 1154 83 27 stadigt
609 1154 67 21 fästas
692 1155 12 20 å
720 1154 73 26 hvarje
803 1154 43 20 för-

87 1188 107 27 packning
217 1188 32 21 för
273 1190 32 19 att
327 1195 67 15 varan
411 1188 80 28 åtfölja.
523 1188 115 22 Tillställes
654 1188 80 22 beviset
749 1188 96 27 köparen

88 1223 134 26 annorledes,
244 1223 40 21 bör
303 1224 12 20 å
336 1230 29 14 nu
381 1224 95 21 nämnda
491 1223 143 27 förpackning
650 1223 117 27 anbringas
783 1223 63 27 sälja-

88 1263 48 15 rens
161 1264 64 14 namn
244 1258 39 20 och
299 1258 126 26 boningsort
442 1260 56 19 samt
513 1264 81 15 varans
610 1264 63 14 namn
690 1257 108 22 äfvensom
814 1258 32 20 ett

88 1292 80 25 märke,
185 1298 45 16 som
243 1292 78 27 jemväl
336 1293 40 21 bör
392 1293 6 21 i
414 1293 80 21 beviset
511 1294 117 26 upptagas.

442 1356 12 26 8
471 1358 19 19 4.

156 1395 78 22 Finnes
250 1396 35 21 vid
301 1396 67 21 skedd
384 1396 164 27 undersökning
564 1396 22 21 af
599 1402 58 21 vara,
673 1402 46 16 som
731 1398 24 19 är
765 1396 81 21 försäld

87 1430 47 21 med
158 1430 40 21 den
222 1430 6 21 i
254 1432 7 18 1
286 1431 11 26 8
321 1431 94 21 nämnda
436 1431 93 26 garanti,
548 1432 33 20 att
597 1431 47 21 dess
660 1431 134 21 verksamma
809 1430 36 21 be-
