1048 1631
326 96 29 23 U.
371 96 28 23 B.
419 109 24 3 —
459 95 75 29 Prop.
551 96 41 22 N:o
608 95 36 24 13.
821 96 13 20 3

103 165 23 22 af
139 164 70 23 alltför
232 167 45 20 stor
301 165 80 28 ökning
396 165 23 22 af
433 165 41 22 mål
489 165 7 21 i
511 165 160 26 öfverrätterne,
691 165 39 22 har
751 164 112 23 Utskottet

106 202 54 19 trott
176 200 33 27 sig
223 200 18 27 ej
258 200 52 21 böra
325 199 78 22 föreslå
418 200 71 27 någon
505 200 75 27 åtgärd
594 200 7 21 i
617 200 74 27 antydt
707 199 60 28 syfte.

173 234 38 22 Uti
232 235 7 20 3
254 240 63 15 mom.
332 234 13 21 5
362 234 11 27 &
389 234 87 26 stadgas
499 236 37 24 att,
552 240 34 15 om
603 234 76 21 besvär
694 233 83 22 anförts
793 234 7 21 i
815 233 48 26 mål,

103 268 34 21 för
155 268 80 22 hvilket
256 269 69 26 någon
349 268 66 21 hålles
438 268 85 26 häktad,
546 268 38 21 och
605 267 106 22 hofrätten
733 267 69 22 finner
818 270 45 19 ute-

105 302 78 22 blifven
201 304 105 25 motparts
317 303 95 21 hörande
424 303 73 20 kunna
511 303 28 26 på
550 303 63 21 saken
634 303 69 25 verka,
715 302 148 27 dupletthand-

105 337 97 26 lingarna
218 339 61 23 samt,
295 343 35 15 om
346 336 108 22 hofrätten
470 337 87 26 pröfvar
570 337 36 21 det
616 337 80 26 nödigt,
707 337 156 26 förrättningen

104 372 7 20 i
126 371 65 21 målet
206 371 59 21 skola
285 377 76 21 genom
381 371 104 26 Kejsaren
506 371 39 21 och
564 371 145 21 Storfurstens
727 371 136 26 befallnings-

104 405 105 22 hafvande
220 407 120 25 motparten
349 405 111 22 tillställas.
484 405 83 22 Genom
578 407 30 20 att
619 405 140 28 uttryckligen
770 405 94 27 påbjuda

104 442 32 19 att
145 440 212 21 kommunikationen
369 440 38 21 bör
418 439 38 22 ske
467 446 77 21 genom
556 440 104 27 Kejsaren
670 440 39 21 och
719 439 144 22 Storfurstens

105 474 238 27 befallningshafvande,
364 474 69 21 skulle
455 474 162 27 ifrågavarande
640 475 117 26 stadgande
777 473 87 22 beröfva

105 508 134 22 hofrätterne
262 509 128 26 rättigheten
405 510 38 25 att,
459 509 38 20 der
513 509 77 21 sådant
604 509 114 26 lämpligen
733 509 72 21 kunde
821 508 43 25 ske,

106 543 115 22 verkställa
244 543 143 27 delgifningen
410 543 28 27 på
459 549 72 15 annan
556 543 83 21 officiell
662 545 45 25 väg.
741 543 33 21 En
798 543 65 21 sådan

106 577 150 28 begränsning,
273 584 45 15 som
334 577 175 27 propositionens
525 577 80 27 förslag
620 577 7 21 i
642 578 69 21 denna
725 577 34 22 del
769 577 95 26 innebär,

105 612 39 21 har
167 611 22 22 af
209 612 109 27 praktiska
340 612 45 21 skäl
409 614 59 25 synts
492 612 112 21 Utskottet
618 612 46 21 icke
682 619 51 14 vara
751 612 113 26 önskvärd,

105 646 86 21 hvarför
206 646 117 26 Utskottet,
339 653 46 14 som
401 648 72 19 ansett
488 646 35 21 det
539 647 52 20 böra
606 645 141 22 öfverlemnas
758 647 22 20 åt
791 647 72 20 veder-

105 681 95 21 börande
222 681 80 21 hofrätt
324 683 31 19 att
373 681 8 20 i
401 681 106 21 särskilda
529 681 36 20 fall
586 681 32 21 för
640 681 40 21 den
699 681 7 21 i
724 681 140 21 förevarande

106 717 95 19 moment
229 715 114 21 omordade
372 715 211 21 kommunikationen
613 715 65 21 anlita
706 715 61 22 äfven
793 721 70 15 annan

106 749 206 27 embetsmyndighet
335 751 26 19 än
381 749 104 27 Kejsaren
502 749 40 22 och
558 749 144 22 Storfurstens
726 749 137 27 befallnings-

105 783 111 26 hafvande,
238 784 88 21 beslutit
348 783 87 22 förorda
458 784 67 21 sådan
550 784 90 27 ändring
662 783 23 22 af
702 783 162 28 ifrågavarande

106 819 100 24 moment,
222 820 31 19 att
261 818 106 27 uttrycket
384 824 90 21 »genom
491 818 105 27 Kejsaren
612 818 39 21 och
668 818 144 21 Storfurstens
828 819 35 20 be-

105 851 217 28 fallningshafvande»>
343 853 66 20 måtte
425 852 86 27 utbytas
528 854 57 19 emot
601 853 66 20 orden
685 853 18 20 »i
719 853 145 26 embetsväg».

175 887 11 20 I
208 886 93 27 enlighet
323 887 48 20 med
392 887 58 21 detta
467 886 83 27 förslag
568 887 62 21 torde
648 887 110 22 enahanda
773 887 91 27 ändring

105 921 53 21 böra
174 921 96 26 vidtagas
283 921 80 29 jemväl
378 921 7 21 i
401 921 12 21 9
430 921 17 28 $.

174 955 32 21 På
227 955 98 27 grunder,
349 961 46 16 som
414 955 23 21 af
449 955 114 22 Utskottet
578 955 81 22 anförts
673 956 7 20 i
696 956 49 21 dess
761 955 102 22 ofvanbe-

105 990 64 21 rörda
190 989 133 22 betänkande
346 990 40 21 N:o
401 990 19 25 3,
436 989 38 22 har
490 990 113 21 Utskottet
618 990 87 21 beslutit
720 989 79 22 föreslå
813 991 51 20 att
855 985 14 34 i

105 1024 111 27 ingressen
238 1024 32 21 till
292 1024 139 21 förevarande
445 1023 219 28 författningsförslag
677 1025 66 21 måtte
753 1025 110 26 förklaras,

104 1060 32 19 att
155 1058 79 27 jemväl
249 1059 13 20 3
278 1058 11 28 $
303 1059 26 20 16
339 1059 47 26 kap.
404 1059 202 26 rättegångsbalken
630 1059 83 21 komme
733 1061 32 19 att
784 1065 78 21 genom

106 1091 153 28 författningen
275 1092 125 27 upphäfvas.

174 1127 83 21 Ytterst
273 1127 37 22 har
326 1127 112 22 Utskottet
453 1129 72 19 ansett
541 1127 33 27 sig
590 1127 51 21 böra
650 1127 17 27 ej
680 1127 82 22 mindre
774 1127 90 27 anmäla,

105 1163 31 19 att
162 1162 36 21 det
215 1162 7 20 i
240 1162 40 21 den
304 1162 69 21 finska
394 1162 107 26 lagtexten
526 1162 31 21 uti
580 1162 161 27 propositionen
767 1162 98 22 använda

106 1196 106 27 uttrycket
243 1196 131 27 »riitapuoli>
398 1196 63 28 (part)
483 1196 84 28 utbytts
592 1198 57 20 emot
673 1196 36 22 det
734 1196 131 28 egentligare

107 1230 182 26 »asianosainen»,
315 1233 26 19 än
367 1230 62 22 äfven
445 1231 7 21 i
467 1230 101 22 afseende
584 1231 12 21 å
610 1231 87 21 rättelse
719 1232 89 26 påpeka,
833 1233 32 19 att

105 1265 7 20 i
134 1265 41 21 den
194 1265 92 21 svenska
307 1267 71 19 texten
402 1265 31 21 till
457 1266 9 20 1
490 1272 65 14 mom.
574 1265 14 21 4
610 1266 11 27 $
642 1265 23 21 af
682 1265 181 27 författningsför-

106 1299 68 27 slaget
196 1300 103 26 insmugit
322 1300 33 26 sig
378 1301 31 19 ett
432 1300 83 20 mindre
540 1299 92 28 tryckfel,
651 1300 7 20 i
676 1302 21 25 ty
716 1302 32 19 att
765 1300 13 21 &
796 1300 68 27 tredje

105 1334 66 20 raden
187 1333 98 27 uppifrån
301 1333 142 22 förekommer
461 1334 107 26 uttrycket
582 1334 194 27 »ändringssökan»
792 1335 7 20 i
813 1334 52 22 stäl-

106 1367 29 21 let
150 1367 34 21 för
201 1368 230 27 »ändringsansökan>.

175 1453 129 22 Lagutskottets
316 1453 110 17 betänkande
439 1455 35 15 N:o
487 1454 17 16 5.
