1048 1631
199 88 13 20 2
387 87 85 23 Ständ.
489 87 38 23 Sv.
544 101 28 3 —
587 88 75 28 Prop.
678 80 44 30 N:o
737 87 37 23 10.

199 159 44 22 och
270 160 31 21 dä
325 158 123 23 enahanda
471 159 133 30 beviilning
622 161 89 21 anseiis
729 158 136 31 erivrderlig
883 159 76 22 såsom

199 193 86 29 bidrag
311 193 39 22 till
373 193 145 22 betäckande
543 194 23 21 af
585 193 28 22 de
632 194 88 29 anslag,
739 193 121 29 angående
877 193 82 22 hvilka

199 228 172 29 propositioner
395 228 38 22 till
451 228 132 22 Ständerna
602 228 93 28 aflåtits,
714 228 43 22 har
774 228 74 22 Eders
866 228 92 29 Kejser-

200 261 49 30 liga
275 262 112 29 Majestät
411 263 8 21 i
437 262 73 29 nådig
528 263 144 28 proposition
689 263 122 28 föreslagit
828 262 130 28 förnyande

200 296 23 22 af
249 297 88 22 nämda
363 297 132 28 bevillning
515 297 37 22 för
571 298 55 21 åren
646 297 73 28 1901,
739 297 72 28 1902,
833 297 63 22 1903
916 297 43 21 och

202 331 73 21 1904.

269 365 48 22 Vid
335 365 175 30 behandlingen
528 366 24 21 af
570 365 77 23 denna
662 366 145 29 proposition
822 365 71 22 hafva
905 365 54 29 jem-

200 399 39 22 väl
267 399 134 22 Ständerna
427 402 78 19 ansett
534 399 179 30 ifrågavarande
743 400 130 29 bevillning
903 399 57 22 böra

200 433 144 23 fortfarande
366 436 95 27 utgöras
479 434 74 22 under
570 435 86 22 nämda
673 434 42 22 tid.

269 468 136 22 Inkomsten
432 469 23 22 af
481 469 124 22 omordade
632 469 65 22 skatt
719 468 44 23 har
783 469 8 21 i
809 468 46 22 den
873 468 87 29 nådiga

200 503 176 28 propositionen
394 503 53 22 med
465 503 52 22 stöd
536 504 24 21 af
577 503 75 22 under
670 504 55 21 åren
747 503 64 21 1897
831 502 42 23 och
894 503 65 21 1898

200 544 81 15 vunna
307 537 100 22 resultat
432 537 79 22 blifvit
538 538 36 22 för
594 540 116 19 närmaste
728 537 157 29 finansperiod
903 545 57 21 upp-

201 571 96 22 skattad
325 572 36 21 till
389 572 108 28 850,000
525 573 13 21 å
566 573 109 27 900,000
693 572 67 21 mark
779 579 36 14 om
833 573 56 21 året.
925 571 36 22 Då

202 605 131 22 emellertid
354 605 33 23 .de
415 606 149 23 ekonomiska
587 606 178 23 förhållandena
791 606 9 21 i
826 605 87 28 landet,
937 606 24 21 af

201 639 83 23 hvilka
302 640 177 29 ifrågavarande
497 641 103 22 inkomst
618 641 62 22 visat
698 641 36 28 sig
750 641 8 21 i
769 641 47 28 hög
827 640 58 29 grad
898 641 61 27 bero,

200 674 75 22 under
293 675 86 22 nämda
397 675 26 22 år
440 675 62 22 varit
520 675 106 29 ovanligt
643 683 144 22 gynsamma,
805 675 70 22 hafva
892 675 68 22 Stän-

202 708 80 29 derna,
298 709 9 22 i
320 709 155 22 betraktande
492 710 86 29 jemväl
591 709 65 23 deraf
669 712 36 19 att
716 709 89 29 förslag
817 709 37 22 till
866 709 94 22 restrik-

202 743 75 22 tioner
295 743 9 22 i
319 743 68 45 fråga
405 751 37 15 om
469 744 183 29 tillverkningen
678 744 45 22 och
749 744 170 29 försäljningen
938 744 23 21 af

201 777 194 30 mallärycker
379 778 82 23 blifvit
477 778 42 22 vid
537 779 158 22 innevarande
713 778 115 29 landtdag
846 778 114 28 beslutna,

203 814 79 19 ansett
299 812 180 29 ifrågavarande
491 813 103 22 inkomst
605 813 52 22 icke
669 813 81 22 kunna
761 813 116 22 beräknas
889 802 72 39 högre

203 849 29 19 än
251 847 39 21 till
308 847 109 28 825,000
435 848 67 21 mark
520 847 90 30 årligen
628 848 57 22 eller
703 847 36 22 för
757 847 53 22 hela
825 847 136 29 finansperi-

201 880 61 23 oden
280 881 39 22 till
338 882 132 28 3,300,000
489 882 71 22 mark.

271 915 36 22 På
333 916 78 29 grund
437 917 24 21 af
485 916 39 22 det
542 916 99 23 anförda
659 917 24 21 få
703 915 131 22 Ständerna
852 915 8 22 i
879 915 82 22 under-

203 949 114 29 dånighet
335 951 99 28 anmäla,

479 1027 32 20 att
531 1025 123 22 Ständerna
677 1025 36 28 för
730 1025 37 21 sin
785 1025 33 22 del
834 1025 85 28 antagit
936 1032 25 15 en

411 1060 24 21 så
455 1061 90 26 lydande

229 1176 126 28 Förordning
372 1182 33 16 om
421 1176 109 28 bevillning
545 1176 37 23 för
597 1176 132 28 tillverkning
746 1176 26 22 af
784 1176 150 28 maltdrycker.

557 1266 52 27 18.

275 1321 144 23 Tillverkare
447 1322 23 22 af
496 1322 29 28 öl,
552 1325 78 26 porter
655 1322 58 22 eller
737 1330 77 14 annan
832 1322 132 28 maltdryck

204 1356 63 22 skall
284 1356 9 22 i
311 1352 131 52 bevillning
460 1356 95 30 erlägga
573 1364 29 14 en
620 1356 67 22 mark
704 1356 37 22 för
758 1356 82 30 hvarje
857 1357 34 21 tio
905 1356 59 22 kilo-

204 1399 67 20 gram
289 1391 65 28 muii,
373 1398 49 28 som
434 1391 38 22 vil
483 1391 132 23 beredande
628 1391 25 23 af
665 1390 73 23 sådan
751 1390 73 30 dryck
839 1390 124 22 användes.
