1048 1631
122 566 13 19 5
152 564 21 29 8.

190 126 14 18 6
408 124 73 22 Ständ.
497 124 35 22 Sv.
548 137 28 3 —
592 124 62 28 Prop.
671 123 35 23 N:o
721 124 14 22 1.

189 187 44 28 ligt
249 189 33 20 att
297 187 47 22 låta
356 187 86 28 jemväl
457 187 72 29 sagda
540 187 143 22 föreskrifter
693 187 55 28 ingå
758 187 34 21 uti
802 186 149 23 förevarande

190 221 115 28 paragraf,
321 229 49 14 som
385 222 70 21 redan
470 221 126 22 innehåller
606 221 302 29 undantagsbestämningar
917 224 34 19 rö-

191 255 69 22 rande
276 256 79 29 dylika
369 257 63 21 verk.

259 290 54 22 Med
335 290 108 22 afseende
466 293 13 19 å
501 291 45 21 den
570 291 142 28 begränsade
735 290 168 28 omfattningen
928 290 25 21 af

190 324 51 21 dess
265 325 144 28 stadganden
431 326 41 21 har
495 325 138 29 paragrafen
651 327 86 20 ansetts
755 325 124 28 lämpligen
896 324 55 22 böra

190 358 87 22 erhålla
292 359 60 28 plats
368 360 58 21 efter
437 359 74 29 öfriga
521 359 139 29 paragrafer,
672 367 49 14 som
731 359 115 22 innehålla
857 359 94 21 bestäm-

189 393 83 28 ningar
287 401 37 14 om
340 394 138 28 kungsädra,
494 394 43 21 och
553 394 87 21 således
656 394 55 28 ingå
727 395 94 20 såsom
807 389 11 37 8
833 393 9 29 $
857 393 7 21 i
877 396 9 18 1
898 393 51 28 kap.

189 427 11 21 I
216 427 58 29 följd
289 428 27 21 af
329 428 76 21 denna
420 428 148 29 förflyttning
582 428 42 21 har
633 428 150 29 paragrafens
794 430 13 19 2
818 435 73 20 mom.,
902 435 48 14 som

190 462 126 22 innehåller
331 462 143 22 föreskrifter
489 470 37 14 om
537 463 102 28 fiskvägs
651 463 189 28 öppenhållande,
851 462 99 22 förenats

188 496 52 21 med
257 499 12 18 7
285 497 31 27 (6)
331 497 21 28 8,
368 497 7 21 i
391 497 94 22 hvilken
507 497 55 28 ingå
584 497 115 22 allmänna
721 497 171 28 bestämningar
914 504 36 14 om

190 531 129 22 inrättande
335 531 26 22 af
374 531 64 29 dylik
453 535 51 25 väg.

259 565 46 22 Det
321 566 7 21 i
344 568 13 19 5
373 566 14 29 8
404 569 10 18 1
431 573 66 15 mom.
512 566 187 22 förekommande
710 566 117 28 uttrycket
839 565 111 27 ,använd-

192 599 49 22 bart
256 600 54 21 fall"
327 600 41 21 har
383 603 84 19 ansetts
483 601 125 28 olämpligt,
624 603 55 19 enär
695 602 25 19 så
735 601 57 28 godt
807 607 48 15 som
870 599 79 29 hvarje

190 634 130 29 obetydligt
335 634 42 22 fall
392 635 59 22 dock
466 635 45 21 kan
527 635 123 22 betecknas
666 637 75 20 såsom
756 635 142 21 användbart
914 634 37 22 för

190 670 71 27 något
277 669 66 28 ringa
358 669 110 26 ändamål,
481 669 94 22 hvarför
586 669 125 22 detsamma
721 669 90 28 utbytts
821 671 48 20 mot
879 669 70 22 orden

190 703 127 26 »Strömfall
332 703 26 22 af
371 704 90 23 värde",
491 704 83 21 Likaså
589 704 41 21 har
646 704 118 28 uttrycket
775 703 77 29 ,ringa
864 703 83 22 skada"

190 739 75 20 såsom
281 737 76 23 alltför
373 738 167 22 inskränkande
551 741 81 19 ersatts
642 738 52 21 med
707 737 140 27 ,nämnvärd
857 737 90 22 skada",

190 771 49 22 Och
254 771 37 22 för
306 774 34 19 att
355 772 136 29 möjliggöra
503 780 26 13 en
542 776 29 17 än
582 773 69 20 friare
662 773 135 28 disposition
807 772 141 22 beträffande

190 806 132 29 kungsådra
343 807 42 21 har
403 807 68 22 bland
489 807 112 28 åtgärder,
616 815 50 14 som
681 807 25 21 få
721 807 51 21 med
788 807 75 21 denna
877 806 71 21 vidta-

189 847 47 21 gas,
255 841 134 28 medgifvits
407 841 68 22 också
492 842 51 21 dess
560 841 183 29 ,förflyttning*,
759 841 63 22 detta
837 841 51 22 med
904 843 43 19 sär-

188 874 71 21 skildt
275 875 108 22 afseende
399 877 12 20 ä
427 876 28 21 de
470 875 47 26 fall,
534 876 39 21 der
589 876 55 21 flere
660 878 97 26 ägrenar
772 876 146 21 förekomma.

257 909 183 22 Vidkommande
465 912 13 19 2
501 917 66 15 mom.
592 910 72 22 hafva
690 910 129 22 Ständerna
843 910 46 21 fäst
913 910 34 21 sin

188 944 203 28 uppmärksamhet
413 945 85 26 dervid,
521 947 33 19 att
579 945 170 28 befogenheten
775 947 33 19 att
833 945 115 21 utsträcka

188 978 47 21 fast
257 978 52 21 dam
332 979 65 22 öfver
419 979 131 28 kungsädra
572 980 78 21 kunde
674 979 72 22 blifva
768 979 35 22 till
825 979 123 28 väsentligt

188 1019 52 14 men
265 1013 40 21 vid
330 1013 121 22 framdeles
477 1014 70 28 nödig
576 1014 118 21 befunnen
718 1013 229 29 vattenständsregle-

188 1046 52 29 ring
265 1055 84 20 genom
373 1047 138 29 fördyrande
536 1049 26 21 af
585 1049 75 28 dylikt
689 1048 173 29 allmännyttigt
890 1048 57 22 före-

187 1084 41 25 tag
243 1082 53 21 med
312 1082 63 21 lösen
391 1082 36 22 för
442 1083 193 28 dambyggnaden
652 1083 43 21 och
709 1083 110 28 möjligen
835 1082 68 22 äfven
915 1090 33 14 er-

188 1116 104 28 sättning
307 1116 38 22 för
359 1117 80 21 verket
462 1117 140 28 frängäende
625 1117 118 22 drifkraft.
773 1117 53 22 Med
841 1117 107 22 afseende

190 1150 55 22 härä
267 1150 42 22 har
331 1151 136 22 förbehället
489 1159 37 15 om
548 1152 134 28 skyldighet
701 1152 36 21 för
753 1159 68 21 egare
836 1152 25 21 af
874 1152 52 22 dam
941 1152 7 20 i

189 1184 132 30 kungsädra
337 1188 33 19 att
385 1188 55 19 utan
455 1187 127 28 ersättning
601 1186 154 22 undanskaffa
770 1186 130 22 densamma
914 1189 34 19 ut-

188 1220 98 21 sträckts
307 1220 86 28 jemväl
415 1220 35 22 till
473 1221 38 21 det
534 1221 47 26 fall,
598 1221 29 21 dä
647 1221 148 28 kungsädran
811 1224 63 26 tages
889 1222 7 20 i
912 1228 37 15 an-

187 1254 70 28 spräk
272 1254 37 22 för
324 1254 147 29 vattendrags
489 1255 120 29 reglering.

257 1288 154 29 Paragrafens
427 1292 12 18 3
455 1297 66 14 mom.
545 1290 140 25 förutsätter,
702 1292 33 19 att
757 1290 118 28 undantag
897 1290 52 22 frän

188 1322 202 29 bestämningarna
406 1324 7 20 i
430 1326 10 18 1
457 1331 66 15 mom.
541 1332 37 14 om
592 1327 46 19 rätt
654 1326 34 20 att
703 1327 82 25 stänga
800 1325 148 28 kungsädra
934 1318 17 39 i

187 1356 68 45 fråga
277 1365 38 14 om
337 1358 61 21 vissa
419 1358 137 29 vattendrag
578 1358 78 22 kunde
675 1358 102 22 befinnas
792 1359 156 29 nödvändiga;

186 1391 45 22 OCh
247 1392 60 22 älses
323 1392 41 22 här
380 1392 172 30 otvifvelaktigt
567 1393 29 21 de
611 1393 64 22 delar
690 1393 121 22 aflandots
821 1396 72 20 störro
903 1394 37 22 lax

187 1425 44 21 och
246 1426 133 22 sikförande
395 1427 80 26 elfvar,
490 1427 33 21 uti
539 1428 79 21 hvilka
632 1427 186 23 fiskeriintresset
834 1431 25 18 är
873 1428 26 22 af
905 1428 44 22 den
