1048 1631
312 90 26 22 U.
353 90 28 22 B.
397 102 27 4 —
439 90 74 27 Prop.
530 90 40 22 N:o
586 90 21 22 2.
798 91 13 20 9

82 159 149 27 öfverdrifvits,
254 158 75 22 främst
351 158 56 23 fästa
429 158 216 28 uppmärksamheten
664 159 27 26 på
711 160 38 24 att,
770 159 71 22 derest

82 193 131 27 svårigheter
235 199 57 22 yppa
310 193 39 27 sig,
369 193 26 21 de
414 193 7 21 i
436 193 74 27 hvarje
532 193 102 22 händelse
650 193 71 21 kunna
735 193 105 21 undvikas

82 236 74 21 genom
180 233 31 19 att
233 231 101 27 köparen,
351 231 94 26 följande
465 231 40 20 den
525 231 7 20 i
552 231 102 26 förslaget
669 230 32 21 till
717 231 123 26 förordning

81 265 58 26 gifna
162 265 144 27 anvisningen,
323 265 119 26 skriftligen
465 265 85 26 afsäger
570 265 32 26 sig
620 265 84 26 garanti
719 265 33 21 för
767 271 72 15 varan.

82 299 42 21 Det
142 299 61 22 torde
222 299 65 22 likväl
310 299 73 21 kunna
401 299 134 26 förutsättas,
552 301 32 19 att
596 299 169 27 jordbrukarene
780 299 61 21 skola

81 333 58 22 finna
162 334 36 21 det
220 334 167 27 fördelaktigare
406 336 31 19 att
456 336 54 19 trots
529 334 66 27 högre
615 334 96 26 varupris
730 333 52 27 fylla
802 334 39 20 sitt

82 368 65 21 behof
160 368 24 21 af
196 368 94 21 beredda
305 368 131 21 fodermedel
452 368 38 21 hos
506 368 112 21 inhemska
634 368 125 27 handlande,
767 368 74 21 hvilka

82 403 63 20 ställa
168 403 84 26 garanti
276 402 33 21 för
335 409 78 14 varans
441 403 119 26 duglighet,
583 405 25 18 än
629 404 31 19 att
679 402 70 21 direkt
768 402 22 21 af
807 404 33 19 ut-

83 437 91 20 ländska
190 437 105 21 affärshus
312 437 56 26 köpa
384 437 140 26 ogaranterad
542 443 57 15 vara.

151 523 67 20 Innan
235 522 112 21 Utskottet
363 523 99 26 öfvergår
478 523 31 21 till
527 529 26 15 en
568 523 135 27 redogörelse
718 523 33 20 för
763 522 25 21 de
799 523 42 20 för-

82 557 122 27 ändringar,
224 557 72 21 hvilka
317 557 112 22 Utskottet
448 557 69 22 funnit
536 558 78 26 nödiga
630 557 30 21 uti
675 557 36 20 det
725 557 7 20 i
748 557 40 20 den
805 557 36 20 nå-

82 592 50 27 diga
160 592 159 27 propositionen
343 592 105 26 ingående
470 592 147 27 lagförslaget,
640 592 61 21 torde
723 591 118 26 förklaring

82 626 53 21 böra
159 627 82 20 lemnas
264 626 109 27 angående
395 627 132 21 innebörden
548 626 22 21 af
588 629 76 18 tvenne
681 626 6 21 i
703 625 139 28 lagförslaget

82 661 98 20 använda
202 661 92 27 uttryck.
328 661 73 20 Ehuru
425 661 108 27 uttrycket
557 679 4 10 ,
562 661 142 28 konstgjorda
723 660 118 26 gödslings-

82 695 88 20 ämnen"
186 695 6 21 i
210 695 115 21 allmänhet
340 695 117 21 betecknar
469 696 77 21 endast
557 695 27 27 på
594 695 125 27 konstgjord
728 696 40 25 väg
778 694 63 21 fram-

82 729 70 21 stälda
168 730 297 26 ämnessammansättningar,
482 730 84 21 hvilkas
581 729 98 22 ändamål
694 731 23 19 är
737 731 32 18 att
784 729 57 26 tjena

81 764 31 20 till
130 764 97 27 gödsling
243 764 22 21 af
277 764 55 26 jord,
348 764 41 21 bör
404 765 86 20 dermed
507 765 67 26 enligt
584 764 121 21 Utskottets
714 763 55 27 åsigt
777 763 61 20 äfven

81 798 79 21 förstås
176 799 79 20 sådana
271 799 57 20 affall
345 799 38 20 och
400 799 142 26 biprodukter
550 799 36 20 vid
597 798 134 26 tillverkning
743 797 22 22 af
772 797 67 21 andra

80 838 63 15 varor
158 835 56 18 samt
229 833 80 21 sådana
329 833 5 20 i
351 834 89 20 naturen
457 833 175 21 förekommande
647 833 191 26 gödslingsämnen,

81 867 70 20 såsom
170 873 131 21 peruguano,
321 867 100 26 koprolit,
441 867 74 26 kainit,
536 867 112 27 snäckjord
667 873 26 14 m.
713 865 28 28 fi.,
767 865 72 21 hvilka

80 904 52 17 utan
151 901 52 21 eller
221 903 76 20 nästan
317 903 52 19 utan
386 908 68 15 annan
471 902 119 26 beredning
605 903 27 19 än
648 901 138 26 emballering
801 902 37 19 äro

80 935 90 21 föremål
190 935 32 21 för
239 935 78 22 handel
334 936 77 21 mellan
427 936 187 27 yrkeshandlande
631 936 38 21 och
684 935 73 22 hvilka
773 935 66 26 köpas

81 969 33 21 för
130 971 31 19 att
176 969 79 22 tillföra
268 970 77 27 jorden
361 971 57 20 vissa
430 970 33 21 för
472 970 176 21 kulturväxterna
655 969 77 26 nödiga
743 969 96 25 närings-

81 1006 76 19 ämnen
178 1006 55 18 samt
251 1004 7 21 i
278 1004 96 27 betydlig
394 1005 48 20 mån
461 1005 74 20 kunna
551 1005 81 21 variera
648 1004 31 21 till
696 1004 31 21 sin
743 1002 96 22 kemiska

81 1039 197 26 sammansättning.
309 1039 102 21 Deremot
426 1039 53 21 böra
495 1039 108 21 härunder
618 1039 47 20 icke
680 1037 121 27 inbegripas
814 1037 25 20 de

82 1079 15 14 s.
119 1073 19 20 k.
154 1073 282 27 jordförbättringsmedlen,
454 1073 57 26 kalk,
529 1073 86 26 mergel,
631 1073 46 26 gips
699 1079 28 14 m.
743 1071 28 26 4.,
787 1071 52 20 hvil-

81 1107 39 21 kas
144 1107 164 27 hufvudsakliga
331 1108 99 21 ändamål
450 1110 23 18 är
493 1110 33 19 att
545 1108 98 21 meddela
660 1107 75 26 jorden
757 1112 24 15 en
797 1106 42 20 viss

81 1141 113 28 fysikalisk
216 1142 148 22 beskaffenhet
379 1142 39 22 och
436 1148 45 16 som
498 1143 110 21 dessutom
624 1141 67 22 sällan
708 1143 37 19 äro
760 1142 80 20 utsatta

80 1176 34 22 för
129 1177 147 27 förfalskning.

151 1210 114 28 Uttrycket
288 1211 106 27 ,beredda
416 1211 143 21 fodermedel"
578 1217 62 15 anser
658 1210 112 22 Utskottet
789 1210 51 20 böra

82 1246 90 20 omfatta
193 1246 78 26 jemväl
294 1246 32 20 till
349 1245 109 27 utfodring
477 1245 22 21 af
517 1246 89 21 kreatur
629 1245 134 21 användbara
784 1243 56 21 affall

82 1280 38 20 och
137 1280 148 27 biprodukter,
301 1280 72 21 hvilka
388 1280 130 26 uppkomma
535 1280 35 21 vid
586 1279 136 27 tillverkning
737 1278 23 22 af
773 1278 66 21 andra

82 1320 62 15 varor
167 1314 69 21 såsom
260 1316 14 18 t.
297 1320 30 15 ex.
347 1314 34 21 vid
403 1314 149 27 oljeslagning,
568 1314 93 27 malning
676 1314 22 20 af
712 1313 45 26 säd,
777 1312 63 21 öltill-

82 1348 105 27 verkning
206 1355 25 14 m.
253 1355 34 21 m.,
307 1349 39 21 och
367 1348 85 22 hvilkas
466 1348 150 22 beskaffenhet
631 1350 23 19 är
670 1348 65 21 sådan
751 1349 32 19 att
798 1346 42 21 för-

81 1383 108 26 falskning
204 1383 23 21 af
241 1383 48 21 dem
304 1383 41 21 kan
363 1383 93 21 befaras.

152 1444 183 18 Ekonomiutskottets
347 1445 113 18 betänkande
472 1444 35 18 N:o
519 1445 18 17 3.
