1048 1631
320 108 73 23 Ständ.
409 108 35 23 Sv.
461 122 25 2 —
503 108 63 29 Prop.
582 109 35 22 N:o
632 109 14 22 1.
835 110 27 20 39

104 171 57 28 ning
177 173 13 20 å
205 179 86 14 annans
307 172 75 28 grund
398 172 26 21 af
437 172 75 22 nöden
527 172 92 22 utöfver
636 172 104 21 dammen
753 172 54 22 eller
817 171 45 22 led-

104 206 94 28 ningen,
214 206 54 22 eller
287 206 104 29 påkallas
406 205 37 22 för
458 206 120 22 sistnämdt
594 206 104 22 ändamål
713 205 149 23 användande

105 240 26 21 af
151 241 184 28 vattensamling,
360 247 48 15 som
423 241 8 20 i
446 243 27 18 25
489 241 14 28 $
519 243 13 19 3
548 248 66 15 mom.
638 243 68 26 sagts,
730 241 54 21 eller
807 239 56 23 afvi-

105 274 62 22 kelse
190 275 51 21 från
264 275 61 22 hvad
341 275 7 21 i
363 277 13 18 2
393 275 43 22 och
453 277 26 19 16
495 275 28 28 $$
540 274 159 26 föreskrifvits,
723 275 59 28 gälle
801 274 61 22 hvad

104 316 37 15 om
166 309 169 29 expropriation
358 309 25 22 af
404 309 46 22 fast
465 309 113 28 egendom
595 309 35 22 för
646 309 92 22 allmänt
753 308 72 23 behof
838 311 25 19 är

104 343 112 29 stadgadt.

431 443 24 20 II
470 443 64 26 Kap.

317 500 33 21 Om
366 499 96 28 flottning
477 499 25 21 af
514 499 137 28 skogsalster.

458 558 10 19 1
486 557 19 27 8

174 597 116 28 Naturligt
305 596 136 29 vattendrag
456 598 43 24 må,
515 596 41 22 der
571 597 38 21 det
625 599 24 19 är
660 599 75 26 öppet,
745 597 116 28 begagnas

104 631 36 22 för
155 631 109 28 flottning
286 631 25 21 af
325 631 138 28 skogsalster
486 631 74 22 under
578 631 146 28 iakttagande
739 631 26 21 af
777 630 62 22 hvad
854 630 7 21 i

104 665 74 22 denna
194 665 38 29 lag
247 665 43 22 och
305 665 148 22 annorstädes
469 668 24 19 är
509 665 79 22 derom
602 665 113 28 stadgadt.

457 723 48 28 28.

172 762 79 23 Under
265 763 118 28 pågående
405 763 109 28 flottning
529 770 55 15 vare
606 763 82 22 tillåtet
703 765 32 19 att
750 763 8 21 i
773 764 88 20 vattnet

102 797 60 21 hålla
178 797 141 22 ledbommar
342 797 43 22 och
401 797 34 22 till
456 797 130 22 bomfästen
602 799 12 20 å
630 797 106 22 stranden
751 797 57 21 inslå
823 799 38 26 på-

101 831 34 22 lar
151 831 55 22 eller
221 831 105 29 begagna
349 832 170 26 naturföremål,
536 839 48 15 som
604 832 20 28 ej
640 832 78 21 kunna
733 831 66 22 deraf
812 831 49 21 ska-

103 865 46 26 das,
165 867 25 20 så
206 866 43 21 ock
264 869 33 18 att
312 866 52 22 med
379 866 110 28 flottgods
504 867 71 28 lägga
590 867 34 20 till
639 867 39 21 vid
693 866 43 22 och
751 866 36 21 för
801 865 60 22 flott-

102 900 98 28 ningens
218 900 147 22 bedrifvande
381 901 94 21 beträda
489 901 117 25 stranden,
620 901 58 21 dock
688 901 49 21 icke
747 900 39 22 vid
797 902 64 24 tomt,

102 934 115 29 trädgård,
240 935 64 28 park,
327 935 110 22 badställe
461 935 43 22 och
526 935 165 29 upplagsplats,
714 935 49 21 ifall
781 934 80 22 sådant

102 969 46 21 kan
171 969 40 21 der
233 976 82 21 genom
338 969 206 29 flottningsanstalt
566 969 139 29 förebyggas
723 969 54 22 eller
795 968 66 29 eljest

101 1003 120 22 undvikas.

171 1037 27 28 Ej
216 1040 36 19 må
274 1038 139 22 ledbommar
428 1040 25 20 så
470 1039 114 28 utläggas,
601 1041 33 19 att
648 1037 149 23 samfärdseln
812 1037 49 22 hin-

102 1071 52 22 dras
178 1072 54 21 eller
254 1072 78 29 fisken
350 1073 97 21 afhålles
470 1073 52 21 från
538 1073 97 28 lekplats
658 1073 54 21 eller
727 1071 133 26 fiskeställe;

102 1105 43 22 och
161 1106 41 22 bör
224 1107 150 28 begagnande
393 1107 25 22 af
438 1107 59 22 fäste
513 1107 44 22 och
579 1107 110 28 landning
704 1109 25 19 så
746 1106 49 22 vidt
811 1109 50 26 gör-

101 1140 43 28 ligt
160 1143 24 19 är
200 1141 39 21 ske
255 1143 13 19 å
283 1141 72 26 ställe,
371 1142 39 22 der
425 1142 82 22 minsta
523 1141 123 29 olägenhet
659 1141 78 26 vållas,
747 1141 44 22 och
801 1140 60 22 flott-

102 1175 57 28 gods
174 1175 40 22 vid
229 1176 78 22 strand
322 1176 50 22 icke
388 1176 127 28 qvarhållas
531 1177 80 28 längre
627 1179 29 19 än
670 1176 86 28 nödigt.

455 1236 14 19 3
484 1234 21 29 8.

170 1273 12 21 I
197 1273 201 29 flottningsstadga
420 1274 36 22 för
478 1274 58 22 visst
559 1274 135 28 vattendrag
716 1274 46 21 kan
774 1273 86 29 jemväl

102 1307 129 29 medgifvas
246 1310 45 19 rätt
306 1311 39 23 att,
362 1311 60 19 emot
437 1309 129 28 ersättning
580 1308 36 22 för
631 1308 130 29 nyttjandet
777 1307 26 22 af
815 1314 46 15 om-

101 1341 61 26 råde,
178 1349 49 15 som
241 1345 120 26 upptages,
377 1345 58 19 samt
450 1342 36 22 för
502 1343 72 21 skada
590 1343 42 21 och
648 1342 126 29 olägenhet,
790 1342 8 21 i
813 1344 47 19 vat-

101 1375 121 29 tendraget
236 1376 43 22 och
294 1378 13 20 å
323 1378 107 21 stranden
453 1377 105 22 derinvid
573 1378 83 20 inrätta
678 1377 84 21 sådana
777 1376 83 28 stadig-

100 1410 100 21 varande
216 1411 115 26 anstalter,
347 1418 49 15 som
410 1411 37 22 för
462 1412 150 28 flottningens
624 1411 191 27 ändamålsenliga
823 1410 37 22 be-
