1048 1631
333 82 27 24 U.
375 83 28 23 B.
421 96 28 4 -—
466 83 75 29 Prop.
557 83 44 23 N:o
617 84 13 22 1
813 86 14 20 3

102 148 35 23 sik
160 149 101 28 vanligen
283 149 45 22 icke
348 149 76 22 vidare
442 149 108 28 uppstiga,
574 152 55 20 samt
645 149 98 30 tillfällig
759 150 49 22 dam
824 151 33 21 ut-

103 185 75 29 läggas
192 185 56 28 först
263 185 54 28 efter
331 186 42 21 den
390 185 13 22 1
419 185 113 22 december.

253 265 12 20 6
282 263 20 29 S.
319 264 34 27 (se
368 271 64 21 prop.
449 263 14 29 8
481 265 11 19 7
510 263 43 22 och
569 263 14 29 8
600 265 13 20 4
628 271 30 14 m.
674 264 37 27 2.).

175 311 85 29 Lägges
271 311 53 28 fast-
337 311 52 23 eller
399 311 100 29 tillfällig
509 312 53 21 dam
574 312 65 21 öfver
646 312 137 28 kungsädra,
791 311 65 23 skola

102 347 155 29 (omflyttning)
280 347 152 30 inrättningar
451 348 36 21 för
506 350 102 19 vattnets
624 347 136 29 tillräckliga
776 347 79 30 aflopp

102 384 43 22 och
167 383 150 29 flottningens
341 383 97 29 tjenliga
460 383 154 22 bedrifvande
633 383 109 28 äfvensom
761 383 94 29 fiskväg

102 422 65 23 samt,
188 427 36 14 om
244 419 134 22 samfärdsel
395 419 40 22 der
451 419 159 27 förekommer,
622 419 81 28 jemväl
719 419 84 22 anstalt
819 419 36 22 för

102 456 86 21 dennas
205 455 181 30 möjliggörande
397 456 24 21 af
432 456 138 29 damegaren
581 455 121 30 anbringas
719 456 43 21 och
773 456 81 21 under-

101 492 79 21 hållas.

172 523 34 27 Är
222 528 58 22 dock
296 528 110 27 strömfall
422 527 87 28 sådant,
528 530 33 19 att
577 527 155 29 (omställning)
744 528 109 22 verkstäl-

101 565 67 21 lande
185 564 23 21 af
224 564 109 29 flottning
349 564 110 22 derstädes
469 564 115 22 erfordrar
595 564 60 22 skild
666 564 125 29 inrättning
801 564 53 22 eller

100 599 47 22 fisk
163 599 51 23 icke
230 601 45 21 kan
287 600 39 22 der
341 602 57 20 utan
408 600 89 29 fiskväg
508 603 84 26 uppgå,
604 608 53 14 vare
669 601 136 28 damegaren
816 608 37 14 en-

101 635 52 22 dast
176 636 93 29 skyldig
292 638 33 20 att
348 639 55 19 utan
422 636 128 29 ersättning
566 636 72 22 tillåta
654 636 159 29 anbringandet
829 637 28 27 af

94 671 244 30 NAottningsinrättning
353 672 52 22 eller
420 672 89 29 fiskväg.
531 672 85 22 Finnes
632 672 9 21 i
656 672 58 29 följd
730 672 24 22 af
764 675 87 20 vatten-

100 708 91 29 dragets
213 708 159 29 obetydlighet
390 709 55 21 eller
464 709 23 22 af
506 716 76 14 annan
602 708 66 22 orsak
686 708 46 22 fisk
748 708 81 22 endast
845 708 8 21 i

100 744 90 29 ringare
213 744 85 29 mängd
321 744 55 27 deri,
401 752 41 21 ege
465 744 52 22 icke
542 752 40 14 ens
606 744 131 29 skyldighet
753 751 50 14 rum
820 746 33 20 att

100 780 73 22 tillåta
188 781 129 21 inrättande
333 781 24 21 af
372 781 99 28 fiskväg.

171 815 101 30 Fiskväg
300 817 124 28 (uteslutn.)
447 816 73 22 hålles
546 819 80 26 öppen,
654 816 79 22 såvida
759 816 20 29 ej
808 819 43 19 sär-

100 852 72 22 skildt
195 853 142 21 annorlunda
360 852 137 29 medgifves,
519 853 52 21 från
586 852 153 29 islossningen
755 852 35 22 till
807 852 45 22 den

101 891 11 19 1
130 888 127 27 december,
273 889 37 22 och
323 889 71 28 gäller
409 888 65 29 förty,
492 888 58 23 hvad
565 895 33 16 om
609 888 99 29 fiskvägs
723 889 127 22 inrättande

99 925 66 28 ofvan
180 927 56 26 sägs,
253 924 20 28 ej
288 925 28 22 då
332 924 98 29 tillfällig
445 925 50 22 dam
511 924 56 27 efter
584 925 95 21 nämnda
694 925 43 28 dag
747 924 102 29 utlägges.

348 999 11 19 7
377 997 20 29 8.
415 998 34 27 (se
464 1004 65 21 prop.
546 997 14 29 8
577 997 29 27 8).

170 1044 88 23 Varder
280 1045 8 22 i
309 1044 59 30 följd
387 1045 23 22 af
431 1045 144 28 kungsädras
597 1044 131 29 stängande,
751 1044 55 22 eller
822 1044 29 22 dä

98 1083 136 20 strömmens
250 1080 103 30 riktning
369 1088 83 22 genom
468 1083 93 20 vattens
576 1080 119 22 afledande
706 1080 145 29 väsentligen

98 1116 118 23 förändras
233 1117 140 28 flottningen
389 1117 34 22 till
439 1124 60 19 men,
517 1116 62 22 skild
595 1116 82 22 anstalt
693 1116 24 22 af
727 1116 77 22 nöden
814 1116 36 22 för

98 1153 118 21 dammens
233 1153 54 21 eller
302 1153 92 22 verkets
411 1153 138 29 skyddande
560 1156 48 19 mot
618 1153 70 22 skada
699 1153 23 21 af
733 1152 116 29 flottning,

98 1189 76 29 äligge
197 1196 83 22 egaren
304 1189 53 29 sjelf
380 1192 33 19 att
437 1189 100 29 anlägga
560 1190 43 21 och
627 1189 132 22 underhålla
779 1188 71 22 sådan

98 1225 178 29 skyddsanstalt.

284 1293 13 19 8
313 1291 20 29 8.
351 1292 34 27 (se
401 1298 63 22 prop.
481 1291 29 29 $8
529 1292 14 20 4
559 1291 43 21 och
618 1291 43 27 20).

169 1339 48 21 Har
238 1341 76 26 nägon
329 1338 150 28 härförinnan
495 1338 103 29 lagligen
615 1338 126 22 förvärfvat
756 1341 44 19 rätt
817 1341 32 19 att

96 1377 81 26 stänga
193 1375 136 29 vattendrag
349 1375 54 21 eller
420 1375 91 21 dämma
528 1374 56 22 eller
598 1374 52 22 leda
665 1377 88 19 vattnet
769 1382 80 14 annor-

173 1416 210 20 Vattenrättsutskottets
395 1418 118 18 betänkande
526 1417 38 19 N:o
575 1418 16 19 1.
