1048 1631
323 85 30 23 U.
369 86 30 22 B.
413 98 28 4 —
459 86 73 28 Prop.
548 85 45 23 N:o
609 86 13 22 1
788 88 28 19 25

96 152 121 29 ödesdiger
239 151 150 22 eventualitet
413 158 70 22 synas
506 151 173 22 föreskrifterna
697 154 34 19 att
746 150 101 29 tillfällig

96 189 52 20 dam
164 188 65 21 öfver
244 187 133 29 kungsådra
393 187 58 21 skall
467 187 167 22 undanskaffas
651 187 48 22 före
715 187 132 22 vårflodens

96 224 134 21 inträdande
246 226 59 19 samt
321 225 40 24 att,
378 231 37 14 om
431 223 125 22 bestående
572 223 96 28 höjning
684 223 24 21 af
721 223 127 28 lågvatten-

98 260 91 21 ståndet
204 259 8 22 i
227 259 102 29 Augusti
348 259 108 26 inträder,
473 259 45 21 den
534 259 90 21 tillåtna
640 258 208 29 dämningshöjden

96 296 42 21 bör
153 296 59 21 efter
225 295 72 22 behof
313 295 90 26 sänkas,
420 295 51 21 icke
487 295 76 21 lemna
578 295 138 28 tillräckliga
727 295 120 28 garantier,

97 332 59 21 helst
167 331 114 29 sistsagda
291 331 144 22 förhållande
443 330 8 22 i
460 331 125 21 allmänhet
593 331 58 21 först
662 331 57 21 efter
730 337 29 15 en
769 330 79 29 längre

97 367 46 22 tids
169 367 112 22 måhända
309 367 101 28 dyrköpt
435 367 131 21 erfarenhet
591 367 78 21 kunde
697 367 150 21 konstateras.

97 403 75 22 Också
192 403 65 22 torde
277 403 90 22 landets
386 403 137 28 vattendrag
539 403 53 21 med
608 403 107 21 afseende
733 405 12 19 å
761 402 28 21 de
805 402 43 21 för-

98 439 128 26 hållanden,
247 447 48 14 som
312 439 34 21 uti
362 439 53 21 dem
431 439 95 28 betinga
541 439 189 21 vattenståndens
746 438 101 28 vexling,

99 475 72 28 enligt
186 475 61 22 hvad
261 475 88 28 jemväl
360 478 91 18 senaste
461 474 46 22 tids
520 475 130 21 erfarenhet
660 474 70 29 gifvit
744 474 40 22 vid
794 474 54 21 han-

98 511 51 26 den,
171 519 54 14 vara
245 511 77 21 alltför
338 511 50 21 litet
403 511 76 21 kända
495 511 37 21 för
547 513 33 19 att
596 513 33 19 ett
644 510 136 29 ingripande
795 509 9 22 i
820 510 28 21 de

98 547 115 28 naturliga
227 547 336 21 vattenståndsförhållandena
578 546 9 21 i
598 547 45 20 den
654 546 139 29 omfattning
804 546 45 21 den

98 583 51 22 nåd.
167 590 62 21 prop.
247 582 119 29 föreslagit
381 583 78 21 kunde
475 589 67 15 anses
559 582 90 29 rådligt.

168 619 75 22 Jemte
260 619 39 20 det
314 618 120 22 Utskottet
449 618 98 22 sålunda
563 618 51 21 icke
629 619 88 20 kunnat
727 617 123 29 godkänna

97 663 29 14 en
150 654 167 29 dämningsrätt
340 654 71 22 sådan
435 654 45 21 den
504 654 8 21 i
536 656 12 19 6
570 654 14 29 8
600 653 136 29 föreslagits,
752 654 42 20 har
809 653 41 22 Ut-

98 691 86 22 skottet
206 693 13 19 å
243 690 70 21 andra
337 690 65 22 sidan
426 692 75 19 ansett
524 690 8 21 i
556 690 84 21 allmän
663 689 36 29 lag
723 689 50 22 icke
794 689 55 21 böra

98 727 82 21 saknas
210 726 149 29 stadganden,
388 726 151 28 hvarigenom
568 728 72 26 utväg
668 725 110 22 bereddes
805 725 44 21 den

99 763 52 21 med
170 762 143 22 vattenkraft
334 762 124 21 arbetande
479 761 116 22 industrin
611 764 33 19 att
659 761 40 22 vid
715 761 134 22 inträdande

98 798 137 22 vattenbrist
258 797 74 22 delvis
354 797 55 22 eller
430 797 48 22 helt
500 798 44 21 och
560 797 71 22 hållet
647 797 152 28 tillgodogöra
814 796 36 29 sig

100 835 68 21 också
184 834 39 21 det
238 841 83 21 genom
338 833 149 29 kungsådran
501 833 137 29 nedgående
653 835 96 24 vattnet,
766 833 40 21 der
821 833 29 20 de

99 870 117 29 uppgifter
232 870 147 28 kungsådran
395 870 41 20 har
451 872 33 19 att
499 869 124 28 tillgodose
637 869 50 21 icke
698 868 152 29 ovilkorligen

100 906 90 29 påkalla
206 905 52 22 dess
274 905 189 29 öppenhällande.

169 942 36 21 De
228 941 139 29 betingelser
391 941 43 22 och
454 941 198 28 förutsättningar,
674 940 73 22 under
771 939 79 22 hvilka

100 977 36 22 för
150 977 96 22 berörda
261 977 106 22 ändamål
383 977 140 28 utläggande
540 977 24 21 af
578 976 140 29 provisionel
735 976 51 21 dam
789 971 17 38 i
802 975 48 22 el-

99 1013 34 22 ler
154 1013 65 21 öfver
241 1013 132 28 kungsädra
392 1012 63 29 finge
472 1019 43 21 epa
532 1020 56 18 rum,
604 1012 71 21 hafva
691 1011 159 22 sammanförts

102 1049 33 21 uti
154 1057 29 13 en
202 1049 113 28 paragraf,
336 1056 49 14 som
408 1048 53 21 med
482 1048 110 21 afseende
608 1050 13 19 å
636 1048 40 21 sitt
691 1047 101 22 innehåll
807 1048 44 21 fått

100 1085 58 29 plats
170 1085 95 22 framför
275 1092 77 22 prop:s
364 1087 12 19 5
388 1085 20 28 8.
426 1085 77 28 Sagda
511 1084 107 29 paragraf
626 1087 25 18 är
658 1084 64 29 bygd
730 1086 29 27 på
767 1084 84 28 grund-

102 1123 77 20 satsen
194 1123 33 19 att
242 1121 116 22 industrin
373 1121 34 21 uti
423 1121 42 21 här
479 1120 176 29 ifrågavarande
673 1120 108 21 afseende
798 1120 53 21 med

101 1158 40 28 fog
151 1157 51 22 icke
210 1158 46 20 kan
267 1158 90 21 sträcka
365 1157 50 21 sina
426 1157 100 28 anspråk
536 1157 86 28 längre,
634 1161 29 17 än
674 1159 33 19 att
715 1156 24 22 få
746 1156 105 28 tillgodo-

100 1196 55 26 göra
166 1193 35 29 sig
207 1193 171 22 vattenkraften
389 1192 8 22 i
408 1192 114 22 strömfall
532 1192 75 22 såvidt
616 1193 40 21 ske
666 1192 46 22 kan
722 1194 55 19 utan
784 1191 67 22 rubb-

99 1229 56 29 ning
172 1229 23 21 af
212 1229 27 21 de
255 1228 115 29 naturliga
386 1228 234 29 afloppsmängderna
631 1228 42 22 och
684 1228 167 21 vattenstånds-

100 1265 177 21 förhållandena.
305 1265 82 29 Någon
403 1267 45 19 rätt
466 1264 35 22 till
512 1264 141 29 provisionel
666 1263 183 30 ,uppdämning*

100 1301 73 21 under
188 1301 101 22 rådande
304 1301 187 29 lågvattenstånd
506 1301 44 21 har
565 1300 61 29 förty
643 1300 50 21 icke
709 1299 140 29 medgifvits.

100 1336 53 22 Med
177 1336 107 22 afseende
307 1337 56 21 härå
383 1337 42 21 har
445 1336 153 28 möjligheten
619 1336 23 21 af
663 1338 32 19 ett
713 1336 92 28 intrång
817 1334 34 22 uti

100 1380 75 14 annan
195 1373 228 28 vattenverksegares
445 1374 44 19 rätt
510 1372 36 21 uti
565 1371 135 29 paragrafen
715 1371 52 21 icke
781 1371 71 21 förut-

174 1414 211 19 Vattenrättsutskottets
397 1414 118 18 betänkande
528 1414 38 18 N:o
578 1414 16 18 1.
