1048 1631
206 100 12 21 8
394 100 86 23 Ständ.
496 100 39 23 Sv.
553 113 24 3 —
594 101 74 28 Prop.
685 100 46 23 N:o
746 100 23 23 8.

205 175 27 24 är
249 173 39 26 till
308 168 54 43 dess
369 172 200 28 bestridande
544 168 28 43 af
587 177 71 29 ålder,
669 177 138 30 sjuklighet
817 178 58 22 eller
887 184 72 17 annar

205 213 121 28 synnerlig
343 213 69 22 orsak
430 213 152 28 urständsatt,
600 213 73 22 varde
690 212 47 23 han
752 220 29 14 ur
793 215 88 20 statens
893 213 66 28 tjensi

205 247 113 22 afskedad
341 247 54 22 med
413 247 74 22 sådan
504 247 104 30 pension,
627 255 49 14 som
694 247 85 22 honom
798 247 36 28 dä,
853 247 8 21 i
880 247 79 22 förhål:

204 281 71 22 lande
297 281 38 22 till
351 281 158 22 lefnadsälder
527 281 44 22 och
588 281 129 30 tjenstetid,
736 281 223 29 författningsenligi

204 315 149 23 tillkommer.

274 350 79 22 Nekar
371 351 159 28 borgmästare
548 351 56 21 eller
621 350 98 23 rädman
737 352 36 20 att
791 352 118 26 emottaga
929 351 29 21 sä

204 384 47 22 dan
279 385 78 29 tjenst,
376 386 77 28 gänge
479 385 109 29 förlustig
606 385 45 22 den
670 387 47 20 rätt
735 385 38 21 till
791 385 132 28 ersättning
941 388 17 18 a

204 419 142 28 statsmedel,
365 419 86 22 honom
469 419 92 29 jemlikt
579 419 77 22 denna
677 419 138 29 förordning
829 419 75 22 skulle
917 419 41 21 till-

204 453 100 23 komma.

560 506 14 21 5
594 507 19 25 8.

274 561 83 23 Denna
375 562 138 29 förordning
531 562 78 22 träder
627 563 8 21 i
653 562 110 29 gällande
781 563 64 21 kraft
867 562 44 22 den

449 605 5 19 ;
477 597 43 22 och
538 597 61 22 skall
617 597 100 28 domare,
733 597 14 22 &
764 597 96 22 hvilken
875 597 82 22 förord:

203 630 90 29 ningen
320 638 54 21 eger
401 631 155 29 tillämpning,
578 631 8 22 i
605 631 71 29 öfrigt
694 632 92 28 åtnjuta
805 631 28 22 de
851 631 106 29 rättighe-

204 667 42 25 ter,
274 672 47 27 som
347 665 74 29 enligt
442 665 165 30 förordningen
626 666 23 21 af
668 665 45 22 den
732 667 13 20 3
765 665 112 22 Februari
899 666 58 21 1868

204 699 131 22 tillkomma
356 700 98 22 embets-
467 699 43 23 och
528 701 147 28 tjenstemän,
692 700 93 22 hvilkas
803 700 154 29 befattningar

203 733 117 30 indragas.

273 837 114 22 Finlands
407 837 100 22 Ständer
524 837 134 23 framhärda
676 840 42 19 etc.

272 905 153 30 Helsingfors,
444 906 45 22 den
509 907 29 21 16
557 907 63 21 Mars
641 906 72 22 1900.

335 1406 118 24 Helsingfors
466 1408 49 18 1900.
539 1410 119 22 Helsingtors
671 1408 162 23 Uentraitryckeri.
