1048 1631
289 84 85 23 Ständ.
391 83 39 23 Sv.
446 96 26 4 —
488 84 76 28 Prop.
576 84 46 22 N:o
638 84 22 22 3.
839 84 13 20 5

162 150 46 21 För
235 149 45 22 den
307 149 112 22 händelse
445 148 104 23 ledamot
567 149 8 22 i
593 149 88 22 hofrätt
704 148 147 30 förflyttades

92 184 38 21 till
148 184 73 22 sådan
238 183 203 30 ordförandeplats
453 184 9 21 i
473 183 130 28 underrätt,
618 183 97 22 hvilken
733 183 118 23 medförde

93 219 65 28 lägre
186 219 103 28 aflöning
308 222 29 18 än
356 218 45 22 den
421 218 105 22 bemälde
544 218 103 22 ledamot
664 218 63 22 förut
745 218 106 29 åtnjutit,

93 253 79 28 borde,
191 253 73 28 enligt
293 253 144 21 Ständernas
455 252 158 28 förmenande,
631 253 37 21 för
684 253 87 21 honom
788 252 64 29 gälla

93 287 122 22 enahanda
233 287 182 28 bestämningar,
434 294 50 15 som
502 287 7 22 i
530 288 11 21 1
562 288 14 26 8
595 287 35 22 för
648 286 81 29 dylika
749 287 42 22 fall
809 287 42 22 fin-

91 329 44 14 nas
162 321 113 30 stadgade
302 321 147 22 beträffande
476 321 192 29 häradshöfding,
693 321 22 22 d.
737 329 22 14 v.
781 329 16 14 s.
817 323 35 20 att

93 356 47 22 han
168 356 52 22 icke
247 363 54 15 vore
325 355 134 30 berättigad
479 358 34 20 att
531 356 37 22 för
586 356 122 21 skilnaden
727 355 72 22 undfå
818 363 34 14 er-

94 391 106 28 sättning
222 391 23 22 af
263 391 119 21 allmänna
399 390 82 22 medel.
518 391 37 22 Då
573 391 119 21 föreskrift
710 390 81 22 härom
809 390 42 21 lik-

93 425 39 22 väl
156 425 51 22 icke
233 425 68 29 ingår
325 425 8 21 i
359 425 13 21 3
397 426 20 27 &,
435 424 72 23 hafva
534 425 131 22 Ständerna
684 427 77 20 ansett
779 424 73 29 sagda

94 460 108 28 paragraf
220 459 57 22 böra
295 459 85 30 jemväl
398 459 9 22 i
425 459 85 29 antydt
523 459 107 22 afseende
644 459 207 29 förfullständigas.

163 493 104 22 Emedan
295 493 157 29 affattningen
471 494 24 21 af
515 494 13 21 3
550 495 13 25 &
582 494 70 21 också
670 494 8 21 i
697 493 72 22 andra
787 493 65 22 delar

93 530 66 27 synts
187 528 131 22 Ständerna
344 528 52 22 icke
420 536 57 14 vara
495 528 56 22 fullt
568 527 223 29 tillfredsställande,
809 527 43 23 har

94 563 97 22 berörda
209 563 110 29 paragraf
336 562 164 23 underkastats
519 563 73 28 nödig
610 563 194 28 omformulering.

162 597 99 22 Jemlikt
289 597 13 22 7
323 598 13 26 $
355 597 8 22 i
381 597 203 29 ofvanäberopade
606 597 86 29 nådiga
713 597 138 28 förordning

94 631 24 22 af
136 631 46 22 den
202 632 13 21 3
234 631 113 22 Februari
369 632 64 21 1868
452 632 67 27 skall,
534 631 30 23 då
578 631 97 22 embets-
688 631 56 22 eller
756 632 95 29 tjenste-

94 673 60 21 man,
173 666 68 22 hvars
260 666 134 29 befattning
412 666 123 29 indragits,
554 666 116 22 tillträder
687 666 89 21 embete
795 666 56 21 eller

95 701 73 28 tjenst
194 701 30 28 på
245 708 79 15 annan
343 703 36 20 ort
398 704 29 18 än
447 701 40 21 der
505 700 47 23 han
571 705 25 18 är
614 701 84 27 bosatt,
717 701 134 28 flyttnings-

94 735 63 29 hjelp
176 735 37 22 till
230 735 109 29 lämpligt
356 735 85 29 belopp
460 735 86 22 honom
564 735 104 29 beviljas.
704 735 37 21 Då
758 735 93 28 förelig-

93 769 77 29 gande
196 769 241 30 författningsförslag
464 769 130 22 emellertid
616 769 59 22 afser
693 771 36 20 att
747 769 104 22 vidkom-

94 803 83 22 mande
201 804 148 29 förflyttning
373 804 24 21 af
415 804 93 22 domare
527 804 85 29 stadga
630 811 46 22 nya
693 803 157 30 grundsatser,

94 838 81 22 hvilka
201 839 52 21 icke
280 839 63 21 varit
369 839 116 28 pätänkta
505 839 42 21 vid
569 838 152 22 utfärdandet
742 839 23 21 af
786 838 64 22 1868

93 873 38 21 ärs
149 873 142 29 förordning,
310 873 86 28 kunde,
409 873 9 21 i
430 873 112 22 händelse
560 873 131 28 uttrycklig
702 873 149 28 bestämning

92 906 79 23 derom
190 907 119 28 saknades,
329 907 142 22 tvifvelsmäl
488 908 94 28 uppstå,
594 907 115 22 huruvida
721 907 130 28 åberopade

91 941 132 30 stadgande
251 942 70 22 borde
348 942 119 29 tillämpas
494 942 70 22 äfven
585 942 52 22 med
658 942 91 29 hänsyn
767 941 37 22 till
822 941 28 22 de

91 975 102 29 domare,
221 977 81 21 hvilka
325 977 93 28 jemlikt
440 977 143 28 nyssnämda
600 977 89 28 förslag
707 977 90 21 komme
816 978 35 19 att

92 1010 107 22 tillträda
226 1011 133 28 befattning
385 1011 14 21 å
426 1019 78 14 annan
532 1013 43 20 ort.
611 1011 44 21 Att
672 1011 25 21 så
716 1011 61 22 skall
794 1018 57 14 vara

92 1045 163 28 förhållandet,
283 1045 65 22 torde
375 1045 61 22 dock
463 1045 24 22 få
515 1045 120 22 betraktas
662 1046 75 21 såsom
763 1052 87 21 uppen-

92 1079 59 22 bart.
189 1079 48 22 Och
264 1079 30 22 då
321 1080 171 28 författningen
518 1080 53 21 icke
595 1079 72 22 heller
684 1080 9 21 i
711 1080 71 28 öfrigt
803 1079 48 22 kan

92 1121 67 14 anses
178 1114 76 29 åsyfta
272 1116 35 20 att
325 1115 9 21 i
351 1113 172 23 vidsträcktare
542 1115 54 21 mån
614 1118 29 18 än
662 1114 133 22 densamma
815 1116 36 19 ut-

92 1148 133 30 tryckligen
248 1156 42 22 ger
315 1148 41 22 vid
382 1149 95 21 handen
504 1149 130 22 inskränka
659 1148 28 22 de
705 1148 144 29 rättigheter,

92 1190 50 14 som
160 1183 75 29 enligt
253 1183 129 29 åberopade
400 1184 140 28 förordning
559 1184 23 22 af
600 1184 26 22 år
640 1184 64 21 1868
721 1183 130 22 tillkomma

92 1217 98 22 embets-
209 1218 43 22 och
276 1218 148 28 tjenstemän,
442 1218 94 22 hvilkas
556 1218 159 28 befattningar
733 1216 116 30 indragas,

91 1251 71 23 hafva
190 1252 132 22 Ständerna
349 1252 67 22 aktat
439 1252 84 29 nödigt
542 1253 8 21 i
570 1254 13 20 5
603 1254 13 26 $
636 1252 22 22 af
676 1251 174 23 nedanstående

91 1286 89 29 förslag
198 1289 105 27 upptaga
321 1287 149 28 bestämning
489 1287 80 22 derom
588 1289 34 20 att
641 1287 99 27 domare,
759 1287 14 21 å
791 1286 59 22 hvil-

91 1320 47 22 ken
156 1320 168 30 förordningen
343 1328 54 22 eger
415 1321 159 29 tillämpning,
594 1322 21 28 yi
634 1321 83 29 öfrigt"
737 1320 62 22 skall
817 1321 33 21 ät-

91 1355 68 28 njuta
176 1355 162 29 nyssantydda
356 1356 145 28 rättigheter.
