1048 1631
111 113 77 21 endast
212 115 29 19 ett
265 114 112 20 uttalande
399 113 73 21 derom
496 114 57 20 huru
577 114 67 26 enligt
666 114 130 21 Ständernas
813 114 54 26 åsigt

112 149 71 21 denna
203 150 123 26 inspektion
349 149 124 27 lämpligast
497 150 66 20 borde
588 150 85 23 ordnas;
699 152 31 19 ett
748 150 117 25 uttalande,

112 193 47 14 som
186 185 69 22 direkt
278 186 40 20 och
341 186 50 20 med
413 185 162 27 nödvändighet
598 186 95 20 anslutar
717 187 31 26 sig
771 187 34 20 till
825 187 42 20 den

111 222 120 20 Ständerna
239 222 109 26 förelagda
356 221 166 27 propositionen,
532 221 104 22 hvilken
629 217 13 37 i
648 221 70 21 denna
728 222 35 20 del
779 223 19 27 ej
810 229 56 14 vann

113 257 130 21 Ständernas
258 257 165 27 godkännande.

184 294 72 20 Under
280 293 76 21 sådant
379 294 134 20 förhållande
537 294 41 20 och
601 294 28 20 då
652 294 36 20 det
708 294 111 20 uttalande
834 294 33 20 uti

112 330 78 26 nådiga
206 330 170 26 propositionens
391 329 87 27 ingress,
494 330 63 20 hvari
573 329 108 27 Styrelsen
696 336 31 14 nu
742 330 77 20 häfdar
833 330 34 20 sin

112 367 43 19 rätt
170 367 31 19 att
217 372 74 14 ensam
307 365 75 26 stadga
397 372 36 13 om
445 367 64 18 sättet
523 365 34 20 för
568 365 219 26 bankinspektionens
800 365 66 20 hand-

112 401 114 24 hafvande,
249 401 91 20 likasom
363 402 63 20 äfven
450 401 104 20 Senatens
576 401 22 20 af
621 401 109 20 Utskottet
751 401 115 21 relaterade

112 437 136 24 hemställan,
273 443 62 20 synes
351 437 59 26 gifva
425 437 125 20 vidhanden
570 443 27 14 en
612 437 65 26 afsigt
692 439 31 18 att
742 437 125 26 genomföra

112 479 27 14 en
162 473 125 26 förändring
310 473 7 20 i
339 475 103 24 systemet
461 473 34 20 för
511 473 71 20 denna
598 473 129 26 inspektion,
744 479 62 21 synes
822 473 44 25 mig

112 509 48 20 häri
182 507 115 22 förefinnas
321 511 30 18 ett
371 509 47 20 skäl
433 509 34 20 för
483 509 115 20 ständerna
614 511 32 18 att
660 509 63 20 äfven
739 509 79 20 betona
833 509 33 20 sin

112 544 55 26 åsigt
190 545 50 20 med
263 545 100 20 afseende
386 545 13 20 å
417 545 96 26 antydda
530 547 80 24 system
626 545 129 26 förändring.
788 545 32 20 Då
835 546 31 19 ett

112 580 133 27 fullkomligt
260 581 134 20 förbiseende
405 581 22 19 af
439 580 120 27 Styrelsens
573 581 64 20 ofvan
648 580 89 21 berörda
747 580 119 27 antydning

112 616 91 20 likasom
220 617 63 20 äfven
299 618 31 19 att
345 616 157 27 godkännande
518 617 23 20 af
556 617 42 20 den
614 617 133 26 ståndpunkt
757 616 109 21 Utskottet

112 652 50 20 med
178 652 85 27 hänsyn
278 652 74 20 härtill
367 652 82 26 intagit,
467 652 74 20 kunde
557 652 111 27 uppfattas
684 652 96 24 sålunda,
797 653 32 19 att
839 658 27 13 en

114 688 102 20 afvikelse
237 688 47 20 från
309 688 130 21 Ständernas
461 688 36 21 vid
523 688 57 21 1897
604 689 32 20 års
653 688 102 26 landtdag
770 687 95 21 uttalade

112 723 54 26 åsigt
190 723 7 20 i
221 723 70 20 denna
311 724 60 25 fråga
385 725 57 26 gjort
457 724 32 26 sig
504 724 106 26 gällande,
627 725 63 24 vågar
705 725 36 26 jag
756 723 109 21 vördsamt

112 759 78 20 föreslå
213 761 31 18 att
267 759 119 21 Ständerna
409 771 30 2 —
461 762 54 18 utan
531 761 31 19 ett
577 760 104 26 ingående
696 761 29 25 på
739 759 75 26 frågan
829 766 36 13 om

113 795 118 26 Styrelsens
255 795 126 26 kompetens
397 795 7 20 i
420 796 89 20 berörda
525 795 100 21 afseende
641 807 29 2 —
685 795 50 21 ville
751 795 115 20 framhålla

113 832 32 19 att
168 838 25 13 en
218 831 124 26 förändring
358 832 8 19 i
382 831 129 21 Ständernas
528 832 55 26 åsigt
599 839 36 13 om
650 831 135 26 lämpligaste
801 832 64 19 sättet

112 867 33 20 för
160 867 119 20 ordnandet
294 867 22 20 af
331 867 180 21 bankkontrollen
528 869 20 26 ej
564 869 57 26 gjort
637 867 31 26 sig
683 867 104 26 gällande.

604 928 24 20 A.
644 928 25 19 N.
688 927 115 20 Colliander.
