1048 1631
188 90 13 19 2
375 89 85 23 Ständ.
476 89 39 23 Sv.
532 102 27 4 —
576 90 74 28 Prop.
668 90 42 22 N:o
725 90 23 22 5.

187 153 78 23 skilda
283 154 135 29 paragrafsr
435 162 10 18 i
462 154 86 30 nådiga
567 155 168 29 förordningen
755 155 22 22 af
796 156 44 22 den
856 156 30 22 10
900 156 47 30 Maj

190 188 65 22 1886
283 188 122 29 angående
431 185 157 47 bankrörelse,
614 197 48 14 som
685 190 23 21 af
726 189 70 30 bolag
813 190 75 29 idkas,
906 175 43 38 har

188 222 74 22 Eders
289 223 131 29 Kejserliga
448 224 110 29 Majestät
576 224 8 21 i
603 224 73 29 nådig
699 225 144 28 proposition
861 226 38 21 till
916 233 32 14 nu

187 257 140 22 församlade
347 257 110 22 Ständers
477 258 133 29 antagande
629 259 153 22 öfverlemnat
795 262 54 26 nytt
861 259 88 30 förslag

187 291 37 22 till
242 291 139 30 förordning
398 293 9 21 i
425 295 84 19 ämnet.

257 326 48 22 Vid
335 327 173 28 behandlingen
537 327 23 22 af
587 327 77 22 denna
691 328 86 28 nådiga
804 328 145 29 proposition

186 359 71 23 hafva
285 361 131 22 Ständerna
440 361 35 22 för
493 361 37 22 sin
548 361 39 22 del
604 362 52 21 icke
675 362 103 29 vidtagit
797 370 77 14 annan
893 363 55 21 änd-

186 395 54 28 ring
258 395 9 22 i
286 395 40 22 det
353 395 49 22 deri
429 395 115 30 ingående
571 396 266 29 författningsförslaget
863 401 29 17 än
914 399 35 20 att

187 429 163 29 ordalydelsen
369 430 8 21 i
395 431 13 26 $
430 431 37 27 11,
486 430 96 22 hvilken
601 433 89 19 ansetts
703 431 52 21 icke
768 431 53 22 fullt
831 434 118 19 motsvara

188 463 64 22 hvad
279 464 94 22 dermed
400 465 105 28 äsyftais,
530 464 52 22 med
607 465 166 22 bibehållande
792 466 23 21 af
832 466 117 28 ifrägava-

186 498 72 22 rande
277 499 120 28 paragrafs
416 499 91 29 sakliga
525 499 105 22 innehäll
649 500 173 29 omredigerats.

258 533 55 21 Med
341 533 128 30 anledning
495 533 67 22 häraf
586 534 24 21 fä
629 534 132 22 Ständerna
779 534 169 29 underdänigst

188 567 98 28 anmäla,

463 622 31 19 att
513 620 124 21 Ständerna
654 621 50 20 med
715 621 70 28 nägra
797 621 83 21 mindre
892 621 55 21 änd-

393 655 77 27 ringar
497 655 131 26 beträffande
646 655 34 20 det
697 656 35 20 uti
749 655 139 28 förevarande
905 656 42 21 nä-

395 689 49 28 diga
458 689 136 28 proposition
613 689 33 21 till
660 689 122 22 Ständerna
794 690 155 27 öfverlemnade

393 723 253 28 författningsförslagets
666 723 58 28 form
742 725 85 27 antagit
844 731 27 14 en
887 725 59 20 säly-

394 758 69 21 dande

464 858 120 29 Förordning
608 865 30 16 om
662 858 75 23 ändrad
762 858 75 29 lydelse
863 858 20 23 af
900 859 47 22 sär-

397 892 64 23 skilda
477 893 121 28 paragrafer
613 893 5 22 i
636 892 72 29 nädiga
723 892 142 29 förordningen
879 892 20 23 af
910 892 37 24 den

394 926 23 23 10
441 927 37 27 Maj
502 927 60 25 1886,
582 926 104 29 angående
711 927 138 25 hbankrörelse,
870 933 41 16 som
928 926 21 23 af

395 960 57 29 bolag
469 961 64 23 idkas.

542 1034 12 26 s
574 1033 22 21 9.

258 1083 89 21 Finner
373 1083 75 22 banks
473 1085 96 28 styrelse
588 1084 56 22 eller
663 1084 98 29 publika
779 1083 110 23 ombudet
907 1092 41 14 un-

189 1117 42 22 der
248 1117 101 29 löpande
368 1118 170 30 räkenskapsär
557 1119 128 29 anledning
703 1119 37 21 till
758 1119 139 28 antagande,
913 1121 35 19 att

188 1152 78 22 banks
285 1152 128 29 tillgångar
431 1161 83 21 genom
532 1154 126 21 inträffade
677 1154 109 21 förluster
802 1154 46 20 isä
866 1153 82 29 betyd-

187 1186 35 29 lig
240 1187 55 21 män
312 1187 105 29 nedgätt,
436 1190 35 20 att
489 1188 123 28 desamma,
631 1188 60 21 efter
709 1188 82 28 afdrag
810 1188 23 21 af
845 1188 103 21 skulder-

186 1228 43 14 nas
247 1221 92 29 belopp,
358 1222 52 21 icke
428 1224 83 26 utgöra
529 1223 70 21 nittio
616 1225 97 26 procent
725 1222 24 22 af
761 1222 52 21 dess
825 1222 124 22 faststälda

187 1255 176 29 grundkapital,
383 1256 60 22 skall
459 1257 179 28 hankstyrelsen
652 1256 167 29 ofördröjligen
830 1256 49 22 läta
891 1264 57 21 upp-

187 1292 63 19 rätta
272 1290 95 22 bokslut
386 1290 43 22 och
447 1291 62 21 kalla
528 1291 28 21 de
575 1294 79 19 senast
673 1291 24 21 af
714 1291 181 29 bolagsstämma
913 1293 35 19 ut-

188 1324 71 22 sedde
277 1324 144 22 revisorerne
440 1328 35 19 att
492 1326 102 28 granska
612 1326 135 21 detsamma.

257 1359 96 22 Utvisar
379 1360 76 21 banks
481 1360 101 28 bokslut,
600 1362 36 20 att
657 1360 52 22 icke
727 1360 72 28 sagda
817 1360 132 28 procenttal

188 1392 24 22 ai
229 1394 205 28 grundkapitalots
450 1394 124 22 faststälda
586 1394 86 29 bolopp
685 1395 104 27 återstår,
803 1394 61 22 skall
876 1394 73 22 hank-
