1048 1631
330 86 25 23 U.
371 87 26 22 B.
413 100 29 3 —
457 87 74 29 Prop.
547 87 44 23 N:o
608 88 13 22 1
793 91 29 19 53

421 376 27 19 II
464 377 71 24 Kap.

170 439 36 20 En
222 438 133 29 jemförelse
371 439 97 22 emellan
485 440 46 21 den
546 440 52 21 näd.
616 447 77 22 prop:s
710 441 145 28 stadganden

98 473 7 22 i
128 474 63 21 detta
206 474 86 29 kapitel
309 475 42 20 och
367 474 167 30 förordningen
550 476 46 21 den
612 478 28 19 24
656 476 61 21 Mars
737 479 63 24 1873,
817 484 37 14 an-

98 510 89 28 gäende
210 510 110 29 flottning
344 510 23 21 af
391 511 147 28 skogsalster,
562 511 77 29 gifver
659 511 39 22 vid
715 513 92 21 handen
822 515 33 18 att

97 553 78 21 prop:s
192 546 143 29 stadganden
351 554 36 14 om
403 547 111 29 flottning
526 551 38 18 äro
574 547 80 29 bygda
663 549 30 27 pä
703 547 8 22 i
721 548 134 22 hufvudsak

99 589 87 14 samma
202 582 120 29 principer,
339 590 49 14 som
405 583 63 28 ligga
483 583 36 21 till
536 583 76 29 grund
624 583 36 21 för
671 584 76 27 sagda,
759 584 37 21 för
805 587 49 18 när-

98 618 101 21 varande
220 618 8 21 i
250 621 77 19 ämnet
349 619 106 28 gällande
475 619 145 29 författning.
638 632 27 3 —
683 619 101 22 Sälunda
798 627 57 21 upp-

98 654 118 21 rätthälles
231 654 35 21 uti
281 661 64 22 prop.
362 655 155 28 grundsatsen
535 657 34 20 att
580 655 109 28 flottning
699 655 8 22 i
718 655 137 28 vattendrag

98 689 36 22 får
157 689 117 22 bedrifvas
295 689 88 29 jemväl
406 693 63 19 utom
495 691 134 28 kungsädra
644 691 42 21 och
703 691 80 26 farled,
799 693 56 19 utan

99 728 33 19 att
156 733 83 21 egaren
262 725 35 22 till
321 728 89 19 vattnet
435 729 24 18 är
474 726 132 29 berättigad
622 726 35 21 till
672 727 109 28 vederlag
795 726 60 22 blott

100 761 36 22 för
152 762 52 21 dess
220 762 157 29 begagnande,
395 762 80 22 sävida
491 763 73 21 skada
575 763 55 21 eller
641 763 120 28 olägenhet
771 770 84 21 genom

100 797 140 29 flottningen
255 797 51 22 icke
321 798 139 29 tillskyndas
476 799 94 21 honom.
596 798 84 22 Likasä
695 799 88 28 nödgas
793 798 62 29 jord-

100 841 84 21 egaren
208 834 69 21 ocksä
298 834 72 29 enligt
385 842 64 21 prop.
467 834 83 27 tilläta,
567 835 71 21 bland
654 837 75 24 annat,
746 837 33 18 att
794 834 61 21 flott-

99 870 180 29 ningsmanskap
303 870 106 21 beträder
432 871 58 21 hans
516 871 80 21 strand
620 871 42 20 och
678 873 33 18 att
726 870 52 21 med
794 870 61 21 flott-

98 906 60 28 gods
173 906 80 28 lägges
269 906 35 21 till
320 906 87 26 dervid,
425 906 29 21 dä
470 907 83 20 sädant
563 906 36 22 för
610 906 150 29 flottningens
771 905 84 22 bedrif-

99 941 75 22 vande
198 945 24 18 är
245 942 87 28 nödigt,
357 942 43 21 och
424 942 69 22 äfven
519 942 63 21 detta
597 944 57 19 utan
669 944 33 19 att
717 942 36 21 för
769 942 39 21 det
823 941 32 22 in-

99 979 73 26 träng,
197 985 49 14 som
269 978 96 21 sälunda
389 981 66 25 göres
480 978 9 21 i
508 978 165 29 eganderätten
687 977 35 22 till
738 977 116 28 fastighet,

99 1013 146 28 godtgörelse
269 1021 54 21 eger
345 1021 51 14 rum
421 1014 145 21 annorlunda
590 1017 29 18 än
639 1013 8 22 i
662 1013 59 22 form
737 1013 24 22 af
776 1013 79 22 skade-

99 1049 132 29 ersättning.
265 1049 74 22 Också
363 1052 104 26 gvarstär
492 1049 166 30 skyldigheten
680 1049 36 22 för
734 1049 121 29 jordegare

99 1087 33 19 att
152 1085 8 21 i
180 1085 63 22 vissa
266 1085 47 26 fall,
333 1085 40 22 der
389 1085 144 29 flottningen
548 1086 42 21 har
606 1088 71 19 större
693 1085 84 22 allmän
792 1085 63 28 bety-

99 1121 69 26 delse,
184 1121 139 22 underkasta
339 1121 35 29 sig
385 1121 175 29 expropriation
570 1121 36 22 för
617 1121 150 29 flottningens
778 1120 76 21 behof.

169 1157 23 21 A
215 1158 70 20 andra
308 1157 66 22 sidan
397 1158 42 21 har
465 1158 46 21 den
534 1158 52 21 näd.
603 1164 63 22 prop.
683 1157 53 21 med
751 1156 106 28 tillgodo-

98 1194 101 28 görande
222 1194 24 21 af
265 1194 44 21 den
325 1193 136 27 erfarenhet,
481 1201 51 14 som
549 1196 30 26 pä
594 1193 150 21 förevarande
759 1192 98 28 lagstift-

97 1229 162 29 ningsomräde
280 1229 94 22 vunnits
391 1230 71 20 sedan
480 1229 152 22 utfärdandet
648 1229 23 21 af
687 1231 57 19 1873
760 1230 36 20 ärs
813 1228 43 21 för-

98 1264 104 30 ordning,
227 1266 53 20 sökt
302 1265 9 21 i
333 1266 71 28 högre
420 1266 57 28 grad
493 1268 30 18 än
542 1265 37 21 för
594 1264 141 22 närvarande
751 1267 24 19 är
791 1264 65 21 fallet

97 1300 124 29 tillgodose
241 1301 150 29 jordegarens
413 1303 44 19 rätt
475 1300 43 23 vid
536 1301 28 21 de
580 1300 157 29 mängfaldiga
752 1300 105 21 intresse-

97 1336 139 27 kollisioner,
261 1344 49 14 som
333 1337 8 21 i
365 1337 58 28 följd
447 1337 24 21 af
495 1336 143 29 flottningen
657 1338 83 27 uppstä
759 1335 98 22 emellan

98 1373 74 21 denne
199 1373 42 21 och
264 1373 167 28 virkesegaren.
465 1372 105 22 Sälunda
594 1372 116 21 meddelar
734 1372 44 21 den
801 1371 52 21 näd.

172 1414 211 19 Vattenrättsutskottets
397 1414 118 19 betänkande
528 1414 38 18 N:o
579 1414 16 18 1.
