1048 1631
223 113 27 19 46
536 111 40 21 N:o
595 112 17 20 1.

263 181 24 27 k)
302 181 66 21 inrita
383 180 140 28 kungsådran
540 180 39 21 och
594 180 26 21 de
635 180 7 21 i
657 185 63 16 mom.
737 186 10 14 €
763 179 39 22 och
811 179 21 27 /
839 179 114 22 omnämda

193 216 147 26 inrättningar
355 216 13 21 &
383 216 78 21 kartan
478 215 38 22 och
531 215 117 27 profilerna
663 216 56 20 samt
734 213 127 28 fixpunkten
878 214 12 21 å
904 214 49 21 kar-

193 251 39 20 tan
248 249 39 22 och
303 249 155 28 längdprofilen
479 249 108 22 äfvensom
603 249 8 21 i
626 249 73 27 hvarje
713 248 63 27 profil
793 248 85 27 angifva
892 248 61 27 höjd-

194 284 191 27 bestämningarna
400 284 48 21 med
463 284 81 26 siffror;
560 286 56 19 samt

263 319 18 26 D
297 319 6 20 i
319 319 207 26 syneinstrumentet
546 319 79 26 jemväl
645 317 85 28 angifva
749 317 43 22 alla
807 317 33 21 till
855 317 49 21 stöd
920 316 33 21 för

194 353 112 26 yttrandet
321 353 77 27 gjorda
413 353 151 26 beräkningar,
580 353 24 21 sä
620 354 34 20 att
668 352 158 27 förrättningen
841 353 53 20 utan
905 351 47 20 svä-

194 387 72 27 righet
281 388 43 21 kan
340 388 113 27 granskas.

544 417 23 20 21
588 417 19 26 $.

263 457 79 21 Finnes
357 457 36 21 vid
409 457 180 27 anläggningssyn
605 457 81 21 anstalt
702 457 33 20 för
751 457 37 20 det
803 455 89 22 afsedda
907 461 46 14 ver-

195 492 48 21 kets
266 491 126 27 skyddande
414 494 45 19 mot
481 491 68 22 skada
573 491 23 22 af
612 491 128 26 flottningen
756 497 53 14 vara
825 489 22 22 af
861 489 70 21 nöden
946 489 6 20 i

195 527 68 20 annat
277 525 37 22 fall
330 528 27 19 än
373 526 7 21 i
395 527 28 20 20
439 526 11 27 &
466 532 62 15 mom.
545 533 10 14 e
570 527 67 26 sagts,
654 525 51 22 eller
719 525 87 22 verkets
820 523 133 27 anläggande

195 560 61 27 eljest
271 559 87 27 päkalla
373 560 92 27 ändring
475 560 7 21 i
493 560 41 21 den
549 559 34 22 för
598 560 153 26 vattendraget
766 557 115 23 faststälda
895 557 58 21 flott-

195 594 164 27 ningsstadgan,
376 594 69 27 äligge
454 594 237 27 förrättningsmannen
703 595 39 26 att,
754 593 49 22 med
813 591 140 28 iakttagande

195 629 24 21 af
232 629 56 21 hvad
307 629 70 21 nedan
393 629 6 21 i
415 630 27 20 22
458 629 12 27 &
485 629 144 26 föreskrifves,
647 628 80 22 föreslä
745 628 26 21 de
787 627 100 28 ätgärder
903 626 50 21 eller

195 663 168 28 bestämningar,
387 663 72 22 hvilka
478 663 108 22 erfordras
602 663 33 22 för
651 663 78 26 antydt
745 661 106 26 ändamäl,
867 661 39 21 och
921 661 32 20 in-

195 698 70 21 sända
286 697 103 27 förslaget
412 698 32 21 till
467 699 133 26 guvernören
616 698 7 20 i
639 697 100 22 afseende
755 697 12 20 &
782 695 171 27 flottningsstad-

196 738 53 21 gans
266 731 116 22 ändrande.

545 762 27 19 22
588 761 19 26 $.

265 801 41 20 Vid
324 807 39 20 syn
379 800 33 21 för
428 801 110 21 ordnande
554 800 22 21 af
589 800 128 27 tlottningen
733 800 7 20 i
756 800 129 26 vattendrag
900 799 54 22 skall

196 835 153 26 vattendraget
364 841 57 20 noga
435 835 119 21 beskrifvas
570 835 32 20 till
613 835 32 21 sin
656 833 148 22 beskaftenhet
815 835 70 20 såsom
896 833 58 22 flott-

196 869 41 26 led,
261 870 48 21 med
331 869 150 27 redogörande
502 869 33 22 för
558 869 112 26 strömfall,
693 869 78 26 forsar,
790 869 71 26 broar,
881 868 72 28 färjor,

194 904 91 26 slussar,
308 905 84 20 vatten-
412 904 39 21 och
469 903 104 22 fiskeverk
592 904 38 21 och
646 903 69 22 andra
731 903 161 27 anläggningar,
909 909 45 15 som

198 938 44 21 deri
265 938 138 26 förekomma,
426 938 200 27 vattentillgängen,
647 937 142 22 samfärdseln
805 937 38 22 och
859 937 95 22 fiskeför-

194 973 132 21 hällandena
340 973 7 21 i
363 973 152 27 vattendraget
534 973 39 21 och
592 973 68 21 andra
676 973 13 20 å
705 973 66 20 saken
787 972 108 21 verkande
911 979 43 14 om-

196 1007 154 27 ständigheter,
366 1007 118 27 hvarjemte
499 1007 132 21 undersökes
647 1007 39 21 och
703 1006 104 27 angifves:

266 1043 24 25 a)
310 1041 72 22 hvilka
405 1041 101 27 åtgärder
530 1043 37 20 äro
590 1041 22 21 af
634 1041 77 26 nöden,
731 1041 29 26 pä
775 1041 37 21 det
827 1042 34 19 att
876 1041 79 20 minsta

197 1076 86 27 möjliga
301 1076 87 27 inträng
403 1077 7 20 i
425 1076 106 21 farledens
549 1076 140 27 begagnande
709 1075 39 21 och
764 1075 141 22 samfärdseln
921 1075 34 21 vid

197 1111 39 20 och
259 1111 88 21 emellan
364 1111 129 21 stränderna
511 1111 35 20 mä
563 1111 79 26 uppstä
658 1110 23 21 af
694 1109 136 28 flottningen,
847 1111 56 20 samt
919 1116 36 15 an-

195 1145 128 27 läggningar
339 1145 38 21 och
393 1145 52 22 fiske
461 1145 6 21 i
483 1145 51 22 eller
549 1152 72 14 annan
637 1144 104 28 egendom
757 1144 57 21 invid
830 1144 125 22 vattendra-

196 1182 37 24 get
255 1180 94 27 skyddas
368 1182 46 19 mot
429 1180 68 21 skada
511 1186 77 21 genom
605 1180 130 23 densamma,
751 1180 72 20 säsom
838 1185 34 15 om
887 1178 69 22 farled

198 1214 38 21 och
255 1214 83 22 flottled
357 1215 54 20 böra
427 1216 12 19 &
455 1215 65 26 nägot
536 1214 62 22 ställe
613 1220 78 21 genom
706 1214 97 20 bommar
819 1213 73 27 skiljas
908 1213 47 21 frän

197 1248 122 22 hvarandra
335 1248 39 21 och
390 1249 55 21 huru
457 1248 71 27 dylika
538 1249 96 21 bommar
644 1248 54 21 böra
709 1248 99 26 utläggas
821 1248 38 20 och
869 1248 87 21 hvarest

196 1282 35 22 led
246 1283 7 21 i
269 1283 108 21 desamma
401 1283 120 27 anbringas,
546 1289 34 15 om
602 1282 129 27 flottningen
751 1282 40 21 bör
811 1282 144 26 nägonstädes

196 1317 130 22 inskränkas
350 1317 32 21 till
405 1318 42 21 viss
471 1318 31 20 tid
525 1317 23 21 af
569 1318 85 26 dygnet,
672 1323 33 15 om
722 1317 76 25 virket,
815 1322 46 15 som
876 1315 79 27 flottas,

197 1352 55 21 skall
270 1352 67 21 hällas
357 1352 58 21 inom
431 1352 97 27 ringbom
543 1352 51 22 eller
609 1351 182 22 sammanbundet
806 1351 7 21 i
828 1350 63 22 flotta
906 1351 51 21 eller

197 1392 34 15 om
255 1386 35 22 det
313 1386 32 22 får
367 1386 124 22 fortskaffas
506 1386 49 27 löst,
572 1394 32 12 nm
622 1386 26 20 all
664 1386 103 27 flottning
782 1386 70 20 under
867 1386 42 21 viss
925 1386 32 20 tid

197 1420 23 20 af
234 1421 47 21 året
296 1421 39 21 bör
350 1420 117 28 förbjudas,
484 1428 40 19 om,
540 1420 86 22 hvarest
642 1421 38 21 och
697 1421 28 26 pä
741 1420 56 21 hvad
813 1421 44 20 sätt
868 1420 89 27 skydds-
