1048 1631
253 110 13 20 8
460 110 28 22 U.
503 110 27 21 B.
549 121 24 4 —
589 110 73 26 Prop.
678 109 40 22 N:o
733 110 22 20 9.

223 178 56 15 vann
303 172 65 21 likväl
391 173 48 21 icke
461 173 32 21 uti
513 172 70 22 denna
598 173 34 21 del
648 172 133 23 Ständernas
797 173 68 26 bitaii,
881 178 52 16 utan
948 172 18 21 b

224 207 55 20 slöto
296 207 121 21 Ständerna
432 208 32 20 att
480 207 74 26 återgå
570 207 32 21 till
618 207 40 21 den
674 207 35 20 vid
725 207 130 26 landtdagen
873 207 93 21 1863—€

223 243 94 25 antagna
339 241 239 27 fördelningsgrunden;
602 242 39 21 och
664 241 39 21 har
726 241 71 21 denna
811 241 65 22 sedan
892 241 34 21 vid
942 241 20 21 al

224 275 151 27 efterföljande
392 276 126 26 landtdagar
534 276 69 21 säsom
620 276 67 21 sädan
703 275 114 27 godkänts.

293 310 79 21 Derest
387 310 253 27 husbehofsbränningen
648 310 133 21 fortfarande
791 309 128 28 bibehällits,
928 309 37 22 hac

224 345 137 26 naturligtvis
377 345 100 21 städerna
492 345 7 20 i
514 344 133 22 förhällande
663 345 32 20 till
708 345 32 21 sin
749 344 103 22 förökade
861 344 104 27 folkmäng

222 379 79 26 jemväl
325 379 90 21 kommit
429 379 7 21 i
452 379 126 26 åtnjutande
594 379 23 21 af
632 385 25 15 en
673 379 104 27 utvidgad
793 379 172 26 tillverkningsrä

223 413 76 26 tighet.
322 413 50 22 Med
388 413 81 21 fästadt
485 413 99 22 afseende
600 413 52 21 härä
665 413 40 21 och
714 413 27 21 dä
749 413 164 21 kommunernas
921 413 41 21 and

223 447 32 20 uti
278 447 187 22 bränvinsskatten
489 449 62 25 utgör
574 454 26 15 en
622 448 119 26 ersättning
760 448 33 21 för
809 448 39 21 den
865 447 46 22 dem
927 447 37 21 frå:

225 481 86 27 gängna
333 482 288 28 tillverkningsrättigheten,
644 487 63 22 synes
731 482 36 21 det
787 488 26 15 nu
829 482 98 27 gällande
942 481 20 22 fö

223 516 166 26 delningssättet
411 516 69 21 såsom
505 516 81 26 egande
604 515 103 22 historisk
723 516 69 27 grund
809 522 50 15 vara
880 515 49 22 fullt
947 516 13 21 b

223 550 105 27 rättigadt
343 550 40 21 och
398 550 53 21 böra
466 551 124 26 föredragas
607 550 89 22 framför
713 551 36 20 det
764 551 35 20 vid
809 550 154 21 remissdebatt«

224 584 57 21 inom
297 585 162 21 Bondeständet
475 585 130 26 föreslagna.

293 619 60 21 Inom
376 619 111 22 Utskottet
503 619 39 21 har
558 619 60 27 fräga
633 619 75 21 väckts
724 619 73 21 derom
813 619 104 21 huruvida
937 619 25 21 sk

223 653 48 21 icke
286 653 123 22 förefunnes
425 655 31 20 att
471 654 58 21 såväl
546 654 32 21 för
594 654 217 21 landskommunerna
827 660 45 15 som
884 653 79 22 städer:

223 689 80 25 antaga
319 694 25 15 en
360 687 120 28 fördelning
496 688 54 21 efter
565 688 158 26 folkmängden.
745 688 66 21 Detta
826 688 80 27 förslag
922 694 37 21 syn

223 721 66 22 likväl
305 722 46 21 icke
366 722 67 21 heller
449 723 133 20 motiveradt.
605 723 91 21 Antalet
706 717 167 37 mantalsskrifna
884 723 76 20 inväna

223 756 6 20 i
246 756 49 21 hela
310 756 73 21 landet
398 757 98 26 utgjorde
508 757 104 26 nämligen
623 757 41 21 den
681 758 10 19 1
700 757 88 21 Januari
800 757 54 21 1896
863 757 99 26 2,473,74

223 790 62 21 deraf
305 791 7 20 i
335 791 26 20 de
382 791 79 26 städer,
484 791 72 21 hvilka
575 791 81 21 erhäila
672 791 63 20 audel
751 791 24 20 af
789 791 170 26 bränvinsskatte

224 825 158 26 sammanlagdt
397 825 90 26 227,881
505 832 107 20 personer,
622 826 6 21 i
638 825 215 21 landskommunerna
861 825 100 26 2,225,10

223 859 10 20 I
249 859 136 21 förhållande
407 859 33 21 till
465 859 150 27 folkmängden
637 859 56 22 hade
716 860 63 21 alltså
801 860 100 21 städerna
920 860 41 20 bor:

224 893 82 21 erhålla
329 894 89 26 ungefär
441 895 31 25 9,3
481 894 32 28 %/
537 895 216 20 landskommunerna
776 895 45 25 90,7
830 893 25 29 %
871 894 23 21 af
907 894 26 21 de
949 896 12 19 ti

222 927 123 28 fördelning
361 929 77 20 mellan
454 929 153 20 kommunerna
623 929 102 26 anslagna
741 929 91 20 medlen.
855 928 41 21 Vid
905 928 56 21 förde

224 962 80 27 ningen
318 963 23 20 af
348 963 187 20 bränvinsskatten
543 963 33 21 för
584 969 81 15 samma
673 963 24 20 är
705 963 99 27 utgjorde
813 963 81 21 antalet
903 964 57 19 mant

222 997 7 20 i
246 997 217 21 landskommunerna
480 997 76 25 19,333
572 997 39 22 och
627 997 102 21 städerna
744 997 98 27 päfördes
858 997 65 26 enligt
939 999 21 24 gi

223 1031 62 21 lande
308 1031 200 27 beräkningsgrund
530 1031 34 22 för
585 1032 164 27 ifrågavarande
775 1031 120 27 fördelning
919 1032 41 26 2,2

222 1066 87 20 mantal.
340 1066 34 21 Då
389 1067 82 20 antalet
489 1067 79 20 mantal
584 1066 91 21 sålunda
690 1066 32 21 för
738 1066 49 21 hela
802 1066 73 21 landet
889 1066 71 27 uppgit

223 1100 32 21 till
272 1101 77 26 21,627
366 1101 39 20 och
413 1101 111 20 städernas
534 1101 78 21 mantal
620 1101 64 20 häraf
690 1101 98 26 utgjorde
797 1101 88 27 ungefär
895 1102 44 25 10,6
949 1100 10 27 9,

223 1135 227 21 landskommunernas
465 1135 90 27 ungefär
570 1135 47 27 89,4
625 1135 34 29 %/o,
675 1135 85 21 kommo
776 1135 91 21 sålunda
882 1136 77 21 städeri

223 1169 39 21 och
278 1170 215 21 landskommunerna
501 1170 34 21 vid
544 1170 147 26 fördelningen
701 1170 23 20 af
730 1170 163 27 ifrägavarande
901 1170 58 21 skatt

222 1204 65 20 andel
302 1204 5 20 i
324 1204 125 26 ätnjutande
465 1204 22 21 af
502 1204 6 21 i
525 1204 35 22 det
582 1206 109 20 närmaste
713 1204 44 21 lika
772 1206 54 19 stort
841 1204 78 27 belopp
936 1210 23 15 so

222 1243 35 15 om
280 1237 147 29 fördelningen
450 1239 69 20 skulle
542 1239 57 21 skett
620 1238 57 22 efter
693 1238 215 22 innevänareantalet.
940 1239 18 20 D

222 1272 124 21 nuvarande
368 1272 197 27 fördelningssättet
587 1273 23 21 af
630 1273 167 21 kommunernas
817 1274 62 20 andel
895 1274 5 20 i
917 1274 40 20 brä

221 1306 134 22 vinsskatten
371 1313 62 21 synes
449 1307 89 21 sålunda
556 1308 46 20 icke
617 1308 70 20 heller
703 1308 6 20 i
724 1308 139 26 nyssnämndt
878 1308 80 21 afseenc

221 1340 58 26 gifva
294 1340 45 22 skäl
356 1341 33 21 till
405 1341 132 27 berättigade
553 1342 172 26 anmärkningar.

293 1375 105 24 Slutligen
420 1376 38 20 har
474 1376 31 20 uti
520 1376 112 21 Utskottet
648 1376 70 21 såsom
734 1383 25 14 en
775 1376 110 28 obillighet
902 1376 55 21 betri

221 1408 66 22 fande
302 1409 163 27 ifrågavarande
479 1410 122 26 fördelning
615 1410 136 25 framhällits,
768 1415 31 17 att
815 1417 26 15 en
857 1410 34 22 dei
906 1410 51 22 aria

291 1460 185 19 Ekonomiutskoltets
489 1461 110 18 betänkande
610 1461 39 17 N:o
662 1461 17 17 2.
