1048 1631
182 106 15 19 4
371 103 74 23 Ständ.
461 103 36 23 Sv.
514 117 25 3 —
557 104 61 28 Prop.
636 104 35 22 N:o
688 104 35 22 16.

253 166 29 29 Ej
298 169 37 20 må
351 174 83 21 genom
449 167 129 28 styckning
593 166 75 23 bildad
683 174 33 21 ny
731 166 108 29 lägenhet
848 166 64 23 bestå
922 167 26 21 af

182 201 55 22 flere
253 204 30 19 än
298 204 33 19 tre
349 201 74 22 skilda
437 201 151 29 egostycken,
601 202 86 21 mindre
698 201 87 22 holmar
796 201 149 22 oberäknade.

542 295 12 19 3
570 293 20 29 8.

252 339 62 22 Från
340 339 78 22 frälse-
441 339 55 22 eller
521 339 189 28 skattelägenhet,
734 347 48 14 som
797 339 35 21 får
846 339 99 28 klyfvas,

182 380 55 15 vare
261 373 87 28 jemväl
370 374 83 21 tillåtet
476 376 40 25 att,
541 376 56 19 utan
620 374 131 28 fördelning
766 373 25 22 af
803 373 85 22 mantal
903 373 43 22 och

183 407 68 26 skatt,
272 408 34 21 till
321 408 188 28 parcellägenhet
524 408 52 21 med
593 408 222 28 afgäldsskyldighet
829 407 35 22 till
879 409 66 20 stom-

183 449 53 14 men
251 442 8 21 i
275 443 75 21 nedan
376 443 96 28 stadgad
498 443 98 28 ordning
625 442 105 22 afsöndra
755 443 46 20 viss
823 442 70 25 mark,
909 449 35 15 om

183 476 205 29 stomlägenheten,
408 477 115 28 parcellen
546 477 136 27 oberäknad,
698 479 89 26 uppgår
802 477 34 21 till
851 477 44 21 den
909 477 36 22 för

184 510 147 29 sjelfständig
347 511 108 28 lägenhet
471 512 7 20 i
495 514 10 18 1
531 512 6 28 &
554 511 118 28 medgifna
686 511 83 22 minsta
783 511 93 26 storlek;
887 511 58 22 dock

183 545 36 21 fär
243 546 86 27 parcell
344 545 19 28 ej
383 545 72 22 bildas
471 546 26 21 af
509 545 153 29 jordomräde,
678 546 68 21 hvars
762 545 114 22 skattbara
891 553 54 20 egor

183 581 80 26 uppgä
278 580 35 21 till
329 587 62 14 mera
407 583 29 18 än
451 581 32 20 tio
501 580 115 25 hektarer,
628 580 93 21 säframt
731 580 62 21 detta
803 580 45 21 kan
856 579 90 29 jemlikt

183 613 43 29 28
243 614 36 21 till
294 614 147 29 sjelfständig
453 615 164 28 jordlägenhet
633 614 136 29 fränskiljas.

254 648 121 22 Likaledes
391 651 36 19 mä
443 649 52 21 frän
511 649 109 28 lägenhet
634 649 117 21 afsöndras
764 649 73 21 denna
848 648 97 21 enskildt

183 682 115 29 tillhörigt
313 683 112 22 strömfall
439 683 70 28 jemte
526 685 58 20 tomt
600 683 109 26 derinvid,
723 685 25 19 sä
759 683 42 22 ock
812 683 49 21 dess
873 683 73 28 öfriga

183 717 106 22 enskilda
311 718 173 21 vattenomräde
508 718 56 21 eller
588 718 71 21 sädan
679 718 36 21 del
731 717 68 28 deraf,
817 724 47 15 som
879 720 67 25 utgör

183 751 71 21 skildt
278 751 75 22 skifte.
385 752 45 21 För
449 754 50 27 säg-
515 753 57 20 eller
588 755 69 18 annat
672 752 67 21 verks
755 751 70 22 behof
838 754 58 19 samt
910 751 36 22 för

182 785 147 29 anläggande
353 786 26 21 af
399 786 92 29 brygga
516 787 57 21 eller
596 787 91 21 dermed
709 786 97 21 likartad
821 786 125 28 inrättning

183 821 37 19 må
236 819 61 22 dock
313 821 68 21 äfven
397 821 37 21 del
449 822 28 20 af
490 821 78 28 dylikt
583 821 69 21 skifte
667 821 124 21 afsöndras.

253 854 118 29 Afgälden
392 855 40 22 bör
447 858 120 19 motsvara
582 856 62 21 hvad
659 855 26 22 af
698 858 121 19 stommens
835 855 111 21 allmänna

183 888 122 29 utskylder
321 889 43 22 och
380 889 82 22 besvär
478 892 29 27 på
525 890 116 28 parcellen
656 890 35 28 sig
708 890 91 28 belöper
814 889 57 22 efter
881 889 64 22 hvar-

183 922 65 22 deras
272 923 39 22 vid
332 924 123 29 delningen
476 925 122 21 faststälda
614 924 155 22 storhetsmått
784 924 6 21 i
805 923 142 22 förhållande

183 957 35 21 till
235 957 264 29 jordebokshemmanet.
534 959 114 28 Beloppet
663 959 25 21 af
702 959 71 28 årliga
788 958 107 28 afgälden
911 960 35 20 ut-

182 991 85 22 räknas
293 992 44 22 och
362 993 136 22 bestämmes
523 994 7 20 i
557 994 127 27 penningar
706 995 30 26 på
759 995 45 19 sätt
825 993 7 20 i
854 994 27 19 27
904 992 42 22 och

183 1027 27 19 28
227 1026 30 29 $$
273 1029 73 26 säges.

252 1061 29 28 Ej
305 1063 37 20 må
360 1062 85 28 parcell
461 1062 74 22 bildas
552 1062 27 21 af
592 1062 55 21 flere
664 1061 145 30 egostycken,
826 1061 50 22 med
891 1061 55 21 min-

182 1094 40 22 dre
239 1096 133 28 synnerliga
387 1096 50 21 skäl
453 1097 74 21 dertill
544 1099 45 19 äro.

540 1191 12 19 5
568 1189 21 28 &.

252 1234 91 22 Parcell
367 1237 37 19 mä
429 1235 62 21 delas
512 1236 7 20 i
538 1235 56 22 flere
621 1234 216 30 parcellägenheter,
862 1233 85 22 enhvar

182 1267 52 21 med
259 1270 160 21 motsvarande
444 1269 229 29 afgäldsskyldighet
688 1269 35 21 till
739 1271 110 19 stommen
865 1268 59 26 eller,
940 1268 7 21 i

184 1301 28 21 de
227 1302 7 20 i
249 1303 15 19 4
280 1302 14 29 8
310 1303 148 22 omförmälda
473 1304 48 25 fall,
539 1304 37 21 till
591 1304 88 21 kronan
694 1303 55 21 eller
764 1303 145 21 kommunen.

253 1336 102 30 Delning
371 1338 26 21 af
410 1338 153 28 sjelfständig
579 1337 236 29 strömfallslägenhet,
831 1338 25 20 sä
871 1336 42 22 ock
924 1336 25 22 af

184 1371 92 27 parcell,
293 1379 48 15 som
356 1372 76 22 bestär
447 1372 26 22 af
486 1372 120 26 strömfall,
622 1380 54 14 vare
687 1372 88 21 tilläten
787 1371 78 21 endast
875 1371 72 21 under

183 1406 29 22 de
227 1406 38 21 för
282 1406 93 29 delning
391 1407 26 21 af
429 1406 113 23 strömfall
559 1407 109 28 stadgade
683 1406 81 22 vilkor.
