1048 1631
323 106 22 23 U.
363 106 22 22 B.
402 119 28 2 —
447 106 62 29 Prop.
527 106 36 22 N:o
580 106 21 22 5.
826 105 14 21 5

157 172 33 22 Dä
213 172 110 22 Utskottet
346 171 127 28 genomgätt
497 171 27 22 de
546 171 38 21 vid
609 171 56 21 1897
682 171 36 22 ärs
735 171 107 27 landtdag

85 208 115 27 angäende
223 207 148 23 omförmälda
395 207 82 22 ärende
503 207 118 22 tillkomna
644 207 138 27 handlingar,
799 207 42 22 har

85 244 110 22 Utskottet
218 244 79 26 funnit,
321 245 32 20 att
377 243 126 22 Ständerna
526 244 7 20 i
550 243 38 22 det
611 243 78 26 beslut,
713 243 84 22 hvilket
818 243 23 22 af

85 280 125 22 Ständerna
233 279 138 22 beträffande
396 279 43 21 den
461 279 128 27 föreslagna
613 279 122 27 ändringen
757 279 24 21 af
795 279 16 29 $
827 279 14 22 8

84 317 7 20 i
109 316 57 21 1886
192 315 37 22 ärs
255 315 130 27 förordning
411 315 83 26 fattats,
521 315 50 21 icke
598 315 74 21 utlätit
698 315 33 27 sig
755 315 84 26 därom,

84 351 111 22 huruvida
218 351 113 28 Styrelsen
354 351 83 26 jämväl
459 351 67 27 enligt
550 351 153 27 stadgandena
719 351 7 21 i
742 351 99 21 nämnda

84 387 105 28 paragraf
204 393 53 16 vore
274 387 145 21 oförhindrad
436 389 37 24 att,
491 387 7 21 i
509 387 109 21 händelse
630 386 79 22 sädant
720 387 120 27 pröfvades

84 423 83 27 nödigt,
191 423 77 21 utöfva
291 423 216 26 bankinspektionen
532 429 80 20 genom
635 424 31 19 ett
687 422 35 21 för
738 423 103 26 samtliga

85 459 157 27 privatbanker
268 460 138 25 gemensamt
431 458 86 27 publikt
545 458 90 22 ombud.
668 458 171 22 Bankutskottet

84 495 37 21 vid
138 495 97 21 nämnda
259 495 104 26 landtdag
387 495 58 20 hade
461 494 131 27 visserligen
608 494 71 21 under
695 493 143 29 åberopande

85 531 23 21 af
124 531 110 21 särskilda
250 531 48 20 skäl
315 532 59 19 emot
389 530 151 21 anställandet
556 530 23 21 af
595 537 27 14 en
638 530 35 21 för
684 530 44 21 alla
739 530 102 22 enskilda

85 567 85 21 banker
190 573 127 20 gemensam
337 566 122 27 inspektör,
483 566 57 21 efter
562 566 142 27 omröstning,
727 566 114 27 föreslagit

85 602 166 22 bibehällandet
273 602 22 21 af
316 602 42 21 den
380 609 30 14 nu
430 601 100 22 rädande
548 602 152 26 anordningen
717 602 22 21 af
755 603 85 20 statens

85 639 75 27 tillsyn
176 638 62 21 öfver
255 638 26 21 de
298 638 101 21 enskilda
415 638 117 22 bankerna
548 640 58 20 samt
622 639 6 20 i
642 638 95 27 enlighet
748 637 94 22 därmed

85 675 7 20 i
109 675 51 20 dess
181 674 82 27 förslag
283 674 33 21 till
337 673 121 22 förändrad
481 674 85 27 lydelse
588 674 22 21 af
631 674 127 21 ännämnda
773 673 14 28 8
803 673 14 21 8
833 673 8 20 i

87 710 57 21 1886
161 709 36 22 ärs
213 710 129 26 förordning
354 709 88 28 inryckt
453 712 30 19 ett
494 710 155 27 obligatoriskt
660 709 121 28 stadgande
793 709 47 21 där-

86 752 43 20 om,
146 748 32 19 att
194 745 97 22 Senaten
307 746 54 27 egde
377 745 35 22 för
427 745 78 28 hvarje
521 746 61 21 bank
599 748 48 19 utse
658 748 31 19 ett
699 745 86 28 publikt
796 751 44 16 om-

85 781 53 26 bud,
159 782 43 21 och
222 782 60 21 detta
304 781 181 22 Bankutskottets
507 782 84 27 förslag
607 781 45 22 blef
668 781 81 27 jämväl
765 781 23 21 af
803 780 38 21 tvä

86 817 64 21 ständ
173 817 118 28 godkändt.
325 817 49 22 Men
395 818 28 21 de
444 817 38 22 tvä
503 817 72 28 öfriga
591 817 94 22 ständen
700 817 117 27 godkände
834 817 7 20 i

86 855 92 19 motsats
194 853 74 21 härtill
284 853 160 27 motiveringen
461 854 32 21 uti
509 854 44 21 den
570 853 182 22 Bankutskottets
765 852 75 21 betän-

86 889 73 21 kande
183 889 121 27 ätföljande
327 889 70 27 tredje
421 889 175 26 reservationen,
613 889 7 21 i
637 889 89 21 hvilken
747 888 94 27 uttryck-

86 925 58 27 ligen
169 925 139 26 framhällits,
335 927 32 19 att
393 925 98 21 Senaten
518 925 69 27 enligt
612 925 101 26 gällande
745 924 96 27 banklag

86 961 161 26 otvifvelaktigt
255 967 53 15 vore
317 961 124 26 berättigad
453 963 30 19 att
494 961 93 21 tillsätta
599 963 30 19 ett
640 960 33 21 för
685 960 43 21 alla
739 960 102 21 enskilda

86 997 84 21 banker
187 999 137 25 gemensamt
345 997 90 21 ombud.
469 997 93 26 Förslag
577 997 33 21 till
626 996 215 27 sammanjämkning

86 1033 23 21 af
124 1032 106 22 ständens
247 1033 125 27 skiljaktiga
388 1033 73 21 beslut
477 1033 136 27 uppgjordes
625 1032 101 27 slutligen
738 1031 22 22 af
771 1031 70 22 Bank-

87 1069 107 21 utskottet
217 1068 100 27 sålunda,
342 1071 32 19 att
389 1069 7 21 i
413 1069 106 21 afseende
536 1069 14 21 ä
566 1068 44 22 den
633 1069 76 27 punkt,
734 1068 48 21 däri
798 1068 43 21 den

87 1104 172 27 hufvudsakliga
275 1105 282 27 meningsskiljaktigheten
574 1104 93 22 stånden
679 1105 95 21 emellan
785 1103 56 22 före-

87 1141 72 25 fanns,
177 1141 53 21 eller
246 1140 77 28 frägan
340 1147 36 15 om
392 1141 262 27 kontrollmyndigheten,
667 1141 42 21 den
721 1139 120 23 bestäende

87 1176 164 27 lagstiftningen
274 1177 62 21 lades
352 1177 33 21 till
401 1177 71 26 grund
489 1177 42 21 och
548 1176 88 22 säledes
652 1176 167 26 bestämningen
835 1175 7 21 i

86 1212 15 28 $
110 1212 13 21 8
132 1212 23 21 af
167 1212 57 21 1886
236 1212 36 22 års
284 1213 129 27 förordning
423 1213 8 21 i
441 1212 66 28 öfrigt
518 1213 137 27 ordagrannt
666 1214 99 25 upptogs,
780 1212 62 20 utom

88 1250 31 19 att
135 1248 110 21 särskilda
261 1248 137 22 föreskrifter
413 1248 96 26 tillades,
526 1248 78 22 hvilka
619 1248 49 22 icke
684 1247 29 28 på
723 1247 120 22 bedöman-

88 1284 36 21 det
140 1284 23 21 af
180 1284 42 21 den
239 1291 29 14 nu
285 1284 150 27 föreliggande
451 1284 81 27 frågan
548 1284 99 22 inverka.
665 1283 32 22 Då
713 1284 60 21 detta
786 1289 57 15 sam-

87 1320 262 27 manjämkningsförslag
365 1320 128 21 sedermera
509 1320 23 21 af
549 1320 102 27 samtliga
666 1319 64 21 stånd
746 1318 97 28 godkän-

88 1355 45 26 des,
158 1356 58 21 hade
240 1356 100 21 hvarken
363 1356 184 21 Bankutskottets
571 1356 108 27 yttrande,
702 1357 31 19 att
752 1355 43 21 den
811 1360 31 15 nu

87 1390 101 22 rådande
210 1392 151 27 anordningen
382 1392 23 21 af
421 1393 84 20 statens
526 1392 77 27 tillsyn
619 1391 62 22 öfver
697 1391 27 21 de
741 1390 102 22 enskilda

159 1434 160 20 Bankutskottets
334 1434 120 20 betänkande
471 1434 38 20 N:o
525 1435 18 19 1.
