1048 1631
232 87 29 19 92
431 86 26 22 U.
473 86 26 22 B.
515 98 23 4 —
559 86 73 28 Prop.
648 86 43 22 N:o
707 86 12 22 1

528 398 23 19 V
571 399 59 24 kap.

275 444 92 21 Samma
383 444 111 26 ändamål,
511 451 49 14 som
578 444 114 29 sänkning
711 444 22 21 af
750 444 136 28 vattendrag
897 445 61 28 åsyf-

203 482 40 24 tar,
263 480 22 21 d.
302 487 21 14 v.
345 487 16 14 s.
379 480 136 29 förbättring
532 481 24 20 af
570 481 139 28 närbelägen
725 481 64 20 mark
805 488 83 21 genom
905 481 52 21 dess

202 515 162 29 torrläggande
380 516 55 21 eller
451 516 135 29 skyddande
598 519 47 18 mot
656 516 127 29 periodiskt
794 517 163 20 återkomman-

202 552 29 21 de
247 551 188 29 öfversvämning
452 553 54 20 eller
522 553 43 20 ock
581 552 116 21 vinnande
711 552 24 21 af
745 552 146 28 tillandning,
905 553 52 25 kan,

202 587 41 21 der
263 587 226 29 omständigheterna
509 592 39 17 äro
569 595 142 22 gynsamma,
733 590 66 19 ernås
815 588 70 21 äfven
900 591 56 18 utan

202 623 134 28 förändring
359 623 24 22 af
403 624 172 28 vattendragets
600 624 54 21 nivå
677 631 83 21 genom
781 623 129 29 invallning
933 624 24 21 af

202 659 59 21 visst
278 659 91 21 område
385 659 65 22 invid
467 659 54 21 eller
536 659 35 21 uti
587 659 160 28 vattendraget
764 659 41 21 och
818 659 138 22 detsammas

203 695 158 28 torrläggning
372 695 97 22 medelst
480 695 154 28 utpumpning
645 695 24 22 af
677 697 89 20 vattnet
774 695 55 21 eller
838 695 117 22 eventuelt

202 730 161 29 igenfyllning.
381 731 110 28 Antydda
502 730 137 27 förfarande,
648 731 90 21 hvilket
747 733 74 19 såsom
829 731 86 21 bekant
923 731 34 21 uti

202 766 81 21 länder
304 767 52 20 med
371 767 71 21 andra
457 767 227 21 naturförhållanden
700 767 83 21 vunnit
799 775 28 12 en
844 767 113 21 vidsträkt

202 801 153 30 tillämpning,
372 803 41 20 har
428 803 42 21 hos
487 809 36 14 oss
540 803 81 21 endast
631 802 167 29 undantagsvis
809 802 154 27 förekommit.

203 837 138 22 åtminstone
358 838 33 21 uti
405 838 173 28 jordkulturens
594 838 72 28 tjenst
682 839 42 20 och
736 839 41 20 har
788 838 77 21 derför
875 838 82 21 hittills

203 873 20 28 ej
248 874 73 21 heller
340 874 105 21 beaktats
466 874 23 21 af
510 874 182 29 lagstiftningen.
724 875 37 20 Då
782 874 127 21 emellertid
925 874 32 21 in-

202 909 105 29 vallning
331 910 45 21 kan
397 910 99 21 förutses
517 910 92 21 komma
632 913 34 18 att
687 910 7 21 i
711 917 28 14 en
755 909 93 22 framtid
865 909 68 22 äfven
950 910 7 21 i

202 945 101 22 Finland
319 946 63 28 spela
397 948 82 27 någon,
491 954 37 13 om
540 947 43 20 ock
594 946 20 29 ej
626 954 30 13 en
667 946 148 29 synnerligen
826 946 131 28 betydande

204 981 39 26 rol,
268 981 8 21 i
301 982 44 21 den
369 984 52 19 mån
442 982 146 28 jordvärdets
610 982 105 28 stigande
736 983 41 20 har
798 981 36 22 till
850 982 58 28 följd
925 985 33 19 att

203 1017 70 21 också
297 1018 70 25 mark,
390 1018 68 21 hvars
483 1018 141 21 försättande
645 1017 8 22 i
675 1017 142 29 odlingsbart
837 1018 67 21 stånd
926 1026 32 13 er-

202 1052 109 22 fordrade
332 1061 61 13 mera
416 1053 86 29 kapital
526 1054 43 21 och
593 1053 83 26 arbete,
698 1056 64 26 tages
783 1053 8 21 i
807 1054 98 28 anspråk
922 1054 35 21 för

203 1088 86 27 kultur,
305 1089 64 21 torde
387 1089 38 21 det
442 1089 50 22 icke
503 1097 67 13 anses
582 1089 149 28 öfverflödigt
743 1092 33 18 att
786 1089 172 29 bestämningar

203 1125 120 27 angående
339 1125 28 21 de
383 1125 80 26 vilkor,
480 1125 73 21 under
568 1125 80 22 hvilka
662 1125 129 29 invallning
801 1125 35 21 får
847 1133 42 21 ega
900 1133 57 19 rum,

202 1160 55 28 ingå
273 1161 34 21 uti
323 1161 150 21 förevarande
489 1161 37 27 lag
543 1168 37 14 om
596 1164 160 19 vattenrätten.
785 1161 35 28 Ty
836 1161 69 21 äfven
921 1169 37 14 om

202 1196 130 29 invallning
348 1196 86 22 utföres
451 1197 58 21 blott
524 1199 30 26 pä
570 1202 58 23 egen
641 1197 82 28 grund,
735 1197 45 21 kan
791 1197 71 21 likväl
875 1198 82 21 andras

203 1234 45 18 rätt
270 1232 65 21 deraf
350 1232 98 26 beröras,
464 1232 9 22 i
489 1233 39 21 det
543 1236 39 22 att,
600 1233 35 21 för
651 1235 32 19 att
700 1232 79 22 anföra
795 1235 32 18 ett
844 1233 111 28 exempel,

202 1267 131 29 invallning
353 1270 28 26 pä
400 1268 178 26 strandomräde,
596 1276 49 14 som
662 1268 66 28 eljest
744 1268 87 28 årligen
847 1268 40 22 vid
903 1269 55 27 hög-

202 1304 149 20 vattenständ
368 1304 186 26 öfversvämmas,
571 1304 51 26 kan,
640 1304 155 28 synnerligast
810 1304 40 21 vid
861 1304 96 21 smalare

202 1340 145 28 vattendrag,
364 1340 103 21 medföra
483 1342 32 19 att
531 1342 90 20 vattnet
639 1342 25 19 sä
679 1340 94 28 mycket
788 1347 48 14 mer
850 1340 108 21 utbreder

206 1374 35 28 sig
258 1374 66 22 öfver
339 1375 139 29 närbelägna
493 1375 107 28 läglända
616 1376 90 21 marker
721 1375 36 21 till
774 1376 71 20 skada
861 1375 36 21 för
909 1383 50 21 ega-

279 1416 210 20 Vattenrättsutskoitets
502 1417 116 19 betänkande
631 1416 37 20 N:o
680 1418 15 19 1.
