1048 1631
109 1231 48 29 18.

220 80 27 19 14
419 78 26 22 U.
461 78 28 22 B.
506 91 26 4 —
550 78 74 29 Prop.
641 78 45 23 N:o
702 79 13 21 1

262 144 77 28 Oivan
358 144 96 22 berörda
473 144 182 29 begränsningar
671 144 24 22 af
709 144 172 29 grundegarens
901 144 45 21 dis-

189 175 160 33 positionsrätt
372 175 66 27 öfver
458 182 96 25 vattnet,
576 179 80 23 hvilka
671 179 101 30 härflyta
787 179 24 22 af
826 180 120 28 grundsat-

190 223 65 14 serna
280 223 37 14 om
345 217 143 28 kungsädras
513 217 204 28 öppenlemnande,
742 215 95 22 hänföra
861 215 35 29 sig
912 218 34 19 sä-

190 259 49 14 som
266 252 72 21 redan
364 252 94 28 antydts
485 252 35 21 till
547 254 33 19 ett
602 252 60 21 visst
687 252 92 22 omräde
803 251 24 22 af
849 254 95 19 vattnet.

188 287 142 22 Derutöfver
351 291 24 18 är
402 288 72 28 sagda
498 287 194 29 dispositionsrätt
714 288 7 21 i
737 287 105 29 gällande
858 287 38 29 lag
911 290 35 26 yt

189 323 106 29 terligare
322 323 121 22 inskränkt
468 331 84 22 genom
577 324 178 28 bestämningar,
788 323 79 22 hvilka
896 323 49 22 dels

188 359 129 22 fränkänna
346 360 161 28 grundegaren
533 359 62 22 vissa
623 359 165 29 befogenheter
813 359 52 22 med
892 359 54 22 hän-

190 403 43 20 syn
249 395 36 21 till
301 398 101 19 vattnets
418 395 122 29 nyttjande
556 395 7 22 i
580 395 130 26 allmänhet,
728 395 48 21 dels
792 395 99 29 pälägga
906 395 40 22 ho-

189 438 54 14 nom
259 431 162 28 förpligtelsen
437 434 32 19 att
485 431 73 21 tilläta
574 431 71 21 andra
660 434 34 19 att
708 431 36 21 för
755 431 112 21 särskilda
877 431 69 21 ända-

189 467 46 20 mål
258 466 107 29 begagna
385 469 90 20 vattnet
496 469 13 19 ä
530 467 56 21 hans
603 467 81 28 grund.
717 467 12 20 I
745 467 154 21 förstnämndt
914 467 32 21 af-

190 502 84 21 seende
291 505 24 18 är
332 503 39 20 det
387 502 140 29 exempelvis
544 503 72 28 enligt
634 505 25 18 17
677 503 52 28 kap.
747 505 13 18 4
773 502 14 29 8
799 502 42 21 och
853 504 28 19 20
892 503 53 28 kap.

191 540 13 19 2
220 538 14 28 8
250 538 27 21 B.
294 538 27 21 B.
339 539 161 28 grundegaren
515 538 119 29 förbjudet
644 541 33 18 att
689 540 25 19 sä
724 538 78 29 bygga
813 537 67 22 fiske-
891 538 56 21 eller

189 575 146 25 vattenverk,
357 577 34 18 att
411 582 76 13 annan
503 575 64 20 deraf
582 575 41 20 har
639 582 60 18 men,
716 576 59 19 samt
791 574 72 28 enligt
879 576 11 19 7
907 574 14 29 8
938 574 8 21 i

190 609 115 29 sistsagda
329 610 52 29 kap.
407 612 33 19 att
463 617 83 22 genom
570 610 119 29 afledning
713 609 54 22 eller
788 610 159 28 uppdämning

191 653 76 14 annan
283 645 35 22 till
335 646 72 21 skada
423 646 107 21 förändra
545 646 173 21 vattenständet
728 645 34 22 uti
772 645 172 29 vattendragen.

190 681 104 22 Härmed
318 681 97 29 analoga
439 682 143 28 stadganden
604 681 54 29 ingå
681 681 35 22 uti
737 683 13 20 3
771 681 14 29 S
801 681 24 21 af
841 683 11 19 1
869 681 51 29 kap.
938 681 7 21 i

192 717 45 22 den
252 717 53 22 nåd.
322 724 72 22 prop.,
411 718 83 21 medan
509 719 29 20 24
554 718 14 28 8
583 717 120 28 förbjuder
717 717 87 28 jemväl
819 717 128 28 grundega-

191 761 41 13 ren
254 755 34 19 att
306 753 35 22 uti
356 753 137 29 vattendrag
509 753 75 22 införa
599 757 90 22 ämnen,
707 761 49 14 som
771 753 78 21 kunde
865 753 82 21 orsaka

191 789 183 28 uppgrundning
398 789 55 22 eller
475 791 105 20 förorena
602 791 97 20 vattnet.
731 789 111 28 Exempel
862 791 29 26 på
907 789 39 21 det

192 832 79 14 senare
288 825 75 28 slaget
379 825 23 22 af
417 833 32 14 nu
465 825 174 28 ifrågavarande
655 825 194 28 inskränkningar
859 825 88 21 lemnar

191 863 49 19 åter
255 863 13 19 9
285 861 21 28 8,
323 861 73 28 enligt
411 861 96 22 hvilken
520 861 45 21 den
576 869 42 14 ena
630 861 78 22 sidans
720 861 23 21 af
754 861 113 21 strömfall
879 868 67 21 egare

190 896 75 21 under
288 896 63 22 vissa
370 897 195 28 omständigheter
580 897 88 28 nödgas
685 896 74 21 tillåta
775 898 33 19 att
824 903 82 22 egaren
923 896 24 21 af

191 934 110 19 motsatta
317 932 66 21 sidan
398 932 89 29 bygger
503 933 53 21 dam
572 933 42 20 och
631 934 76 20 såsom
723 932 107 21 drifkraft
841 932 105 29 tillgodo-

190 971 43 24 gör
249 967 36 29 sig
301 970 91 19 vattnet
405 968 86 28 jemväl
507 971 13 18 å
536 969 45 21 den
596 969 72 20 förres
684 968 83 28 grund,
784 967 118 22 äfvensom
918 969 28 20 14

191 1003 21 29 8,
236 1011 51 14 som
307 1004 75 21 under
402 1004 63 22 vissa
481 1004 75 22 vilkor
570 1005 85 20 tillåter
671 1004 87 21 enhvar
774 1006 33 19 att
822 1003 36 22 för
873 1003 73 22 öfver-

191 1039 128 29 vattnings-
336 1039 55 22 eller
406 1040 266 22 konsumtionsändamål
687 1040 53 21 leda
755 1042 80 19 vatten
847 1039 51 22 från
909 1047 37 14 an-

191 1082 47 15 nan
254 1075 114 29 tillhörigt
383 1077 178 20 vattenområde.

263 1225 34 21 Af
312 1226 145 21 förestående
473 1225 121 22 inledande
611 1225 114 28 öfversigt
740 1225 100 28 framgår
856 1227 33 19 att
901 1225 45 21 den

190 1260 52 22 nåd.
268 1269 64 21 prop.
358 1261 144 21 beträffande
518 1262 87 28 frågan,
622 1261 34 21 uti
672 1260 81 22 hvilka
768 1262 79 20 vatten
862 1260 85 29 kungs-

190 1296 56 22 ådra
262 1297 59 21 skall
341 1297 88 21 lemnas
445 1301 81 25 öppen,
544 1297 89 21 afviker
648 1297 53 21 från
716 1296 106 29 gällande
838 1299 44 19 rätt
897 1296 8 22 i
921 1299 26 19 så

191 1334 79 24 måtto,
281 1335 34 19 att
323 1332 73 29 enligt
408 1340 77 22 prop:s
498 1334 35 28 18
542 1333 132 29 kungsådra
683 1332 58 22 skall
750 1332 76 21 finnas
835 1332 70 22 också
912 1332 34 22 uti

191 1368 42 26 sjö,
251 1369 21 21 d.
290 1376 21 14 v.
329 1376 17 14 s.
364 1369 64 21 såväl
443 1369 34 21 uti
489 1369 87 29 insjöar
589 1370 51 20 med
653 1369 66 21 deras
731 1368 86 28 fjärdar
827 1368 43 22 och
881 1369 66 21 vikar

268 1410 213 19 Vattenrättsutskottets
493 1411 117 18 betänkande
623 1410 37 18 N:o
672 1410 17 18 1.
