1048 1631
433 106 41 21 N:o
493 107 17 19 1.
795 108 26 19 25

91 175 59 21 öfver
166 175 59 27 tjugu
241 175 35 21 års
290 175 99 26 flottning
405 175 40 21 och
461 175 147 27 ersättningen
623 176 52 26 utgå
690 175 49 21 med
752 175 52 22 visst
815 175 36 21 be-

91 210 50 27 lopp
157 209 33 22 för
205 209 74 28 hvarje
294 209 35 22 års
344 209 99 28 flottning
457 209 54 22 eller
521 209 43 22 viss
575 209 63 28 afgift
648 209 33 22 för
692 209 73 28 hvarje
776 209 75 28 stycke

92 243 108 28 flottgods.

161 278 26 27 Ej
204 278 34 22 mä
253 278 84 22 utöfver
353 285 29 15 nu
397 279 77 21 nämda
490 279 120 26 ersättning
626 278 38 21 och
680 278 69 27 skälig
761 278 89 27 godtgö-

91 313 56 22 relse
162 312 34 22 för
211 312 125 28 uppbörden
351 313 84 21 fordras
451 313 75 21 vidare
541 312 63 28 afgift
619 312 33 21 för
662 312 188 27 flottningsanstal-

91 349 73 20 ternas
186 347 139 27 begagnande
345 349 27 19 än
387 347 56 21 hvad
459 347 36 21 vid
510 346 120 27 fördelning
646 346 12 21 å
674 346 57 22 årets
749 347 101 26 flottning

92 381 22 22 af
130 381 76 28 utlagd
221 381 91 22 kostnad
327 381 34 22 för
376 381 62 22 deras
453 381 114 22 underhåll
583 381 87 27 belöper
685 381 31 26 sig
732 381 13 21 å
760 381 90 22 enhvars

91 415 108 28 flottgods.

442 463 25 20 10
483 462 18 27 8.

161 507 45 22 Der
220 513 121 22 gemensam
357 507 98 28 flottning
471 509 24 20 är
511 507 147 27 föreskrifven,
672 509 77 26 utgöra
759 513 91 22 egarene

92 541 23 22 af
128 541 125 28 flottgodset
269 548 25 15 en
310 541 104 28 förening,
430 542 66 21 hvars
512 542 92 27 styrelse
619 543 13 20 &
648 542 136 27 delegarenes
799 543 51 25 väg-

92 582 40 15 nat
147 576 40 21 och
202 576 33 21 för
250 577 62 20 deras
328 577 90 27 räkning
432 577 99 21 handhar
546 577 50 21 hela
611 576 132 27 flottningen.

162 610 92 27 Stadgar
269 610 33 22 för
317 611 58 27 dylik
390 611 210 27 flottningsförening
610 611 117 21 fastställas
743 611 54 21 efter
807 611 43 20 för-

92 645 46 27 slag
153 645 23 21 af
190 645 54 26 dem,
260 645 74 22 hvilka
348 647 52 20 ärna
410 645 97 28 begagna
518 645 118 22 flottleden.
661 645 38 22 Om
711 645 138 27 uppgörande

92 679 23 22 af
129 679 78 22 sädant
222 679 81 28 förslag
318 680 126 21 föranstalte
460 680 47 26 den,
519 686 46 15 som
576 680 78 21 ansökt
665 685 33 16 om
709 679 140 27 flottningens

93 713 114 22 ordnande.

442 761 22 20 11
483 761 18 27 8.

161 805 232 28 Flottningsförenings
416 806 87 27 stadgar
527 806 61 21 skola
611 806 86 27 angifva
713 806 136 27 delegarenes

92 839 100 22 inbördes
208 839 140 28 förhällande,
364 841 55 20 huru
430 841 61 21 desse
503 841 167 21 sammankallas
681 841 38 20 och
730 840 120 27 flottnings-

92 874 103 27 styrelsen
220 875 71 26 väljes,
315 877 68 24 orten,
399 875 86 21 hvarest
500 875 104 27 styrelsen
619 875 39 21 har
674 875 37 21 sitt
726 877 52 24 säte,
794 877 56 18 samt

93 907 140 28 erforderliga
258 911 98 20 närmare
381 909 163 27 bestämningar
566 915 34 16 om
623 909 136 27 flottningens
783 909 66 21 hand-

92 943 112 22 hafvande.

161 977 10 22 I
187 977 118 22 sistnämda
321 979 33 21 del
370 979 63 21 lände
449 979 117 27 stadgarne
585 979 33 21 till
634 979 141 21 efterrättelse
787 978 61 21 äfven

92 1012 35 21 vid
142 1011 175 22 förekommande
340 1013 83 21 enskild
446 1013 106 27 flottning,
572 1013 73 21 derest
661 1012 188 27 flottningsanstalt

93 1047 106 26 begagnas
222 1047 52 22 eller
298 1047 74 22 hinder
387 1047 33 22 för
436 1048 39 21 den
491 1054 159 21 gemensamma
666 1047 125 27 flottningen
806 1047 43 21 kan

92 1081 93 21 befaras.

441 1129 26 21 12
482 1129 19 27 8.

160 1174 69 21 Innan
252 1174 99 27 flottning
373 1174 105 27 vidtager,
503 1174 55 22 skall
578 1174 125 26 flottgodset
718 1174 67 21 förses
801 1174 48 21 med

92 1208 77 22 sådant
192 1209 49 21 dess
261 1214 62 22 egare
342 1209 111 21 utvisande
469 1209 83 27 märke,
568 1215 46 15 som
630 1209 42 21 kan
688 1208 99 27 urskiljas
802 1208 46 22 från

92 1243 79 21 andras
194 1243 112 21 enahanda
328 1244 95 27 märken,
447 1246 56 19 samt
528 1244 83 21 förman
628 1244 33 21 för
675 1244 126 26 flottningen
816 1245 33 19 ut-

92 1284 40 15 ses.
148 1277 108 27 Teckning
271 1278 23 21 af
307 1278 85 21 märket
402 1280 57 20 samt
474 1278 85 27 uppgift
570 1284 35 15 om
616 1278 123 21 förmannen
755 1278 39 21 bör
809 1278 40 20 ock

91 1312 65 21 minst
171 1314 33 19 tre
220 1312 78 21 veckor
314 1312 58 22 förut
387 1312 102 22 aflemnas
505 1313 34 21 till
555 1312 138 22 länsmannen
711 1312 6 21 i
734 1312 72 26 hvarje
818 1312 31 21 di-

92 1346 70 26 strikt,
178 1346 56 21 inom
250 1346 82 22 hvilket
346 1346 127 28 flottningen
489 1346 97 22 kommer
602 1349 33 19 att
650 1346 100 28 försiggå.

160 1380 43 21 För
224 1380 106 28 flottning,
354 1386 45 16 som
423 1381 54 21 skall
494 1381 112 27 samtidigt
621 1382 56 26 pågå
692 1381 6 21 i
715 1381 57 21 olika
790 1381 59 21 delar

92 1413 23 21 af
128 1414 70 20 större
213 1414 134 27 vattendrag,
363 1414 52 22 böra
431 1415 71 21 skilda
518 1414 83 22 förmän
621 1418 58 18 utses
696 1416 51 20 hvar
763 1415 32 21 för
811 1416 38 21 sitt
