1048 1631
228 131 14 21 6
429 128 27 22 U.
472 128 25 22 B.
513 141 28 3 —
556 128 72 28 Prop.
644 128 41 22 N:o
701 128 20 22 3.

192 191 293 37 upprätthållande,
426 187 70 46 ifall
512 199 40 22 det
578 200 130 21 allmännas
735 200 98 21 intresse
860 200 94 29 pröfvas

192 233 85 22 kräfva
301 233 52 22 dess
375 233 149 30 indragning.
560 234 36 21 Då
614 234 91 22 landets
723 234 144 29 grundlagar
885 234 69 22 emel-

191 267 72 22 lertid.
295 268 52 21 icke
380 268 118 22 innehöllo
534 269 72 28 något
642 268 137 29 stadgande,
813 268 76 22 afsedt
919 270 35 20 att

192 302 130 22 bestämma
346 302 28 21 de
401 303 140 28 rättigheter
568 303 42 22 och
636 303 167 28 skyldigheter,
831 310 48 15 som
906 303 49 21 till-

192 337 93 21 kommo
313 337 97 21 embets-
437 337 44 22 och
507 338 147 28 tjenstemän,
676 337 93 22 hvilkas
793 337 161 28 befattningar

192 371 117 29 indrogos,
338 371 141 28 utfärdades,
502 372 37 21 för
566 371 148 30 afhjelpande
743 372 23 21 af
793 372 76 21 denna
888 371 65 28 brist,

192 405 73 22 sedan
301 405 96 22 ärendet
427 406 8 21 i
464 406 195 29 grundlagsenlig
693 405 100 30 ordning
828 406 125 28 handlagts

192 440 24 21 af
243 439 116 22 Finlands
384 440 106 28 Ständer,
513 441 45 21 den
576 441 8 21 i
603 441 65 21 detta
687 440 148 22 betänkande
853 440 101 29 tidigare

192 474 99 21 berörda
313 474 88 29 nädiga
423 475 166 29 förordningen
608 475 24 22 af
650 475 45 21 den
715 475 13 20 3
747 475 114 22 Februari
882 475 71 21 1868.

192 508 85 29 Enligt
304 509 77 21 denna
408 509 71 22 borde
501 509 98 22 embets-
617 509 57 22 eller
692 510 147 28 tjensteman,
858 509 97 21 hvilken

193 543 37 21 till
249 543 37 21 sin
304 543 135 29 befattning
457 546 104 19 utnämts
577 544 49 22 före
639 543 180 29 förordningens
832 543 121 28 tillkomst,

192 577 41 21 vid
252 577 114 22 embetets
385 577 56 22 eller
458 579 114 28 tjenstens
590 578 145 29 indragning
752 577 143 22 fortfarande
911 577 43 22 och

192 611 65 22 intill
279 611 52 22 dess
352 612 47 21 han
418 612 101 21 tillträdt
538 621 77 14 annan
634 613 87 22 allmän
739 613 134 28 befattning
890 612 61 21 bibe-

192 646 75 21 hällas
294 646 41 22 vid
358 647 46 21 alla
422 647 28 21 de
469 647 238 28 aflöningsförmäner,
727 654 48 14 som
793 647 58 21 hade
871 647 84 21 karak-

193 683 68 18 tären
280 681 24 21 af
321 681 129 28 underhäll,
469 681 121 22 hvaremot
607 682 48 21 han
673 681 52 22 icke
743 681 80 22 vidare
842 681 75 22 skulle
929 681 25 21 fä

193 715 169 28 tillgodonjuta
389 715 88 22 sädana
504 716 88 28 anslag,
620 723 49 14 som
687 715 60 22 hade
765 716 147 28 egenskapen
931 715 24 22 af

192 750 133 28 ersättning
351 749 36 22 för
413 750 127 22 kostnader
568 751 42 21 och
637 750 104 29 utgifter,
768 750 82 22 hvilka
872 749 83 22 endast

192 783 75 22 under
295 785 114 28 tjenstens
435 785 110 28 utöfning
574 794 52 13 vure
655 784 93 29 nödiga,
774 792 53 14 men
855 784 98 22 dorefter

193 817 77 22 blefve
300 818 139 29 obehöfliga,
466 819 20 28 ej
513 819 73 22 heller
612 819 132 28 ersättning
767 819 36 22 för
826 819 127 21 inkomster

194 852 24 21 af
237 852 132 22 obestämdt
387 853 70 22 värde
477 853 55 22 eller
550 853 94 28 sädana,
663 853 82 22 hvilka
768 853 108 29 utgjorde
898 853 55 21 alle-

192 889 54 19 nast
275 895 28 13 en
331 887 104 29 tillfällig
463 888 56 29 följd
547 888 23 21 af
587 889 74 28 nägot
679 888 59 21 visst
755 887 197 30 tjenstegöromäl.

193 921 68 22 Hade
290 921 103 22 deremot
422 922 150 22 innehafvaro
600 923 24 21 af
642 923 91 20 embete
757 922 56 21 eller
830 923 72 28 tjenst
923 922 30 28 pä

193 955 87 22 allmän
307 956 104 22 civilstat
437 957 80 21 blifvit
541 957 37 21 till
596 957 165 28 befattningen
779 956 97 22 utnämd
895 957 58 20 efter

192 990 180 29 förordningens
390 991 147 25 utfärdande,
557 991 74 22 skulle
650 991 47 22 han
715 991 74 21 under
807 992 40 21 tvä
865 992 37 20 ärs
918 990 35 22 tid

193 1024 59 21 efter
279 1025 173 28 indragningen
480 1026 88 21 erhålla
595 1033 88 14 samma
705 1025 116 22 förmåner
839 1033 50 14 som
907 1025 47 21 till-

192 1059 93 22 kommo
305 1059 44 22 den
368 1059 144 23 förstnämda
534 1061 122 28 kategorin
676 1060 23 21 af
717 1060 98 21 embets-
833 1059 43 22 och
894 1060 59 28 tjen-

193 1095 98 26 stemän,
318 1101 52 14 men
398 1094 59 21 efter
483 1095 119 28 utgängen
630 1095 25 21 af
682 1094 77 22 denna
780 1094 34 21 tid
833 1095 121 20 bekomma

192 1127 85 23 endast
303 1130 35 20 ett
365 1129 88 28 anslag,
478 1129 162 22 motsvarande
668 1129 40 21 det
731 1129 90 29 belopp,
841 1136 48 14 som
907 1128 46 22 han

193 1162 76 22 skulle
288 1162 71 22 hafva
377 1163 94 22 erhällit
488 1164 8 21 i
514 1164 38 21 hel
570 1164 105 28 pension,
693 1171 37 14 om
748 1163 47 22 han
813 1164 96 21 undfätt
921 1163 33 21 af-

193 1196 58 22 sked
269 1205 28 13 ur
315 1198 108 28 tjensten.
461 1198 47 21 Och
528 1199 68 28 jemte
615 1198 41 22 det
674 1198 98 21 embets-
791 1198 56 21 eller
859 1198 95 29 tjenste-

192 1238 61 21 man,
273 1239 49 14 som
341 1232 74 28 enligt
433 1232 166 29 förordningen
614 1233 93 21 komme
721 1234 34 20 att
768 1233 91 28 ätnjuta
872 1232 82 28 anslag

192 1266 31 28 pä
241 1266 210 28 indragningsstat,
470 1267 8 21 i
496 1267 127 21 allmänhet
642 1266 143 22 förklarades
805 1266 94 29 skyldig
912 1268 41 24 att,

192 1300 9 21 i
227 1300 112 22 händelse
368 1308 76 14 annan
472 1301 102 22 likartad
595 1302 43 21 och
658 1301 45 21 den
722 1301 61 21 förra
801 1302 52 20 icke
871 1300 81 22 under-

193 1334 90 22 ordnad
302 1335 72 29 tjenst
392 1335 121 22 anvisades
532 1336 56 21 eller
606 1335 108 29 erbjödes
727 1335 85 22 honom
824 1336 30 28 pä
867 1342 88 15 samma

192 1371 43 25 ort,
258 1368 42 22 der
321 1369 46 22 han
386 1370 93 22 utöfvat
496 1370 36 22 sin
550 1370 117 28 indragna
686 1370 133 28 befattning
837 1370 56 21 eller
911 1370 44 21 ock

192 1402 42 22 der
261 1403 47 22 han
335 1411 43 15 var
404 1404 84 28 bosatt,
515 1406 73 20 sådan
610 1404 134 28 betattning
762 1404 106 22 tilitrada
885 1404 70 22 och
938 1398 20 38 i

192 1437 59 29 följd
270 1438 65 22 deraf
354 1438 60 22 afstä
433 1439 105 29 anslaget
556 1440 30 28 pä
603 1438 212 29 indragningsstat,
828 1439 128 27 berättiga-

264 1481 133 23 Lagutskottets
410 1482 111 17 betänkande
534 1482 37 17 N:o
583 1482 14 17 1.
