1048 1631
183 130 27 19 30
399 128 73 24 Ständ.
487 129 36 23 Sv.
540 142 26 4 —
583 129 61 28 Prop.
661 128 35 23 N:o
711 129 15 22 1.

253 191 79 22 Såsom
355 192 131 29 kungsådra
509 200 54 14 vare
582 193 77 21 hållen
675 200 29 14 en
719 192 111 29 tredjedel
845 192 26 22 af
884 195 58 19 vatt-

182 228 51 19 nets
249 225 71 22 bredd
335 226 38 22 vid
388 227 221 21 medelvattenstånd
624 227 44 22 och
683 227 40 21 der
735 227 92 28 djupast
837 229 34 24 är;
883 227 59 22 dock

182 262 38 19 må
233 260 8 21 i
257 260 111 21 strömfall
390 261 35 20 till
447 261 132 28 kungsådra
594 261 20 28 ej
632 261 83 21 räknas
731 263 72 20 större
817 261 78 25 bredd,
912 264 29 18 än

184 297 33 18 att
239 302 29 13 en
287 295 109 28 tredjedel
411 295 26 22 af
450 295 147 22 strömfallets
613 295 165 29 vattenmängd
793 295 40 22 der
847 295 93 28 nedgår.

182 329 47 22 Der
252 329 44 21 far-
312 329 54 22 eller
388 329 89 22 flottled
499 329 123 29 begagnas,
646 331 37 20 må
705 329 71 22 likväl
798 329 143 28 kungsådras

182 363 72 22 bredd
270 363 20 29 ej
307 364 132 28 understiga
453 364 36 28 sju
505 367 77 18 meter.

251 398 12 21 I
278 397 34 29 sjö
335 398 41 21 bör
398 398 43 21 far-
461 398 43 22 och
527 399 89 21 flottled
632 398 35 22 till
682 399 71 28 nödig
771 399 69 21 bredd
855 398 86 22 lemnas

183 434 82 27 öppen.

538 497 49 28 28.

251 535 29 28 Ej
303 537 37 20 må
362 537 76 27 någon
461 537 25 20 så
509 536 71 28 draga
602 536 35 21 till
660 536 35 28 sig
716 536 54 21 eller
785 536 51 21 leda
851 538 90 19 vattnet

182 569 53 22 från
257 570 142 28 vattendrag,
423 570 54 21 eller
497 572 24 19 så
536 571 80 28 bygga
632 570 48 21 deri
696 570 55 21 eller
766 570 65 28 eljest
846 570 94 28 vidtaga

183 604 70 21 sådan
274 604 87 29 åtgärd,
377 607 33 19 att
425 612 82 19 annan,
524 612 83 21 genom
622 604 135 29 förändring
773 604 26 22 af
812 605 128 21 vattendra-

183 641 50 26 gets
257 639 55 28 djup
335 639 54 21 eller
412 639 51 28 läge
487 639 54 22 eller
557 639 26 21 af
596 639 177 26 vattenståndet,
789 639 57 21 lider
860 646 52 14 men
928 641 13 18 å

183 673 39 22 sitt
236 673 171 22 vattenområde
423 673 54 22 eller
493 675 13 20 å
520 673 64 26 fiske,
598 673 53 29 jord
667 673 54 22 eller
735 681 76 14 annan
821 673 119 28 egendom,

183 707 54 22 eller
260 707 43 22 ock
325 707 131 29 derigenom
480 708 130 28 kungsådra
630 707 123 22 försämras
769 707 54 22 eller
839 707 43 22 far-
898 707 43 22 och

182 741 90 22 Alottled
287 749 81 14 annars
383 742 57 21 lider
456 742 98 29 intrång.

538 807 12 19 3
566 805 20 29 &.

252 845 11 21 I
279 844 111 23 strömfall
407 845 123 22 tillkomme
544 845 112 22 hvardera
672 845 75 21 sidans
760 852 67 21 egare
838 845 46 21 lika
895 847 46 19 stor

184 879 36 22 del
235 879 8 22 i
258 879 45 22 den
318 879 39 22 der
372 880 133 28 nedgäende
521 879 201 28 vattenmängden.

537 945 14 19 4
566 943 20 29 8.

252 983 76 28 Egare
351 983 26 21 af
396 983 136 22 vattenverk
547 983 7 21 i
570 983 112 22 strömfall
704 982 69 22 hafve
796 985 45 19 rätt
859 985 38 23 att,
914 983 29 20 dä

183 1017 70 28 ingen
275 1017 55 22 eller
353 1017 58 22 blott
433 1017 118 29 obetydlig
570 1017 134 22 samfärdsel
720 1017 7 21 i
743 1017 64 21 fallet
823 1024 53 21 eger
891 1024 50 14 rum

184 1051 42 22 och
241 1053 90 20 vattnet
346 1051 96 29 nedgätt
456 1052 73 21 under
544 1051 253 25 medelvattenständet,
813 1058 82 21 genom
908 1053 34 19 ut-

182 1085 115 29 läggande
320 1085 26 22 af
365 1086 135 28 reglerings-
516 1086 55 21 eller
591 1093 78 14 annan
684 1085 102 29 tillfällig
801 1085 58 26 dam,
875 1085 7 21 i
898 1085 44 22 den

182 1121 53 20 män
250 1121 181 21 vattenständets
447 1121 127 29 sjunkande
586 1120 93 22 orsakar
690 1120 132 28 minskning
833 1120 8 21 i
851 1120 92 21 verkets

183 1154 117 26 drifkraft,
316 1155 152 29 tillgodogöra
482 1156 35 28 sig
527 1157 89 20 vattnet
624 1154 87 29 jemväl
722 1154 52 22 från
784 1154 158 28 kungsädran;

183 1189 59 22 dock
264 1191 37 20 mä
322 1192 101 19 vattnets
445 1190 157 21 nedrinnande
624 1189 136 28 härigenom
778 1188 51 22 icke
843 1189 8 21 i
866 1190 77 27 någon

182 1225 71 20 mätto
269 1224 142 22 inskränkas.
443 1224 76 22 Sädan
534 1224 52 22 dam
602 1223 59 23 skall
673 1222 170 27 undanskaffas,
855 1223 28 21 dä
893 1224 49 21 vär-

182 1257 77 23 floden
274 1258 112 28 vidtager.

538 1322 49 28 58

224 1359 3 3 *
252 1362 63 22 Utan
330 1362 81 22 hinder
427 1362 25 21 af
465 1362 81 22 hvad
537 1355 17 41 i
565 1364 11 19 1
593 1362 43 22 och
652 1363 13 19 2
681 1361 30 29 88
727 1361 92 44 stadgas
834 1367 54 15 vare
899 1360 43 22 ock

852 1394 49 11 II
921 1394 24 11 CL

182 1396 84 22 tillåtet
288 1399 39 23 au,
351 1396 75 22 säviät
449 1397 40 21 ske
511 1392 46 35 kuu
577 1399 53 19 utan
646 1398 34 19 av
695 1403 53 14 men
763 1397 14 19 a
791 1397 113 19 stromiali
919 1402 23 14 ar

182 1431 71 22 värde
271 1431 54 21 eller
344 1430 65 29 eljest
424 1431 127 22 nämnvärd
568 1430 71 22 skada
654 1432 77 26 nägon
747 1429 144 29 tillskyndas,
906 1429 37 28 för
