1048 1631
328 87 26 23 U.
371 88 27 22 B.
415 100 29 4 —
459 88 76 29 Prop.
551 87 45 23 N:o
612 88 13 23 1
799 91 24 19 11

174 153 114 24 Likaledes
311 161 51 15 vare
385 154 78 22 tillåtet
485 156 34 20 att
541 161 28 15 ur
592 154 136 29 vattendrag
749 154 36 22 för
805 155 52 21 hus-

103 190 69 21 behof
197 191 123 28 upphemta
347 192 85 24 vatten,
459 193 33 19 att
518 191 39 21 der
582 190 60 21 bada
666 190 121 28 (uteslutn.)
813 190 43 21 och

103 226 122 21 verkställa
243 228 59 19 tvätt
322 228 56 19 samt
397 228 33 19 att
447 229 56 25 göra
519 227 72 21 annat
606 225 69 29 dylikt
689 226 56 22 bruk
760 227 27 28 af
800 227 56 21 vatt-

102 263 38 25 net,
164 261 76 22 såvidt
262 262 162 28 begagnandet
449 262 45 21 kan
518 263 41 20 ske
583 264 55 19 utan
663 262 122 29 olägenhet
801 262 55 21 eller

103 298 105 21 otrefnad
223 298 36 21 för
275 305 92 22 egaren;
385 298 60 21 dock
460 300 38 19 må
514 298 20 29 ej
553 306 27 13 ur
595 306 32 13 nu
638 298 99 21 nämnda
747 298 109 28 befogen-

102 334 41 21 het
158 334 105 21 härledas
279 336 76 27 någon
371 336 45 19 rätt
432 337 33 18 att
480 334 96 22 beträda
592 341 86 14 annans
694 335 71 25 mark,

175 365 70 27 Öfver
261 370 81 26 brunn,
359 370 66 26 källa,
443 370 52 21 dam
512 370 56 21 eller
584 377 75 14 annan
673 370 35 21 till
719 366 137 37 vattendrag

103 406 51 21 icke
170 406 114 29 hänförlig
300 405 179 30 vattensamling
495 407 44 21 och
556 406 52 22 dess
624 406 77 29 aflopp
718 406 63 21 inom
797 407 57 21 hans

104 443 70 26 mark,
199 443 24 21 så
246 443 37 21 ock
306 442 60 28 öfver
387 444 70 20 annat
473 442 66 22 slutet
554 444 79 27 vatten,
650 442 53 21 råde
718 442 138 29 jordegaren

103 478 59 26 fritt;
180 479 59 21 dock
254 480 37 20 må
306 481 89 19 vattnet
412 478 40 21 vid
468 478 88 22 eldfara
572 478 153 22 obehindradt
739 478 117 29 begagnas

103 515 35 21 till
155 515 85 21 dennas
257 515 139 28 afvärjande.
429 514 26 29 Ej
474 516 37 20 må
527 517 101 19 vattnets
644 515 114 28 naturliga
777 515 78 28 aflopp

104 551 50 21 från
178 551 81 21 sådant
281 551 88 21 bäcken
393 551 24 20 af
440 551 177 28 underbyggare
640 550 94 22 hindras
761 551 56 21 eller
833 550 24 22 af

104 587 167 28 öfverbyggare
291 589 25 19 så
332 587 89 25 ändras,
439 588 32 19 att
488 586 128 22 detsamma
631 586 80 21 länder
726 586 130 29 underbyg-

104 630 54 21 gare
174 623 34 21 till
225 630 58 14 men.

336 673 28 19 26
380 671 20 29 S.
419 672 33 27 (se
468 678 64 22 prop.
550 671 14 29 $
580 672 44 27 25).

174 713 83 25 Skada,
274 720 49 15 som
339 720 83 21 genom
438 715 46 19 stöt
500 713 24 21 af
540 713 88 21 farkost
644 713 54 21 eller
713 720 84 21 genom
807 712 49 29 gni-

106 751 47 19 stor
168 749 51 21 frän
235 749 122 28 ängfartyg
373 749 55 21 eller
445 749 67 28 eljest
523 749 142 21 omedelbart
674 756 83 21 genom
768 751 88 20 vatten-

106 785 69 28 drags
191 785 124 21 befarande
331 785 92 21 orsakas
441 787 12 19 ä
469 793 89 13 annans
578 785 65 21 mark
664 785 54 21 eller
734 785 122 28 (uteslutn.)

105 821 147 28 anläggning,
277 821 57 21 skall
359 821 23 21 af
405 821 130 22 farkostens
557 829 67 20 egare
645 823 100 24 ersättas,
767 821 90 21 ändock

106 857 87 21 skadan
214 857 51 21 icke
281 857 82 22 vållats
379 864 83 21 genom
478 859 89 26 någons
584 857 143 21 vårdslöshet
743 857 55 21 eller
813 857 44 21 för-

105 892 129 29 sumlighet.
260 893 91 21 Skedde
367 893 88 22 skadan
469 893 8 20 i
489 893 60 28 följd
562 893 69 26 deraf,
644 895 32 19 att
687 892 170 29 anläggningen

104 928 51 21 icke
176 936 41 14 var
237 929 8 20 i
265 929 132 28 försvarligt
417 929 72 26 skick,
511 936 43 21 ege
571 929 71 21 sådan
658 928 199 29 ersättningsskyl-

106 964 79 29 dighet
200 964 51 22 icke
267 972 56 14 rum.

175 1000 69 22 Hvad
262 1000 8 21 i
289 1000 103 29 sjölagen
408 1001 93 28 stadgas
519 1008 37 14 om
572 1000 87 22 vidden
674 1001 23 20 af
713 1001 90 21 redares
820 1007 37 14 an-

105 1036 117 28 svarighet
237 1036 67 21 lände
321 1036 69 22 äfven
405 1036 8 21 i
428 1044 32 14 nu
476 1037 102 21 nämnda
594 1036 39 22 fall
649 1036 35 21 till
700 1036 155 21 efterrättelse.

451 1099 27 18 27
496 1097 19 28 8.

176 1138 61 29 Eger
251 1140 77 27 någon
343 1141 45 19 rätt
403 1138 36 22 till
454 1141 52 26 väg,
523 1139 37 21 för
575 1139 69 21 hvars
660 1138 197 29 tillgodogörande

104 1174 42 21 bro
170 1174 64 22 öfver
258 1182 87 14 annans
368 1176 79 20 vatten
469 1178 24 18 är
513 1175 25 21 af
558 1174 82 26 nöden,
662 1174 68 22 hafve
746 1174 64 22 makt
825 1176 33 19 att

105 1209 65 22 öfver
186 1210 63 22 detta
264 1210 67 29 lägga
347 1210 40 22 bro
405 1210 42 22 och
464 1210 113 29 anbringa
593 1210 35 22 för
644 1210 129 22 ändamålet
789 1210 69 22 erfor-

106 1246 87 28 derliga
209 1247 51 21 stöd
277 1246 54 22 eller
347 1246 72 22 kistor
429 1249 59 19 samt
500 1247 77 28 skydd
588 1246 36 22 för
634 1246 66 22 dessa
711 1249 48 19 mot
768 1246 89 29 isgång.

451 1308 28 20 28
496 1306 20 29 8.

176 1342 34 27 Är
225 1348 35 21 för
276 1348 112 26 ändamål,
405 1355 50 14 som
466 1348 8 21 i
486 1348 30 22 17
525 1348 15 28 8
550 1350 98 24 nämnts,
660 1348 55 22 eller
725 1348 36 22 för
771 1350 88 20 vatten-

104 1383 108 29 lednings
231 1384 128 21 inrättande
376 1384 35 21 för
427 1384 95 21 allmänt
538 1384 71 22 behof
626 1384 125 22 bestäende
767 1383 92 29 anlägg-

180 1425 211 19 Valtenrätisutskotteis
404 1426 119 18 betänkande
537 1426 38 18 N:o
587 1426 17 18 1.
