1048 1631
204 130 26 18 72
415 129 72 23 Ständ.
504 129 35 23 Sv.
556 142 26 4 —
600 130 60 27 Prop.
678 129 35 23 N:o
730 130 18 21 1.

202 191 98 22 delande
316 194 23 19 åt
355 193 109 28 sakegare
479 193 153 28 personligen,
649 195 54 19 utan
720 193 69 21 borde
805 193 7 21 i
827 192 80 28 hvarje
922 192 40 22 fall

207 225 60 22 båda
282 228 75 19 sätten
372 227 35 21 för
422 227 192 22 underrättelsens
626 227 145 28 delgifvande
781 227 90 22 komma
882 227 33 20 till
927 234 35 14 an-

202 260 120 28 vändning
337 261 44 21 och
395 261 138 28 paragrafen
549 262 103 27 undergå
662 261 68 22 häraf
739 261 107 29 betingad
859 261 102 28 ändring.

271 295 41 21 Uti
334 295 151 22 redaktionelt
507 296 131 22 hänseende
653 295 70 23 hafva
739 296 128 22 Ständerna
883 296 79 21 endast

202 329 61 21 velat
278 329 90 29 påpeka
384 332 33 19 att
432 331 6 20 i
455 331 28 21 de
498 331 150 28 stadganden,
664 331 46 25 der,
722 332 73 20 såsom
807 331 7 20 i
825 332 28 19 20
863 330 14 29 8
888 330 74 28 punkt

202 370 18 19 e,
237 365 33 19 ett
285 364 165 28 uppräknande
472 365 153 21 förekommer
641 365 25 21 af
680 365 27 21 de
723 365 61 21 olika
799 364 111 26 ändamål,
926 364 35 21 för

202 397 89 22 hvilkas
307 398 188 29 tillgodoseende,
511 399 26 22 af
548 399 41 22 här
600 399 157 28 ifrågakomna
769 399 97 25 orsaker,
878 399 83 21 anstalt

203 431 40 22 bör
254 432 7 20 i
273 433 160 28 vattendraget
448 434 101 25 inrättas,
560 441 85 14 samma
656 433 168 29 ordningsföljd
835 434 7 20 i
855 433 106 22 afseende

202 467 13 19 å
231 466 150 28 angifvandet
403 467 26 22 af
450 468 64 21 dessa
530 469 105 21 ändamål
650 468 71 22 borde
736 468 113 28 iakttagas
865 475 47 14 som
928 468 33 21 uti

202 499 68 28 lagen
286 508 36 14 om
337 504 160 19 vattenrätten.

272 535 53 21 Med
348 536 107 22 afseende
471 539 14 19 å
499 537 61 22 hvad
581 537 95 22 sålunda
691 537 88 22 anförts
794 537 24 21 få
833 537 128 22 Ständerna

202 569 7 20 i
224 569 183 30 underdånighet
423 571 99 22 anhälla:

479 642 32 20 att
529 641 36 21 vid
584 641 146 28 utfärdandet
748 641 28 28 af
788 641 173 28 ifrägavarande

410 675 178 22 administrativa
612 675 132 29 förordning
769 676 102 27 afseende
895 675 66 22 måtte

409 710 71 27 fästas
495 709 14 22 &
523 710 67 28 ofvan
614 710 136 28 beträffande
772 711 35 24 19,
824 710 38 27 20,
877 711 37 26 22,
930 711 30 20 32

409 744 36 21 och
460 744 31 21 36
505 745 29 26 $$
548 744 78 28 gjorda
643 745 184 28 anmärkningar.

271 811 109 22 Finlands
396 812 97 22 Ständer
509 813 130 22 framhärda
654 815 42 19 etc.

271 869 151 28 Helsingfors,
438 870 44 21 den
498 873 12 18 5
526 871 55 21 Juni
600 873 61 18 1900.

311 1444 102 16 Helsingfors,
423 1446 80 14 '"Vidnings-
514 1446 12 12 &
536 1446 185 16 'Tryckeriakticbolagers
730 1446 71 15 tryckeri.
813 1447 32 11 1900.
