1048 1631
431 108 40 21 N:o
490 109 17 21 1.
795 109 24 20 17

446 177 48 28 98.

160 211 48 22 Kan
223 212 18 27 ej
257 211 105 22 strömfall
378 212 156 27 tillgodogöras
550 213 51 20 utan
618 213 32 20 att
666 217 91 22 egarene
768 212 13 21 &
791 213 59 20 ömse

92 246 58 22 sidor
172 246 64 21 hafva
259 247 49 20 dam
331 246 54 22 hvar
404 246 13 21 &
433 247 40 21 den
497 246 79 21 andres
599 246 75 27 grund,
698 246 40 21 och
758 245 92 28 äsämjas

92 281 25 21 de
133 281 27 26 ej,
176 281 55 21 huru
247 281 26 21 de
288 281 61 21 skola
366 281 68 27 bygga
449 287 123 21 gemensam
589 280 49 22 dam
654 281 39 21 och
704 281 105 21 hvardera
819 283 31 19 ut-

92 318 50 25 taga
156 315 33 22 sin
204 315 40 22 lott
260 315 23 21 af
297 317 88 24 vattnet,
402 315 62 27 lägge
480 317 71 20 rätten
568 315 47 21 dem
631 315 94 21 emellan.

160 349 83 27 Vägrar
258 349 124 28 någondera
397 352 33 19 att
445 350 78 27 bygga,
540 350 70 21 lemne
625 350 72 27 likväl,
713 352 45 19 mot
773 351 77 20 ersätt-

92 385 52 26 ning
166 383 34 22 för
219 383 88 22 omräde
323 390 44 15 som
384 385 107 26 upptages
507 386 56 19 samt
578 384 34 21 för
628 384 67 21 skada
711 383 39 22 och
765 383 84 28 olägen-

93 418 42 27 het,
151 418 64 27 nödig
230 418 69 27 grund
315 418 33 21 för
364 418 98 21 dammen
476 419 39 21 och
528 419 47 20 dess
590 418 61 27 fäste,
663 418 36 21 der
711 418 77 21 sädant
799 420 52 19 utan

92 452 116 27 synnerligt
223 458 47 15 men
286 452 33 21 för
334 452 77 22 honom
427 453 43 20 kan
487 453 45 27 ske,
548 453 39 21 och
603 453 60 26 njute
679 453 46 27 den,
737 458 45 15 som
792 452 59 27 bygt,

93 487 49 21 hela
157 488 90 20 vattnet.

162 521 82 22 Tillhör
266 521 129 22 strömfallet
411 521 12 22 &
443 523 58 20 ömse
525 522 58 21 sidor
599 528 77 21 egaren
691 522 24 21 af
729 528 38 15 ena
783 523 68 20 stran-

95 556 48 26 den,
166 562 39 20 ege
229 556 39 21 ock
291 556 42 21 han
353 556 113 21 enahanda
483 558 44 20 rätt
543 557 33 21 till
592 556 106 21 damfäste
714 557 12 20 å
742 557 39 20 den
797 558 55 19 mot-

95 592 57 19 satta
168 590 107 21 stranden.

444 620 26 20 10
485 619 18 28 8.

164 653 30 26 Är
210 659 49 21 dam
275 659 56 27 bygd
346 660 71 20 säsom
433 659 7 20 i
456 659 13 21 9
485 659 11 28 $
515 659 69 21 andra
600 665 63 14 mom.
679 660 66 25 sagts,
761 657 38 22 och
817 657 35 21 vill

96 699 78 20 egaren
198 693 23 21 af
243 693 68 22 andra
329 693 62 22 sidan
407 693 48 27 sjelf
469 693 33 21 för
518 693 127 21 vattenverk
660 693 68 26 nyttja
743 693 32 20 sin
789 692 42 21 lott
846 692 6 20 i

96 729 88 24 vattnet,
200 728 44 21 löse
259 728 82 21 hälften
358 729 6 20 i
381 729 99 20 dammen
496 727 54 22 efter
566 728 80 21 dennas
658 727 120 22 dävarande
788 727 65 21 värde

96 762 39 21 och
158 762 98 22 äterbäre
277 763 143 27 godtgörelse,
443 769 46 15 som
512 763 7 21 i
538 765 32 19 ett
585 762 33 21 för
634 763 39 21 allt
687 762 70 21 blifvit
773 761 80 28 erlagd.

96 797 90 22 Pröfvas
209 798 54 21 dock
284 798 97 21 dammen
397 804 52 15 vara
464 800 71 19 större
551 799 27 20 än
594 798 34 21 för
642 797 53 22 hans
709 797 52 22 verk
777 799 24 18 är
815 798 38 19 nö-

96 831 46 28 digt
165 832 53 21 eller
240 832 85 27 nyttigt,
343 832 64 21 varde
423 832 61 21 lösen
500 832 40 21 och
556 832 102 21 framtida
672 831 182 26 underhällsskyl-

97 865 100 27 digheten
214 866 93 22 derefter
320 866 106 27 jämkade.
450 866 104 21 Päkallas
570 865 34 22 för
619 866 53 21 hans
682 865 58 27 verk,
751 867 34 20 att
795 865 59 22 dam-

97 906 47 15 men
164 900 113 27 tillbygges
297 901 52 21 eller
364 901 120 26 förändras,
500 901 64 26 gälde
580 907 72 15 ensam
668 900 61 21 deraf
742 899 111 22 föranledd

97 935 120 27 byggnads-
233 935 39 22 och
288 935 225 22 underhällskostnad.

448 1000 23 19 11
490 999 19 27 8.

165 1039 57 26 Eger
246 1039 26 26 by
295 1039 52 21 eller
367 1045 71 15 annan
455 1039 146 26 samfällighet
616 1038 113 26 strömfall,
745 1044 50 15 vare
811 1037 43 21 del-

98 1079 64 21 egare
185 1073 122 27 berättigad
331 1075 32 20 att
385 1074 22 21 få
430 1074 33 21 sin
487 1073 64 22 andel
570 1073 107 26 utbruten,
693 1079 34 15 om
743 1072 112 27 delningen

98 1107 55 21 låter
168 1107 33 27 sig
216 1107 25 21 så
256 1107 89 27 utföras,
362 1109 31 20 att
409 1110 84 19 vattnet
509 1108 6 21 i
530 1107 106 22 hvardera
651 1107 60 21 delen
726 1107 42 21 kan
785 1106 70 21 såsom

98 1141 101 21 drifkraft
221 1141 177 28 ändamålsenligt
416 1142 162 27 tillgodogöras,
595 1141 40 22 och
650 1143 77 25 gagnet
743 1140 22 22 af
779 1142 76 20 ström-

98 1176 61 20 fallet
181 1182 77 20 genom
282 1176 113 27 delningen
411 1177 46 21 icke
473 1177 115 21 nämvärdt
603 1176 100 21 minskas.
734 1175 57 27 Vilja
805 1175 51 21 flere

100 1210 110 27 samtidigt
226 1211 87 27 utbryta
329 1211 47 21 sina
392 1212 95 26 andelar,
499 1211 41 21 och
553 1212 41 20 kan
611 1212 19 26 ej
642 1210 123 27 utbrytning
775 1209 24 22 af
807 1210 49 21 dem

99 1245 42 21 alla
164 1245 43 26 ske,
224 1245 62 21 hafve
306 1248 69 19 större
391 1246 74 21 andels
480 1252 65 21 egare
561 1246 114 21 företräde.
706 1245 78 21 Mellan
801 1244 55 26 dem,

98 1286 44 14 som
166 1286 41 20 ega
230 1280 43 21 lika
296 1282 59 19 stora
378 1280 94 27 andelar,
497 1281 128 21 bestämmes
649 1280 116 21 företrädet
780 1285 76 21 genom

98 1315 99 26 lottning.

447 1345 25 20 12
489 1344 18 28 S.

167 1384 49 22 Kan
231 1384 18 27 ej
262 1385 111 27 delegares
389 1385 41 21 lott
448 1385 3 20 i
467 1384 104 22 samfäldt
586 1384 105 21 strömfall
702 1383 103 27 utbrytas,
817 1382 40 21 och

101 1419 35 20 vill
153 1418 41 22 han
211 1420 6 20 i
233 1419 61 21 fallet
309 1420 68 26 bygga
393 1419 133 26 vattenverk,
544 1418 86 28 inbjude
647 1418 26 21 de
689 1417 66 27 öfrige
766 1418 32 20 att
808 1419 50 24 taga

778 1464 11 15 2
