1048 1631
430 103 39 21 N:o
488 104 32 20 14.
813 104 12 20 7

91 171 24 28 Ej
139 172 35 21 mä
193 171 96 27 medlem,
310 177 45 16 som
371 171 70 22 blifvit
456 171 33 22 till
505 172 71 27 någon
592 172 23 21 af
628 172 63 21 dessa
707 171 148 28 befattningar

91 206 56 27 vald,
170 206 142 27 undandraga
335 206 32 27 sig
390 207 129 26 uppdraget,
544 207 73 20 derest
639 207 41 21 han
704 207 17 27 ej
742 206 71 22 under
828 206 26 22 de

91 242 98 21 närmast
210 240 103 22 förflutna
336 242 33 21 tre
394 241 52 21 åren
466 241 106 26 innehaft;
588 241 114 21 enahanda
724 240 129 27 befattning.

449 317 12 19 5
477 315 18 28 8.

160 348 18 28 Å
202 355 88 21 allmänt
313 357 57 19 möte
389 355 116 21 ankomma
520 355 85 21 vidare:
626 354 71 28 frågor
713 355 94 21 rörande
823 354 30 22 af-

90 389 64 27 gifter
176 389 33 22 till
227 389 138 27 föreningens
381 389 72 27 kassa,
469 389 159 27 förvaltningen
645 389 38 22 och
700 389 153 22 användandet

91 423 22 22 af
135 424 48 21 dess
206 424 73 27 medel,
300 424 142 27 uppgörande
463 424 23 21 af
503 424 81 27 förslag
604 423 32 22 till
652 425 50 20 taxa
718 425 57 20 samt
791 425 61 20 anta-

90 459 70 26 gande
184 459 50 21 eller
256 458 127 27 förändring
404 459 23 20 af
441 459 175 27 ordningsregler
631 458 33 21 för
679 458 132 27 föreningen,
827 458 25 21 så

91 493 39 21 ock
154 493 67 21 andra
239 493 126 27 föreningen
381 493 94 21 rörande
490 493 187 27 angelägenheter,
693 499 46 15 som
756 492 23 21 af
793 493 58 21 dom-

90 527 50 27 stol,
163 527 150 22 sakförareråd
337 527 51 22 eller
408 527 83 22 enskild
512 527 90 22 medlem
619 527 32 21 till
666 527 138 27 föreningens
821 526 30 21 af-

90 562 96 27 görande
202 562 50 21 eller
267 561 114 22 utlåtande
397 561 149 22 öfverlemnas.

446 639 12 18 6
475 637 18 27 8.

159 676 40 21 Vid
222 676 89 21 allmänt
333 678 58 20 möte
406 677 60 21 ledas
481 677 194 26 förhandlingarna
691 676 23 21 af
728 675 122 22 sakförare-

89 711 74 21 rådets
186 711 129 21 ordförande
337 711 57 26 eller,
419 717 34 15 om
472 711 42 21 han
532 711 22 21 af
564 710 34 28 jäf
612 711 51 21 eller
677 710 71 22 förfall
764 711 25 20 är
803 709 47 22 hin-

90 745 60 27 drad,
167 745 22 21 af
204 751 71 15 annan
290 745 101 27 ledamot,
407 751 46 16 som
469 747 69 20 mötet
553 747 67 20 utser,

158 780 24 27 Ej
206 781 34 20 må
257 780 35 21 vid
309 779 89 22 allmänt
413 781 58 20 möte
487 780 67 21 fattas
569 779 78 27 beslut,
664 785 44 16 som
724 781 37 20 rör
777 785 72 15 annan

88 815 91 21 medlem
202 814 21 22 af
244 815 125 26 föreningen
393 816 27 20 än
440 815 25 21 de
483 815 36 21 vid
534 815 69 21 mötet
618 813 142 27 närvarande,
777 813 38 21 der
831 813 17 27 ej

88 849 66 22 minst
176 849 42 22 fem
241 850 136 21 medlemmar
401 851 37 20 äro
457 849 115 22 tillstädes.
602 844 44 26 Äro
661 849 35 21 vid
718 847 131 27 behandling

89 883 23 22 af
132 883 72 28 frågor
223 891 33 14 om
276 884 123 27 antagande
425 884 51 21 eller
495 883 128 27 förändring
639 883 23 21 af
675 881 174 28 ordningsregler

88 918 52 21 eller
162 925 34 15 om
219 925 27 20 ny
270 918 61 27 afgift
353 918 52 21 eller
423 918 144 27 uppgörande
584 917 23 22 af
620 917 79 27 förslag
715 917 32 21 till
763 918 52 19 taxa
830 916 17 27 ej

88 953 66 21 minst
176 953 80 21 hälften
282 953 23 21 af
322 952 139 28 föreningens
485 953 41 21 alla
546 952 138 21 medlemmar
703 950 144 26 närvarande,

88 987 55 21 skall
166 987 89 21 ärendet
277 987 130 27 uppskjutas
431 987 32 21 till
487 988 69 20 annat
576 986 166 26 sammanträde,
759 985 39 22 och
813 985 36 20 må

88 1021 37 21 det
141 1021 27 21 då
182 1022 74 20 kunna
272 1021 91 27 afgöras.

443 1090 46 27 78.

156 1130 38 27 De,
211 1136 45 16 som
271 1130 69 22 blifvit
355 1130 92 22 utsedde
463 1130 33 21 till
512 1129 138 23 medlemmar
664 1129 8 21 i
687 1127 159 27 sakförareråd,

87 1164 57 28 välja
168 1165 73 21 ibland
268 1165 32 27 sig
325 1165 137 26 ordförande,
486 1164 183 26 viceordförande,
692 1163 155 21 skattmästare

87 1198 39 22 och
146 1199 143 27 sekreterare;
311 1199 38 21 och
367 1200 36 20 må
418 1199 63 21 rådet
498 1199 92 21 emellan
606 1198 62 22 dessa
683 1203 104 21 personer
803 1196 43 21 för-

87 1233 48 22 dela
150 1234 84 21 arbetet
249 1234 30 27 på
293 1235 45 20 sätt
353 1234 125 27 lämpligast
493 1233 77 22 finnes.

441 1303 48 27 88.

156 1342 187 23 Sakförarerädets
367 1343 138 21 medlemmar
529 1342 167 26 sammanträda,
714 1342 29 27 pä
757 1339 90 23 kallelse

86 1377 23 22 af
130 1378 150 27 ordföranden,
303 1378 66 21 minst
389 1384 26 15 en
434 1378 57 26 gäng
506 1377 75 27 hvarje
596 1376 85 27 mänad,
697 1376 48 21 med
760 1374 87 22 undan-

84 1413 38 26 tag
145 1412 23 22 af
185 1412 54 27 juni,
259 1412 41 28 juli
323 1412 39 22 och
385 1412 88 27 augusti
497 1412 111 26 mänader,
628 1410 68 22 under
711 1410 87 22 hvilken
814 1408 32 22 tid
