1048 1631
229 92 28 18 66
429 89 25 23 U.
470 89 27 22 B.
516 102 26 3 —
559 89 73 29 Prop.
648 89 45 23 N:o
711 88 9 22 |

197 155 55 22 dike
267 155 36 22 uti
318 155 147 22 räskilusden
481 155 99 22 emellan
595 155 51 22 sina
662 162 61 22 ogor,
739 155 65 22 skola
818 155 59 22 dock
888 155 66 21 hvar-

197 192 55 21 dera
267 191 36 22 till
318 191 89 22 hälften
422 191 97 29 bidraga
535 191 35 22 till
586 191 138 22 detsammas
741 191 146 29 anläggning.
912 190 41 23 Uti

196 227 109 22 framtida
321 227 145 22 underhållet
477 227 24 22 af
512 227 53 22 dike
574 235 55 21 eger
640 227 87 21 enhvar
737 229 54 26 taga
802 227 37 21 del
851 227 7 21 i
866 227 87 21 samma

197 263 150 26 förhällande,
363 263 66 21 hvari
444 263 47 21 han
505 263 102 28 bidragit
622 263 36 21 till
673 263 76 21 dikets
768 263 153 28 upptagande.

268 299 53 21 Den
337 306 49 14 som
402 299 41 21 vill
460 299 78 21 inleda
548 301 80 20 vatten
638 299 34 21 uti
683 299 24 21 af
717 306 76 14 annan
803 299 78 28 gräfdt
891 298 60 26 dike,

196 335 48 25 bör,
268 337 76 19 såsom
369 335 85 28 skäligt
469 335 95 28 pröfvas
580 335 52 26 kan,
656 335 58 21 efter
733 334 36 22 sin
785 335 67 21 andel
868 337 83 18 ersätta

196 371 46 21 den
257 377 80 15 senare
353 370 130 22 kostnaden
498 370 36 22 för
550 370 76 22 dikets
642 370 148 29 upptagande
806 372 59 19 samt
877 369 74 22 seder-

195 414 62 14 mera
273 406 8 21 i
298 414 87 14 samma
401 409 53 19 män
469 406 96 29 bidraga
581 406 35 21 till
632 407 53 21 dess
701 406 126 21 underhåll.

267 442 128 29 Angäende
416 442 127 29 ersättning
559 442 37 21 för
617 442 78 26 skada,
717 449 50 14 som
788 449 82 21 genom
895 449 56 21 upp-

194 478 100 29 tagande
318 478 24 21 af
365 478 54 22 dike
441 480 12 19 å
472 485 87 14 annans
579 478 64 21 mark
660 478 92 21 orsakas
769 478 81 25 denne,
867 477 82 22 saknas

193 513 82 29 hvarje
295 514 94 21 allmänt
409 514 133 28 stadgande.
574 513 69 23 Dock
654 513 153 22 föreskrifves
823 515 34 20 att
872 515 78 20 ersätt-

193 549 58 29 ning
275 550 59 21 skall
356 550 77 28 gifvas
456 550 36 21 för
512 549 60 29 jord,
595 557 49 14 som
661 551 64 27 åtgår
741 549 35 22 till
792 549 157 28 dikningen,
938 545 15 37 i

193 585 112 22 händelse
325 586 81 21 värdet
424 586 23 21 af
468 586 72 29 sagda
562 585 52 29 jord
638 590 25 17 är
684 588 72 19 större
775 588 29 19 än
823 585 44 22 den
882 587 67 26 nytta

194 622 107 21 markens
317 629 67 21 egare
401 621 154 29 tilläfventyrs
572 621 82 29 drager
670 621 24 22 af
709 621 70 21 diket.

265 658 53 21 Den
333 658 52 21 nåd.
402 665 63 21 prop.
483 657 80 29 skiljer
579 658 98 21 emellan
693 657 98 28 dikning
805 657 8 21 i
825 657 124 21 allmänhet

193 694 44 21 och
257 693 125 29 utdikning
401 694 23 21 af
443 693 164 22 vattendränkt
628 693 71 21 mark.
731 693 12 20 I
762 693 61 20 förra
843 693 65 21 fallet
923 695 24 19 är

193 729 39 22 det
255 729 66 29 fråga
344 737 37 14 om
404 729 95 29 växtlig,
523 729 73 22 ehuru
620 729 24 22 af
664 731 80 20 vatten
763 729 114 21 besvärad
893 729 55 20 eller

192 765 135 29 vattensjuk
343 766 71 25 mark,
431 765 8 22 i
455 766 39 21 det
509 773 79 14 senare
606 767 48 20 åter
670 772 37 14 om
723 765 72 26 mark,
811 772 50 14 som
875 764 8 21 i
894 765 53 21 dess

191 800 231 22 förhandenvarande
445 801 105 21 tillstånd
569 814 30 3 —
615 801 98 21 emedan
736 801 46 21 den
804 803 25 18 är
851 800 95 22 alldeies

191 837 170 28 genomträngd
377 837 23 21 af
415 839 80 19 vatten
510 850 30 2 —
556 831 24 27 är
596 836 96 29 omöjlig
707 836 36 21 till
754 836 83 21 kultur.
859 836 11 21 I
881 835 66 29 fråga

191 879 38 14 om
245 872 46 21 den
307 872 61 22 förra
384 875 64 19 arten
463 872 24 22 af
503 872 97 29 dikning
610 872 141 22 tillkommer
760 872 125 21 initiativet
894 871 51 22 icke

190 907 104 27 allenast,
307 910 75 19 såsom
393 908 36 22 för
438 908 150 26 närvarande,
597 908 129 29 jordegare,
738 910 55 19 utan
802 908 43 21 ock
853 907 91 26 landbo,

190 944 134 21 arrendator
344 945 43 20 och
408 952 76 14 annan
501 944 151 22 innehafvare
673 944 24 21 af
713 944 113 28 lägenhet.
857 944 88 21 Beträf-

190 979 70 22 fande
276 980 76 21 dikets
369 980 132 29 sträckning
517 980 149 21 föreskrifves
683 982 34 19 att
727 980 90 28 hänsyn
827 979 42 22 bör
880 982 64 25 tagas

190 1015 83 26 dertill,
304 1018 34 19 att
365 1015 140 29 planmässig
533 1015 125 29 utdikning
686 1015 24 22 af
739 1015 94 22 marken
860 1023 84 20 genom

190 1051 64 21 diket
278 1053 73 24 ernås,
375 1054 59 19 samt
457 1054 34 19 att
513 1052 74 21 under
602 1051 64 22 vissa
681 1051 140 29 betingelser
836 1051 108 22 afseende

188 1087 43 21 bör
249 1087 72 21 fästas
343 1087 86 28 jemväl
452 1087 41 22 vid
517 1087 56 22 dens
592 1087 104 26 intresse,
713 1087 95 22 hvilken
824 1087 53 29 sjelf
892 1088 51 21 icke

188 1122 104 29 deltager
314 1123 8 21 i
342 1123 119 29 företaget.
493 1123 171 29 Skyldigheten
684 1125 34 19 att
738 1125 53 27 taga
814 1123 37 22 del
870 1123 9 22 i
895 1123 48 22 dik-

187 1158 57 29 ning
261 1163 24 17 är
301 1159 113 21 utsträckt
429 1160 44 20 och
488 1162 103 19 närmare
607 1159 106 21 bestämd
729 1159 93 26 derhän,
839 1162 33 19 att
891 1160 52 21 den-

188 1202 87 14 samma
299 1195 88 28 åligger
410 1196 86 20 enhvar
518 1202 67 22 egare
606 1195 24 21 af
652 1195 71 25 mark,
746 1195 100 21 derifrån
870 1196 73 21 öfver-

186 1230 150 26 flödsvatten,
361 1231 20 21 d.
408 1238 21 14 v.
455 1238 16 14 s.
489 1230 35 22 för
550 1231 95 21 marken
670 1230 96 29 menligt
781 1233 85 24 vatten,
884 1238 59 14 ome-

186 1265 91 22 delbart
300 1273 84 21 genom
408 1266 64 21 diket
490 1266 94 26 afledes,
602 1266 42 22 och
662 1266 63 21 detta
741 1266 69 22 äfven
826 1267 40 21 der
879 1267 64 21 diket

186 1301 104 22 hvarken
312 1302 53 21 skär
385 1302 55 21 eller
461 1302 66 21 berör
542 1302 72 28 sagda
630 1302 71 21 mark.
733 1302 47 21 Vid
796 1303 146 28 upptagande

186 1336 24 22 af
243 1336 54 22 dike
326 1345 84 20 genom
440 1345 87 14 annans
554 1338 64 21 mark
644 1338 43 20 bör
713 1338 126 28 ersättning
865 1338 76 28 gifvas

186 1372 20 27 ej
231 1372 60 22 blott
315 1373 36 21 för
371 1373 60 28 jord,
460 1381 49 13 som
532 1373 35 21 till
592 1373 64 21 diket
680 1375 70 27 åtgår,
772 1376 55 19 utan
847 1374 43 22 ock
905 1374 37 22 för

261 1415 212 19 Vattenrättsutskottets
486 1416 117 18 betänkande
617 1416 38 18 N:o
668 1416 15 18 1.
