1048 1631
314 108 27 22 U.
357 108 26 21 B.
401 120 25 2 —
443 106 72 28 Prop.
532 107 41 21 N:o
588 108 21 20 9.

360 411 208 21 Ekonomiutskottets
592 410 129 21 betänkande
745 410 34 21 N:o
802 410 13 21 2
836 410 5 21 i

291 445 107 27 anledning
414 445 21 21 af
451 445 55 21 Hans
523 445 113 26 Kejserliga
649 444 107 27 Majestäts
769 443 73 28 nådiga

291 479 128 28 proposition
435 479 109 27 angående
560 479 38 22 den
615 479 62 26 skatt,
693 485 44 15 som
754 479 33 21 för
801 479 40 20 till-

292 514 95 27 verkning
408 514 20 21 af
448 513 83 22 bränvin
551 513 51 22 skall
619 514 103 26 erläggas,
739 513 54 22 samt
809 518 32 16 om

293 549 65 26 sagda
373 549 68 21 skatts
457 549 133 21 användande
606 549 37 20 och
659 548 120 27 fördelning.

154 645 165 28 Ifrågavarande
334 645 77 28 nådiga
426 645 133 27 proposition
575 645 39 21 har
630 645 23 21 af
666 645 100 27 samtliga
779 645 62 21 stånd

84 681 130 21 remitterats
233 680 31 21 till
284 680 219 26 Ekonomiutskottet,
519 680 13 21 å
551 680 81 21 hvilket
651 679 82 22 utskott
754 680 35 20 det
805 685 37 15 an-

84 716 97 20 kommer
206 716 31 19 att
264 714 78 27 afgifva
364 714 111 21 utlåtande
499 714 111 27 angående
633 714 99 26 beloppet
755 713 24 21 af
801 713 40 21 den

85 750 65 25 skatt,
174 755 45 15 som
241 749 33 21 för
293 749 140 26 tillverkning
449 749 22 20 af
485 749 88 20 bränvin
590 749 54 20 skall
660 749 103 26 erläggas,
779 748 64 21 hvar-

83 785 67 26 jemte
166 783 111 22 Utskottet
293 783 85 21 erhållit
393 783 34 21 del
443 783 23 20 af
480 783 40 21 den
537 783 35 21 vid
586 783 171 27 propositionens
768 782 75 21 remiss

85 819 6 20 i
112 818 161 21 Bondeståndet
295 817 112 27 förelupna
426 817 121 22 diskussion
566 818 108 21 äfvensom
691 817 23 21 af
728 817 27 21 de
770 817 6 20 i
792 816 51 27 Kej-

85 853 78 26 serliga
187 852 92 21 Senaten
301 853 35 20 vid
355 852 99 21 ärendets
473 852 160 27 handläggning
650 851 111 22 tillkomna
776 851 67 21 hand-

85 887 76 27 lingar.

155 962 58 20 Enär
229 961 25 21 de
270 961 165 27 bestämningar,
453 967 44 15 som
514 961 23 20 af
552 961 118 21 Ständerna
685 961 35 20 vid
732 960 111 22 sisthållna

86 996 88 26 lagtima
189 995 102 27 landtdag
305 995 123 26 godkändes
444 995 110 26 angående
570 995 91 21 berörda
676 995 57 21 skatt
744 996 54 20 samt
809 1000 34 15 om

86 1031 134 21 densammas
235 1029 139 22 användande
393 1029 40 22 och
453 1029 121 27 fördelning
590 1030 67 20 under
672 1029 171 26 finansperioden

86 1065 148 26 1898—1900,
257 1064 66 27 enligt
346 1065 40 20 den
405 1064 7 20 i
431 1065 72 20 ämnet
523 1064 113 21 utfärdade
655 1063 152 26 förordningen
823 1063 22 20 af

85 1100 41 20 den
142 1099 28 21 25
188 1099 120 21 November
325 1099 60 25 1897,
401 1098 96 27 upphöra
515 1100 32 19 att
562 1099 56 26 gälla
635 1098 47 21 med
699 1098 108 26 utgången
823 1097 23 21 af

85 1134 24 21 år
126 1134 61 25 1900,
204 1133 38 21 har
258 1133 22 21 åt
295 1139 28 15 nu
339 1133 128 21 församlade
484 1133 92 21 Ständer
592 1133 151 21 öfverlemnats
759 1134 33 19 att
807 1131 37 21 be-

85 1168 57 21 sluta
164 1168 109 26 angående
297 1168 99 26 beloppet
413 1168 23 20 af
450 1174 82 14 samma
548 1168 60 20 skatt
623 1169 54 19 samt
693 1173 33 15 om
743 1167 48 21 dess
807 1173 36 15 an-

85 1202 113 21 vändande
221 1202 38 21 och
282 1202 119 26 fördelning
420 1202 67 21 under
507 1201 171 27 finansperioden
694 1201 149 22 1901—1904.

154 1237 44 21 Allt
217 1237 64 21 sedan
301 1236 251 27 husbehofsbränningen
572 1236 68 26 enligt
663 1236 130 20 Ständernas
809 1235 35 21 vid

86 1271 142 21 1863—1864
243 1271 34 21 ärs
292 1270 103 27 landtdag
409 1271 82 21 fattade
507 1271 71 21 beslut
594 1270 135 26 afskaffades,
745 1270 40 21 och
800 1271 45 19 rät-

84 1305 96 27 tigheten
204 1307 31 19 att
255 1305 98 21 tillverka
371 1306 90 20 bränvin
480 1305 104 21 öfverläts
600 1306 22 20 åt
636 1306 68 20 större
720 1304 125 21 brännerier

85 1342 57 18 emot
165 1340 59 21 skatt
246 1340 12 20 å
280 1340 171 26 tillverkningen,
470 1340 41 21 har
532 1340 69 20 denna
621 1340 57 20 skatt
693 1339 57 21 varit
765 1338 78 21 under-

85 1374 76 20 kastad
178 1374 77 26 många
269 1374 154 26 förändringar.
439 1374 37 21 Uti
488 1374 41 21 den
543 1374 32 21 till
588 1374 141 21 nästnämnda
741 1373 103 25 landtdag

85 1407 158 22 Ofverlemnade
257 1408 77 26 nådiga
346 1408 160 27 propositionen
519 1408 112 27 föreslogs,
642 1410 31 19 att
681 1408 84 21 skatten
775 1406 69 22 skulle

154 1459 183 17 Ekonomiutskottets
350 1459 111 17 betänkande
473 1459 37 17 N:o
523 1459 19 18 2.
