1048 1631
335 78 26 22 U.
377 78 25 22 B.
419 91 27 3 —
464 78 73 28 Prop.
553 78 45 22 N:o
614 78 13 22 1
802 80 27 19 87

105 144 78 22 blefve
204 144 144 29 nödvändigt
370 147 33 18 att
424 144 134 21 säkerställa
575 143 138 29 statsbidrag
729 151 84 21 genom
829 144 33 20 in-

105 180 117 29 teckning,
238 180 102 29 utsigten
356 183 33 18 att
405 180 86 21 erhålla
503 179 80 29 dylika
594 179 81 28 bidrag
687 179 74 22 skulle
771 182 90 19 väsent-

105 216 63 29 ligen
189 216 108 21 minskas.
329 216 168 21 Intecknandet
518 215 24 21 af
563 217 33 20 ett
618 218 70 19 större
708 215 61 22 antal
785 215 76 28 lägen-

105 253 65 20 heter
190 259 54 14 vore
265 251 116 29 nämligen
401 251 19 29 ej
444 251 73 22 sällan
533 251 105 22 förenadt
653 251 51 21 med
721 253 24 19 så
761 252 101 28 mycken

106 290 100 26 omgång
223 288 42 21 och
282 287 139 28 tidsutdrägt
433 290 39 23 att,
485 287 30 21 då
526 287 165 21 intecknandet
700 287 71 21 borde
782 287 80 28 föregå

106 324 174 28 statsbidragets
303 323 152 28 utbetalning,
479 323 39 21 det
539 323 123 28 planerade
683 323 178 28 torrläggnings-

105 360 114 28 företaget
242 360 91 21 komme
355 361 32 19 att
408 359 136 28 uppehållas
566 359 112 21 måhända
698 359 8 21 i
727 359 69 21 åratal
817 359 44 21 och

106 395 52 22 dess
180 395 112 22 tillkomst
313 395 96 21 sålunda
431 395 139 28 äfventyras.
603 395 54 21 Men
680 397 63 19 utom
764 395 97 21 berörda

105 431 118 29 praktiska
244 431 49 22 skäl
313 431 77 21 kunde
410 431 36 21 för
461 431 185 28 propositionens
662 431 145 28 bestämning
823 438 38 14 an-

105 467 61 21 föras
184 470 33 18 att
233 466 162 29 statsbidraget
412 467 79 28 afsåge
507 467 169 28 befrämjandet
687 467 24 20 af
721 469 33 18 ett
764 467 96 28 företag,

106 511 49 14 som
179 503 7 21 i
210 503 61 28 regel
295 503 90 21 komme
409 505 33 19 att
465 503 105 21 medföra
590 502 85 29 ökning
691 503 24 20 af
729 510 86 14 samma
831 503 30 20 lä-

105 539 122 28 genheters
243 539 76 26 värde,
337 542 58 18 samt
411 542 33 18 att
461 547 28 13 en
505 539 49 21 viss
575 539 146 28 offentlighet
743 539 70 21 redan
831 541 30 26 på

106 575 76 28 grund
198 575 23 21 af
236 575 124 28 företagets
382 575 164 21 beskaffenhet
562 575 58 28 egde
636 582 55 18 rum,
708 575 93 20 hvarför
817 574 44 22 till-

106 618 71 14 varan
198 611 23 20 af
241 618 29 13 en
290 613 101 26 panträtt
412 611 35 20 till
463 611 91 20 förmån
570 611 36 20 för
621 611 86 21 kronan
723 610 50 21 icke
789 611 72 20 borde

105 647 75 21 blifva
202 647 81 25 okänd,
306 649 25 19 så
353 647 93 28 mycket
467 646 90 22 mindre
580 654 49 14 som
646 647 37 20 det
698 647 162 28 lägenheterna

106 682 123 29 åliggande
250 683 71 28 årliga
342 683 262 28 amorteringsbeloppet
620 683 89 20 komme
726 685 32 18 att
774 682 86 29 uppbä-

106 726 36 14 ras
158 718 74 21 tillika
247 719 53 21 med
316 719 60 28 öfrig
393 719 84 21 allmän
493 719 103 28 utskyld.

178 754 197 21 Sistomförmälda
399 754 151 29 uppfattning
573 755 42 20 har
636 754 85 29 jemväl
743 754 116 21 omfattats

106 790 24 21 af
144 790 131 21 Utskottets
291 790 81 21 flertal.

176 826 151 21 Beträffande
345 828 26 19 13
388 826 13 28 8
422 826 41 21 har
479 826 121 21 Utskottet
621 826 80 21 endast
717 826 60 21 velat
793 826 66 21 fram-

105 861 62 22 hålla
189 862 109 21 hurusom
323 861 261 29 sjösänkningsföretag,
610 861 78 22 hvilka
708 861 51 22 icke
774 861 85 22 fullföl-

103 897 37 28 jas
164 899 25 20 så
214 897 65 29 långt
302 905 49 14 som
375 898 75 21 afsedt
472 897 68 26 varit,
567 900 55 19 utan
643 898 125 28 nedläggas
789 897 71 22 innan

106 933 45 22 den
173 933 52 21 med
247 933 51 21 dem
318 933 105 28 åsyftade
444 933 161 29 torrläggning
626 936 91 23 ernätts,
733 934 46 21 kan
795 933 65 29 gifva

105 969 90 28 upphof
215 969 35 21 till
269 969 132 28 betydande
418 969 78 26 skada,
514 969 96 22 hvarför
625 969 182 29 propositionens
823 969 36 22 be-

106 1004 115 29 stämning
238 1007 33 18 att
287 1005 64 28 dylik
367 1005 72 21 skada
455 1005 61 21 skall
528 1007 104 24 ersättas,
640 1005 76 22 förrän
727 1005 87 22 arbetet
824 1005 35 21 får

105 1032 110 41 upphöra,
233 1047 68 22 synes
317 1041 140 22 välbetänkt.

177 1076 56 28 814.
257 1077 36 20 Då
309 1079 33 18 ett
357 1077 148 28 vattendrags
523 1077 115 28 sänkning
654 1077 81 21 utförts
747 1077 23 21 af
781 1085 28 13 en
821 1078 36 21 del

106 1119 66 21 egare
183 1111 35 22 till
235 1112 131 26 detsamma,
378 1119 53 14 men
447 1112 116 29 företaget
579 1113 64 21 ländt
662 1113 67 22 äfven
745 1113 28 21 de
786 1113 73 29 öfrige

105 1148 35 21 till
163 1155 68 21 gagn,
256 1148 41 21 har
317 1148 112 22 rättvisan
450 1151 66 26 synts
534 1149 78 21 fordra
628 1152 32 18 att
676 1150 65 20 desse
757 1149 20 29 ej
795 1150 64 28 finge

104 1184 106 28 begagna
225 1183 36 29 sig
277 1184 23 20 af
316 1192 29 13 en
361 1184 65 29 dylik
442 1184 98 26 förmån,
557 1187 56 19 utan
629 1187 33 19 att
677 1185 57 21 efter
745 1185 35 21 sin
791 1186 68 20 andel

104 1220 113 28 godtgöra
233 1220 145 28 deltagarene
395 1220 7 21 i
418 1220 117 29 företaget
547 1221 152 21 kostnaderna
711 1221 81 21 derför.
814 1221 46 21 För

104 1256 142 20 närvarande
267 1259 24 17 är
311 1256 96 21 berörda
429 1256 145 22 förhållande
595 1257 96 21 ordnadt
707 1257 102 25 sålunda,
825 1260 34 18 att

105 1291 28 21 de
149 1290 8 22 i
173 1291 144 29 sänkningen
338 1291 51 22 icke
410 1292 139 28 deltagande
568 1300 96 21 egarene
680 1293 34 21 till
729 1293 130 22 vattendra-

104 1329 40 26 get
166 1327 87 28 nödgas
275 1327 59 21 afstå
355 1328 165 28 eganderätten
537 1328 35 21 till
589 1328 49 22 sina
654 1336 82 21 genom
752 1328 107 22 sänknin-

104 1370 44 21 gen
170 1370 78 14 vunna
268 1362 165 30 tillandningar
454 1366 49 19 mot
519 1364 73 26 lösen,
610 1372 47 14 som
673 1364 111 22 beräknas
800 1364 59 22 efter

180 1404 208 20 Vattenrättsutskottets
401 1406 120 18 betänkande
534 1406 37 18 N:o
584 1407 15 17 1.

893 825 27 19 13
937 822 21 29 8.

891 1081 28 19 14
935 1079 21 28 8.
