1048 1631
440 89 41 22 N:o
499 91 18 19 1.
806 92 22 19 11

100 158 163 28 ansvarigheten
280 158 34 22 för
329 159 270 26 sänkningskostnaderna
615 158 108 22 ähvälfves
738 165 92 21 egarene
841 158 24 22 af

99 193 158 28 vattendraget,
274 193 40 22 bör
329 193 47 22 icke
395 193 66 22 heller
476 193 48 21 frän
536 193 71 22 denna
622 194 111 26 synpunkt
749 194 69 21 andra
834 195 27 20 än

100 228 26 21 de
144 228 118 21 sistnämde
281 227 142 22 tillerkännas
441 229 46 20 rätt
505 229 34 19 att
557 227 75 27 afgöra
648 233 34 15 om
697 228 164 27 vattendragets

100 263 117 20 sänkande.

165 297 11 21 I
191 297 56 22 vissa
270 296 116 22 afseenden
409 296 65 21 hafva
499 297 55 21 dock
577 297 112 26 undantag
711 296 49 21 från
783 297 78 21 nämde

98 331 58 28 regel
170 331 110 22 befunnits
296 331 85 27 nödiga.
401 331 35 21 Då
452 331 104 27 rensning
572 331 51 22 eller
638 331 139 27 fördjupning
792 331 23 21 af
829 333 32 19 ett

100 366 104 21 rinnande
226 367 75 20 vatten
323 366 42 21 kan
388 372 53 15 vara
464 365 114 27 påkalladt
596 365 23 22 af
632 367 32 20 ett
679 365 77 27 vigtigt
771 365 90 22 allmänt

99 400 97 26 intresse,
220 400 39 21 bör
282 406 25 15 en
333 399 57 28 dylik
414 400 77 27 åtgärd
511 400 69 21 under
601 399 87 28 angifna
702 399 159 28 förutsättning

99 435 73 20 kunna
194 435 85 21 komma
298 434 31 21 till
346 433 117 22 utförande
478 434 62 21 äfven
556 436 54 19 utan
627 440 101 21 egarenes
743 435 116 26 samtycke.

99 469 44 21 Der
166 469 46 21 åter
235 475 76 21 genom
335 469 135 26 sänkningen
494 469 23 20 af
534 471 31 18 ett
585 469 129 26 vattendrag
729 469 132 26 närbelägna

100 503 169 21 vattendränkta
291 503 86 21 marker
401 503 128 27 torrläggas,
553 503 82 20 hvilket
657 503 38 21 ock
718 502 99 28 vanligen
836 504 25 19 är

100 537 70 22 afsedt
185 537 47 22 med
247 537 114 27 företaget,
378 537 39 21 och
433 537 120 22 detsamma
568 537 93 21 sålunda
675 537 74 22 länder
760 537 62 21 äfven
833 537 27 21 de

99 571 130 22 sistnämdas
251 578 64 20 egare
337 571 34 22 till
394 578 63 21 gagn,
477 571 55 22 böra
548 571 62 22 desse
625 571 46 22 icke
685 572 75 21 kunna
775 572 85 21 undan-

100 605 66 27 draga
182 606 32 27 sig
229 607 33 20 att
277 606 35 21 vid
329 606 103 27 inbjudan
449 607 52 26 taga
517 606 34 21 del
566 606 7 21 i
588 605 113 28 företaget,
719 612 32 15 om
768 606 26 21 de
809 606 51 27 vilja

100 640 62 27 njuta
178 641 76 26 nyttan
271 639 22 22 af
307 640 125 21 detsamma.
454 639 140 22 Beträffande
609 640 84 21 mindre
708 640 63 27 sjöar,
787 641 72 20 såsom

100 675 60 21 träsk
176 675 39 21 och
231 675 68 21 andra
315 675 78 27 dylika,
410 676 96 21 kommer
521 675 107 28 härjämte
642 675 6 21 i
658 675 151 26 betraktande,
826 677 33 20 att

100 716 26 14 en
141 709 107 27 sänkning
263 709 23 22 af
301 710 108 21 desamma
424 709 45 22 ofta
485 710 39 21 har
540 710 33 21 till
586 709 161 28 hufvudsakligt
759 710 100 21 ändamål

100 745 33 20 att
148 743 67 22 befria
225 744 163 27 kringliggande
399 744 139 27 odlingsbara
549 751 51 20 egor
611 744 47 21 från
671 743 187 22 öfverflödsvatten

99 778 39 21 och
160 778 83 21 således
265 778 100 28 fullföljer
388 785 82 15 samma
493 778 55 27 syfte
568 785 46 15 som
634 785 26 14 en
676 779 71 26 vanlig
763 779 95 26 dikning,

99 813 77 21 hvaraf
188 813 65 21 också
269 812 66 28 följer,
348 815 32 19 att
392 813 36 21 det
441 813 174 21 understundom
626 814 69 20 möter
706 813 108 26 svårighet
825 814 33 20 att

100 847 90 27 angifva,
209 847 106 21 huruvida
331 849 32 19 ett
378 847 90 28 företag,
485 847 101 22 afseende
602 849 34 19 att
651 847 68 21 afleda
735 846 124 22 öfverflöds-

100 882 84 20 vattnet
200 881 46 21 från
263 888 50 20 egor
329 882 62 27 kring
407 888 26 15 en
449 882 85 21 mindre
548 882 32 27 sjö
598 882 39 21 och
648 882 47 21 dess
707 881 78 28 aflopp,
797 882 61 21 rikti-

98 917 50 25 gast
162 915 40 21 bör
218 922 61 15 anses
295 917 71 20 såsom
382 916 89 27 dikning
487 916 51 21 eller
554 917 70 20 såsom
641 917 144 26 sjösänkning.
816 916 42 21 Vid

99 950 78 21 sådant
192 949 133 22 förhållande
341 957 62 20 synes
414 951 7 20 i
432 951 61 27 fråga
509 957 35 15 om
559 951 159 21 kostnadernas
733 950 125 22 fördelande

98 984 35 21 vid
156 985 235 27 sjösänkningsföretag
410 985 27 21 af
458 992 29 15 nu
511 985 79 22 nämda
613 985 146 22 beskaffenhet
777 991 80 16 samme

98 1019 116 26 grundsats
233 1019 53 21 böra
305 1019 84 21 komma
408 1019 32 21 till
456 1019 145 27 användning,
618 1025 46 16 som
679 1019 66 27 gäller
761 1026 34 14 om
811 1019 46 21 dik-

98 1053 57 26 ning,
176 1053 51 21 eller
247 1055 32 19 att
295 1053 138 22 innehafvare
450 1053 23 22 af
486 1054 68 26 mark,
572 1060 45 15 som
633 1054 132 21 omedelbart
780 1060 77 21 genom

98 1087 106 27 företaget
219 1088 78 21 befrias
313 1087 48 22 från
377 1088 197 27 öfverflödsvatten,
591 1089 39 21 bör
646 1089 89 26 bidraga
750 1088 32 21 till
797 1089 59 20 kost-

98 1121 81 22 nadens
194 1122 107 27 gäldande
316 1123 6 20 i
338 1123 134 21 förhållande
488 1123 31 21 till
536 1123 169 27 förbättringens
719 1123 71 26 värde,
803 1123 54 21 dock

98 1155 96 26 sålunda,
212 1158 32 19 att
260 1163 33 15 om
309 1157 42 21 han
367 1157 47 21 icke
429 1157 85 22 förenat
530 1158 32 26 sig
578 1164 34 15 om
628 1158 140 26 sänkningen,
784 1157 72 21 bidra-

97 1191 35 25 get
154 1190 46 22 icke
223 1190 32 22 får
278 1191 115 27 öfverstiga
415 1192 103 27 beloppet
537 1192 23 21 af
572 1192 221 27 värdeförhöjningen.

163 1224 31 22 De
206 1225 79 27 vigtiga
297 1226 114 26 intressen,
425 1227 134 26 sänkningen
572 1226 22 22 af
604 1228 31 20 ett
647 1227 128 26 vattendrag
784 1226 71 27 berör,

97 1258 39 22 och
147 1259 25 21 de
184 1259 85 21 dermed
278 1260 102 21 förenade
389 1262 61 20 stora
460 1261 150 21 kostnaderna
618 1263 52 25 göra
680 1261 35 21 det
724 1261 132 27 nödvändigt

96 1294 34 20 att
146 1293 143 27 åvägabringa
304 1294 111 26 garantier
429 1294 33 22 för
474 1296 33 20 att
523 1295 73 27 dylika
611 1295 84 27 företag
709 1295 46 21 icke
769 1296 86 20 komma

95 1327 32 21 till
150 1328 64 20 stånd
237 1328 127 22 annorledes
383 1331 28 19 än
433 1329 54 21 efter
503 1331 72 25 moget
591 1329 156 27 öfvervägande
763 1330 38 20 och
817 1330 38 21 der

94 1361 106 28 företaget
216 1362 108 27 verkligen
341 1363 83 21 medför
439 1364 176 21 beaktansvärda
630 1364 99 21 fördelar.
751 1364 10 21 I
777 1364 78 22 sådant

94 1396 100 22 afseende
210 1397 39 21 har
265 1397 56 21 altså
336 1399 61 25 synts
413 1398 54 22 böra
483 1398 92 27 fordras,
592 1400 34 20 att
641 1398 214 22 öfverenskommelse
