1048 1631
215 71 12 20 2
521 71 39 22 N:o
579 73 32 20 11.

393 353 84 27 Förslag
499 353 29 21 till
551 353 116 27 förordning
691 353 107 27 angående
822 353 76 22 ändrad
918 353 27 27 ly-

323 393 58 22 delse
397 393 21 22 af
433 393 103 22 särskilda
552 395 26 25 $$
594 393 5 22 i
616 393 209 28 Rättegångsbalken.

253 455 132 27 Härigenom
409 456 88 27 stadgas
517 457 32 20 att
565 457 13 20 3
594 457 12 27 $
625 458 25 20 16
666 457 49 26 kap.
731 456 213 27 Rättegängsbalken

184 489 40 21 och
239 489 77 28 Kongl.
333 490 146 22 resolutionen
495 491 41 21 den
553 492 26 20 29
595 491 43 27 Maj
657 492 54 20 1752
727 491 61 22 skola
801 491 100 27 upphöra
911 492 34 19 att

183 523 57 27 gälla
263 526 56 19 samt
338 526 17 24 1,
371 526 20 25 2,
408 527 19 24 4,
444 526 11 20 7
473 525 38 21 och
530 527 24 19 10
571 525 25 27 $$
614 527 23 19 11
655 525 58 27 kap.,
729 527 12 20 2
759 525 11 28 $
789 527 24 19 12
829 526 58 26 kap.,
906 527 7 18 1
932 525 11 27 $

186 559 25 20 15
226 558 58 27 kap.,
304 559 13 20 4
338 558 39 21 och
401 560 12 20 5
429 559 26 28 88
474 561 24 20 16
514 559 57 27 kap.,
588 561 12 19 3
617 559 39 22 och
672 561 12 20 5
701 559 25 28 $$
745 561 24 19 17
786 560 57 26 kap.,
860 560 13 20 4
889 559 11 27 $
917 560 24 20 21

183 591 50 28 kap.
258 591 109 22 äfvensom
389 594 8 20 1
419 594 10 27 $
448 595 25 19 24
496 593 49 27 kap.
568 599 83 16 samma
673 593 50 22 balk
747 593 81 22 erhålla
851 593 93 28 följande

183 625 89 28 lydelse:

477 703 44 16 11
545 705 105 19 kap.

543 761 9 19 1
569 760 18 27 8.

252 798 43 21 Vill
309 805 50 15 man
375 799 33 21 till
424 805 72 16 annan
512 800 60 26 kära,
589 800 28 21 dä
628 806 50 20 eger
689 799 103 22 domaren
803 799 56 27 gifva
870 800 73 20 skrift-

181 833 30 27 lig
225 834 120 27 stämning:
369 834 40 21 och
424 836 76 19 nämne
515 834 43 22 han
574 835 46 21 deri
635 835 109 26 parterne,
760 834 57 21 hvad
832 834 111 21 käranden

181 867 77 27 pästär
277 868 39 21 och
330 868 8 21 i
352 868 89 22 korthet
463 869 98 27 grunden
583 869 34 22 för
639 869 55 21 hans
716 868 103 27 yrkande,
836 869 25 21 sä
876 869 39 21 ock
931 869 12 20 &

180 902 57 21 hvad
260 904 35 19 ort
318 903 39 21 och
380 903 42 28 dag
445 903 40 22 den
507 904 40 21 bör
570 904 32 21 till
625 910 61 15 svars
701 904 93 25 komma,
810 909 47 16 som
872 903 71 22 stämd

180 936 90 22 varder:
285 937 99 27 kungöre
400 938 40 21 ock
455 938 46 21 deri
517 940 39 25 att,
573 945 34 14 om
623 938 42 21 han
682 938 17 27 ej
716 938 96 21 kommer
827 937 53 28 sjelf,
892 937 51 22 eller

180 971 49 21 dess
245 971 50 27 laga
315 971 86 28 ombud,
424 973 55 21 skall
501 973 66 22 saken
591 973 57 22 ändä
670 972 109 27 företagas
796 972 38 21 och
851 972 90 27 afgöras.

540 1036 46 27 28.

249 1075 11 20 1
275 1075 49 26 mäl,
340 1081 47 15 som
410 1076 56 26 angä
480 1075 95 27 fordran,
592 1075 121 27 ersättning
729 1075 52 21 eller
796 1075 92 26 lösören,
905 1075 38 20 der

179 1108 104 28 beloppet
299 1109 51 22 eller
365 1110 83 27 värdet,
468 1112 60 19 utom
543 1111 65 20 ränta
624 1109 39 22 och
678 1109 229 28 rättegängskostnad,
924 1109 17 27 ej

179 1143 129 28 öfverstiger
323 1143 124 23 sekhundra
461 1145 67 27 mark,
546 1145 24 21 sä
586 1145 39 21 ock
640 1144 7 22 i
663 1144 84 26 tvister,
763 1143 72 22 hvilka
850 1143 93 28 härflyta

179 1177 24 21 af
215 1178 103 27 legoaftal
340 1178 78 22 mellan
441 1179 113 21 husbonde
578 1179 38 21 och
637 1178 132 28 tjenstehjon
785 1178 52 21 eller
853 1178 22 21 af
889 1178 54 21 aftal

178 1212 79 22 mellan
281 1213 156 27 arbetsgifvare
456 1214 39 21 och
510 1214 107 26 arbetare,
642 1213 110 21 äfvensom
767 1214 7 20 i
791 1212 42 22 mäl
849 1213 93 21 rörande

178 1246 88 28 hägnad
282 1247 39 21 och
336 1248 224 27 stängselskyldighet,
571 1248 35 21 mä
622 1248 47 26 den,
685 1254 46 15 som
741 1248 70 26 sökes,
823 1247 119 27 muntligen

178 1282 117 26 stämmas;
311 1282 40 21 och
366 1288 52 16 vare
434 1282 28 22 dä
476 1282 35 27 lag
526 1288 88 21 samma,
626 1288 47 16 som
684 1288 35 15 om
729 1281 94 27 skriftlig
833 1281 110 27 stämning

178 1316 64 27 sagdt
258 1318 36 25 är;
311 1317 54 21 dock
382 1318 33 21 att
431 1318 48 26 den,
495 1324 46 15 som
556 1318 120 26 muntligen
692 1318 101 20 stämmes
809 1316 34 21 till
853 1316 89 22 härads-

178 1350 53 28 ting,
248 1351 18 27 ej
283 1352 34 20 mä
340 1351 33 21 till
397 1352 42 21 viss
463 1352 42 27 dag
520 1352 22 21 af
555 1352 69 27 tinget
644 1351 76 26 kallas,
737 1352 25 20 sä
777 1350 66 22 framt
859 1351 18 27 ej
894 1350 47 27 den,

178 1390 47 16 som
239 1386 94 21 stämma
347 1385 63 28 låter,
428 1386 71 22 dertill
514 1386 38 22 hos
568 1386 103 20 domaren
689 1386 102 20 utverkat
807 1385 106 21 tillstånd.
