1048 1631
230 93 13 29 2
413 90 32 24 U.
459 91 28 22 B.
503 104 30 4 —
548 90 74 30 Prop.
638 90 47 24 N:o
698 90 28 23 15
740 109 2 2 :

202 157 61 28 syfte
287 159 34 20 att
343 156 108 23 meddeia
473 156 153 30 fullständiga
648 157 171 30 Lestämmingar
838 158 117 29 angående

199 193 182 28 vattendragens
397 193 133 28 fördelning
546 193 84 21 mellan
646 193 28 21 de
685 194 158 27 angränsande
852 193 103 29 jordpos-

201 228 149 22 sessionerna.
384 229 11 21 I
414 229 60 28 följd
489 229 66 21 häraf
570 229 71 22 hafva
656 229 69 21 också
741 229 28 22 de
785 229 170 29 bestämningar

198 264 8 21 i
218 264 71 28 sagda
300 265 59 28 kap.,
371 264 82 22 hvilka
463 264 52 22 icke
526 264 141 22 omedelbart
677 265 97 21 hänföra
785 265 36 29 sig
831 265 35 22 till
878 268 76 27 gräns-

199 299 91 22 skilnad
306 300 8 21 i
330 302 86 24 vatten,
433 302 87 19 ansetts
536 300 55 21 böra
607 300 150 22 underkastas
769 301 71 21 sådan
851 301 104 29 ändring,

199 343 49 14 som
265 336 143 21 erfordrades
425 336 36 21 för
477 338 33 19 att
526 336 117 21 desamma
659 336 74 22 skulle
749 336 8 21 i
773 337 44 21 alla
827 337 63 21 delar
900 345 53 14 vara

198 373 33 19 ett
254 374 115 26 noggrant
390 371 95 29 uttryck
500 371 36 22 för
551 371 62 22 hvad
628 371 37 22 för
679 372 143 22 närvarande
839 380 53 15 vore
907 373 47 28 gäl-

198 407 67 21 lande
282 410 50 18 rätt.
357 407 32 22 Af
405 407 199 29 lämplighetsskäl
619 408 42 21 har
676 408 118 21 dessutom
811 408 44 21 den
868 409 8 21 i
888 411 33 19 12:
939 411 13 18 4

198 443 20 21 J.
235 443 26 21 B.
287 443 135 21 meddelade
447 443 112 21 särskilda
582 443 175 29 bestämningen
781 451 37 14 om
837 444 115 22 urminnes

197 479 56 21 häfd
270 479 158 28 öfverflyttats
438 479 37 21 till
491 486 87 15 samma
588 479 70 22 balks
667 482 26 19 15
705 480 60 28 kap.,
777 480 92 21 hvarest
879 480 74 29 öfriga

198 515 144 28 stadganden
361 522 36 15 om
414 515 72 21 sådan
502 515 55 21 hafd
573 515 130 22 återfinnas.

269 551 107 21 Jemförd
392 551 53 21 med
461 558 33 14 nu
509 551 107 28 gällande
635 552 94 28 12-kap.
745 551 22 22 J.
784 552 26 21 B.
827 552 125 21 innehåller

198 594 63 21 prop.
279 587 97 21 sålunda
387 587 82 21 främst
483 587 112 21 särskilda
604 587 229 29 tillägsstadganden,
845 595 48 14 som
904 588 47 21 afse

198 625 33 19 att
253 622 101 22 förklara
377 623 43 22 och
443 623 153 28 komplettera
618 623 201 29 bestämningarna
835 624 116 28 angående

198 658 63 22 såväl
277 658 162 29 gränsskilnad
454 658 8 21 i
478 661 79 18 vatten
574 659 37 28 ($$
627 660 21 25 4,
665 661 20 23 5,
702 661 21 24 6,
740 661 13 19 8
770 662 59 19 samt
844 659 73 22 delvis
937 662 13 19 3

198 694 43 21 och
266 696 13 19 9
302 694 8 21 i
326 695 81 28 prop.),
424 701 50 14 som
489 694 69 21 också
574 694 8 21 i
597 696 77 27 någon
689 696 54 20 män
758 695 117 21 räskilnad
889 695 9 21 i
913 695 38 21 all-

197 730 94 21 mänhet
314 731 43 20 och
376 733 169 26 egogränserna
568 732 13 19 ä
596 730 55 21 land
667 730 23 29 (8
706 733 13 18 2
736 731 43 21 och
795 730 74 23 delvis
884 731 14 28 &
914 733 13 19 9
943 731 8 21 i

197 767 80 27 prop.).
310 766 45 21 Till
371 765 74 29 öfriga
462 765 63 22 delar
540 770 25 17 är
575 773 63 21 prop.
652 773 29 14 en
691 766 91 22 formell
793 767 158 28 omarbetning

196 802 24 21 af
243 801 159 29 stadgandena
417 801 9 22 i
441 809 32 14 nu
489 801 106 29 gällande
612 804 26 19 12
655 802 52 29 kap.
723 802 22 22 J.
753 802 27 21 B.:
797 802 8 21 i
821 803 39 21 det
874 804 34 20 att
921 803 30 29 S8

198 839 19 24 1,
241 839 21 24 3,
288 840 11 19 7
325 838 43 21 och
385 839 12 20 9
413 837 8 21 i
437 845 64 21 prop.
518 839 84 20 ersätta
618 838 43 21 och
676 841 56 18 nära
747 838 203 21 öfverensstämma

196 873 53 21 med
267 875 34 19 12:
319 875 20 24 3,
356 875 14 19 4
386 873 43 22 och
445 875 14 20 6
475 873 20 22 J.
505 874 35 25 B.;
556 873 128 29 hvarjemte
700 873 40 22 det
755 873 195 29 hufvudsakligen

196 908 60 22 varit
280 909 105 22 formella
408 909 57 26 skäl,
489 917 50 14 som
562 909 114 22 föranledt
691 909 140 28 utbytandet
846 909 23 22 af
886 911 33 20 12:
937 912 11 19 1

196 945 43 20 och
255 946 14 19 2
285 945 22 22 J.
323 945 26 21 B.
367 948 49 18 mot
432 945 45 21 den
492 945 8 21 i
515 945 15 28 8
543 947 27 19 10
581 945 24 21 af
614 952 63 21 prop.
690 945 82 28 gjorda
782 945 167 28 hänvisningen

196 979 35 22 till
255 980 276 29 skiftesförfattningarna
554 983 60 19 samt
632 981 158 21 utlemnandet
805 988 27 14 ur
847 988 62 21 prop.
927 981 22 22 af

197 1018 34 19 12:
249 1018 13 19 5
279 1017 44 21 och
340 1019 11 18 7
368 1017 21 21 J.
405 1017 27 21 B.

268 1052 47 21 Vid
331 1052 172 29 granskningen
519 1053 23 21 af
558 1052 149 29 lagförslaget
717 1053 42 20 har
768 1052 119 22 Utskottet
897 1053 52 20 med

196 1087 148 22 erkännande
361 1087 24 22 af
401 1088 53 21 dess
470 1088 133 29 förtjenster
618 1088 51 21 icke
684 1088 89 21 kunnat
789 1087 64 29 värja
869 1088 35 28 sig
914 1088 35 21 för

194 1122 187 30 betänkligheter
397 1123 145 22 beträffande
558 1124 40 21 det
613 1124 48 21 deri
672 1123 74 29 följda
756 1123 193 29 tillvägagäendet

195 1161 34 19 att
251 1158 9 22 i
281 1162 26 19 12
328 1160 51 28 kap.
401 1160 21 22 J.
445 1160 26 21 B.
493 1160 75 22 införa
589 1160 29 21 de
633 1160 8 21 i
657 1160 83 28 antydt
756 1160 107 21 afseende
878 1160 71 28 nödig

194 1194 105 22 befunna
309 1195 259 29 tilläggsstadgandena,
580 1196 150 28 hvarigenom
744 1203 29 14 en
782 1196 167 28 omredigering

195 1230 24 22 af
233 1231 55 21 hela
303 1231 97 29 kapitlet
415 1232 73 28 gjorts
503 1232 140 28 nödvändig.

267 1266 77 29 Sagda
367 1267 185 29 tillvägagäende
576 1268 107 28 erbjuder
703 1267 136 29 visserligen
855 1275 28 13 en
898 1267 51 22 icke

194 1301 67 29 ringa
277 1302 74 22 fördel
368 1302 133 29 derigenom
517 1305 34 19 att
568 1303 117 29 lagbuden
704 1303 118 28 angäende
833 1302 116 22 räskilnad

194 1337 79 22 blefve
289 1338 170 22 sammanförda
475 1341 13 19 å
504 1341 32 19 ett
552 1339 65 21 ställe
634 1340 43 20 och
693 1338 108 29 infogade
817 1338 8 21 i
836 1338 113 22 allmänna

194 1373 69 29 lagen
280 1376 13 20 &
309 1374 44 22 den
368 1374 67 29 plats,
453 1375 40 21 der
509 1375 52 21 dess
578 1377 86 26 system
681 1375 40 21 det
735 1374 98 22 kräfver.

272 1416 211 19 Vattenrättsutskottets
497 1417 117 18 betänkande
623 1416 36 19 N:o
672 1417 17 18 3.
