<?xml version="1.0" encoding="UTF-8"?>
<alto xmlns="http://www.loc.gov/standards/alto/ns-v3#" xmlns:xlink="http://www.w3.org/1999/xlink" xmlns:xsi="http://www.w3.org/2001/XMLSchema-instance" xsi:schemaLocation="http://www.loc.gov/standards/alto/ns-v3# http://www.loc.gov/alto/v3/alto-3-0.xsd">
	<Description>
		<MeasurementUnit>pixel</MeasurementUnit>
		<sourceImageInformation>
			<fileName>/tmp/tess_ghja0sp9_input.PNG</fileName>
		</sourceImageInformation>
		<OCRProcessing ID="OCR_0">
			<ocrProcessingStep>
				<processingSoftware>
					<softwareName>tesseract 5.3.4</softwareName>
				</processingSoftware>
			</ocrProcessingStep>
		</OCRProcessing>
	</Description>
	<Layout>
		<Page WIDTH="1048" HEIGHT="1631" PHYSICAL_IMG_NR="0" ID="page_0">
			<PrintSpace HPOS="0" VPOS="0" WIDTH="1048" HEIGHT="1631">
				<ComposedBlock ID="cblock_0" HPOS="130" VPOS="193" WIDTH="50" HEIGHT="29">
					<TextBlock ID="block_0" HPOS="130" VPOS="193" WIDTH="50" HEIGHT="29">
						<TextLine ID="line_0" HPOS="130" VPOS="193" WIDTH="50" HEIGHT="29">
							<String ID="string_0" HPOS="130" VPOS="193" WIDTH="50" HEIGHT="29" WC="0.79" CONTENT="48."/>
						</TextLine>
					</TextBlock>
				</ComposedBlock>
				<ComposedBlock ID="cblock_1" HPOS="119" VPOS="605" WIDTH="62" HEIGHT="28">
					<TextBlock ID="block_1" HPOS="119" VPOS="605" WIDTH="62" HEIGHT="28">
						<TextLine ID="line_1" HPOS="119" VPOS="605" WIDTH="62" HEIGHT="28">
							<String ID="string_1" HPOS="119" VPOS="607" WIDTH="25" HEIGHT="19" WC="0.96" CONTENT="17"/><SP WIDTH="16" VPOS="607" HPOS="144"/>
							<String ID="string_2" HPOS="160" VPOS="605" WIDTH="21" HEIGHT="28" WC="0.95" CONTENT="8."/>
						</TextLine>
					</TextBlock>
				</ComposedBlock>
				<ComposedBlock ID="cblock_2" HPOS="139" VPOS="1260" WIDTH="47" HEIGHT="28">
					<TextBlock ID="block_2" HPOS="139" VPOS="1260" WIDTH="47" HEIGHT="28">
						<TextLine ID="line_2" HPOS="139" VPOS="1260" WIDTH="47" HEIGHT="28">
							<String ID="string_3" HPOS="139" VPOS="1260" WIDTH="47" HEIGHT="28" WC="0.89" CONTENT="18."/>
						</TextLine>
					</TextBlock>
				</ComposedBlock>
				<ComposedBlock ID="cblock_3" HPOS="195" VPOS="130" WIDTH="543" HEIGHT="28">
					<TextBlock ID="block_3" HPOS="195" VPOS="130" WIDTH="543" HEIGHT="28">
						<TextLine ID="line_3" HPOS="195" VPOS="130" WIDTH="543" HEIGHT="28">
							<String ID="string_4" HPOS="195" VPOS="131" WIDTH="27" HEIGHT="19" WC="0.95" CONTENT="22"/><SP WIDTH="189" VPOS="131" HPOS="222"/>
							<String ID="string_5" HPOS="411" VPOS="130" WIDTH="74" HEIGHT="22" WC="0.92" CONTENT="Ständ."/><SP WIDTH="16" VPOS="130" HPOS="485"/>
							<String ID="string_6" HPOS="501" VPOS="130" WIDTH="35" HEIGHT="23" WC="0.92" CONTENT="Sv."/><SP WIDTH="16" VPOS="130" HPOS="536"/>
							<String ID="string_7" HPOS="552" VPOS="144" WIDTH="28" HEIGHT="2" WC="0.90" CONTENT="—"/><SP WIDTH="16" VPOS="144" HPOS="580"/>
							<String ID="string_8" HPOS="596" VPOS="130" WIDTH="61" HEIGHT="28" WC="0.95" CONTENT="Prop."/><SP WIDTH="16" VPOS="130" HPOS="657"/>
							<String ID="string_9" HPOS="673" VPOS="130" WIDTH="36" HEIGHT="22" WC="0.94" CONTENT="N:o"/><SP WIDTH="15" VPOS="130" HPOS="709"/>
							<String ID="string_10" HPOS="724" VPOS="130" WIDTH="14" HEIGHT="22" WC="0.94" CONTENT="1."/>
						</TextLine>
					</TextBlock>
				</ComposedBlock>
				<ComposedBlock ID="cblock_4" HPOS="195" VPOS="193" WIDTH="762" HEIGHT="888">
					<TextBlock ID="block_4" HPOS="195" VPOS="193" WIDTH="759" HEIGHT="235">
						<TextLine ID="line_4" HPOS="266" VPOS="193" WIDTH="687" HEIGHT="22">
							<String ID="string_11" HPOS="266" VPOS="193" WIDTH="62" HEIGHT="22" WC="0.91" CONTENT="Enär"/><SP WIDTH="16" VPOS="193" HPOS="328"/>
							<String ID="string_12" HPOS="344" VPOS="194" WIDTH="43" HEIGHT="21" WC="0.96" CONTENT="den"/><SP WIDTH="15" VPOS="194" HPOS="387"/>
							<String ID="string_13" HPOS="402" VPOS="193" WIDTH="37" HEIGHT="22" WC="0.96" CONTENT="för"/><SP WIDTH="14" VPOS="193" HPOS="439"/>
							<String ID="string_14" HPOS="453" VPOS="194" WIDTH="137" HEIGHT="21" WC="0.96" CONTENT="vattenverk"/><SP WIDTH="15" VPOS="194" HPOS="590"/>
							<String ID="string_15" HPOS="605" VPOS="196" WIDTH="57" HEIGHT="19" WC="0.93" CONTENT="mest"/><SP WIDTH="15" VPOS="196" HPOS="662"/>
							<String ID="string_16" HPOS="677" VPOS="193" WIDTH="101" HEIGHT="22" WC="0.91" CONTENT="känbara"/><SP WIDTH="13" VPOS="193" HPOS="778"/>
							<String ID="string_17" HPOS="791" VPOS="193" WIDTH="85" HEIGHT="22" WC="0.96" CONTENT="verkan"/><SP WIDTH="12" VPOS="193" HPOS="876"/>
							<String ID="string_18" HPOS="888" VPOS="193" WIDTH="25" HEIGHT="22" WC="0.96" CONTENT="af"/><SP WIDTH="9" VPOS="193" HPOS="913"/>
							<String ID="string_19" HPOS="922" VPOS="195" WIDTH="31" HEIGHT="20" WC="0.96" CONTENT="ett"/>
						</TextLine>
						<TextLine ID="line_5" HPOS="195" VPOS="227" WIDTH="758" HEIGHT="29">
							<String ID="string_20" HPOS="195" VPOS="228" WIDTH="148" HEIGHT="28" WC="0.92" CONTENT="vattendrags"/><SP WIDTH="23" VPOS="228" HPOS="343"/>
							<String ID="string_21" HPOS="366" VPOS="229" WIDTH="115" HEIGHT="27" WC="0.95" CONTENT="sänkning"/><SP WIDTH="18" VPOS="229" HPOS="481"/>
							<String ID="string_22" HPOS="499" VPOS="229" WIDTH="114" HEIGHT="21" WC="0.96" CONTENT="måhända"/><SP WIDTH="14" VPOS="229" HPOS="613"/>
							<String ID="string_23" HPOS="627" VPOS="228" WIDTH="107" HEIGHT="27" WC="0.96" CONTENT="inträder,"/><SP WIDTH="16" VPOS="228" HPOS="734"/>
							<String ID="string_24" HPOS="750" VPOS="228" WIDTH="29" HEIGHT="21" WC="0.96" CONTENT="då"/><SP WIDTH="14" VPOS="228" HPOS="779"/>
							<String ID="string_25" HPOS="793" VPOS="228" WIDTH="8" HEIGHT="21" WC="0.96" CONTENT="i"/><SP WIDTH="15" VPOS="228" HPOS="801"/>
							<String ID="string_26" HPOS="816" VPOS="227" WIDTH="58" HEIGHT="28" WC="0.96" CONTENT="följd"/><SP WIDTH="14" VPOS="227" HPOS="874"/>
							<String ID="string_27" HPOS="888" VPOS="227" WIDTH="65" HEIGHT="22" WC="0.86" CONTENT="häraf"/>
						</TextLine>
						<TextLine ID="line_6" HPOS="196" VPOS="262" WIDTH="757" HEIGHT="29">
							<String ID="string_28" HPOS="196" VPOS="262" WIDTH="44" HEIGHT="21" WC="0.96" CONTENT="den"/><SP WIDTH="23" VPOS="262" HPOS="240"/>
							<String ID="string_29" HPOS="263" VPOS="262" WIDTH="36" HEIGHT="21" WC="0.96" CONTENT="för"/><SP WIDTH="22" VPOS="262" HPOS="299"/>
							<String ID="string_30" HPOS="321" VPOS="263" WIDTH="80" HEIGHT="21" WC="0.93" CONTENT="verket"/><SP WIDTH="23" VPOS="263" HPOS="401"/>
							<String ID="string_31" HPOS="424" VPOS="263" WIDTH="179" HEIGHT="28" WC="0.91" CONTENT="tillgodogjorda"/><SP WIDTH="18" VPOS="263" HPOS="603"/>
							<String ID="string_32" HPOS="621" VPOS="262" WIDTH="127" HEIGHT="28" WC="0.92" CONTENT="fallhöjden"/><SP WIDTH="15" VPOS="262" HPOS="748"/>
							<String ID="string_33" HPOS="763" VPOS="262" WIDTH="106" HEIGHT="25" WC="0.96" CONTENT="minskas,"/><SP WIDTH="16" VPOS="262" HPOS="869"/>
							<String ID="string_34" HPOS="885" VPOS="262" WIDTH="68" HEIGHT="22" WC="0.95" CONTENT="hafva"/>
						</TextLine>
						<TextLine ID="line_7" HPOS="196" VPOS="296" WIDTH="758" HEIGHT="29">
							<String ID="string_35" HPOS="196" VPOS="296" WIDTH="129" HEIGHT="22" WC="0.91" CONTENT="Ständerna"/><SP WIDTH="8" VPOS="296" HPOS="325"/>
							<String ID="string_36" HPOS="333" VPOS="299" WIDTH="74" HEIGHT="19" WC="0.96" CONTENT="ansett"/><SP WIDTH="8" VPOS="299" HPOS="407"/>
							<String ID="string_37" HPOS="415" VPOS="297" WIDTH="63" HEIGHT="22" WC="0.93" CONTENT="detta"/><SP WIDTH="7" VPOS="297" HPOS="478"/>
							<String ID="string_38" HPOS="485" VPOS="297" WIDTH="99" HEIGHT="28" WC="0.91" CONTENT="förtjena"/><SP WIDTH="8" VPOS="297" HPOS="584"/>
							<String ID="string_39" HPOS="592" VPOS="296" WIDTH="106" HEIGHT="23" WC="0.96" CONTENT="särskildt"/><SP WIDTH="8" VPOS="296" HPOS="698"/>
							<String ID="string_40" HPOS="706" VPOS="296" WIDTH="132" HEIGHT="22" WC="0.96" CONTENT="framhållas"/><SP WIDTH="9" VPOS="296" HPOS="838"/>
							<String ID="string_41" HPOS="847" VPOS="297" WIDTH="74" HEIGHT="20" WC="0.95" CONTENT="såsom"/><SP WIDTH="5" VPOS="297" HPOS="921"/>
							<String ID="string_42" HPOS="926" VPOS="304" WIDTH="28" HEIGHT="13" WC="0.95" CONTENT="en"/>
						</TextLine>
						<TextLine ID="line_8" HPOS="196" VPOS="330" WIDTH="758" HEIGHT="29">
							<String ID="string_43" HPOS="196" VPOS="330" WIDTH="26" HEIGHT="22" WC="0.95" CONTENT="af"/><SP WIDTH="13" VPOS="330" HPOS="222"/>
							<String ID="string_44" HPOS="235" VPOS="330" WIDTH="28" HEIGHT="21" WC="0.96" CONTENT="de"/><SP WIDTH="24" VPOS="330" HPOS="263"/>
							<String ID="string_45" HPOS="287" VPOS="331" WIDTH="200" HEIGHT="28" WC="0.95" CONTENT="omständigheter,"/><SP WIDTH="23" VPOS="331" HPOS="487"/>
							<String ID="string_46" HPOS="510" VPOS="331" WIDTH="79" HEIGHT="22" WC="0.96" CONTENT="hvilka"/><SP WIDTH="15" VPOS="331" HPOS="589"/>
							<String ID="string_47" HPOS="604" VPOS="331" WIDTH="55" HEIGHT="22" WC="0.96" CONTENT="böra"/><SP WIDTH="15" VPOS="331" HPOS="659"/>
							<String ID="string_48" HPOS="674" VPOS="331" WIDTH="93" HEIGHT="21" WC="0.96" CONTENT="beaktas"/><SP WIDTH="16" VPOS="331" HPOS="767"/>
							<String ID="string_49" HPOS="783" VPOS="331" WIDTH="39" HEIGHT="21" WC="0.93" CONTENT="vid"/><SP WIDTH="14" VPOS="331" HPOS="822"/>
							<String ID="string_50" HPOS="836" VPOS="330" WIDTH="118" HEIGHT="29" WC="0.92" CONTENT="uppskatt-"/>
						</TextLine>
						<TextLine ID="line_9" HPOS="195" VPOS="365" WIDTH="759" HEIGHT="28">
							<String ID="string_51" HPOS="195" VPOS="365" WIDTH="87" HEIGHT="28" WC="0.96" CONTENT="ningen"/><SP WIDTH="16" VPOS="365" HPOS="282"/>
							<String ID="string_52" HPOS="298" VPOS="365" WIDTH="26" HEIGHT="21" WC="0.96" CONTENT="af"/><SP WIDTH="17" VPOS="365" HPOS="324"/>
							<String ID="string_53" HPOS="341" VPOS="365" WIDTH="90" HEIGHT="22" WC="0.96" CONTENT="verkets"/><SP WIDTH="16" VPOS="365" HPOS="431"/>
							<String ID="string_54" HPOS="447" VPOS="366" WIDTH="209" HEIGHT="27" WC="0.96" CONTENT="värdeminskning."/><SP WIDTH="31" VPOS="366" HPOS="656"/>
							<String ID="string_55" HPOS="687" VPOS="365" WIDTH="71" HEIGHT="22" WC="0.93" CONTENT="Ordet"/><SP WIDTH="17" VPOS="365" HPOS="758"/>
							<String ID="string_56" HPOS="775" VPOS="382" WIDTH="5" HEIGHT="9" WC="0.91" CONTENT=","/><SP WIDTH="1" VPOS="382" HPOS="780"/>
							<String ID="string_57" HPOS="781" VPOS="365" WIDTH="116" HEIGHT="28" WC="0.65" CONTENT="fallhöjd&quot;"/><SP WIDTH="16" VPOS="365" HPOS="897"/>
							<String ID="string_58" HPOS="913" VPOS="365" WIDTH="41" HEIGHT="21" WC="0.96" CONTENT="har"/>
						</TextLine>
						<TextLine ID="line_10" HPOS="196" VPOS="399" WIDTH="532" HEIGHT="29">
							<String ID="string_59" HPOS="196" VPOS="399" WIDTH="64" HEIGHT="28" WC="0.92" CONTENT="förty"/><SP WIDTH="15" VPOS="399" HPOS="260"/>
							<String ID="string_60" HPOS="275" VPOS="399" WIDTH="8" HEIGHT="21" WC="0.96" CONTENT="i"/><SP WIDTH="15" VPOS="399" HPOS="283"/>
							<String ID="string_61" HPOS="298" VPOS="401" WIDTH="13" HEIGHT="19" WC="0.95" CONTENT="4"/><SP WIDTH="16" VPOS="401" HPOS="311"/>
							<String ID="string_62" HPOS="327" VPOS="400" WIDTH="14" HEIGHT="28" WC="0.55" CONTENT="8"/><SP WIDTH="15" VPOS="400" HPOS="341"/>
							<String ID="string_63" HPOS="356" VPOS="400" WIDTH="117" HEIGHT="28" WC="0.93" CONTENT="inskjutits"/><SP WIDTH="16" VPOS="400" HPOS="473"/>
							<String ID="string_64" HPOS="489" VPOS="400" WIDTH="58" HEIGHT="21" WC="0.96" CONTENT="efter"/><SP WIDTH="15" VPOS="400" HPOS="547"/>
							<String ID="string_65" HPOS="562" VPOS="400" WIDTH="64" HEIGHT="21" WC="0.93" CONTENT="ordet"/><SP WIDTH="17" VPOS="400" HPOS="626"/>
							<String ID="string_66" HPOS="643" VPOS="400" WIDTH="85" HEIGHT="27" WC="0.87" CONTENT=",läge*."/>
						</TextLine>
					</TextBlock>
					<TextBlock ID="block_5" HPOS="196" VPOS="433" WIDTH="759" HEIGHT="168">
						<TextLine ID="line_11" HPOS="267" VPOS="433" WIDTH="687" HEIGHT="30">
							<String ID="string_67" HPOS="267" VPOS="434" WIDTH="12" HEIGHT="21" WC="0.96" CONTENT="I"/><SP WIDTH="15" VPOS="434" HPOS="279"/>
							<String ID="string_68" HPOS="294" VPOS="434" WIDTH="90" HEIGHT="29" WC="0.96" CONTENT="analogi"/><SP WIDTH="15" VPOS="434" HPOS="384"/>
							<String ID="string_69" HPOS="399" VPOS="435" WIDTH="51" HEIGHT="21" WC="0.93" CONTENT="med"/><SP WIDTH="15" VPOS="435" HPOS="450"/>
							<String ID="string_70" HPOS="465" VPOS="435" WIDTH="181" HEIGHT="28" WC="0.92" CONTENT="propositionens"/><SP WIDTH="17" VPOS="435" HPOS="646"/>
							<String ID="string_71" HPOS="663" VPOS="433" WIDTH="126" HEIGHT="29" WC="0.96" CONTENT="stadgande"/><SP WIDTH="14" VPOS="433" HPOS="789"/>
							<String ID="string_72" HPOS="803" VPOS="434" WIDTH="8" HEIGHT="21" WC="0.96" CONTENT="i"/><SP WIDTH="16" VPOS="434" HPOS="811"/>
							<String ID="string_73" HPOS="827" VPOS="436" WIDTH="12" HEIGHT="19" WC="0.96" CONTENT="3"/><SP WIDTH="14" VPOS="436" HPOS="839"/>
							<String ID="string_74" HPOS="853" VPOS="434" WIDTH="51" HEIGHT="29" WC="0.96" CONTENT="kap."/><SP WIDTH="13" VPOS="434" HPOS="904"/>
							<String ID="string_75" HPOS="917" VPOS="435" WIDTH="37" HEIGHT="28" WC="0.95" CONTENT="98"/>
						</TextLine>
						<TextLine ID="line_12" HPOS="196" VPOS="468" WIDTH="759" HEIGHT="29">
							<String ID="string_76" HPOS="196" VPOS="468" WIDTH="70" HEIGHT="22" WC="0.93" CONTENT="hafva"/><SP WIDTH="11" VPOS="468" HPOS="266"/>
							<String ID="string_77" HPOS="277" VPOS="468" WIDTH="128" HEIGHT="22" WC="0.92" CONTENT="Ständerna"/><SP WIDTH="10" VPOS="468" HPOS="405"/>
							<String ID="string_78" HPOS="415" VPOS="471" WIDTH="74" HEIGHT="20" WC="0.96" CONTENT="ansett"/><SP WIDTH="11" VPOS="471" HPOS="489"/>
							<String ID="string_79" HPOS="500" VPOS="471" WIDTH="39" HEIGHT="24" WC="0.96" CONTENT="att,"/><SP WIDTH="16" VPOS="471" HPOS="539"/>
							<String ID="string_80" HPOS="555" VPOS="476" WIDTH="37" HEIGHT="15" WC="0.96" CONTENT="om"/><SP WIDTH="14" VPOS="476" HPOS="592"/>
							<String ID="string_81" HPOS="606" VPOS="469" WIDTH="45" HEIGHT="21" WC="0.96" CONTENT="den"/><SP WIDTH="15" VPOS="469" HPOS="651"/>
							<String ID="string_82" HPOS="666" VPOS="469" WIDTH="7" HEIGHT="20" WC="0.96" CONTENT="i"/><SP WIDTH="17" VPOS="469" HPOS="673"/>
							<String ID="string_83" HPOS="690" VPOS="470" WIDTH="25" HEIGHT="19" WC="0.96" CONTENT="15"/><SP WIDTH="16" VPOS="470" HPOS="715"/>
							<String ID="string_84" HPOS="731" VPOS="469" WIDTH="14" HEIGHT="28" WC="0.54" CONTENT="8"/><SP WIDTH="15" VPOS="469" HPOS="745"/>
							<String ID="string_85" HPOS="760" VPOS="468" WIDTH="83" HEIGHT="21" WC="0.96" CONTENT="nämda"/><SP WIDTH="15" VPOS="468" HPOS="843"/>
							<String ID="string_86" HPOS="858" VPOS="469" WIDTH="97" HEIGHT="28" WC="0.96" CONTENT="ändring"/>
						</TextLine>
						<TextLine ID="line_13" HPOS="197" VPOS="503" WIDTH="758" HEIGHT="28">
							<String ID="string_87" HPOS="197" VPOS="503" WIDTH="25" HEIGHT="21" WC="0.92" CONTENT="af"/><SP WIDTH="13" VPOS="503" HPOS="222"/>
							<String ID="string_88" HPOS="235" VPOS="503" WIDTH="185" HEIGHT="28" WC="0.90" CONTENT="afloppsledning"/><SP WIDTH="11" VPOS="503" HPOS="420"/>
							<String ID="string_89" HPOS="431" VPOS="503" WIDTH="78" HEIGHT="22" WC="0.93" CONTENT="länder"/><SP WIDTH="8" VPOS="503" HPOS="509"/>
							<String ID="string_90" HPOS="517" VPOS="503" WIDTH="87" HEIGHT="28" WC="0.89" CONTENT="jemväl"/><SP WIDTH="10" VPOS="503" HPOS="604"/>
							<String ID="string_91" HPOS="614" VPOS="503" WIDTH="139" HEIGHT="28" WC="0.91" CONTENT="anläggaren"/><SP WIDTH="9" VPOS="503" HPOS="753"/>
							<String ID="string_92" HPOS="762" VPOS="503" WIDTH="35" HEIGHT="21" WC="0.95" CONTENT="till"/><SP WIDTH="10" VPOS="503" HPOS="797"/>
							<String ID="string_93" HPOS="807" VPOS="510" WIDTH="68" HEIGHT="21" WC="0.96" CONTENT="gagn,"/><SP WIDTH="11" VPOS="510" HPOS="875"/>
							<String ID="string_94" HPOS="886" VPOS="503" WIDTH="69" HEIGHT="21" WC="0.95" CONTENT="äfven"/>
						</TextLine>
						<TextLine ID="line_14" HPOS="196" VPOS="537" WIDTH="759" HEIGHT="29">
							<String ID="string_95" HPOS="196" VPOS="537" WIDTH="46" HEIGHT="21" WC="0.96" CONTENT="han"/><SP WIDTH="23" VPOS="537" HPOS="242"/>
							<String ID="string_96" HPOS="265" VPOS="537" WIDTH="42" HEIGHT="21" WC="0.96" CONTENT="bör"/><SP WIDTH="22" VPOS="537" HPOS="307"/>
							<String ID="string_97" HPOS="329" VPOS="537" WIDTH="8" HEIGHT="21" WC="0.96" CONTENT="i"/><SP WIDTH="18" VPOS="537" HPOS="337"/>
							<String ID="string_98" HPOS="355" VPOS="539" WIDTH="53" HEIGHT="20" WC="0.96" CONTENT="mån"/><SP WIDTH="23" VPOS="539" HPOS="408"/>
							<String ID="string_99" HPOS="431" VPOS="537" WIDTH="66" HEIGHT="22" WC="0.95" CONTENT="deraf"/><SP WIDTH="20" VPOS="537" HPOS="497"/>
							<String ID="string_100" HPOS="517" VPOS="537" WIDTH="91" HEIGHT="29" WC="0.96" CONTENT="deltaga"/><SP WIDTH="21" VPOS="537" HPOS="608"/>
							<String ID="string_101" HPOS="629" VPOS="538" WIDTH="7" HEIGHT="20" WC="0.96" CONTENT="i"/><SP WIDTH="16" VPOS="538" HPOS="636"/>
							<String ID="string_102" HPOS="652" VPOS="537" WIDTH="140" HEIGHT="26" WC="0.96" CONTENT="densamma;"/><SP WIDTH="16" VPOS="537" HPOS="792"/>
							<String ID="string_103" HPOS="808" VPOS="537" WIDTH="43" HEIGHT="22" WC="0.96" CONTENT="och"/><SP WIDTH="14" VPOS="537" HPOS="851"/>
							<String ID="string_104" HPOS="865" VPOS="537" WIDTH="41" HEIGHT="21" WC="0.96" CONTENT="har"/><SP WIDTH="16" VPOS="537" HPOS="906"/>
							<String ID="string_105" HPOS="922" VPOS="539" WIDTH="33" HEIGHT="20" WC="0.95" CONTENT="ett"/>
						</TextLine>
						<TextLine ID="line_15" HPOS="197" VPOS="571" WIDTH="572" HEIGHT="30">
							<String ID="string_106" HPOS="197" VPOS="571" WIDTH="82" HEIGHT="28" WC="0.96" CONTENT="tillägg"/><SP WIDTH="16" VPOS="571" HPOS="279"/>
							<String ID="string_107" HPOS="295" VPOS="571" WIDTH="7" HEIGHT="21" WC="0.96" CONTENT="i"/><SP WIDTH="15" VPOS="571" HPOS="302"/>
							<String ID="string_108" HPOS="317" VPOS="572" WIDTH="80" HEIGHT="21" WC="0.96" CONTENT="sådant"/><SP WIDTH="16" VPOS="572" HPOS="397"/>
							<String ID="string_109" HPOS="413" VPOS="572" WIDTH="61" HEIGHT="28" WC="0.96" CONTENT="syfte"/><SP WIDTH="15" VPOS="572" HPOS="474"/>
							<String ID="string_110" HPOS="489" VPOS="572" WIDTH="34" HEIGHT="21" WC="0.95" CONTENT="till"/><SP WIDTH="15" VPOS="572" HPOS="523"/>
							<String ID="string_111" HPOS="538" VPOS="571" WIDTH="137" HEIGHT="30" WC="0.96" CONTENT="paragrafen"/><SP WIDTH="16" VPOS="571" HPOS="675"/>
							<String ID="string_112" HPOS="691" VPOS="571" WIDTH="78" HEIGHT="28" WC="0.96" CONTENT="gjorts."/>
						</TextLine>
					</TextBlock>
					<TextBlock ID="block_6" HPOS="197" VPOS="606" WIDTH="759" HEIGHT="235">
						<TextLine ID="line_16" HPOS="267" VPOS="606" WIDTH="688" HEIGHT="29">
							<String ID="string_113" HPOS="267" VPOS="606" WIDTH="37" HEIGHT="21" WC="0.96" CONTENT="Då"/><SP WIDTH="22" VPOS="606" HPOS="304"/>
							<String ID="string_114" HPOS="326" VPOS="607" WIDTH="109" HEIGHT="28" WC="0.96" CONTENT="rensning"/><SP WIDTH="22" VPOS="607" HPOS="435"/>
							<String ID="string_115" HPOS="457" VPOS="606" WIDTH="26" HEIGHT="21" WC="0.96" CONTENT="af"/><SP WIDTH="15" VPOS="606" HPOS="483"/>
							<String ID="string_116" HPOS="498" VPOS="606" WIDTH="59" HEIGHT="22" WC="0.96" CONTENT="bäck"/><SP WIDTH="15" VPOS="606" HPOS="557"/>
							<String ID="string_117" HPOS="572" VPOS="606" WIDTH="49" HEIGHT="22" WC="0.96" CONTENT="ofta"/><SP WIDTH="15" VPOS="606" HPOS="621"/>
							<String ID="string_118" HPOS="636" VPOS="606" WIDTH="52" HEIGHT="21" WC="0.95" CONTENT="sker"/><SP WIDTH="19" VPOS="606" HPOS="688"/>
							<String ID="string_119" HPOS="707" VPOS="606" WIDTH="3" HEIGHT="21" WC="0.95" CONTENT="i"/><SP WIDTH="16" VPOS="606" HPOS="710"/>
							<String ID="string_120" HPOS="726" VPOS="606" WIDTH="163" HEIGHT="28" WC="0.96" CONTENT="sammanhang"/><SP WIDTH="15" VPOS="606" HPOS="889"/>
							<String ID="string_121" HPOS="904" VPOS="606" WIDTH="51" HEIGHT="21" WC="0.96" CONTENT="med"/>
						</TextLine>
						<TextLine ID="line_17" HPOS="197" VPOS="640" WIDTH="758" HEIGHT="29">
							<String ID="string_122" HPOS="197" VPOS="640" WIDTH="161" HEIGHT="29" WC="0.91" CONTENT="torrläggning"/><SP WIDTH="15" VPOS="640" HPOS="358"/>
							<String ID="string_123" HPOS="373" VPOS="641" WIDTH="26" HEIGHT="21" WC="0.96" CONTENT="af"/><SP WIDTH="13" VPOS="641" HPOS="399"/>
							<String ID="string_124" HPOS="412" VPOS="641" WIDTH="52" HEIGHT="21" WC="0.96" CONTENT="kärr"/><SP WIDTH="16" VPOS="641" HPOS="464"/>
							<String ID="string_125" HPOS="480" VPOS="641" WIDTH="42" HEIGHT="22" WC="0.96" CONTENT="och"/><SP WIDTH="16" VPOS="641" HPOS="522"/>
							<String ID="string_126" HPOS="538" VPOS="648" WIDTH="92" HEIGHT="19" WC="0.95" CONTENT="mossar,"/><SP WIDTH="16" VPOS="648" HPOS="630"/>
							<String ID="string_127" HPOS="646" VPOS="647" WIDTH="53" HEIGHT="14" WC="0.96" CONTENT="men"/><SP WIDTH="12" VPOS="647" HPOS="699"/>
							<String ID="string_128" HPOS="711" VPOS="641" WIDTH="35" HEIGHT="21" WC="0.96" CONTENT="uti"/><SP WIDTH="10" VPOS="641" HPOS="746"/>
							<String ID="string_129" HPOS="756" VPOS="640" WIDTH="65" HEIGHT="29" WC="0.96" CONTENT="dylik"/><SP WIDTH="10" VPOS="640" HPOS="821"/>
							<String ID="string_130" HPOS="831" VPOS="641" WIDTH="64" HEIGHT="20" WC="0.96" CONTENT="mark"/><SP WIDTH="10" VPOS="641" HPOS="895"/>
							<String ID="string_131" HPOS="905" VPOS="641" WIDTH="50" HEIGHT="20" WC="0.96" CONTENT="icke"/>
						</TextLine>
						<TextLine ID="line_18" HPOS="198" VPOS="674" WIDTH="757" HEIGHT="29">
							<String ID="string_132" HPOS="198" VPOS="674" WIDTH="73" HEIGHT="22" WC="0.95" CONTENT="sällan"/><SP WIDTH="15" VPOS="674" HPOS="271"/>
							<String ID="string_133" HPOS="286" VPOS="675" WIDTH="141" HEIGHT="21" WC="0.96" CONTENT="förekomma"/><SP WIDTH="15" VPOS="675" HPOS="427"/>
							<String ID="string_134" HPOS="442" VPOS="675" WIDTH="94" HEIGHT="26" WC="0.93" CONTENT="mindre,"/><SP WIDTH="16" VPOS="675" HPOS="536"/>
							<String ID="string_135" HPOS="552" VPOS="675" WIDTH="82" HEIGHT="28" WC="0.91" CONTENT="sjölika"/><SP WIDTH="13" VPOS="675" HPOS="634"/>
							<String ID="string_136" HPOS="647" VPOS="675" WIDTH="209" HEIGHT="28" WC="0.95" CONTENT="vattensamlingar,"/><SP WIDTH="10" VPOS="675" HPOS="856"/>
							<String ID="string_137" HPOS="866" VPOS="675" WIDTH="89" HEIGHT="21" WC="0.96" CONTENT="hvilkas"/>
						</TextLine>
						<TextLine ID="line_19" HPOS="198" VPOS="709" WIDTH="758" HEIGHT="29">
							<String ID="string_138" HPOS="198" VPOS="709" WIDTH="140" HEIGHT="28" WC="0.90" CONTENT="uttappning"/><SP WIDTH="23" VPOS="709" HPOS="338"/>
							<String ID="string_139" HPOS="361" VPOS="712" WIDTH="24" HEIGHT="19" WC="0.96" CONTENT="är"/><SP WIDTH="23" VPOS="712" HPOS="385"/>
							<String ID="string_140" HPOS="408" VPOS="712" WIDTH="32" HEIGHT="19" WC="0.93" CONTENT="ett"/><SP WIDTH="24" VPOS="712" HPOS="440"/>
							<String ID="string_141" HPOS="464" VPOS="709" WIDTH="149" HEIGHT="29" WC="0.90" CONTENT="oeftergifligt"/><SP WIDTH="21" VPOS="709" HPOS="613"/>
							<String ID="string_142" HPOS="634" VPOS="709" WIDTH="76" HEIGHT="22" WC="0.96" CONTENT="vilkor"/><SP WIDTH="19" VPOS="709" HPOS="710"/>
							<String ID="string_143" HPOS="729" VPOS="709" WIDTH="36" HEIGHT="22" WC="0.96" CONTENT="för"/><SP WIDTH="20" VPOS="709" HPOS="765"/>
							<String ID="string_144" HPOS="785" VPOS="709" WIDTH="104" HEIGHT="22" WC="0.90" CONTENT="markens"/><SP WIDTH="16" VPOS="709" HPOS="889"/>
							<String ID="string_145" HPOS="905" VPOS="709" WIDTH="51" HEIGHT="21" WC="0.90" CONTENT="full-"/>
						</TextLine>
						<TextLine ID="line_20" HPOS="198" VPOS="743" WIDTH="758" HEIGHT="29">
							<String ID="string_146" HPOS="198" VPOS="743" WIDTH="107" HEIGHT="28" WC="0.93" CONTENT="ständiga"/><SP WIDTH="22" VPOS="743" HPOS="305"/>
							<String ID="string_147" HPOS="327" VPOS="744" WIDTH="166" HEIGHT="28" WC="0.91" CONTENT="torrläggning,"/><SP WIDTH="20" VPOS="744" HPOS="493"/>
							<String ID="string_148" HPOS="513" VPOS="743" WIDTH="70" HEIGHT="22" WC="0.93" CONTENT="hafva"/><SP WIDTH="15" VPOS="743" HPOS="583"/>
							<String ID="string_149" HPOS="598" VPOS="743" WIDTH="128" HEIGHT="22" WC="0.93" CONTENT="Ständerna"/><SP WIDTH="15" VPOS="743" HPOS="726"/>
							<String ID="string_150" HPOS="741" VPOS="745" WIDTH="75" HEIGHT="20" WC="0.96" CONTENT="ansett"/><SP WIDTH="14" VPOS="745" HPOS="816"/>
							<String ID="string_151" HPOS="830" VPOS="743" WIDTH="43" HEIGHT="22" WC="0.96" CONTENT="full"/><SP WIDTH="15" VPOS="743" HPOS="873"/>
							<String ID="string_152" HPOS="888" VPOS="743" WIDTH="68" HEIGHT="22" WC="0.96" CONTENT="frihet"/>
						</TextLine>
						<TextLine ID="line_21" HPOS="199" VPOS="777" WIDTH="756" HEIGHT="30">
							<String ID="string_153" HPOS="199" VPOS="780" WIDTH="33" HEIGHT="19" WC="0.96" CONTENT="att"/><SP WIDTH="15" VPOS="780" HPOS="232"/>
							<String ID="string_154" HPOS="247" VPOS="785" WIDTH="67" HEIGHT="14" WC="0.95" CONTENT="rensa"/><SP WIDTH="14" VPOS="785" HPOS="314"/>
							<String ID="string_155" HPOS="328" VPOS="778" WIDTH="59" HEIGHT="21" WC="0.96" CONTENT="bäck"/><SP WIDTH="15" VPOS="778" HPOS="387"/>
							<String ID="string_156" HPOS="402" VPOS="779" WIDTH="55" HEIGHT="21" WC="0.96" CONTENT="böra"/><SP WIDTH="15" VPOS="779" HPOS="457"/>
							<String ID="string_157" HPOS="472" VPOS="779" WIDTH="8" HEIGHT="20" WC="0.96" CONTENT="i"/><SP WIDTH="19" VPOS="779" HPOS="480"/>
							<String ID="string_158" HPOS="499" VPOS="781" WIDTH="25" HEIGHT="18" WC="0.96" CONTENT="17"/><SP WIDTH="20" VPOS="781" HPOS="524"/>
							<String ID="string_159" HPOS="544" VPOS="779" WIDTH="13" HEIGHT="28" WC="0.56" CONTENT="S"/><SP WIDTH="19" VPOS="779" HPOS="557"/>
							<String ID="string_160" HPOS="576" VPOS="777" WIDTH="135" HEIGHT="30" WC="0.92" CONTENT="medgifvas,"/><SP WIDTH="22" VPOS="777" HPOS="711"/>
							<String ID="string_161" HPOS="733" VPOS="777" WIDTH="68" HEIGHT="22" WC="0.96" CONTENT="äfven"/><SP WIDTH="18" VPOS="777" HPOS="801"/>
							<String ID="string_162" HPOS="819" VPOS="778" WIDTH="28" HEIGHT="21" WC="0.96" CONTENT="då"/><SP WIDTH="19" VPOS="778" HPOS="847"/>
							<String ID="string_163" HPOS="866" VPOS="778" WIDTH="89" HEIGHT="21" WC="0.96" CONTENT="dermed"/>
						</TextLine>
						<TextLine ID="line_22" HPOS="199" VPOS="811" WIDTH="638" HEIGHT="30">
							<String ID="string_164" HPOS="199" VPOS="811" WIDTH="117" HEIGHT="23" WC="0.91" CONTENT="förbindes"/><SP WIDTH="16" VPOS="811" HPOS="316"/>
							<String ID="string_165" HPOS="332" VPOS="813" WIDTH="114" HEIGHT="28" WC="0.96" CONTENT="sänkning"/><SP WIDTH="15" VPOS="813" HPOS="446"/>
							<String ID="string_166" HPOS="461" VPOS="813" WIDTH="23" HEIGHT="22" WC="0.96" CONTENT="af"/><SP WIDTH="16" VPOS="813" HPOS="484"/>
							<String ID="string_167" HPOS="500" VPOS="813" WIDTH="65" HEIGHT="28" WC="0.93" CONTENT="dylik"/><SP WIDTH="15" VPOS="813" HPOS="565"/>
							<String ID="string_168" HPOS="580" VPOS="813" WIDTH="61" HEIGHT="21" WC="0.93" CONTENT="kärr-"/><SP WIDTH="17" VPOS="813" HPOS="641"/>
							<String ID="string_169" HPOS="658" VPOS="812" WIDTH="54" HEIGHT="21" WC="0.93" CONTENT="eller"/><SP WIDTH="15" VPOS="812" HPOS="712"/>
							<String ID="string_170" HPOS="727" VPOS="811" WIDTH="110" HEIGHT="29" WC="0.90" CONTENT="moss-sjö."/>
						</TextLine>
					</TextBlock>
					<TextBlock ID="block_7" HPOS="199" VPOS="846" WIDTH="758" HEIGHT="235">
						<TextLine ID="line_23" HPOS="267" VPOS="846" WIDTH="690" HEIGHT="29">
							<String ID="string_171" HPOS="267" VPOS="847" WIDTH="12" HEIGHT="21" WC="0.96" CONTENT="I"/><SP WIDTH="23" VPOS="847" HPOS="279"/>
							<String ID="string_172" HPOS="302" VPOS="847" WIDTH="71" HEIGHT="28" WC="0.96" CONTENT="öfrigt"/><SP WIDTH="10" VPOS="847" HPOS="373"/>
							<String ID="string_173" HPOS="383" VPOS="847" WIDTH="69" HEIGHT="22" WC="0.96" CONTENT="hafva"/><SP WIDTH="18" VPOS="847" HPOS="452"/>
							<String ID="string_174" HPOS="470" VPOS="847" WIDTH="110" HEIGHT="22" WC="0.96" CONTENT="särskilda"/><SP WIDTH="15" VPOS="847" HPOS="580"/>
							<String ID="string_175" HPOS="595" VPOS="846" WIDTH="164" HEIGHT="22" WC="0.96" CONTENT="redaktionella"/><SP WIDTH="15" VPOS="846" HPOS="759"/>
							<String ID="string_176" HPOS="774" VPOS="847" WIDTH="121" HEIGHT="28" WC="0.91" CONTENT="ändringar"/><SP WIDTH="15" VPOS="847" HPOS="895"/>
							<String ID="string_177" HPOS="910" VPOS="847" WIDTH="47" HEIGHT="21" WC="0.89" CONTENT="vid-"/>
						</TextLine>
						<TextLine ID="line_24" HPOS="199" VPOS="881" WIDTH="758" HEIGHT="28">
							<String ID="string_178" HPOS="199" VPOS="881" WIDTH="70" HEIGHT="28" WC="0.96" CONTENT="tagits"/><SP WIDTH="23" VPOS="881" HPOS="269"/>
							<String ID="string_179" HPOS="292" VPOS="881" WIDTH="96" HEIGHT="22" WC="0.96" CONTENT="rörande"/><SP WIDTH="24" VPOS="881" HPOS="388"/>
							<String ID="string_180" HPOS="412" VPOS="884" WIDTH="10" HEIGHT="18" WC="0.92" CONTENT="1"/><SP WIDTH="24" VPOS="884" HPOS="422"/>
							<String ID="string_181" HPOS="446" VPOS="889" WIDTH="73" HEIGHT="18" WC="0.91" CONTENT="mom.,"/><SP WIDTH="23" VPOS="889" HPOS="519"/>
							<String ID="string_182" HPOS="542" VPOS="881" WIDTH="115" HEIGHT="22" WC="0.96" CONTENT="beroende"/><SP WIDTH="26" VPOS="881" HPOS="657"/>
							<String ID="string_183" HPOS="683" VPOS="881" WIDTH="47" HEIGHT="21" WC="0.95" CONTENT="dels"/><SP WIDTH="15" VPOS="881" HPOS="730"/>
							<String ID="string_184" HPOS="745" VPOS="881" WIDTH="71" HEIGHT="26" WC="0.95" CONTENT="deraf,"/><SP WIDTH="16" VPOS="881" HPOS="816"/>
							<String ID="string_185" HPOS="832" VPOS="883" WIDTH="33" HEIGHT="19" WC="0.96" CONTENT="att"/><SP WIDTH="16" VPOS="883" HPOS="865"/>
							<String ID="string_186" HPOS="881" VPOS="883" WIDTH="76" HEIGHT="26" WC="0.96" CONTENT="någon"/>
						</TextLine>
						<TextLine ID="line_25" HPOS="200" VPOS="915" WIDTH="757" HEIGHT="29">
							<String ID="string_187" HPOS="200" VPOS="915" WIDTH="119" HEIGHT="22" WC="0.95" CONTENT="definition"/><SP WIDTH="18" VPOS="915" HPOS="319"/>
							<String ID="string_188" HPOS="337" VPOS="915" WIDTH="26" HEIGHT="22" WC="0.95" CONTENT="af"/><SP WIDTH="16" VPOS="915" HPOS="363"/>
							<String ID="string_189" HPOS="379" VPOS="916" WIDTH="124" HEIGHT="28" WC="0.93" CONTENT="begreppet"/><SP WIDTH="18" VPOS="916" HPOS="503"/>
							<String ID="string_190" HPOS="521" VPOS="917" WIDTH="19" HEIGHT="24" WC="0.91" CONTENT="å,"/><SP WIDTH="19" VPOS="917" HPOS="540"/>
							<String ID="string_191" HPOS="559" VPOS="916" WIDTH="71" HEIGHT="28" WC="0.96" CONTENT="enligt"/><SP WIDTH="19" VPOS="916" HPOS="630"/>
							<String ID="string_192" HPOS="649" VPOS="915" WIDTH="94" HEIGHT="22" WC="0.93" CONTENT="hvilken"/><SP WIDTH="15" VPOS="915" HPOS="743"/>
							<String ID="string_193" HPOS="758" VPOS="915" WIDTH="113" HEIGHT="22" WC="0.93" CONTENT="derunder"/><SP WIDTH="14" VPOS="915" HPOS="871"/>
							<String ID="string_194" HPOS="885" VPOS="915" WIDTH="72" HEIGHT="22" WC="0.96" CONTENT="skulle"/>
						</TextLine>
						<TextLine ID="line_26" HPOS="200" VPOS="949" WIDTH="757" HEIGHT="29">
							<String ID="string_195" HPOS="200" VPOS="950" WIDTH="83" HEIGHT="21" WC="0.93" CONTENT="förstås"/><SP WIDTH="17" VPOS="950" HPOS="283"/>
							<String ID="string_196" HPOS="300" VPOS="950" WIDTH="86" HEIGHT="28" WC="0.92" CONTENT="jemväl"/><SP WIDTH="18" VPOS="950" HPOS="386"/>
							<String ID="string_197" HPOS="404" VPOS="950" WIDTH="37" HEIGHT="26" WC="0.95" CONTENT="elf,"/><SP WIDTH="17" VPOS="950" HPOS="441"/>
							<String ID="string_198" HPOS="458" VPOS="953" WIDTH="70" HEIGHT="18" WC="0.96" CONTENT="ström"/><SP WIDTH="15" VPOS="953" HPOS="528"/>
							<String ID="string_199" HPOS="543" VPOS="950" WIDTH="43" HEIGHT="22" WC="0.96" CONTENT="och"/><SP WIDTH="16" VPOS="950" HPOS="586"/>
							<String ID="string_200" HPOS="602" VPOS="949" WIDTH="64" HEIGHT="27" WC="0.96" CONTENT="bäck,"/><SP WIDTH="20" VPOS="949" HPOS="666"/>
							<String ID="string_201" HPOS="686" VPOS="949" WIDTH="50" HEIGHT="22" WC="0.96" CONTENT="icke"/><SP WIDTH="15" VPOS="949" HPOS="736"/>
							<String ID="string_202" HPOS="751" VPOS="949" WIDTH="90" HEIGHT="22" WC="0.96" CONTENT="komme"/><SP WIDTH="17" VPOS="949" HPOS="841"/>
							<String ID="string_203" HPOS="858" VPOS="952" WIDTH="33" HEIGHT="19" WC="0.96" CONTENT="att"/><SP WIDTH="14" VPOS="952" HPOS="891"/>
							<String ID="string_204" HPOS="905" VPOS="950" WIDTH="52" HEIGHT="28" WC="0.96" CONTENT="ingå"/>
						</TextLine>
						<TextLine ID="line_27" HPOS="200" VPOS="983" WIDTH="757" HEIGHT="30">
							<String ID="string_205" HPOS="200" VPOS="985" WIDTH="33" HEIGHT="21" WC="0.96" CONTENT="uti"/><SP WIDTH="18" VPOS="985" HPOS="233"/>
							<String ID="string_206" HPOS="251" VPOS="984" WIDTH="182" HEIGHT="29" WC="0.96" CONTENT="lagstiftningen,"/><SP WIDTH="21" VPOS="984" HPOS="433"/>
							<String ID="string_207" HPOS="454" VPOS="985" WIDTH="47" HEIGHT="21" WC="0.96" CONTENT="dels"/><SP WIDTH="17" VPOS="985" HPOS="501"/>
							<String ID="string_208" HPOS="518" VPOS="984" WIDTH="26" HEIGHT="21" WC="0.93" CONTENT="af"/><SP WIDTH="16" VPOS="984" HPOS="544"/>
							<String ID="string_209" HPOS="560" VPOS="984" WIDTH="140" HEIGHT="22" WC="0.92" CONTENT="Ständernas"/><SP WIDTH="18" VPOS="984" HPOS="700"/>
							<String ID="string_210" HPOS="718" VPOS="983" WIDTH="75" HEIGHT="22" WC="0.96" CONTENT="beslut"/><SP WIDTH="23" VPOS="983" HPOS="793"/>
							<String ID="string_211" HPOS="816" VPOS="984" WIDTH="141" HEIGHT="21" WC="0.96" CONTENT="beträffande"/>
						</TextLine>
						<TextLine ID="line_28" HPOS="200" VPOS="1018" WIDTH="757" HEIGHT="29">
							<String ID="string_212" HPOS="200" VPOS="1021" WIDTH="13" HEIGHT="19" WC="0.90" CONTENT="2"/><SP WIDTH="16" VPOS="1021" HPOS="213"/>
							<String ID="string_213" HPOS="229" VPOS="1019" WIDTH="21" HEIGHT="28" WC="0.90" CONTENT="8,"/><SP WIDTH="16" VPOS="1019" HPOS="250"/>
							<String ID="string_214" HPOS="266" VPOS="1019" WIDTH="88" HEIGHT="21" WC="0.91" CONTENT="hvilket"/><SP WIDTH="18" VPOS="1019" HPOS="354"/>
							<String ID="string_215" HPOS="372" VPOS="1019" WIDTH="103" HEIGHT="28" WC="0.91" CONTENT="betingat"/><SP WIDTH="17" VPOS="1019" HPOS="475"/>
							<String ID="string_216" HPOS="492" VPOS="1019" WIDTH="144" HEIGHT="22" WC="0.96" CONTENT="uteslutande"/><SP WIDTH="24" VPOS="1019" HPOS="636"/>
							<String ID="string_217" HPOS="660" VPOS="1018" WIDTH="25" HEIGHT="21" WC="0.96" CONTENT="af"/><SP WIDTH="21" VPOS="1018" HPOS="685"/>
							<String ID="string_218" HPOS="706" VPOS="1025" WIDTH="79" HEIGHT="15" WC="0.96" CONTENT="senare"/><SP WIDTH="23" VPOS="1025" HPOS="785"/>
							<String ID="string_219" HPOS="808" VPOS="1019" WIDTH="123" HEIGHT="28" WC="0.96" CONTENT="meningen"/><SP WIDTH="22" VPOS="1019" HPOS="931"/>
							<String ID="string_220" HPOS="953" VPOS="1019" WIDTH="4" HEIGHT="20" WC="0.96" CONTENT="i"/>
						</TextLine>
						<TextLine ID="line_29" HPOS="201" VPOS="1053" WIDTH="192" HEIGHT="28">
							<String ID="string_221" HPOS="201" VPOS="1053" WIDTH="72" HEIGHT="28" WC="0.96" CONTENT="sagda"/><SP WIDTH="14" VPOS="1053" HPOS="273"/>
							<String ID="string_222" HPOS="287" VPOS="1055" WIDTH="106" HEIGHT="20" WC="0.96" CONTENT="moment."/>
						</TextLine>
					</TextBlock>
				</ComposedBlock>
				<ComposedBlock ID="cblock_5" HPOS="534" VPOS="1208" WIDTH="96" HEIGHT="29">
					<TextBlock ID="block_8" HPOS="534" VPOS="1208" WIDTH="96" HEIGHT="29">
						<TextLine ID="line_30" HPOS="534" VPOS="1208" WIDTH="96" HEIGHT="29">
							<String ID="string_223" HPOS="534" VPOS="1208" WIDTH="22" HEIGHT="22" WC="0.90" CONTENT="V"/><SP WIDTH="15" VPOS="1208" HPOS="556"/>
							<String ID="string_224" HPOS="571" VPOS="1209" WIDTH="59" HEIGHT="28" WC="0.96" CONTENT="Kap."/>
						</TextLine>
					</TextBlock>
				</ComposedBlock>
				<ComposedBlock ID="cblock_6" HPOS="203" VPOS="1259" WIDTH="756" HEIGHT="200">
					<TextBlock ID="block_9" HPOS="203" VPOS="1259" WIDTH="756" HEIGHT="200">
						<TextLine ID="line_31" HPOS="274" VPOS="1259" WIDTH="685" HEIGHT="29">
							<String ID="string_225" HPOS="274" VPOS="1260" WIDTH="161" HEIGHT="28" WC="0.90" CONTENT="Affattningen"/><SP WIDTH="10" VPOS="1260" HPOS="435"/>
							<String ID="string_226" HPOS="445" VPOS="1260" WIDTH="26" HEIGHT="21" WC="0.96" CONTENT="af"/><SP WIDTH="10" VPOS="1260" HPOS="471"/>
							<String ID="string_227" HPOS="481" VPOS="1262" WIDTH="10" HEIGHT="19" WC="0.78" CONTENT="1"/><SP WIDTH="12" VPOS="1262" HPOS="491"/>
							<String ID="string_228" HPOS="503" VPOS="1260" WIDTH="14" HEIGHT="28" WC="0.78" CONTENT="8"/><SP WIDTH="11" VPOS="1260" HPOS="517"/>
							<String ID="string_229" HPOS="528" VPOS="1260" WIDTH="75" HEIGHT="28" WC="0.93" CONTENT="gifver"/><SP WIDTH="11" VPOS="1260" HPOS="603"/>
							<String ID="string_230" HPOS="614" VPOS="1259" WIDTH="125" HEIGHT="29" WC="0.96" CONTENT="anledning"/><SP WIDTH="10" VPOS="1259" HPOS="739"/>
							<String ID="string_231" HPOS="749" VPOS="1259" WIDTH="35" HEIGHT="21" WC="0.96" CONTENT="till"/><SP WIDTH="11" VPOS="1259" HPOS="784"/>
							<String ID="string_232" HPOS="795" VPOS="1259" WIDTH="44" HEIGHT="22" WC="0.96" CONTENT="den"/><SP WIDTH="11" VPOS="1259" HPOS="839"/>
							<String ID="string_233" HPOS="850" VPOS="1259" WIDTH="109" HEIGHT="21" WC="0.96" CONTENT="indirekta"/>
						</TextLine>
						<TextLine ID="line_32" HPOS="203" VPOS="1292" WIDTH="756" HEIGHT="31">
							<String ID="string_234" HPOS="203" VPOS="1294" WIDTH="99" HEIGHT="25" WC="0.92" CONTENT="slutsats,"/><SP WIDTH="10" VPOS="1294" HPOS="302"/>
							<String ID="string_235" HPOS="312" VPOS="1297" WIDTH="33" HEIGHT="19" WC="0.93" CONTENT="att"/><SP WIDTH="8" VPOS="1297" HPOS="345"/>
							<String ID="string_236" HPOS="353" VPOS="1294" WIDTH="61" HEIGHT="22" WC="0.92" CONTENT="hvad"/><SP WIDTH="9" VPOS="1294" HPOS="414"/>
							<String ID="string_237" HPOS="423" VPOS="1295" WIDTH="6" HEIGHT="20" WC="0.95" CONTENT="i"/><SP WIDTH="8" VPOS="1295" HPOS="429"/>
							<String ID="string_238" HPOS="437" VPOS="1294" WIDTH="171" HEIGHT="29" WC="0.93" CONTENT="propositionen"/><SP WIDTH="8" VPOS="1294" HPOS="608"/>
							<String ID="string_239" HPOS="616" VPOS="1296" WIDTH="66" HEIGHT="26" WC="0.93" CONTENT="säges"/><SP WIDTH="10" VPOS="1296" HPOS="682"/>
							<String ID="string_240" HPOS="692" VPOS="1301" WIDTH="37" HEIGHT="15" WC="0.93" CONTENT="om"/><SP WIDTH="8" VPOS="1301" HPOS="729"/>
							<String ID="string_241" HPOS="737" VPOS="1294" WIDTH="127" HEIGHT="28" WC="0.93" CONTENT="invallning"/><SP WIDTH="8" VPOS="1294" HPOS="864"/>
							<String ID="string_242" HPOS="872" VPOS="1294" WIDTH="50" HEIGHT="21" WC="0.91" CONTENT="icke"/><SP WIDTH="9" VPOS="1294" HPOS="922"/>
							<String ID="string_243" HPOS="931" VPOS="1292" WIDTH="28" HEIGHT="22" WC="0.92" CONTENT="af:"/>
						</TextLine>
						<TextLine ID="line_33" HPOS="203" VPOS="1328" WIDTH="756" HEIGHT="29">
							<String ID="string_244" HPOS="203" VPOS="1335" WIDTH="35" HEIGHT="14" WC="0.96" CONTENT="ser"/><SP WIDTH="16" VPOS="1335" HPOS="238"/>
							<String ID="string_245" HPOS="254" VPOS="1331" WIDTH="69" HEIGHT="19" WC="0.96" CONTENT="annat"/><SP WIDTH="14" VPOS="1331" HPOS="323"/>
							<String ID="string_246" HPOS="337" VPOS="1331" WIDTH="30" HEIGHT="19" WC="0.96" CONTENT="än"/><SP WIDTH="10" VPOS="1331" HPOS="367"/>
							<String ID="string_247" HPOS="377" VPOS="1331" WIDTH="34" HEIGHT="18" WC="0.96" CONTENT="att"/><SP WIDTH="12" VPOS="1331" HPOS="411"/>
							<String ID="string_248" HPOS="423" VPOS="1336" WIDTH="82" HEIGHT="21" WC="0.92" CONTENT="genom"/><SP WIDTH="11" VPOS="1336" HPOS="505"/>
							<String ID="string_249" HPOS="516" VPOS="1328" WIDTH="111" HEIGHT="29" WC="0.92" CONTENT="byggnad"/><SP WIDTH="11" VPOS="1328" HPOS="627"/>
							<String ID="string_250" HPOS="638" VPOS="1330" WIDTH="30" HEIGHT="27" WC="0.93" CONTENT="pä"/><SP WIDTH="11" VPOS="1330" HPOS="668"/>
							<String ID="string_251" HPOS="679" VPOS="1328" WIDTH="108" HEIGHT="22" WC="0.92" CONTENT="stranden"/><SP WIDTH="12" VPOS="1328" HPOS="787"/>
							<String ID="string_252" HPOS="799" VPOS="1328" WIDTH="89" HEIGHT="28" WC="0.93" CONTENT="skydda"/><SP WIDTH="11" VPOS="1328" HPOS="888"/>
							<String ID="string_253" HPOS="899" VPOS="1328" WIDTH="60" HEIGHT="22" WC="0.92" CONTENT="invid"/>
						</TextLine>
						<TextLine ID="line_34" HPOS="203" VPOS="1362" WIDTH="756" HEIGHT="29">
							<String ID="string_254" HPOS="203" VPOS="1362" WIDTH="137" HEIGHT="28" WC="0.93" CONTENT="vattendrag"/><SP WIDTH="16" VPOS="1362" HPOS="340"/>
							<String ID="string_255" HPOS="356" VPOS="1362" WIDTH="97" HEIGHT="29" WC="0.93" CONTENT="belägen"/><SP WIDTH="15" VPOS="1362" HPOS="453"/>
							<String ID="string_256" HPOS="468" VPOS="1362" WIDTH="93" HEIGHT="29" WC="0.92" CONTENT="lägländ"/><SP WIDTH="15" VPOS="1362" HPOS="561"/>
							<String ID="string_257" HPOS="576" VPOS="1362" WIDTH="65" HEIGHT="22" WC="0.96" CONTENT="mark"/><SP WIDTH="12" VPOS="1362" HPOS="641"/>
							<String ID="string_258" HPOS="653" VPOS="1364" WIDTH="47" HEIGHT="20" WC="0.93" CONTENT="mot"/><SP WIDTH="11" VPOS="1364" HPOS="700"/>
							<String ID="string_259" HPOS="711" VPOS="1362" WIDTH="187" HEIGHT="28" WC="0.96" CONTENT="öfversvämning"/><SP WIDTH="11" VPOS="1362" HPOS="898"/>
							<String ID="string_260" HPOS="909" VPOS="1362" WIDTH="50" HEIGHT="22" WC="0.95" CONTENT="eller"/>
						</TextLine>
						<TextLine ID="line_35" HPOS="203" VPOS="1396" WIDTH="756" HEIGHT="29">
							<String ID="string_261" HPOS="203" VPOS="1403" WIDTH="76" HEIGHT="15" WC="0.96" CONTENT="annan"/><SP WIDTH="8" VPOS="1403" HPOS="279"/>
							<String ID="string_262" HPOS="287" VPOS="1396" WIDTH="71" HEIGHT="22" WC="0.95" CONTENT="skada"/><SP WIDTH="9" VPOS="1396" HPOS="358"/>
							<String ID="string_263" HPOS="367" VPOS="1396" WIDTH="25" HEIGHT="22" WC="0.89" CONTENT="ar"/><SP WIDTH="6" VPOS="1396" HPOS="392"/>
							<String ID="string_264" HPOS="398" VPOS="1399" WIDTH="96" HEIGHT="19" WC="0.73" CONTENT="vatinei."/><SP WIDTH="11" VPOS="1399" HPOS="494"/>
							<String ID="string_265" HPOS="505" VPOS="1397" WIDTH="109" HEIGHT="22" WC="0.35" CONTENT="Deremvi"/><SP WIDTH="10" VPOS="1397" HPOS="614"/>
							<String ID="string_266" HPOS="624" VPOS="1396" WIDTH="81" HEIGHT="22" WC="0.21" CONTENT="beidia"/><SP WIDTH="8" VPOS="1396" HPOS="705"/>
							<String ID="string_267" HPOS="713" VPOS="1396" WIDTH="182" HEIGHT="29" WC="0.61" CONTENT="piopositionens"/><SP WIDTH="9" VPOS="1396" HPOS="895"/>
							<String ID="string_268" HPOS="904" VPOS="1396" WIDTH="55" HEIGHT="22" WC="0.59" CONTENT="stad"/>
						</TextLine>
						<TextLine ID="line_36" HPOS="203" VPOS="1430" WIDTH="756" HEIGHT="29">
							<String ID="string_269" HPOS="203" VPOS="1430" WIDTH="92" HEIGHT="28" WC="0.92" CONTENT="ganden"/><SP WIDTH="10" VPOS="1430" HPOS="295"/>
							<String ID="string_270" HPOS="305" VPOS="1430" WIDTH="50" HEIGHT="22" WC="0.93" CONTENT="icke"/><SP WIDTH="11" VPOS="1430" HPOS="355"/>
							<String ID="string_271" HPOS="366" VPOS="1431" WIDTH="127" HEIGHT="28" WC="0.93" CONTENT="invallning"/><SP WIDTH="11" VPOS="1431" HPOS="493"/>
							<String ID="string_272" HPOS="504" VPOS="1431" WIDTH="26" HEIGHT="21" WC="0.93" CONTENT="af"/><SP WIDTH="8" VPOS="1431" HPOS="530"/>
							<String ID="string_273" HPOS="538" VPOS="1430" WIDTH="172" HEIGHT="23" WC="0.96" CONTENT="vattenområde"/><SP WIDTH="11" VPOS="1430" HPOS="710"/>
							<String ID="string_274" HPOS="721" VPOS="1430" WIDTH="36" HEIGHT="22" WC="0.93" CONTENT="för"/><SP WIDTH="8" VPOS="1430" HPOS="757"/>
							<String ID="string_275" HPOS="765" VPOS="1430" WIDTH="114" HEIGHT="22" WC="0.96" CONTENT="vinnande"/><SP WIDTH="10" VPOS="1430" HPOS="879"/>
							<String ID="string_276" HPOS="889" VPOS="1430" WIDTH="26" HEIGHT="22" WC="0.93" CONTENT="af"/><SP WIDTH="5" VPOS="1430" HPOS="915"/>
							<String ID="string_277" HPOS="920" VPOS="1430" WIDTH="39" HEIGHT="21" WC="0.64" CONTENT="till:"/>
						</TextLine>
					</TextBlock>
				</ComposedBlock>
			</PrintSpace>
		</Page>
	</Layout>
</alto>
