1048 1631
203 130 13 20 2
400 130 85 22 Ständ.
497 130 43 22 Sv.
559 143 20 3 —
598 130 76 29 Prop.
689 130 44 23 N:o
749 130 22 22 6.

203 201 53 22 lade
279 201 112 22 Ständers
416 201 132 29 antagande
570 202 153 21 öfverlemnat
747 204 34 20 ett
803 202 160 29 författnings-

202 235 91 29 förslag
321 235 120 29 angående
468 236 117 29 reglering
604 237 23 21 af
645 237 122 21 klockares
796 236 43 22 och
866 237 97 28 orgelni-

203 272 59 19 sters
290 269 106 30 aflöning
423 271 8 20 i
457 270 92 23 landets
576 271 267 28 evangelisk-lutherska
869 271 94 22 försam-

202 304 84 29 lingar.

273 339 79 22 Jemte
377 339 39 21 det
441 339 131 22 Ständerna
590 340 9 21 i
616 339 135 22 hufvudsak
778 339 106 30 godkänt
909 339 54 22 de
950 335 18 38 i

204 373 153 22 omförmälda
384 373 87 29 nådiga
495 374 145 29 proposition
658 374 132 29 föreslagna
809 373 153 30 stadganden,

204 407 71 22 hafva
304 407 132 22 Ständerna
463 408 73 22 likväl
564 411 77 19 ansett
668 408 84 29 nödigt
769 409 9 21 i
796 409 52 21 dem
866 408 96 29 vidtaga

203 443 75 28 några
297 442 133 29 ändringar.

273 476 106 22 Emedan
397 477 195 28 församlingarna
610 478 30 28 på
658 477 77 29 grund
753 477 24 22 af
795 477 35 22 sin
847 485 115 20 noggran-

203 518 57 15 nare
285 511 133 22 kännedom
439 519 37 14 om
499 511 227 22 ortsförhällandena
746 511 77 22 bättre
845 515 29 18 än
893 513 68 20 stats-

202 545 197 29 myndigheterna
426 546 74 21 förmå
527 545 99 22 bedöma
654 546 46 21 alla
727 547 30 27 på
783 545 178 30 ifrågavarande

202 579 184 29 lönereglerings
413 580 181 29 genomförande
621 580 119 22 verkande
764 579 197 30 omständigheter

203 614 43 21 och
265 614 40 21 det
324 614 98 22 sålunda
440 614 105 22 hvarken
563 622 56 14 vore
638 614 196 29 ändamålsenligt
852 615 56 21 eller
921 618 39 18 nö-

202 648 54 29 digt
275 651 35 19 att
328 648 143 23 härutinnan
494 649 115 28 begränsa
627 649 207 29 församlingarnas
853 649 108 28 befogen-

202 683 41 21 het
267 683 62 22 ända
356 683 95 28 derhän,
475 685 34 20 att
533 684 13 21 å
567 683 52 22 dem
642 683 75 22 skulle
739 683 122 22 ankomma
879 683 82 22 endast

201 717 170 29 upprättandet
393 718 24 21 af
439 717 95 29 förslag,
558 717 74 22 under
656 717 40 22 det
717 718 94 28 frågans
834 717 127 30 afgörande

202 751 185 22 öfverlemnades
405 753 25 20 åt
447 756 153 25 guvernören,
626 752 73 22 hafva
727 752 130 22 Ständerna
878 752 83 22 ändrat

204 787 12 20 1
236 793 69 15 mom.
325 787 14 20 2
360 787 13 26 $
391 787 8 21 i
417 787 266 28 författningsförslaget
704 787 105 27 sålunda,
834 789 35 19 att
887 787 73 28 roglo-

201 820 85 29 ringen
313 821 61 21 skall
401 821 139 22 verkställas
559 821 14 22 &
591 821 174 29 kyrkostämma
789 820 44 23 och
859 821 101 22 beslutet

202 855 155 22 öfverlemnas
384 855 38 22 till
447 855 149 22 fastställelse
622 856 24 21 af
673 859 151 25 guvernören,
843 863 48 14 som
909 855 51 22 icke

200 889 64 29 finge
291 889 72 22 ändra
388 889 106 28 beslutet,
516 892 58 19 utan
597 890 84 22 endast
702 889 113 23 stadfästa
834 889 125 22 detsamma

202 923 152 22 oförändradt
381 924 56 21 eller
464 925 137 21 äterförvisa
629 924 98 22 ärendet
749 924 37 22 till
804 924 99 29 förnyad
921 924 38 21 be-

200 957 117 30 handling
338 959 23 21 af
384 959 180 28 kyrkostämma.
600 959 144 28 Härigenom
767 966 90 14 vunnes
875 959 84 28 jemväl

201 995 74 20 större
293 993 162 29 likformighet
476 993 52 22 med
550 993 40 22 dot
606 993 183 29 förfaringssätt,
808 1001 49 14 som
874 993 85 22 iaktta-

200 1035 41 20 ges
268 1027 42 22 vid
337 1027 177 29 handläggning
536 1028 24 21 af
583 1031 129 25 guvernörs
739 1027 111 30 pröfning
876 1027 83 22 under-

202 1061 78 22 stälda
305 1062 149 22 kommunala
473 1062 107 22 ärenden.
611 1062 78 22 Sedan
708 1062 135 22 förberörda
858 1064 101 19 moment

202 1096 99 21 sälunda
319 1096 102 28 ändrats,
446 1096 43 23 har
507 1097 8 21 i
533 1097 109 21 afseende
661 1097 14 21 &
693 1096 215 29 ändringssökande
926 1103 33 14 er-

200 1130 103 22 fordrats
321 1139 30 14 en
369 1131 154 29 bestämning,
543 1133 35 20 att
596 1131 84 22 besvär
699 1131 64 22 öfver
775 1131 184 29 kyrkostämmas

201 1164 79 23 beslut
297 1166 24 21 fä
339 1166 9 21 i
366 1166 81 28 vanlig
466 1166 100 28 ordning
584 1166 100 22 anföras.

271 1200 47 21 Till
341 1200 189 22 förekommande
552 1200 23 22 af
597 1200 73 22 sädan
694 1200 153 28 uppfattning
869 1202 34 20 att
921 1207 37 14 en-

199 1234 46 28 ligt
263 1234 77 22 denna
358 1234 137 29 förordning
512 1234 109 23 faststäld
639 1234 41 22 lön
697 1234 73 22 borde
788 1234 24 22 af
823 1234 135 29 löntagaren

200 1268 119 30 uppbäras
334 1268 43 22 hos
395 1276 29 15 en
435 1269 58 22 hvar
505 1269 24 22 af
544 1269 28 22 de
584 1268 244 29 betalningsskyldige
842 1268 116 28 särskildt,

201 1302 73 22 hafva
287 1302 132 23 Ständerna
437 1304 139 28 förtydligat
591 1304 36 21 1:a
640 1305 127 20 momentet
781 1304 13 20 3
809 1304 13 26 $
834 1310 85 21 genom
931 1310 26 14 en

200 1337 157 29 bestämning,
370 1338 160 29 uttryckligen
542 1338 132 27 utvisande,
688 1339 35 20 att
736 1337 28 22 de
776 1337 38 21 till
827 1337 130 29 adöningen

200 1371 155 28 erforderliga
372 1372 92 22 medlen
481 1372 66 22 skola
565 1380 85 22 genom
673 1372 178 28 församlingens
869 1372 88 28 försorg

198 1406 120 29 uppbäras
337 1409 60 19 samt
415 1409 36 20 att
467 1407 167 29 församlingen
652 1408 44 21 har
713 1410 36 18 att
767 1406 94 29 erlägga
874 1407 25 21 ät
910 1406 47 22 iön-

199 1445 99 24 tagaren
316 1441 54 22 hela
388 1441 40 22 det
445 1441 117 23 utfästade
580 1442 172 28 lönebeloppet.
