<?xml version="1.0" encoding="UTF-8"?>
<alto xmlns="http://www.loc.gov/standards/alto/ns-v3#" xmlns:xlink="http://www.w3.org/1999/xlink" xmlns:xsi="http://www.w3.org/2001/XMLSchema-instance" xsi:schemaLocation="http://www.loc.gov/standards/alto/ns-v3# http://www.loc.gov/alto/v3/alto-3-0.xsd">
	<Description>
		<MeasurementUnit>pixel</MeasurementUnit>
		<sourceImageInformation>
			<fileName>/tmp/tess__woz71nj_input.PNG</fileName>
		</sourceImageInformation>
		<OCRProcessing ID="OCR_0">
			<ocrProcessingStep>
				<processingSoftware>
					<softwareName>tesseract 5.3.4</softwareName>
				</processingSoftware>
			</ocrProcessingStep>
		</OCRProcessing>
	</Description>
	<Layout>
		<Page WIDTH="1048" HEIGHT="1631" PHYSICAL_IMG_NR="0" ID="page_0">
			<PrintSpace HPOS="0" VPOS="0" WIDTH="1048" HEIGHT="1631">
				<ComposedBlock ID="cblock_0" HPOS="419" VPOS="97" WIDTH="397" HEIGHT="23">
					<TextBlock ID="block_0" HPOS="419" VPOS="97" WIDTH="397" HEIGHT="23">
						<TextLine ID="line_0" HPOS="419" VPOS="97" WIDTH="397" HEIGHT="23">
							<String ID="string_0" HPOS="419" VPOS="98" WIDTH="42" HEIGHT="22" WC="0.95" CONTENT="N:o"/><SP WIDTH="16" VPOS="98" HPOS="461"/>
							<String ID="string_1" HPOS="477" VPOS="98" WIDTH="20" HEIGHT="21" WC="0.96" CONTENT="3."/><SP WIDTH="306" VPOS="98" HPOS="497"/>
							<String ID="string_2" HPOS="803" VPOS="97" WIDTH="13" HEIGHT="22" WC="0.96" CONTENT="5"/>
						</TextLine>
					</TextBlock>
				</ComposedBlock>
				<ComposedBlock ID="cblock_1" HPOS="86" VPOS="166" WIDTH="761" HEIGHT="97">
					<TextBlock ID="block_1" HPOS="86" VPOS="166" WIDTH="761" HEIGHT="97">
						<TextLine ID="line_1" HPOS="155" VPOS="166" WIDTH="692" HEIGHT="29">
							<String ID="string_3" HPOS="155" VPOS="166" WIDTH="132" HEIGHT="28" WC="0.96" CONTENT="Ersättning,"/><SP WIDTH="16" VPOS="166" HPOS="287"/>
							<String ID="string_4" HPOS="303" VPOS="172" WIDTH="46" HEIGHT="16" WC="0.96" CONTENT="som"/><SP WIDTH="15" VPOS="172" HPOS="349"/>
							<String ID="string_5" HPOS="364" VPOS="166" WIDTH="28" HEIGHT="28" WC="0.96" CONTENT="på"/><SP WIDTH="15" VPOS="166" HPOS="392"/>
							<String ID="string_6" HPOS="407" VPOS="166" WIDTH="70" HEIGHT="28" WC="0.96" CONTENT="grund"/><SP WIDTH="14" VPOS="166" HPOS="477"/>
							<String ID="string_7" HPOS="491" VPOS="166" WIDTH="25" HEIGHT="22" WC="0.96" CONTENT="af"/><SP WIDTH="13" VPOS="166" HPOS="516"/>
							<String ID="string_8" HPOS="529" VPOS="166" WIDTH="70" HEIGHT="22" WC="0.92" CONTENT="denna"/><SP WIDTH="5" VPOS="166" HPOS="599"/>
							<String ID="string_9" HPOS="604" VPOS="162" WIDTH="10" HEIGHT="37" WC="0.82" CONTENT="&amp;"/><SP WIDTH="16" VPOS="162" HPOS="614"/>
							<String ID="string_10" HPOS="630" VPOS="166" WIDTH="99" HEIGHT="28" WC="0.93" CONTENT="utgifves,"/><SP WIDTH="10" VPOS="166" HPOS="729"/>
							<String ID="string_11" HPOS="739" VPOS="166" WIDTH="108" HEIGHT="23" WC="0.96" CONTENT="beräknas"/>
						</TextLine>
						<TextLine ID="line_2" HPOS="86" VPOS="200" WIDTH="759" HEIGHT="29">
							<String ID="string_12" HPOS="86" VPOS="200" WIDTH="55" HEIGHT="22" WC="0.95" CONTENT="efter"/><SP WIDTH="22" VPOS="200" HPOS="141"/>
							<String ID="string_13" HPOS="163" VPOS="200" WIDTH="41" HEIGHT="23" WC="0.93" CONTENT="den"/><SP WIDTH="15" VPOS="200" HPOS="204"/>
							<String ID="string_14" HPOS="219" VPOS="201" WIDTH="108" HEIGHT="22" WC="0.92" CONTENT="ordinarie"/><SP WIDTH="14" VPOS="201" HPOS="327"/>
							<String ID="string_15" HPOS="341" VPOS="201" WIDTH="35" HEIGHT="22" WC="0.93" CONTENT="lön"/><SP WIDTH="15" VPOS="201" HPOS="376"/>
							<String ID="string_16" HPOS="391" VPOS="201" WIDTH="13" HEIGHT="22" WC="0.91" CONTENT="&amp;"/><SP WIDTH="15" VPOS="201" HPOS="404"/>
							<String ID="string_17" HPOS="419" VPOS="201" WIDTH="113" HEIGHT="22" WC="0.92" CONTENT="städernas"/><SP WIDTH="15" VPOS="201" HPOS="532"/>
							<String ID="string_18" HPOS="547" VPOS="202" WIDTH="75" HEIGHT="25" WC="0.92" CONTENT="stater,"/><SP WIDTH="16" VPOS="202" HPOS="622"/>
							<String ID="string_19" HPOS="638" VPOS="201" WIDTH="98" HEIGHT="22" WC="0.91" CONTENT="bemälde"/><SP WIDTH="19" VPOS="201" HPOS="736"/>
							<String ID="string_20" HPOS="755" VPOS="201" WIDTH="90" HEIGHT="28" WC="0.91" CONTENT="tjenste-"/>
						</TextLine>
						<TextLine ID="line_3" HPOS="86" VPOS="235" WIDTH="474" HEIGHT="28">
							<String ID="string_21" HPOS="86" VPOS="236" WIDTH="48" HEIGHT="20" WC="0.92" CONTENT="män"/><SP WIDTH="16" VPOS="236" HPOS="134"/>
							<String ID="string_22" HPOS="150" VPOS="235" WIDTH="91" HEIGHT="27" WC="0.92" CONTENT="ätnjuta,"/><SP WIDTH="16" VPOS="235" HPOS="241"/>
							<String ID="string_23" HPOS="257" VPOS="235" WIDTH="40" HEIGHT="22" WC="0.93" CONTENT="och"/><SP WIDTH="14" VPOS="235" HPOS="297"/>
							<String ID="string_24" HPOS="311" VPOS="235" WIDTH="63" HEIGHT="28" WC="0.92" CONTENT="utgär"/><SP WIDTH="15" VPOS="235" HPOS="374"/>
							<String ID="string_25" HPOS="389" VPOS="235" WIDTH="23" HEIGHT="22" WC="0.93" CONTENT="af"/><SP WIDTH="13" VPOS="235" HPOS="412"/>
							<String ID="string_26" HPOS="425" VPOS="236" WIDTH="135" HEIGHT="21" WC="0.92" CONTENT="statsmedel."/>
						</TextLine>
					</TextBlock>
				</ComposedBlock>
				<ComposedBlock ID="cblock_2" HPOS="84" VPOS="299" WIDTH="761" HEIGHT="343">
					<TextBlock ID="block_2" HPOS="441" VPOS="299" WIDTH="48" HEIGHT="27">
						<TextLine ID="line_4" HPOS="441" VPOS="299" WIDTH="48" HEIGHT="27">
							<String ID="string_27" HPOS="441" VPOS="299" WIDTH="48" HEIGHT="27" WC="0.86" CONTENT="83."/>
						</TextLine>
					</TextBlock>
					<TextBlock ID="block_3" HPOS="84" VPOS="338" WIDTH="761" HEIGHT="304">
						<TextLine ID="line_5" HPOS="154" VPOS="338" WIDTH="691" HEIGHT="28">
							<String ID="string_28" HPOS="154" VPOS="339" WIDTH="11" HEIGHT="21" WC="0.96" CONTENT="I"/><SP WIDTH="15" VPOS="339" HPOS="165"/>
							<String ID="string_29" HPOS="180" VPOS="339" WIDTH="102" HEIGHT="21" WC="0.96" CONTENT="händelse"/><SP WIDTH="15" VPOS="339" HPOS="282"/>
							<String ID="string_30" HPOS="297" VPOS="345" WIDTH="41" HEIGHT="21" WC="0.92" CONTENT="nya"/><SP WIDTH="14" VPOS="345" HPOS="338"/>
							<String ID="string_31" HPOS="352" VPOS="339" WIDTH="143" HEIGHT="27" WC="0.91" CONTENT="underrätter,"/><SP WIDTH="16" VPOS="339" HPOS="495"/>
							<String ID="string_32" HPOS="511" VPOS="339" WIDTH="118" HEIGHT="21" WC="0.96" CONTENT="bestående"/><SP WIDTH="16" VPOS="339" HPOS="629"/>
							<String ID="string_33" HPOS="645" VPOS="338" WIDTH="23" HEIGHT="21" WC="0.93" CONTENT="af"/><SP WIDTH="13" VPOS="338" HPOS="668"/>
							<String ID="string_34" HPOS="681" VPOS="338" WIDTH="50" HEIGHT="22" WC="0.93" CONTENT="flere"/><SP WIDTH="15" VPOS="338" HPOS="731"/>
							<String ID="string_35" HPOS="746" VPOS="338" WIDTH="99" HEIGHT="27" WC="0.92" CONTENT="lagfarne"/>
						</TextLine>
						<TextLine ID="line_6" HPOS="85" VPOS="373" WIDTH="760" HEIGHT="28">
							<String ID="string_36" HPOS="85" VPOS="373" WIDTH="127" HEIGHT="27" WC="0.90" CONTENT="ledamöter,"/><SP WIDTH="22" VPOS="373" HPOS="212"/>
							<String ID="string_37" HPOS="234" VPOS="373" WIDTH="65" HEIGHT="22" WC="0.92" CONTENT="varde"/><SP WIDTH="22" VPOS="373" HPOS="299"/>
							<String ID="string_38" HPOS="321" VPOS="379" WIDTH="76" HEIGHT="22" WC="0.93" CONTENT="genom"/><SP WIDTH="24" VPOS="379" HPOS="397"/>
							<String ID="string_39" HPOS="421" VPOS="373" WIDTH="214" HEIGHT="22" WC="0.92" CONTENT="domstolsreformen"/><SP WIDTH="23" VPOS="373" HPOS="635"/>
							<String ID="string_40" HPOS="658" VPOS="373" WIDTH="111" HEIGHT="21" WC="0.92" CONTENT="inrättade"/><SP WIDTH="18" VPOS="373" HPOS="769"/>
							<String ID="string_41" HPOS="787" VPOS="374" WIDTH="58" HEIGHT="20" WC="0.96" CONTENT="samt"/>
						</TextLine>
						<TextLine ID="line_7" HPOS="84" VPOS="407" WIDTH="759" HEIGHT="28">
							<String ID="string_42" HPOS="84" VPOS="408" WIDTH="84" HEIGHT="21" WC="0.93" CONTENT="antalet"/><SP WIDTH="21" VPOS="408" HPOS="168"/>
							<String ID="string_43" HPOS="189" VPOS="407" WIDTH="119" HEIGHT="22" WC="0.92" CONTENT="ledamöter"/><SP WIDTH="18" VPOS="407" HPOS="308"/>
							<String ID="string_44" HPOS="326" VPOS="408" WIDTH="6" HEIGHT="21" WC="0.93" CONTENT="i"/><SP WIDTH="19" VPOS="408" HPOS="332"/>
							<String ID="string_45" HPOS="351" VPOS="408" WIDTH="131" HEIGHT="22" WC="0.92" CONTENT="hofrätterne"/><SP WIDTH="20" VPOS="408" HPOS="482"/>
							<String ID="string_46" HPOS="502" VPOS="409" WIDTH="49" HEIGHT="20" WC="0.93" CONTENT="med"/><SP WIDTH="16" VPOS="409" HPOS="551"/>
							<String ID="string_47" HPOS="567" VPOS="408" WIDTH="116" HEIGHT="27" WC="0.92" CONTENT="anledning"/><SP WIDTH="16" VPOS="408" HPOS="683"/>
							<String ID="string_48" HPOS="699" VPOS="407" WIDTH="24" HEIGHT="22" WC="0.93" CONTENT="af"/><SP WIDTH="13" VPOS="407" HPOS="723"/>
							<String ID="string_49" HPOS="736" VPOS="407" WIDTH="107" HEIGHT="22" WC="0.93" CONTENT="reformen"/>
						</TextLine>
						<TextLine ID="line_8" HPOS="85" VPOS="441" WIDTH="760" HEIGHT="29">
							<String ID="string_50" HPOS="85" VPOS="441" WIDTH="103" HEIGHT="28" WC="0.92" CONTENT="minskas,"/><SP WIDTH="22" VPOS="441" HPOS="188"/>
							<String ID="string_51" HPOS="210" VPOS="442" WIDTH="35" HEIGHT="21" WC="0.96" CONTENT="mä"/><SP WIDTH="15" VPOS="442" HPOS="245"/>
							<String ID="string_52" HPOS="260" VPOS="442" WIDTH="93" HEIGHT="22" WC="0.96" CONTENT="ledamot"/><SP WIDTH="18" VPOS="442" HPOS="353"/>
							<String ID="string_53" HPOS="371" VPOS="443" WIDTH="6" HEIGHT="21" WC="0.93" CONTENT="i"/><SP WIDTH="18" VPOS="443" HPOS="377"/>
							<String ID="string_54" HPOS="395" VPOS="442" WIDTH="90" HEIGHT="28" WC="0.93" CONTENT="hofrätt,"/><SP WIDTH="19" VPOS="442" HPOS="485"/>
							<String ID="string_55" HPOS="504" VPOS="442" WIDTH="6" HEIGHT="22" WC="0.93" CONTENT="i"/><SP WIDTH="21" VPOS="442" HPOS="510"/>
							<String ID="string_56" HPOS="531" VPOS="442" WIDTH="86" HEIGHT="22" WC="0.92" CONTENT="hvilken"/><SP WIDTH="15" VPOS="442" HPOS="617"/>
							<String ID="string_57" HPOS="632" VPOS="442" WIDTH="66" HEIGHT="22" WC="0.93" CONTENT="sädan"/><SP WIDTH="17" VPOS="442" HPOS="698"/>
							<String ID="string_58" HPOS="715" VPOS="441" WIDTH="130" HEIGHT="27" WC="0.93" CONTENT="befattning,"/>
						</TextLine>
						<TextLine ID="line_9" HPOS="85" VPOS="475" WIDTH="760" HEIGHT="30">
							<String ID="string_59" HPOS="85" VPOS="482" WIDTH="47" HEIGHT="16" WC="0.96" CONTENT="som"/><SP WIDTH="16" VPOS="482" HPOS="132"/>
							<String ID="string_60" HPOS="148" VPOS="477" WIDTH="42" HEIGHT="21" WC="0.96" CONTENT="den"/><SP WIDTH="16" VPOS="477" HPOS="190"/>
							<String ID="string_61" HPOS="206" VPOS="476" WIDTH="24" HEIGHT="22" WC="0.96" CONTENT="af"/><SP WIDTH="13" VPOS="476" HPOS="230"/>
							<String ID="string_62" HPOS="243" VPOS="477" WIDTH="77" HEIGHT="22" WC="0.93" CONTENT="honom"/><SP WIDTH="16" VPOS="477" HPOS="320"/>
							<String ID="string_63" HPOS="336" VPOS="477" WIDTH="122" HEIGHT="28" WC="0.91" CONTENT="innehafda,"/><SP WIDTH="11" VPOS="477" HPOS="458"/>
							<String ID="string_64" HPOS="469" VPOS="477" WIDTH="7" HEIGHT="21" WC="0.96" CONTENT="i"/><SP WIDTH="11" VPOS="477" HPOS="476"/>
							<String ID="string_65" HPOS="487" VPOS="477" WIDTH="54" HEIGHT="28" WC="0.93" CONTENT="följd"/><SP WIDTH="11" VPOS="477" HPOS="541"/>
							<String ID="string_66" HPOS="552" VPOS="477" WIDTH="66" HEIGHT="22" WC="0.92" CONTENT="häraf"/><SP WIDTH="8" VPOS="477" HPOS="618"/>
							<String ID="string_67" HPOS="626" VPOS="477" WIDTH="106" HEIGHT="27" WC="0.92" CONTENT="indrages,"/><SP WIDTH="11" VPOS="477" HPOS="732"/>
							<String ID="string_68" HPOS="743" VPOS="476" WIDTH="25" HEIGHT="22" WC="0.93" CONTENT="sä"/><SP WIDTH="10" VPOS="476" HPOS="768"/>
							<String ID="string_69" HPOS="778" VPOS="475" WIDTH="67" HEIGHT="22" WC="0.91" CONTENT="framt"/>
						</TextLine>
						<TextLine ID="line_10" HPOS="85" VPOS="509" WIDTH="759" HEIGHT="29">
							<String ID="string_70" HPOS="85" VPOS="511" WIDTH="43" HEIGHT="22" WC="0.91" CONTENT="han"/><SP WIDTH="16" VPOS="511" HPOS="128"/>
							<String ID="string_71" HPOS="144" VPOS="511" WIDTH="46" HEIGHT="22" WC="0.89" CONTENT="icke"/><SP WIDTH="15" VPOS="511" HPOS="190"/>
							<String ID="string_72" HPOS="205" VPOS="511" WIDTH="70" HEIGHT="22" WC="0.92" CONTENT="blifvit"/><SP WIDTH="15" VPOS="511" HPOS="275"/>
							<String ID="string_73" HPOS="290" VPOS="511" WIDTH="45" HEIGHT="22" WC="0.93" CONTENT="före"/><SP WIDTH="16" VPOS="511" HPOS="335"/>
							<String ID="string_74" HPOS="351" VPOS="511" WIDTH="138" HEIGHT="22" WC="0.92" CONTENT="utfärdandet"/><SP WIDTH="15" VPOS="511" HPOS="489"/>
							<String ID="string_75" HPOS="504" VPOS="511" WIDTH="24" HEIGHT="22" WC="0.96" CONTENT="af"/><SP WIDTH="15" VPOS="511" HPOS="528"/>
							<String ID="string_76" HPOS="543" VPOS="512" WIDTH="70" HEIGHT="21" WC="0.93" CONTENT="denna"/><SP WIDTH="15" VPOS="512" HPOS="613"/>
							<String ID="string_77" HPOS="628" VPOS="511" WIDTH="123" HEIGHT="27" WC="0.93" CONTENT="förordning"/><SP WIDTH="15" VPOS="511" HPOS="751"/>
							<String ID="string_78" HPOS="766" VPOS="510" WIDTH="33" HEIGHT="22" WC="0.93" CONTENT="till"/><SP WIDTH="11" VPOS="510" HPOS="799"/>
							<String ID="string_79" HPOS="810" VPOS="509" WIDTH="34" HEIGHT="22" WC="0.96" CONTENT="sin"/>
						</TextLine>
						<TextLine ID="line_11" HPOS="85" VPOS="545" WIDTH="759" HEIGHT="28">
							<String ID="string_80" HPOS="85" VPOS="546" WIDTH="67" HEIGHT="27" WC="0.88" CONTENT="tjenst"/><SP WIDTH="19" VPOS="546" HPOS="152"/>
							<String ID="string_81" HPOS="171" VPOS="545" WIDTH="110" HEIGHT="28" WC="0.88" CONTENT="utnämnd,"/><SP WIDTH="18" VPOS="545" HPOS="281"/>
							<String ID="string_82" HPOS="299" VPOS="545" WIDTH="72" HEIGHT="22" WC="0.93" CONTENT="kunna"/><SP WIDTH="15" VPOS="545" HPOS="371"/>
							<String ID="string_83" HPOS="386" VPOS="545" WIDTH="119" HEIGHT="23" WC="0.93" CONTENT="öfverföras"/><SP WIDTH="16" VPOS="545" HPOS="505"/>
							<String ID="string_84" HPOS="521" VPOS="547" WIDTH="33" HEIGHT="20" WC="0.93" CONTENT="till"/><SP WIDTH="17" VPOS="547" HPOS="554"/>
							<String ID="string_85" HPOS="571" VPOS="545" WIDTH="251" HEIGHT="26" WC="0.92" CONTENT="ordförandebefattning"/><SP WIDTH="15" VPOS="545" HPOS="822"/>
							<String ID="string_86" HPOS="837" VPOS="545" WIDTH="7" HEIGHT="20" WC="0.96" CONTENT="i"/>
						</TextLine>
						<TextLine ID="line_12" HPOS="85" VPOS="579" WIDTH="759" HEIGHT="29">
							<String ID="string_87" HPOS="85" VPOS="579" WIDTH="65" HEIGHT="22" WC="0.92" CONTENT="sädan"/><SP WIDTH="16" VPOS="579" HPOS="150"/>
							<String ID="string_88" HPOS="166" VPOS="580" WIDTH="118" HEIGHT="28" WC="0.92" CONTENT="underrätt,"/><SP WIDTH="15" VPOS="580" HPOS="284"/>
							<String ID="string_89" HPOS="299" VPOS="583" WIDTH="52" HEIGHT="19" WC="0.93" CONTENT="utan"/><SP WIDTH="16" VPOS="583" HPOS="351"/>
							<String ID="string_90" HPOS="367" VPOS="580" WIDTH="153" HEIGHT="28" WC="0.93" CONTENT="inskränkning"/><SP WIDTH="17" VPOS="580" HPOS="520"/>
							<String ID="string_91" HPOS="537" VPOS="581" WIDTH="7" HEIGHT="20" WC="0.87" CONTENT="i"/><SP WIDTH="11" VPOS="581" HPOS="544"/>
							<String ID="string_92" HPOS="555" VPOS="580" WIDTH="100" HEIGHT="22" WC="0.87" CONTENT="afseende"/><SP WIDTH="11" VPOS="580" HPOS="655"/>
							<String ID="string_93" HPOS="666" VPOS="580" WIDTH="13" HEIGHT="21" WC="0.92" CONTENT="ä"/><SP WIDTH="10" VPOS="580" HPOS="679"/>
							<String ID="string_94" HPOS="689" VPOS="580" WIDTH="40" HEIGHT="21" WC="0.96" CONTENT="den"/><SP WIDTH="11" VPOS="580" HPOS="729"/>
							<String ID="string_95" HPOS="740" VPOS="582" WIDTH="35" HEIGHT="19" WC="0.96" CONTENT="ort"/><SP WIDTH="10" VPOS="582" HPOS="775"/>
							<String ID="string_96" HPOS="785" VPOS="579" WIDTH="59" HEIGHT="22" WC="0.96" CONTENT="inom"/>
						</TextLine>
						<TextLine ID="line_13" HPOS="85" VPOS="614" WIDTH="614" HEIGHT="28">
							<String ID="string_97" HPOS="85" VPOS="615" WIDTH="78" HEIGHT="26" WC="0.96" CONTENT="landet,"/><SP WIDTH="17" VPOS="615" HPOS="163"/>
							<String ID="string_98" HPOS="180" VPOS="614" WIDTH="38" HEIGHT="21" WC="0.93" CONTENT="der"/><SP WIDTH="13" VPOS="614" HPOS="218"/>
							<String ID="string_99" HPOS="231" VPOS="614" WIDTH="107" HEIGHT="28" WC="0.93" CONTENT="sistsagda"/><SP WIDTH="15" VPOS="614" HPOS="338"/>
							<String ID="string_100" HPOS="353" VPOS="615" WIDTH="118" HEIGHT="27" WC="0.92" CONTENT="befattning"/><SP WIDTH="16" VPOS="615" HPOS="471"/>
							<String ID="string_101" HPOS="487" VPOS="615" WIDTH="55" HEIGHT="22" WC="0.93" CONTENT="skall"/><SP WIDTH="16" VPOS="615" HPOS="542"/>
							<String ID="string_102" HPOS="558" VPOS="615" WIDTH="141" HEIGHT="21" WC="0.91" CONTENT="handhafvas."/>
						</TextLine>
					</TextBlock>
				</ComposedBlock>
				<ComposedBlock ID="cblock_3" HPOS="83" VPOS="679" WIDTH="763" HEIGHT="377">
					<TextBlock ID="block_4" HPOS="83" VPOS="679" WIDTH="763" HEIGHT="377">
						<TextLine ID="line_14" HPOS="442" VPOS="679" WIDTH="47" HEIGHT="27">
							<String ID="string_103" HPOS="442" VPOS="679" WIDTH="11" HEIGHT="27" WC="0.92" CONTENT="8"/><SP WIDTH="17" VPOS="679" HPOS="453"/>
							<String ID="string_104" HPOS="470" VPOS="680" WIDTH="19" HEIGHT="19" WC="0.92" CONTENT="4."/>
						</TextLine>
						<TextLine ID="line_15" HPOS="152" VPOS="718" WIDTH="692" HEIGHT="28">
							<String ID="string_105" HPOS="152" VPOS="719" WIDTH="83" HEIGHT="27" WC="0.91" CONTENT="Vägrar"/><SP WIDTH="16" VPOS="719" HPOS="235"/>
							<String ID="string_106" HPOS="251" VPOS="718" WIDTH="94" HEIGHT="22" WC="0.96" CONTENT="ledamot"/><SP WIDTH="16" VPOS="718" HPOS="345"/>
							<String ID="string_107" HPOS="361" VPOS="718" WIDTH="6" HEIGHT="21" WC="0.93" CONTENT="i"/><SP WIDTH="16" VPOS="718" HPOS="367"/>
							<String ID="string_108" HPOS="383" VPOS="718" WIDTH="81" HEIGHT="23" WC="0.93" CONTENT="hofrätt"/><SP WIDTH="15" VPOS="718" HPOS="464"/>
							<String ID="string_109" HPOS="479" VPOS="719" WIDTH="53" HEIGHT="21" WC="0.93" CONTENT="eller"/><SP WIDTH="11" VPOS="719" HPOS="532"/>
							<String ID="string_110" HPOS="543" VPOS="719" WIDTH="168" HEIGHT="26" WC="0.92" CONTENT="häradshöfding"/><SP WIDTH="11" VPOS="719" HPOS="711"/>
							<String ID="string_111" HPOS="722" VPOS="721" WIDTH="33" HEIGHT="19" WC="0.93" CONTENT="att"/><SP WIDTH="10" VPOS="721" HPOS="755"/>
							<String ID="string_112" HPOS="765" VPOS="721" WIDTH="79" HEIGHT="24" WC="0.92" CONTENT="antaga"/>
						</TextLine>
						<TextLine ID="line_16" HPOS="85" VPOS="753" WIDTH="761" HEIGHT="28">
							<String ID="string_113" HPOS="85" VPOS="753" WIDTH="53" HEIGHT="22" WC="0.93" CONTENT="eller"/><SP WIDTH="17" VPOS="753" HPOS="138"/>
							<String ID="string_114" HPOS="155" VPOS="753" WIDTH="98" HEIGHT="22" WC="0.93" CONTENT="tillträda"/><SP WIDTH="19" VPOS="753" HPOS="253"/>
							<String ID="string_115" HPOS="272" VPOS="753" WIDTH="71" HEIGHT="27" WC="0.92" CONTENT="tjenst,"/><SP WIDTH="20" VPOS="753" HPOS="343"/>
							<String ID="string_116" HPOS="363" VPOS="759" WIDTH="45" HEIGHT="16" WC="0.96" CONTENT="som"/><SP WIDTH="17" VPOS="759" HPOS="408"/>
							<String ID="string_117" HPOS="425" VPOS="753" WIDTH="79" HEIGHT="22" WC="0.96" CONTENT="honom"/><SP WIDTH="16" VPOS="753" HPOS="504"/>
							<String ID="string_118" HPOS="520" VPOS="753" WIDTH="8" HEIGHT="22" WC="0.96" CONTENT="i"/><SP WIDTH="16" VPOS="753" HPOS="528"/>
							<String ID="string_119" HPOS="544" VPOS="753" WIDTH="95" HEIGHT="28" WC="0.96" CONTENT="enlighet"/><SP WIDTH="14" VPOS="753" HPOS="639"/>
							<String ID="string_120" HPOS="653" VPOS="753" WIDTH="49" HEIGHT="22" WC="0.96" CONTENT="med"/><SP WIDTH="15" VPOS="753" HPOS="702"/>
							<String ID="string_121" HPOS="717" VPOS="753" WIDTH="70" HEIGHT="22" WC="0.93" CONTENT="denna"/><SP WIDTH="14" VPOS="753" HPOS="787"/>
							<String ID="string_122" HPOS="801" VPOS="753" WIDTH="45" HEIGHT="21" WC="0.92" CONTENT="för-"/>
						</TextLine>
						<TextLine ID="line_17" HPOS="85" VPOS="787" WIDTH="758" HEIGHT="28">
							<String ID="string_123" HPOS="85" VPOS="788" WIDTH="92" HEIGHT="27" WC="0.93" CONTENT="ordning"/><SP WIDTH="21" VPOS="788" HPOS="177"/>
							<String ID="string_124" HPOS="198" VPOS="787" WIDTH="99" HEIGHT="28" WC="0.90" CONTENT="erbjudes"/><SP WIDTH="22" VPOS="787" HPOS="297"/>
							<String ID="string_125" HPOS="319" VPOS="788" WIDTH="52" HEIGHT="21" WC="0.90" CONTENT="eller"/><SP WIDTH="22" VPOS="788" HPOS="371"/>
							<String ID="string_126" HPOS="393" VPOS="788" WIDTH="90" HEIGHT="27" WC="0.91" CONTENT="anvisas,"/><SP WIDTH="24" VPOS="788" HPOS="483"/>
							<String ID="string_127" HPOS="507" VPOS="790" WIDTH="53" HEIGHT="19" WC="0.96" CONTENT="utan"/><SP WIDTH="22" VPOS="790" HPOS="560"/>
							<String ID="string_128" HPOS="582" VPOS="790" WIDTH="34" HEIGHT="19" WC="0.96" CONTENT="att"/><SP WIDTH="23" VPOS="790" HPOS="616"/>
							<String ID="string_129" HPOS="639" VPOS="787" WIDTH="41" HEIGHT="22" WC="0.96" CONTENT="han"/><SP WIDTH="19" VPOS="787" HPOS="680"/>
							<String ID="string_130" HPOS="699" VPOS="790" WIDTH="26" HEIGHT="19" WC="0.96" CONTENT="är"/><SP WIDTH="19" VPOS="790" HPOS="725"/>
							<String ID="string_131" HPOS="744" VPOS="787" WIDTH="34" HEIGHT="22" WC="0.96" CONTENT="till"/><SP WIDTH="16" VPOS="787" HPOS="778"/>
							<String ID="string_132" HPOS="794" VPOS="787" WIDTH="49" HEIGHT="21" WC="0.96" CONTENT="dess"/>
						</TextLine>
						<TextLine ID="line_18" HPOS="83" VPOS="821" WIDTH="760" HEIGHT="28">
							<String ID="string_133" HPOS="83" VPOS="821" WIDTH="140" HEIGHT="23" WC="0.96" CONTENT="bestridande"/><SP WIDTH="18" VPOS="821" HPOS="223"/>
							<String ID="string_134" HPOS="241" VPOS="821" WIDTH="23" HEIGHT="22" WC="0.93" CONTENT="af"/><SP WIDTH="18" VPOS="821" HPOS="264"/>
							<String ID="string_135" HPOS="282" VPOS="821" WIDTH="66" HEIGHT="28" WC="0.95" CONTENT="ålder,"/><SP WIDTH="17" VPOS="821" HPOS="348"/>
							<String ID="string_136" HPOS="365" VPOS="822" WIDTH="117" HEIGHT="27" WC="0.96" CONTENT="sjuklighet"/><SP WIDTH="15" VPOS="822" HPOS="482"/>
							<String ID="string_137" HPOS="497" VPOS="823" WIDTH="55" HEIGHT="21" WC="0.94" CONTENT="eller"/><SP WIDTH="16" VPOS="823" HPOS="552"/>
							<String ID="string_138" HPOS="568" VPOS="828" WIDTH="70" HEIGHT="15" WC="0.93" CONTENT="annan"/><SP WIDTH="16" VPOS="828" HPOS="638"/>
							<String ID="string_139" HPOS="654" VPOS="821" WIDTH="109" HEIGHT="28" WC="0.96" CONTENT="synnerlig"/><SP WIDTH="15" VPOS="821" HPOS="763"/>
							<String ID="string_140" HPOS="778" VPOS="821" WIDTH="65" HEIGHT="22" WC="0.94" CONTENT="orsak"/>
						</TextLine>
						<TextLine ID="line_19" HPOS="84" VPOS="856" WIDTH="759" HEIGHT="27">
							<String ID="string_141" HPOS="84" VPOS="856" WIDTH="143" HEIGHT="27" WC="0.91" CONTENT="urståndsatt,"/><SP WIDTH="15" VPOS="856" HPOS="227"/>
							<String ID="string_142" HPOS="242" VPOS="856" WIDTH="65" HEIGHT="22" WC="0.96" CONTENT="varde"/><SP WIDTH="15" VPOS="856" HPOS="307"/>
							<String ID="string_143" HPOS="322" VPOS="856" WIDTH="42" HEIGHT="22" WC="0.95" CONTENT="han"/><SP WIDTH="16" VPOS="856" HPOS="364"/>
							<String ID="string_144" HPOS="380" VPOS="863" WIDTH="25" HEIGHT="15" WC="0.95" CONTENT="ur"/><SP WIDTH="14" VPOS="863" HPOS="405"/>
							<String ID="string_145" HPOS="419" VPOS="859" WIDTH="82" HEIGHT="19" WC="0.93" CONTENT="statens"/><SP WIDTH="16" VPOS="859" HPOS="501"/>
							<String ID="string_146" HPOS="517" VPOS="857" WIDTH="67" HEIGHT="26" WC="0.91" CONTENT="tjenst"/><SP WIDTH="15" VPOS="857" HPOS="584"/>
							<String ID="string_147" HPOS="599" VPOS="857" WIDTH="102" HEIGHT="21" WC="0.92" CONTENT="afskedad"/><SP WIDTH="15" VPOS="857" HPOS="701"/>
							<String ID="string_148" HPOS="716" VPOS="857" WIDTH="48" HEIGHT="21" WC="0.96" CONTENT="med"/><SP WIDTH="12" VPOS="857" HPOS="764"/>
							<String ID="string_149" HPOS="776" VPOS="856" WIDTH="67" HEIGHT="21" WC="0.96" CONTENT="sådan"/>
						</TextLine>
						<TextLine ID="line_20" HPOS="84" VPOS="890" WIDTH="759" HEIGHT="28">
							<String ID="string_150" HPOS="84" VPOS="891" WIDTH="97" HEIGHT="27" WC="0.96" CONTENT="pension,"/><SP WIDTH="23" VPOS="891" HPOS="181"/>
							<String ID="string_151" HPOS="204" VPOS="897" WIDTH="45" HEIGHT="15" WC="0.96" CONTENT="som"/><SP WIDTH="23" VPOS="897" HPOS="249"/>
							<String ID="string_152" HPOS="272" VPOS="891" WIDTH="77" HEIGHT="21" WC="0.96" CONTENT="honom"/><SP WIDTH="21" VPOS="891" HPOS="349"/>
							<String ID="string_153" HPOS="370" VPOS="891" WIDTH="33" HEIGHT="27" WC="0.96" CONTENT="då,"/><SP WIDTH="16" VPOS="891" HPOS="403"/>
							<String ID="string_154" HPOS="419" VPOS="891" WIDTH="6" HEIGHT="21" WC="0.96" CONTENT="i"/><SP WIDTH="16" VPOS="891" HPOS="425"/>
							<String ID="string_155" HPOS="441" VPOS="891" WIDTH="136" HEIGHT="22" WC="0.96" CONTENT="förhållande"/><SP WIDTH="17" VPOS="891" HPOS="577"/>
							<String ID="string_156" HPOS="594" VPOS="891" WIDTH="32" HEIGHT="22" WC="0.93" CONTENT="till"/><SP WIDTH="16" VPOS="891" HPOS="626"/>
							<String ID="string_157" HPOS="642" VPOS="890" WIDTH="146" HEIGHT="23" WC="0.90" CONTENT="lefnadsålder"/><SP WIDTH="15" VPOS="890" HPOS="788"/>
							<String ID="string_158" HPOS="803" VPOS="890" WIDTH="40" HEIGHT="22" WC="0.96" CONTENT="och"/>
						</TextLine>
						<TextLine ID="line_21" HPOS="84" VPOS="925" WIDTH="497" HEIGHT="28">
							<String ID="string_159" HPOS="84" VPOS="925" WIDTH="120" HEIGHT="28" WC="0.90" CONTENT="tjenstetid,"/><SP WIDTH="16" VPOS="925" HPOS="204"/>
							<String ID="string_160" HPOS="220" VPOS="925" WIDTH="205" HEIGHT="28" WC="0.91" CONTENT="författningsenligt"/><SP WIDTH="16" VPOS="925" HPOS="425"/>
							<String ID="string_161" HPOS="441" VPOS="926" WIDTH="140" HEIGHT="21" WC="0.96" CONTENT="tillkommer."/>
						</TextLine>
						<TextLine ID="line_22" HPOS="153" VPOS="960" WIDTH="693" HEIGHT="28">
							<String ID="string_162" HPOS="153" VPOS="960" WIDTH="150" HEIGHT="27" WC="0.95" CONTENT="Borgmästare"/><SP WIDTH="19" VPOS="960" HPOS="303"/>
							<String ID="string_163" HPOS="322" VPOS="960" WIDTH="53" HEIGHT="22" WC="0.96" CONTENT="eller"/><SP WIDTH="14" VPOS="960" HPOS="375"/>
							<String ID="string_164" HPOS="389" VPOS="960" WIDTH="89" HEIGHT="22" WC="0.93" CONTENT="rådman"/><SP WIDTH="15" VPOS="960" HPOS="478"/>
							<String ID="string_165" HPOS="493" VPOS="960" WIDTH="70" HEIGHT="28" WC="0.91" CONTENT="gånge"/><SP WIDTH="15" VPOS="960" HPOS="563"/>
							<String ID="string_166" HPOS="578" VPOS="961" WIDTH="7" HEIGHT="21" WC="0.96" CONTENT="i"/><SP WIDTH="15" VPOS="961" HPOS="585"/>
							<String ID="string_167" HPOS="600" VPOS="961" WIDTH="78" HEIGHT="21" WC="0.96" CONTENT="sådant"/><SP WIDTH="15" VPOS="961" HPOS="678"/>
							<String ID="string_168" HPOS="693" VPOS="960" WIDTH="37" HEIGHT="22" WC="0.95" CONTENT="fall"/><SP WIDTH="16" VPOS="960" HPOS="730"/>
							<String ID="string_169" HPOS="746" VPOS="960" WIDTH="100" HEIGHT="27" WC="0.96" CONTENT="förlustig"/>
						</TextLine>
						<TextLine ID="line_23" HPOS="85" VPOS="995" WIDTH="757" HEIGHT="27">
							<String ID="string_170" HPOS="85" VPOS="995" WIDTH="40" HEIGHT="21" WC="0.95" CONTENT="den"/><SP WIDTH="22" VPOS="995" HPOS="125"/>
							<String ID="string_171" HPOS="147" VPOS="996" WIDTH="45" HEIGHT="20" WC="0.95" CONTENT="rätt"/><SP WIDTH="18" VPOS="996" HPOS="192"/>
							<String ID="string_172" HPOS="210" VPOS="995" WIDTH="32" HEIGHT="21" WC="0.96" CONTENT="till"/><SP WIDTH="17" VPOS="995" HPOS="242"/>
							<String ID="string_173" HPOS="259" VPOS="995" WIDTH="120" HEIGHT="27" WC="0.96" CONTENT="ersättning"/><SP WIDTH="15" VPOS="995" HPOS="379"/>
							<String ID="string_174" HPOS="394" VPOS="995" WIDTH="23" HEIGHT="21" WC="0.93" CONTENT="af"/><SP WIDTH="13" VPOS="995" HPOS="417"/>
							<String ID="string_175" HPOS="430" VPOS="995" WIDTH="133" HEIGHT="26" WC="0.91" CONTENT="statsmedel,"/><SP WIDTH="17" VPOS="995" HPOS="563"/>
							<String ID="string_176" HPOS="580" VPOS="995" WIDTH="78" HEIGHT="22" WC="0.92" CONTENT="honom"/><SP WIDTH="14" VPOS="995" HPOS="658"/>
							<String ID="string_177" HPOS="672" VPOS="995" WIDTH="85" HEIGHT="27" WC="0.92" CONTENT="jemlikt"/><SP WIDTH="16" VPOS="995" HPOS="757"/>
							<String ID="string_178" HPOS="773" VPOS="995" WIDTH="69" HEIGHT="21" WC="0.96" CONTENT="denna"/>
						</TextLine>
						<TextLine ID="line_24" HPOS="84" VPOS="1028" WIDTH="351" HEIGHT="28">
							<String ID="string_179" HPOS="84" VPOS="1028" WIDTH="124" HEIGHT="28" WC="0.96" CONTENT="förordning"/><SP WIDTH="15" VPOS="1028" HPOS="208"/>
							<String ID="string_180" HPOS="223" VPOS="1029" WIDTH="70" HEIGHT="22" WC="0.96" CONTENT="skulle"/><SP WIDTH="16" VPOS="1029" HPOS="293"/>
							<String ID="string_181" HPOS="309" VPOS="1029" WIDTH="126" HEIGHT="22" WC="0.95" CONTENT="tillkomma."/>
						</TextLine>
					</TextBlock>
				</ComposedBlock>
				<ComposedBlock ID="cblock_4" HPOS="222" VPOS="1080" WIDTH="622" HEIGHT="62">
					<TextBlock ID="block_5" HPOS="222" VPOS="1080" WIDTH="622" HEIGHT="62">
						<TextLine ID="line_25" HPOS="290" VPOS="1080" WIDTH="554" HEIGHT="29">
							<String ID="string_182" HPOS="290" VPOS="1080" WIDTH="11" HEIGHT="22" WC="0.92" CONTENT="I"/><SP WIDTH="22" VPOS="1080" HPOS="301"/>
							<String ID="string_183" HPOS="323" VPOS="1081" WIDTH="72" HEIGHT="21" WC="0.91" CONTENT="Nåder"/><SP WIDTH="21" VPOS="1081" HPOS="395"/>
							<String ID="string_184" HPOS="416" VPOS="1081" WIDTH="107" HEIGHT="27" WC="0.96" CONTENT="godkänd,"/><SP WIDTH="17" VPOS="1081" HPOS="523"/>
							<String ID="string_185" HPOS="540" VPOS="1083" WIDTH="7" HEIGHT="19" WC="0.93" CONTENT="i"/><SP WIDTH="17" VPOS="1083" HPOS="547"/>
							<String ID="string_186" HPOS="564" VPOS="1081" WIDTH="169" HEIGHT="28" WC="0.92" CONTENT="Zarskoje-Selo,"/><SP WIDTH="20" VPOS="1081" HPOS="733"/>
							<String ID="string_187" HPOS="753" VPOS="1081" WIDTH="41" HEIGHT="22" WC="0.95" CONTENT="den"/><SP WIDTH="23" VPOS="1081" HPOS="794"/>
							<String ID="string_188" HPOS="817" VPOS="1082" WIDTH="27" HEIGHT="20" WC="0.95" CONTENT="12"/>
						</TextLine>
						<TextLine ID="line_26" HPOS="222" VPOS="1115" WIDTH="139" HEIGHT="27">
							<String ID="string_189" HPOS="222" VPOS="1115" WIDTH="61" HEIGHT="27" WC="0.95" CONTENT="April"/><SP WIDTH="18" VPOS="1115" HPOS="283"/>
							<String ID="string_190" HPOS="301" VPOS="1116" WIDTH="60" HEIGHT="21" WC="0.96" CONTENT="1899."/>
						</TextLine>
					</TextBlock>
				</ComposedBlock>
				<ComposedBlock ID="cblock_5" HPOS="202" VPOS="1190" WIDTH="522" HEIGHT="28">
					<TextBlock ID="block_6" HPOS="202" VPOS="1190" WIDTH="522" HEIGHT="28">
						<TextLine ID="line_27" HPOS="202" VPOS="1190" WIDTH="522" HEIGHT="28">
							<String ID="string_191" HPOS="202" VPOS="1190" WIDTH="24" HEIGHT="21" WC="0.90" CONTENT="T."/><SP WIDTH="15" VPOS="1190" HPOS="226"/>
							<String ID="string_192" HPOS="241" VPOS="1190" WIDTH="14" HEIGHT="21" WC="0.50" CONTENT="f."/><SP WIDTH="16" VPOS="1190" HPOS="255"/>
							<String ID="string_193" HPOS="271" VPOS="1190" WIDTH="306" HEIGHT="22" WC="0.91" CONTENT="Minister-Statssekreterare"/><SP WIDTH="15" VPOS="1190" HPOS="577"/>
							<String ID="string_194" HPOS="592" VPOS="1192" WIDTH="20" HEIGHT="20" WC="0.93" CONTENT="V."/><SP WIDTH="17" VPOS="1192" HPOS="612"/>
							<String ID="string_195" HPOS="629" VPOS="1190" WIDTH="95" HEIGHT="28" WC="0.92" CONTENT="Procopé."/>
						</TextLine>
					</TextBlock>
				</ComposedBlock>
			</PrintSpace>
		</Page>
	</Layout>
</alto>
