1048 1631
319 93 28 23 U.
363 94 27 21 B.
409 106 26 4 —
451 93 75 28 Prop.
543 93 45 22 N:o
604 93 21 22 1.
788 95 28 19 45

89 160 63 22 nomi
176 167 55 14 vore
252 162 33 19 att
300 159 85 22 befara.
417 160 37 21 Då
477 159 45 22 den
546 159 52 21 nåd.
623 166 62 21 prop.
711 158 135 27 emellertid,

91 203 85 22 genom
191 195 176 29 bestämningen
383 198 34 19 att
431 195 111 22 inträffad
556 195 72 21 skada
638 195 35 21 för
683 197 34 19 att
727 195 120 28 begrunda

88 232 101 28 anspråk
211 233 30 27 på
265 231 127 28 ersättning
411 231 59 21 skall
485 238 56 14 vara
557 239 29 13 en
602 231 131 21 omedelbar
749 231 60 28 följd
825 231 24 21 af

89 268 93 21 verkets
206 267 147 28 anläggning,
379 269 58 19 samt
457 274 85 21 genom
558 267 141 21 utsättandet
715 267 24 21 af
754 274 29 14 en
799 267 48 21 viss

90 303 181 29 preklusionstid
294 303 36 21 för
353 303 42 20 här
417 302 212 29 ifrågakommande
646 303 97 28 anspråk
759 302 86 21 lemnat

90 339 137 28 tillräckliga
249 339 116 28 garantier
385 338 7 21 i
415 338 94 21 berördt
533 338 115 26 afseende,
672 339 41 20 har
727 338 120 22 Utskottet

90 375 51 22 icke
166 375 79 21 tvekat
269 377 32 18 att
326 375 123 28 godkänna
464 374 184 29 propositionens
665 374 157 26 omförmälda,
840 379 9 22 i

91 412 45 21 och
152 411 36 21 för
203 410 36 29 sig
255 410 173 29 otvifvelaktigt
443 409 85 29 riktiga
544 410 129 28 grundsats.

162 447 14 29 8
195 449 28 19 20
244 447 107 28 paragraf
372 447 41 20 har
432 446 23 21 af
473 445 120 22 Utskottet
608 446 136 21 behandlats
763 446 7 21 i
789 453 59 14 sam-
865 447 30 19 20
911 445 20 28 $.

93 483 115 28 manhang
224 483 53 21 med
284 479 15 36 4
323 483 32 28 (8)
373 483 19 28 8.

162 519 119 22 Utskottet
296 519 41 20 har
351 518 52 21 icke
418 518 78 21 funnit
511 518 125 28 anledning
653 517 34 22 till
702 520 71 27 något
786 520 60 19 utta-
865 519 27 19 21
913 517 46 27 (22)
971 516 21 29 8.

90 555 69 22 lande
174 555 8 21 i
199 554 124 28 anledning
339 554 24 21 af
379 554 28 21 de
423 553 8 22 i
447 554 14 29 8
477 555 27 20 21
521 553 115 29 ingående
652 553 147 22 föreskrifter.

162 590 41 22 Uti
219 592 28 19 22
265 590 42 21 och
323 592 28 19 26
367 589 30 30 $$
412 589 55 29 ingå
483 589 150 29 stadganden,
651 589 51 21 dem
713 589 132 22 Utskottets
854 591 28 19 22
891 596 20 14 0.
919 590 28 19 26
957 588 35 29 $$.

91 626 76 21 flertal
182 626 60 21 hade
257 625 60 22 varit
333 625 67 29 böjdt
415 625 36 22 för
467 628 33 18 att
515 633 28 13 ur
558 625 78 28 lagen”
645 621 129 37 utmönstra.
863 626 37 27 (25
917 624 30 29 8).

165 661 108 22 Alltifrän
290 661 45 22 den
350 661 41 26 tid,
409 661 28 22 dä
454 661 28 21 de
499 661 67 21 forna
580 661 154 28 landskapens
750 661 98 28 lagsam-

94 697 75 29 lingar
190 697 119 22 underläto
333 699 34 19 att
389 697 157 28 uttryckligen
570 697 81 28 stadga
667 704 36 14 om
720 697 127 28 allmogens

92 733 121 22 historiskt
228 733 65 28 gifna
308 733 167 28 lagstiftnings-
491 733 43 21 och
556 732 211 29 beskattningsrätt,
786 732 62 21 intill

94 769 45 29 dag
155 777 49 14 som
220 773 30 22 är,
263 769 82 21 saknar
356 776 53 14 man
420 769 47 21 ofta
478 776 47 21 nog
533 769 8 21 i
550 768 103 22 skrifven
661 768 37 29 lag
707 768 92 29 uttryck
810 768 37 21 för

92 805 50 22 dels
154 805 89 28 vigtiga
254 805 51 21 dels
318 805 90 21 mindre
415 805 91 28 vigtiga
516 804 155 29 grundsatser,
684 803 79 22 hvilka
771 804 36 21 för
821 803 26 22 ti-

92 841 45 21 den
144 841 60 21 varit
215 843 24 19 sä
248 841 94 20 allmänt
354 841 107 25 erkända,
469 842 33 19 att
511 848 54 13 man
574 840 18 28 ej
603 839 96 22 kommit
707 841 30 27 pä
745 839 45 22 den
798 842 49 19 tan-

90 877 46 20 ken
147 879 34 18 att
196 877 28 20 de
239 876 100 21 behöfde
355 876 8 21 i
374 876 37 28 lag
423 875 109 22 särskildt
545 875 132 22 fastställas.
704 875 45 22 Till
760 875 88 22 antalet

91 912 25 21 af
131 912 85 21 sådana
227 915 72 18 satser
313 912 62 26 höra,
387 919 69 21 synes
467 911 46 26 det,
528 912 28 21 de
566 911 8 22 i
585 911 149 22 förevarande
747 911 30 29 $$
789 911 60 21 före.

92 948 143 22 kommande.
267 948 52 21 Den
341 947 139 29 näppeligen
497 947 115 29 nägonsin
627 947 117 22 bestridda
760 949 89 29 satsen,

91 986 34 19 att
148 991 54 14 man
224 983 35 22 fär
282 983 78 22 befara
384 983 137 28 vattendrag
543 983 69 21 äfven
628 986 62 18 utom
706 983 142 28 kungsädra,

92 1020 101 27 framgår
209 1019 116 22 dessutom
342 1021 113 26 otvunget
470 1027 27 13 ur
514 1019 40 21 det
569 1019 8 21 i
593 1021 27 19 21
638 1019 14 28 &
668 1019 23 21 af
706 1018 143 22 fiskeristad-

94 1063 45 21 gan
162 1056 45 21 den
230 1057 14 20 4
259 1055 128 22 December
405 1057 56 20 1865
477 1055 96 28 intagna
589 1055 107 21 förbudet
711 1057 48 19 mot
775 1054 74 22 öfver-

94 1091 109 29 seglande
233 1091 24 21 af
280 1091 167 28 fiskeredskap,
474 1093 74 19 utsatt
572 1094 65 18 utom
663 1090 78 29 vanlig
768 1090 79 21 farled.

91 1127 36 22 Ur
150 1127 45 22 den
217 1127 8 21 i
250 1129 28 20 14
301 1128 46 27 (16)
372 1127 14 29 &
411 1127 23 21 af
457 1127 69 28 lagen
551 1134 36 14 om
611 1129 152 19 vattenrätten
785 1126 65 28 ingå-

93 1164 58 20 ende
174 1163 175 28 bestämningen
371 1170 38 14 om
432 1165 44 19 rätt
491 1162 38 22 för
544 1162 70 22 äfven
630 1170 74 14 annan
720 1166 29 17 än
765 1169 84 21 egaren

92 1198 37 22 till
152 1201 32 19 ett
205 1199 172 21 vattenområde
405 1201 33 19 att
461 1199 69 21 derur
553 1198 52 22 leda
625 1200 78 20 vatten
719 1198 58 21 hade
793 1199 57 19 utan

94 1234 117 29 svårighet
226 1235 87 21 kunnat
330 1235 81 28 dragas
428 1234 45 22 den
489 1234 125 22 slutsatsen
630 1236 33 19 att
679 1234 38 21 det
733 1238 24 16 är
772 1233 77 29 lofgif-

93 1273 41 19 vet
148 1273 34 19 att
196 1270 36 22 för
247 1271 116 21 husbehof
378 1271 126 28 upphemta
520 1272 80 20 vatten
616 1278 28 13 ur
659 1270 166 28 vattendragen
841 1269 8 21 i

95 1306 85 26 landet,
204 1307 43 21 och
270 1306 69 22 äfven
358 1309 57 18 utan
441 1306 44 21 den
509 1308 31 26 på
565 1308 39 20 två
632 1306 81 21 ställen
735 1305 8 21 i
767 1305 83 29 lagför-

96 1342 73 28 slaget
192 1342 134 22 meddelade
348 1342 123 21 tillåtelsen
493 1344 34 19 att
543 1342 40 21 vid
599 1342 109 21 eldsvåda
729 1344 54 25 taga
802 1343 48 19 vat-

94 1380 39 19 ten
153 1386 27 13 ur
196 1378 90 21 enskild
301 1386 84 20 person
400 1378 113 28 tillhörigt
533 1378 92 21 område
640 1377 58 21 hade
713 1378 69 21 hvem
800 1384 49 14 som

168 1420 214 18 Vattenrättsutskottets
395 1420 118 18 betänkande
527 1420 38 18 N:o
578 1420 15 18 1.
