1048 1631
323 98 26 22 U.
366 98 27 22 B.
408 112 29 3 —
454 98 74 28 Prop.
545 98 43 23 N:o
605 98 21 22 1.
779 100 39 19 117

96 164 150 29 Rättigheten
262 166 33 19 att
311 164 35 22 för
361 164 81 29 sjöfart
457 164 107 29 begagna
580 164 127 22 farlederna
723 164 64 22 torde
798 164 51 21 icke

96 201 24 21 få
144 207 66 15 anses
232 200 121 22 inskränkt
375 201 35 21 till
431 201 48 21 viss
496 201 72 21 årstid
584 201 54 21 eller
654 201 59 21 blott
729 200 34 22 till
778 200 72 22 isfritt

96 239 80 20 vatten
192 237 43 21 och
251 244 68 21 synes
340 237 143 21 fördenskull
499 237 83 28 sjöfart
597 237 100 28 lagligen
713 237 78 21 kunna
807 244 42 21 ega

96 281 58 18 rum,
178 273 40 22 der
240 273 61 22 blott
320 273 71 22 sådan
407 273 52 22 med
475 273 109 22 afseende
601 275 13 19 å
629 273 35 21 till
679 273 60 21 buds
755 273 94 21 stående

96 309 107 22 tekniska
225 309 75 22 medel
323 312 24 18 är
368 309 114 29 praktiskt
498 309 87 28 möjlig.
617 301 22 29 Å
658 309 70 21 andra
744 308 66 22 sidan
825 311 25 19 är

96 345 118 22 hållandet
229 345 24 21 af
267 345 121 28 vinterväg
404 345 51 22 icke
470 345 60 21 blott
547 353 28 13 en
592 345 23 21 af
630 345 63 21 ålder
709 345 85 21 erkänd
805 347 45 19 rätt

96 381 36 22 för
148 381 52 26 den,
216 381 95 22 hvilken
327 381 23 21 af
366 381 71 21 sådan
453 385 45 24 väg
514 381 42 21 har
571 381 77 26 behof,
664 383 56 19 utan
736 381 91 28 ålägges
841 380 8 21 i

96 417 38 29 lag
157 417 156 29 uttryckligen
337 419 74 20 såsom
429 417 134 29 skyldighet
578 417 171 21 vederbörande
765 417 84 28 byalag

97 454 43 21 och
163 453 141 22 kommuner.
336 453 81 28 Någon
439 453 109 22 kollision
564 453 97 21 emellan
675 453 174 28 ifrågavarande

96 489 165 29 befogenheter
275 489 42 21 har
332 489 24 22 af
365 489 114 29 naturliga
490 489 50 22 skäl
553 489 51 22 icke
616 489 96 28 tidigare
724 489 124 26 förutsetts,

97 526 42 21 och
163 526 41 21 har
226 525 144 29 lagstiftaren
394 526 76 21 derför
486 525 19 29 ej
524 525 72 22 heller
611 525 50 22 haft
677 525 123 29 anledning
816 527 33 20 att

97 564 53 26 taga
173 561 142 29 ståndpunkt
339 562 41 21 och
401 562 71 21 uttala
489 561 36 29 sig
541 562 53 21 med
610 561 107 22 afseende
734 563 12 20 å
762 562 87 21 desam-

96 605 49 15 mas
161 597 108 22 inbördes
286 597 141 22 förhållande
444 598 42 21 och
503 598 46 21 den
566 605 53 14 enas
630 597 113 22 företräde
753 597 96 22 framför

97 634 45 22 den
158 634 76 22 andra.
265 634 47 21 Det
327 641 55 14 vore
398 634 72 29 enligt
485 634 132 22 Utskottets
633 633 147 30 uppfattning
797 641 51 22 syn-

96 670 104 29 nerligen
215 669 117 29 vanskligt
352 672 33 19 att
401 671 56 20 söka
472 670 49 21 lösa
537 670 157 29 föreliggande
711 670 63 28 fråga
789 669 60 22 blott

96 707 53 21 med
172 706 98 29 tillhjelp
295 705 23 22 af
338 713 53 14 rena
407 706 216 22 rättsdeduktioner.
656 706 107 22 Tvärtom
779 713 69 22 synes

95 742 121 22 Utskottet
231 749 28 14 en
275 741 246 30 lagstiftningsätgärd,
540 749 49 14 som
606 742 59 21 afser
683 744 33 19 att
731 741 117 22 definitivt

96 778 88 29 reglera
199 778 136 21 hithörande
351 778 165 26 förhållanden,
534 778 56 22 böra
606 778 89 29 föregås
712 778 23 22 af
746 780 32 19 ett
789 777 59 23 allsi-

96 814 50 29 digt
162 814 169 29 öfvervägande
348 814 23 21 af
387 814 28 21 de
427 815 151 28 synpunkter,
590 814 78 22 hvilka
679 814 80 22 härvid
770 814 78 22 kunna

97 857 53 15 vara
166 850 24 21 af
206 850 118 29 betydelse
340 851 52 20 med
408 850 95 29 hänsigt
518 850 36 21 till
569 850 202 29 nödvändigheten
782 853 12 19 &
806 858 42 14 ena

96 886 66 22 sidan
183 888 33 19 att
236 886 113 29 betrygga
370 887 45 21 den
436 887 36 21 för
487 887 91 21 landets
594 886 148 22 ekonomiska
758 887 90 22 framät-

96 922 123 22 skridande
240 925 25 19 sä
284 925 85 26 ytterst
387 922 88 29 vigtiga
491 922 198 29 vintersjöfartens
708 923 91 21 ostörda
815 925 33 19 ut-

94 958 109 29 veckling
227 959 43 21 och
286 961 13 19 å
315 959 70 21 andra
401 959 66 21 sidan
482 959 85 22 beakta
583 959 128 28 skärgärds-
728 959 42 22 och
786 959 61 21 kust-

94 994 178 29 befolkningens
288 994 142 29 berättigade
447 995 100 28 anspräk
563 997 33 19 att
612 995 87 22 ostördt
709 995 24 22 fä
743 995 105 28 begagna

95 1031 50 22 sina
161 1031 65 21 öfver
241 1031 20 21 is
277 1033 117 26 upptagna
412 1031 155 28 vintervägar.
598 1031 36 22 De
658 1031 116 29 spörsmål,
784 1027 8 37 .
799 1038 49 15 som

94 1067 83 22 härvid
200 1067 91 22 komma
313 1067 9 21 i
345 1067 156 26 betraktande,
524 1071 39 18 äro
580 1067 126 22 emellertid
722 1067 23 22 af
760 1067 88 28 ganska

92 1103 124 22 invecklad
238 1103 169 26 beskaffenhet,
431 1104 43 21 och
497 1104 97 29 betinga
617 1106 34 19 att
668 1103 39 23 vid
724 1104 65 21 deras
805 1103 42 22 lös-

92 1138 58 30 ning
173 1139 90 29 hänsyn
286 1141 65 27 tages
375 1139 36 22 till
434 1139 61 22 olika
518 1139 78 22 lokala
615 1139 162 23 förhållanden.
809 1139 40 33 Sä.

93 1175 71 21 lunda
180 1175 35 21 fär
230 1177 15 19 t.
263 1183 33 13 ex.
315 1175 19 29 ej
352 1175 97 22 förbises
467 1178 32 19 att
516 1176 46 22 den
580 1176 23 22 af
618 1176 132 29 isbrytande
764 1178 83 26 ängare

93 1211 141 22 förmedlade
256 1211 175 22 vintertrafiken
447 1214 13 20 å
477 1214 72 20 större
568 1212 155 29 hamnplatser
743 1212 104 28 tillskyn-

93 1247 41 22 dar
158 1247 67 22 dessa
251 1250 60 19 orter
333 1250 72 19 större
428 1250 66 26 nytta
517 1251 31 19 än
570 1249 129 28 olägenhet;
717 1249 43 21 och
775 1248 73 22 likasä

92 1283 66 22 torde
181 1283 8 21 i
211 1283 108 22 afseende
344 1286 12 19 å
379 1284 56 21 flere
459 1284 138 22 kommuner
619 1284 8 22 i
650 1285 138 28 skärgården
804 1284 43 22 för-

93 1319 93 22 delarna
210 1319 23 21 af
256 1320 75 21 denna
357 1320 70 22 trafik
453 1320 79 22 kunna
559 1328 66 14 anses
652 1321 137 21 ätminstone
813 1320 34 22 till

92 1357 77 27 nägon
193 1355 36 22 del
245 1360 108 24 uppväga
369 1356 40 22 det
424 1356 93 29 förfäng
534 1357 29 21 de
580 1357 64 22 deraf
660 1357 52 26 lida,
729 1358 119 21 hvaremot

93 1391 52 21 med
163 1391 70 21 andra
249 1391 23 21 af
288 1392 71 28 sagda
375 1392 136 22 kommuner
528 1395 26 19 sä
570 1392 50 22 icke
636 1396 24 18 är
676 1393 69 21 fallet.
773 1393 74 21 Ocksä

169 1432 212 20 Vattenrättsutskottets
393 1434 118 19 betänkande
523 1435 40 19 N:o
576 1436 15 18 1.
