1048 1631
229 124 29 21 12
429 121 26 22 U.
471 122 26 21 B.
513 134 27 3 —
555 121 73 29 Prop.
644 121 45 23 N:o
705 121 20 23 3.

190 193 93 22 komma
301 193 9 21 i
327 193 73 29 fråga,
426 193 41 22 bör
490 193 131 29 medgifvas
642 193 123 22 förmånen
791 195 35 20 att
852 193 37 21 för
915 193 36 28 sig

190 227 92 29 utvälja
310 227 45 22 den
379 227 22 22 af
429 227 28 22 de
483 227 151 29 nyinrättade
663 228 128 29 tjensterna
817 227 48 22 han
891 227 61 22 helst

191 262 92 23 önskar.
310 262 48 21 Der
377 263 50 20 åter
444 263 129 28 tjensterna
591 262 76 21 skulle
684 262 77 21 anslås
773 261 78 29 lediga
863 261 37 22 till
913 269 39 14 an-

190 296 109 29 sökning,
325 296 90 21 komme
443 295 117 23 desamma
581 296 118 29 sjelffallet
716 299 36 19 att
773 296 103 22 besättas
894 295 59 22 efter

190 331 97 28 vanliga
303 331 36 21 för
358 331 124 22 befordran
504 331 56 21 eller
576 331 141 28 utnämning
735 330 110 29 gällande
866 329 86 30 grund-

190 367 81 20 satser.

259 399 44 22 Uti
331 399 184 29 propositionens
546 400 11 21 1
585 401 13 25 8
616 399 97 22 föreslås
733 401 35 20 att
785 398 168 29 förordningen

190 433 73 22 borde
282 433 65 29 gälla
365 434 83 21 endast
466 433 27 22 de
512 433 218 29 häradshöfdingar,
749 433 81 22 hvilka
848 433 37 21 till
898 433 52 22 sina

191 468 164 29 befattningar
372 470 103 19 utnämts
494 469 53 27 efter
564 469 140 27 utfärdandet
722 468 23 21 af
761 467 192 29 författningen
942 463 15 38 i

190 503 74 28 fråga.
301 502 137 22 Emellertid
466 503 78 21 kunde
571 502 40 22 det
637 503 96 21 inträffa
761 505 34 19 att
822 510 29 13 en
869 509 83 22 person

192 537 99 22 ansökte
311 545 28 13 en
358 537 228 28 domarebefattning
604 537 73 22 innan
696 537 165 28 förordningen
880 537 74 21 utfär-

192 571 59 28 dats,
276 579 53 13 men
349 571 74 22 likväl
441 571 77 22 blefve
537 571 37 22 till
592 572 91 28 sysslan
702 571 97 22 utnämd
817 571 58 21 först
894 571 60 21 efter

191 606 40 21 det
249 606 70 28 lagen
338 605 64 22 trädt
420 606 8 21 i
446 605 109 29 gällande
574 606 69 21 kraft.
671 606 36 21 Då
726 605 39 22 det
778 608 65 26 synts
855 605 98 22 Utskot-

190 642 36 19 tet
253 640 53 21 icke
330 647 57 14 vara
404 640 51 21 med
475 640 109 29 billighet
602 640 112 29 förenligt
732 642 35 19 att
785 640 52 27 den,
855 639 97 22 hvilken

190 675 86 21 ansökt
303 682 30 13 en
359 675 72 28 tjenst
457 677 58 19 utan
538 675 146 28 förpligtelse
703 677 35 19 att
755 674 143 21 underkasta
916 674 39 28 sig

190 709 29 21 de
237 709 9 21 i
264 709 171 28 författningen
447 709 125 22 förutsatta
585 709 186 27 eventualiteter,
784 709 73 21 likväl
869 709 84 27 skulle,

192 743 97 22 emedan
308 743 58 22 hans
384 744 140 28 utnämning
542 744 52 21 icke
606 743 87 22 hunnit
705 751 42 21 ega
759 751 52 13 rum
823 743 72 21 innan
907 743 46 22 för-

190 777 132 29 ordningen
340 777 64 22 trädt
422 778 8 21 i
448 778 69 28 kraft,
530 778 114 21 förklaras
658 778 86 29 pligtig
757 780 36 19 att
804 777 150 22 underordna

192 812 36 29 sig
247 811 124 28 desamma,
390 811 43 22 har
450 812 123 22 Utskottet
592 815 78 19 ansett
689 820 28 13 en
734 812 49 21 viss
802 811 150 29 öfvergångs-

191 846 81 29 period
290 847 37 21 för
345 846 181 29 författningens
545 847 115 21 trädande
677 847 9 20 i
698 846 110 29 gällande
820 846 63 22 kraft
895 853 58 14 vara

192 881 143 28 erforderlig.
372 881 49 21 Och
439 881 72 22 borde
530 881 76 22 denna
624 881 81 29 period
724 883 101 19 utmätas
844 881 25 21 så
881 880 71 21 rund-

190 915 35 29 lig
252 917 35 20 att
315 915 45 22 alla
387 915 28 21 de
443 915 251 29 tjensteansökningar,
720 915 81 21 hvilka
830 915 48 22 före
897 915 55 21 den-

191 957 99 14 sammas
300 945 10 37 -
318 949 139 22 inträdande
484 950 132 27 inlemnats,
636 949 78 22 kunde
732 949 74 22 under
824 949 71 28 sagda
913 957 39 21 pe-

191 984 52 21 riod
270 984 73 21 hinna
362 984 98 29 afgöras.
496 985 47 21 För
561 985 36 20 sin
616 984 39 21 del
672 984 43 21 har
733 984 124 21 Utskottet
875 986 77 19 ansett

191 1026 29 13 en
247 1018 178 29 öfvergångstid
452 1019 23 22 af
496 1019 141 28 exempelvis
656 1026 39 14 sex
712 1018 112 22 månader
841 1025 57 14 vara
915 1018 38 21 för

192 1053 132 21 ändamålet
342 1053 113 28 tillfylles.
491 1054 77 21 Jemte
586 1053 40 22 det
644 1053 123 22 Utskottet
785 1053 63 28 förty
867 1052 43 22 och
921 1052 32 22 då

191 1087 186 22 bestämmandet
405 1088 23 21 af
456 1088 75 28 dagen
558 1088 37 21 för
612 1087 181 28 förordningens
812 1087 113 22 trädande
944 1087 9 21 i

191 1121 65 22 kraft
283 1122 136 29 lämpligast
437 1122 65 21 torde
521 1122 57 22 böra
596 1122 155 22 öfverlemnas
770 1122 24 21 åt
812 1121 65 22 Hans
895 1121 57 29 Kej-

191 1157 87 28 serliga
304 1157 118 29 Majestät,
441 1157 35 21 uti
494 1164 28 14 en
541 1157 101 21 särskild
662 1158 19 26 $,
700 1156 45 22 den
764 1156 57 22 sista
839 1156 8 21 i
865 1156 88 22 nedan-

190 1191 97 21 stående
314 1191 246 29 författningsförslag,
582 1191 74 22 infört
674 1190 81 22 orden:
792 1207 9 12 ,
805 1190 83 29 Denna
905 1191 46 21 för-

190 1225 102 29 ordning
310 1226 79 21 träder
406 1226 8 21 i
432 1226 108 28 gällande
559 1226 63 22 kraft
642 1225 45 22 den
807 1242 88 4 mos.
932 1224 20 28 a,

190 1259 43 22 har
251 1260 124 22 Utskottet
393 1260 8 21 i
422 1262 11 19 1
454 1262 13 25 8
485 1260 81 28 utbytt
584 1260 72 22 orden
676 1260 71 28 ,efter
765 1259 151 22 utfärdandet
928 1259 25 21 af

190 1294 78 22 denna
295 1294 151 29 förordning"
475 1297 61 19 emot
563 1294 72 22 orden
660 1294 71 29 efter
754 1294 40 21 det
812 1294 77 22 denna
906 1294 46 22 för-

190 1328 103 28 ordning
312 1329 64 21 trädt
394 1329 8 21 i
420 1329 110 29 gällande
549 1328 83 22 kraft*.

259 1362 12 22 I
298 1363 137 29 anslutning
462 1364 36 21 till
526 1363 44 21 den
598 1364 9 20 i
627 1360 141 32 nyssanförd
786 1363 73 21 måtto
877 1362 8 22 i
906 1363 11 21 1
938 1364 14 25 &

193 1397 134 22 verkstäläa
353 1398 137 29 ändringen,
517 1398 43 22 hur
586 1398 125 22 Uliskuiiwi
734 1397 101 29 vidtagpit
852 1399 101 20 muisva-

189 1432 74 21 rande
281 1432 172 29 omredigering
471 1432 85 29 jemväl
574 1432 23 22 af
616 1432 14 22 2
651 1432 44 22 och
714 1432 14 21 3
748 1433 35 26 $$.

260 1475 133 23 Lagutskottets
407 1476 110 17 betänkande
529 1476 37 16 N:o
579 1476 15 16 1.
