1048 1631
125 169 12 20 3
148 167 26 29 8.

119 633 13 20 4
143 632 25 29 8.

235 103 28 19 82
434 102 27 22 U.
477 103 27 21 B.
521 115 28 3 —
566 101 73 29 Prop.
655 102 43 22 N:o
714 102 13 22 1

276 167 14 29 8
313 169 14 20 3
350 167 107 29 angifver
480 168 28 21 de
529 169 41 20 fall
592 170 29 20 då
642 167 115 30 sänkning
776 168 24 21 af
815 169 144 28 vattendrag,

204 203 53 21 med
279 203 109 22 afseende
407 206 12 19 å
443 204 45 21 den
513 204 71 21 skada
606 204 89 28 vigtiga
716 204 115 21 allmänna
846 204 113 22 intressen

204 239 65 20 deraf
289 239 78 21 kunde
391 239 52 26 lida,
466 239 33 22 als
520 239 50 22 icke
593 239 55 22 eller
669 239 60 22 blott
750 240 74 21 under
844 239 62 22 vissa
921 240 38 21 be-

203 274 110 29 tingelser
329 275 35 21 får
380 275 46 21 ske.

275 310 12 21 I
307 310 150 21 betraktande
478 311 23 21 af
517 311 28 21 de
561 311 141 28 vidtgående
718 311 140 28 verkningar
874 311 85 28 sjöfäll-

203 345 82 29 ningar
301 346 78 21 kunna
394 346 71 22 hafva
481 347 42 21 och
540 347 45 21 den
601 347 66 21 häraf
682 347 125 28 betingade
817 347 141 28 nödvändig-

203 381 69 22 heten
293 384 40 23 att,
355 382 77 21 förrän
452 382 104 22 tillstånd
578 383 34 21 till
633 382 80 29 dylika
729 383 89 28 företag
833 383 124 25 meddelas,

204 417 130 29 sorgfälligt
354 417 125 30 öfverväga
495 418 129 22 desammas
640 418 140 29 förenlighet
795 419 53 20 med
865 418 40 21 det
920 418 38 21 all-

203 457 95 18 männas
318 453 120 27 intressen,
461 461 69 22 synas
550 454 173 29 bestämningar
739 455 86 20 sådana
841 461 49 15 som
906 455 28 20 de
950 454 8 21 i

202 489 136 28 paragrafen
359 489 114 29 ingående
494 491 75 20 såsom
592 498 91 13 normer
702 490 36 21 för
754 489 203 30 myndigheternas

202 525 109 28 pröfning
327 525 51 21 icke
389 525 56 22 böra
456 526 92 25 saknas;
561 526 42 21 och
615 526 46 21 kan
673 526 137 28 paragrafen
818 526 62 29 förty
891 533 66 14 anses

202 560 59 29 fylla
281 568 29 13 en
329 561 114 28 väsentlig
465 561 67 22 lucka
553 561 8 21 i
582 561 178 29 lagstiftningen
779 561 118 29 angående
913 561 44 29 sjö-

203 595 121 29 sänkning.

273 632 44 28 84.
338 632 12 21 I
361 632 64 28 fråga
436 640 37 13 om
484 632 112 29 utrifning
608 633 24 20 af
643 633 137 21 vattenverk
791 633 36 20 för
837 632 120 29 möjliggö-

201 667 71 22 rande
288 667 24 22 af
325 668 148 28 vattendrags
485 668 116 21 sänkande
613 668 80 28 skiljer
707 670 56 19 1868
775 670 36 19 års
822 668 134 28 förordning

202 703 97 21 emellan
309 705 12 19 å
330 711 42 13 ena
383 703 67 22 sidan
461 704 62 25 verk,
537 711 50 14 som
599 707 38 18 äro
649 711 17 14 s.
678 704 22 21 k.
711 704 116 25 odalverk,
837 703 119 34 äfvensom

201 739 63 26 verk,
275 739 80 21 hvilka
366 739 133 21 tillkommit
509 742 56 19 utan
576 742 34 19 att
620 739 42 22 vid
674 739 283 29 anläggningstillståndet

201 774 144 29 förknippats
355 775 112 21 förbehåll
476 783 34 13 om
522 775 92 21 verkets
623 775 203 21 undanskaffande
835 775 36 21 för
877 778 78 19 ström-

200 810 117 29 rensning,
339 813 60 18 samt
417 813 13 18 å
451 811 70 21 andra
543 811 65 21 sidan
630 811 86 21 sådana
736 811 63 26 verk,
820 811 37 21 för
876 811 80 21 hvilka

201 846 76 28 dylikt
299 846 112 21 förbehåll
432 846 79 29 gjorts.
543 847 11 20 I
578 847 60 21 förra
654 846 66 21 fallet
735 846 61 29 gälla
811 846 144 22 beträffande

200 884 75 19 rätten
291 885 34 18 att
340 882 77 21 fordra
433 883 90 21 verkets
538 882 133 21 utrifvande
683 882 119 21 enahanda
812 883 81 25 vilkor,
906 889 49 14 som

200 917 34 22 uti
256 918 45 21 den
322 918 51 21 nåd.
396 926 63 21 prop.
482 919 93 28 stadgas
596 918 8 21 i
624 919 65 28 fråga
705 925 37 14 om
758 918 81 29 hvarje
854 918 101 29 lagligen

200 953 125 22 bestående
342 955 142 25 vattenverk,
501 955 55 20 eller
572 957 33 18 att
620 957 87 26 gagnet
723 954 24 21 af
757 954 128 29 fällningen
896 954 59 21 skall

200 989 94 28 pröfvas
316 997 56 14 vara
395 990 70 21 minst
488 990 95 21 dubbelt
608 992 24 19 så
654 992 57 19 stort
732 997 49 14 som
802 990 45 21 den
865 990 90 21 förmån

199 1026 174 21 vattenverkets
395 1033 66 21 egare
483 1033 82 21 genom
582 1025 144 29 utrifningen
742 1027 41 26 går
798 1025 113 29 förlustig.
943 1026 11 21 I

200 1068 79 14 senare
296 1061 65 21 fallet
377 1063 47 19 åter
440 1062 102 21 kommer
558 1069 28 14 en
603 1061 66 29 dylik
680 1061 146 28 jemförande
837 1062 118 28 uppskatt-

199 1096 57 29 ning
272 1097 51 21 icke
339 1097 8 20 i
363 1097 70 28 fråga.

271 1133 51 21 Mot
337 1133 157 22 likställandet
508 1133 8 21 i
532 1133 92 21 anfördt
640 1133 109 22 afseende
765 1133 24 21 af
799 1133 44 21 alla
854 1133 101 29 lagligen

198 1168 125 22 bestående
341 1170 135 20 vattenverk
492 1169 41 21 har
549 1169 62 21 inom
627 1168 121 22 Utskottet
763 1168 51 22 icke
829 1171 77 27 någon
917 1176 38 14 an-

198 1204 123 28 märkning
343 1204 117 29 försports.
492 1205 109 21 Deremot
623 1205 42 21 har
686 1212 29 14 en
731 1204 37 22 del
785 1204 24 22 af
823 1204 130 22 Utskottets

198 1240 151 21 medlemmar
368 1240 118 28 ifrågasatt
502 1240 114 22 huruvida
632 1242 78 26 någon
725 1240 146 28 bestämning
887 1242 68 26 angå-

198 1275 59 21 ende
266 1276 41 20 här
319 1276 156 21 kolliderande
486 1276 124 22 intressens
622 1276 96 21 relativa
727 1276 149 21 ekonomiska
884 1276 70 21 värde

198 1311 33 21 als
249 1319 54 13 vore
320 1312 113 28 påkallad,
452 1312 28 21 då
493 1312 27 28 ju
536 1312 34 21 uti
587 1312 163 21 skadeståndet
767 1312 7 21 i
791 1312 45 21 alla
851 1312 40 21 fall
902 1312 52 28 låge

198 1354 29 14 en
243 1347 125 29 tillräcklig
384 1348 88 28 garanti
489 1348 69 21 äfven
574 1348 84 25 derför,
675 1350 33 18 att
724 1348 59 20 bruk
799 1348 50 21 icke
863 1348 91 21 komme

199 1385 32 19 att
252 1386 68 25 göras
342 1383 23 19 af
385 1383 199 29 ntrifningsrätten
604 1383 7 21 i
627 1384 72 20 andra
715 1383 47 26 fall,
779 1388 29 16 än
824 1386 33 18 att
873 1384 83 21 sådant

275 1425 210 18 Vattenrättsutskottets
497 1426 115 17 betänkande
626 1424 38 19 N:o
677 1426 16 17 1.
