1048 1631
119 164 45 25 v$5

107 1160 25 19 10
150 1158 14 28 8

213 90 28 20 28
415 87 29 23 U.
459 87 29 23 B.
505 101 27 3 —
548 88 75 29 Prop.
639 88 45 22 N:o
700 88 13 22 1

256 154 15 29 8
295 156 13 20 I
332 154 133 23 förutsätter
489 157 33 19 att
544 154 37 22 för
606 154 210 29 tillgodogörandet
841 154 24 24 af
891 156 48 21 vat

183 191 132 21 tenkraften
335 190 8 22 i
366 190 59 22 visst
449 189 119 27 strömfall,
600 192 30 27 på
652 189 76 30 grund
750 189 23 22 af
788 189 150 23 naturförhål-

183 226 105 26 landena,
305 234 29 13 en
350 229 62 19 tvärs
434 226 65 21 öfver
522 226 66 21 fallet
605 226 89 29 gående
715 226 52 21 dam
783 229 25 18 är
824 226 23 22 af
862 226 81 21 nöden:

184 263 42 20 och
242 263 117 21 meddelar
375 262 172 28 bestämningar
562 262 119 29 angående
697 262 124 29 byggande
833 261 23 22 af
867 261 72 22 sådan

183 297 54 22 dam
260 298 36 21 för
320 298 45 21 den
388 298 116 25 händelse,
529 300 33 19 att
581 298 28 21 de
629 298 76 28 begge
725 297 92 22 sidorna
836 297 23 22 af
874 296 68 23 fallet

183 333 71 22 hafva
277 333 62 22 olika
363 341 73 21 egare.
468 333 124 29 Vanligare
616 337 30 18 än
670 333 80 29 dylika
772 333 165 26 förhållanden,

184 369 79 22 hvilka
287 370 91 29 påkalla
401 377 29 14 en
450 369 48 22 viss
521 370 142 28 gemenskap
686 369 41 22 vid
749 369 142 29 anläggande
915 369 26 21 af

183 406 144 26 vattenverk,
347 406 65 21 torde
432 405 128 22 emellertid
579 413 54 14 vara
654 408 33 19 att
707 405 112 22 strömfall
838 405 53 22 med
907 405 32 21 af-

183 441 86 22 seende
289 444 12 19 å
323 442 52 21 dess
399 441 124 22 formation
547 446 25 17 är
595 443 25 20 så
641 441 141 26 beskaffadt,
799 444 34 19 att
849 441 39 21 det
903 441 36 21 för

183 477 115 22 ernående
318 477 23 22 af
357 477 207 28 vattenmängdens
580 477 48 22 lika
643 477 132 28 fördelning
791 477 84 21 mellan
891 480 47 18 vat-

183 513 98 22 tenverk
297 515 13 20 å
326 517 63 18 ömse
414 513 63 22 sidor
497 521 38 14 om
556 513 65 22 fallet
636 513 45 22 blir
697 513 144 28 nödvändigt
856 515 33 19 att
905 515 33 19 ut-

183 549 92 21 sträcka
291 549 194 28 dambyggnaden
497 551 12 20 å
520 549 84 22 endera
614 549 67 22 sidan
692 549 93 21 utöfver
795 549 75 21 fallets
882 548 56 22 mid-

184 584 87 22 tellinie
288 585 54 28 inpå
358 593 95 20 egarens
470 585 23 22 af
508 588 108 18 motsatta
632 585 67 21 sidan
710 585 81 28 grund.
819 585 54 21 Med
884 585 54 20 hän-

183 627 45 22 syn
243 620 36 21 till
300 621 45 21 den
361 621 89 28 princip
467 621 35 21 för
517 621 209 28 vattenmängdens
742 620 8 22 i
767 621 112 21 strömfall
895 620 43 22 för-

183 656 103 29 delning,
304 664 49 14 som
369 657 45 21 fått
430 657 92 28 uttryck
538 657 35 21 uti
589 659 13 19 2
620 657 31 28 (3)
668 657 21 28 8,
707 657 41 21 har
763 657 62 28 förty
836 657 34 21 uti
881 657 57 21 före-

184 693 101 20 varande
301 693 106 28 paragraf
423 695 75 19 såsom
516 695 10 19 1
545 700 67 14 mom.
630 692 95 29 intagits
742 692 143 29 stadganden
901 699 37 15 om

183 730 46 19 rätt
244 728 37 21 för
296 729 149 21 vattenverks
456 736 67 21 egare
538 731 34 19 att
582 729 36 21 för
628 728 104 29 antydda
744 729 105 21 ändamål
860 728 78 29 bygga

183 763 54 22 dam
256 766 13 19 å
289 771 87 15 annans
400 765 81 28 grund.
513 765 89 21 Dervid
625 765 42 21 har
683 765 51 21 från
750 767 13 19 2
779 772 68 14 mom.
865 764 72 29 enligt

184 800 148 28 paragrafens
356 800 88 29 lydelse
467 800 34 22 uti
524 800 175 29 propositionen
722 800 118 29 upptagits
857 800 28 21 de
901 800 36 21 för

183 836 121 21 enahanda
332 836 141 28 befogenhet
501 837 40 21 der
572 837 111 28 stadgade
715 836 76 21 vilkor
822 837 43 20 och
893 836 44 21 för-

183 871 84 22 behåll.

255 908 13 21 I
284 907 70 29 öfrigt
376 909 42 20 har
440 908 144 22 beträffande
603 911 76 18 rätten
696 910 33 19 att
743 909 58 27 yrka
817 910 29 27 på
862 908 75 28 anläg-

182 943 77 28 gande
281 943 24 22 af
320 951 132 21 gemensam
469 945 52 20 dam
538 947 32 18 ett
586 943 173 30 förtydligande
774 944 82 28 tillägg
871 943 35 22 till
926 946 10 19 1

183 980 33 27 (2)
239 987 68 14 mom.
331 979 74 28 gjorts
430 982 60 19 samt
507 982 14 19 2
539 981 31 27 (3)
587 987 68 14 mom.
673 979 54 22 med
742 979 91 29 hänsyn
849 979 34 22 till
899 979 40 22 det

182 1015 25 21 af
230 1015 121 22 Utskottet
373 1015 95 28 intagna
490 1023 46 21 nya
560 1018 102 19 moment
686 1015 170 28 omredigerats,
873 1015 65 21 hvar-

180 1051 73 28 jemte
278 1051 71 22 orden
374 1051 78 28 ,njute
468 1064 29 3 —
514 1065 26 2 —
559 1064 26 3 —
602 1051 52 22 hela
666 1053 103 20 vattnet"
788 1053 81 20 ersatts
885 1051 53 21 med

185 1086 79 29 »njute
285 1100 27 3 —
329 1100 28 3 —
375 1100 28 3 —
419 1087 52 22 hela
487 1087 39 22 det
539 1087 83 22 dämda
637 1089 112 24 vattnet",
765 1091 55 17 enär
836 1087 101 21 dämnin-

183 1129 46 21 gen
244 1123 43 21 här
303 1123 20 28 ej
341 1123 52 21 med
409 1123 175 29 nödvändighet
599 1123 109 21 omfattar
725 1122 52 21 hela
795 1122 143 24 strömfallet,

257 1159 67 21 Inom
335 1158 120 22 Utskottet
465 1159 40 21 har
515 1158 41 22 vid
564 1159 14 28 &
591 1161 26 19 10
626 1158 131 28 ifrågasatts
764 1158 115 22 huruvida
887 1158 50 22 icke

183 1195 225 28 vattenverksegare,
418 1202 49 14 som
476 1202 78 14 ensam
565 1195 59 29 bygt
632 1195 54 21 dam
697 1194 64 22 öfver
772 1194 112 22 strömfall
895 1195 43 21 och

183 1230 98 22 sålunda
304 1230 73 29 enligt
399 1230 191 29 nästföregående
613 1230 108 29 paragraf
741 1230 89 22 erhållit
846 1232 44 19 rätt
906 1232 33 19 att

183 1266 107 28 begagna
305 1266 69 22 också
390 1274 79 21 egares
486 1267 23 21 af
525 1267 71 21 andra
612 1266 67 22 sidan
695 1266 67 22 andel
778 1266 8 22 i
802 1266 65 22 fallet
880 1268 59 20 samt

184 1301 112 29 möjligen
313 1302 36 21 för
364 1302 198 28 tillgodogörande
579 1302 23 22 af
618 1302 53 21 hela
687 1302 137 21 drifkraften
839 1301 99 29 vidtagit

182 1338 143 22 kostsamma
340 1338 115 26 anstalter,
473 1338 113 28 billigtvis
601 1338 73 21 borde
691 1338 144 21 säkerställas
847 1338 36 21 för
893 1338 45 21 den

182 1374 159 25 eventualitet,
358 1376 33 19 att
407 1374 45 21 den
468 1380 79 15 senare
562 1373 63 22 inom
640 1374 54 21 kort
709 1373 80 29 gjorde
800 1373 99 29 anspråk
909 1376 30 26 på

259 1415 214 19 Vattenrättsutskottets
486 1416 116 18 betänkande
614 1416 38 18 N:o
666 1415 16 19 1.
