1048 1631
236 111 13 21 6
439 110 28 22 U.
484 109 26 22 B.
526 121 28 3 —
569 109 72 28 Prop.
660 108 39 22 N:o
715 108 22 22 2.

207 179 34 22 len
265 178 138 27 redogörelse
417 178 34 22 för
467 185 25 15 en
509 178 23 21 är
548 178 56 22 1894
618 177 109 22 verkstäld
743 177 94 22 klöfver-
856 177 39 22 och
910 179 55 26 gräs-

207 213 134 27 fröenguöte,
357 213 88 21 hvarom
469 213 60 21 äfven
554 215 86 19 nämnes
664 212 31 21 uti
719 213 40 20 den
779 212 78 27 nådiga
872 212 93 27 proposi-

208 249 79 24 tionen,
303 248 112 26 bestyrker
431 248 60 21 detta
505 247 141 22 förhällande.

277 282 11 21 I
311 282 68 21 denna
401 282 137 27 redogörelse
560 282 136 21 konstateras
719 287 45 15 som
789 280 136 22 slutresultat
949 282 16 19 ai

208 317 187 26 undersökningen
419 317 111 26 angående
546 317 129 26 ursprunget
690 315 33 21 till
739 315 26 21 de
781 315 54 27 frön,
853 320 45 15 som
913 314 52 22 före-

208 350 90 21 kommit
313 351 35 20 vid
364 350 113 27 enquéten,
487 353 31 19 att
534 351 35 20 det
584 350 164 27 ifrågavarande
764 350 24 21 år
803 350 6 20 i
825 349 74 21 landet
913 348 52 21 före-

208 385 63 21 fanns
280 385 119 26 ,oerhörda
406 392 87 14 massor
501 385 29 27 af
533 385 82 21 sådant
625 384 116 21 utländskt
750 383 97 28 klöfver-
857 383 40 21 och
905 383 60 25 timo-

209 419 72 28 tejfrö,
297 426 49 14 som
361 419 46 21 icke
421 419 134 21 säkerstälde
570 419 96 28 köparen
682 419 37 27 för
735 418 101 28 onödiga'
843 418 118 27 förluster"

209 453 118 27 hvarjemte
347 454 71 21 såsom
435 454 76 21 allmän
529 453 188 26 sammanfattning
733 453 23 21 af
771 452 116 27 enguötens
903 452 62 21 resul

209 490 32 18 tat
261 487 130 27 framhälles,
415 489 32 20 att
467 494 25 15 en
507 488 47 21 icke
570 488 60 27 ringa
646 487 34 21 del
697 487 22 21 af
735 487 24 21 de
775 487 90 21 insända
881 486 84 27 profver

209 522 6 20 i
231 522 108 21 anseende
355 522 31 21 till
403 522 101 21 renheten
521 522 81 21 lemnat
617 522 135 27 synnerligen
769 521 84 27 mycket
863 521 65 26 öfrigt
939 523 26 18 ati

209 556 74 26 önska,
299 556 59 21 såväl
374 556 54 21 hvad
444 556 186 27 föroreningarnas
647 556 77 26 mängd
741 562 44 15 som
803 556 62 20 deras
880 555 85 21 kvalitet

209 590 128 27 beträffade,
360 593 31 19 att
407 591 211 27 groningsförmågan
636 591 38 21 hos
691 592 31 19 ett
737 592 56 19 stort
808 590 58 21 antal
882 589 83 28 profver

209 625 56 20 varit
289 625 65 26 dålig,
378 626 39 20 hos
440 625 47 22 icke
509 625 22 21 få
557 628 46 18 rent
626 625 23 21 af
671 625 45 21 usel
741 626 54 20 samt
819 626 32 19 att
871 631 48 14 man
943 625 22 26 pi

209 659 68 26 grund
293 659 23 20 af
330 659 71 21 fröens
417 660 6 20 i
439 659 115 21 allmänhet
570 660 60 26 ringa
646 659 45 21 vikt
707 659 71 22 kunde
795 659 55 21 sluta
862 659 32 21 till
908 659 57 21 deras

209 692 64 21 klena
289 693 96 21 kvalitet.

280 728 38 21 Att
348 728 163 21 förhållandena
542 729 53 20 efter
626 729 36 20 det
692 728 139 21 förenämnda
858 728 107 21 uttalande

210 762 68 26 gjorts
303 762 68 21 skulle
387 763 126 20 nämnvärdt
528 763 127 21 förbättrats
671 763 38 20 har
725 763 18 26 ej
759 762 113 27 försports.
897 762 68 21 Sedan

210 796 49 21 dess
275 796 40 21 har
329 797 168 27 förbrukningen
516 797 23 21 af
556 797 156 26 utsädesvaror,
729 797 187 26 gödslingsämnen
928 799 37 19 och

210 831 130 20 fodermedel
357 831 93 27 tilltagit,
459 832 39 21 och
518 832 1 21 i
536 838 80 15 samma
631 831 134 22 förhållande
781 831 38 21 har
834 831 131 26 naturligtvis

209 865 85 22 landets
304 866 104 27 jordbruk
424 866 48 21 lidit
487 867 32 21 till
535 867 51 26 följd
603 867 23 20 af
639 867 41 20 den
691 866 174 21 okontrollerade
877 866 88 21 handelv

210 900 48 20 med
271 900 62 21 dessa
349 902 81 19 ämnen.

280 1003 72 27 Enligt
371 1003 40 21 den
431 1003 91 22 officiela
538 1003 163 22 tullstatistiken
718 1003 155 27 importerades
889 1003 76 26 ifråga-

210 1037 94 21 varande
319 1043 63 15 varor
397 1038 51 21 åren
467 1038 110 22 1895—98
593 1039 32 20 till
642 1038 93 27 följande
751 1037 155 27 värdebelopp:

320 1131 103 31 Import.
681 1135 136 21 Värde
756 1131 12 29 i
780 1135 37 21 Fr

747 1191 1 12 ,
857 1189 2 2 -

546 1211 20 17 år
579 1210 49 18 1895.
638 1208 2 38 |
654 1210 21 18 år
688 1204 60 49 1896:
763 1210 21 17 år
797 1210 50 18 1897.
857 1195 2 48 |
873 1210 22 18 år
899 1210 58 22 1898.

211 1249 2 16 |
532 1258 17 3 —
638 1247 2 33 i
857 1244 2 29 |

220 1306 127 24 Konstgjorda
355 1307 164 23 gödslingsämnen
524 1300 11 34 |
554 1304 84 26 749,204
636 1300 10 34 |
665 1308 184 21 789,130|1,044,174
856 1300 6 34 |
867 1307 92 22 1,362,668

221 1340 88 18 Beredda
321 1341 115 18 fodermedel.
457 1356 10 3 .
481 1356 3 3 .
497 1355 3 3 .
514 1356 3 3 .
538 1331 201 33 1,377,612
636 1327 9 43 |
652 1331 87 33 1,789,877
746 1327 9 43 |
757 1342 92 22 2,481,688
856 1327 9 43 |
867 1342 92 22 2,216,142

220 1374 137 19 Utsädesvaror
376 1389 141 5 .........
537 1376 90 22 1,371,863
637 1364 1 30 |
648 1376 91 21 1,579,248
744 1360 9 44 |
758 1377 91 21 1,293,170
854 1360 9 44 |
869 1376 90 22 1,056,518

443 1416 74 18 Summa
524 1408 5 32 |
535 1416 91 22 3,498,679
635 1409 2 30 |
649 1416 92 22 4,158,250
748 1411 2 27 |
757 1416 93 22 4,819,032
858 1411 2 28 |
867 1416 92 22 4,685,828

280 1461 183 18 Ekonomiutskottets
475 1462 110 18 betänkande
598 1462 38 18 N:o
649 1462 17 18 3.
