1048 1631
225 92 12 19 8
429 90 27 22 U.
473 90 27 23 B.
518 104 26 3 —
562 90 73 30 Prop.
652 90 43 23 N:o
711 91 13 22 1

267 155 63 30 Vilja
352 156 57 22 Iere
433 156 97 23 sålunda
552 156 78 30 myltjä
652 159 87 21 vaiinoi
754 157 44 22 vun
813 157 79 22 förslår
909 156 40 23 det

194 191 20 28 ej
232 191 37 22 för
285 192 51 21 dem
353 191 51 28 alla,
421 194 75 27 gånge
511 193 176 28 vattenledning
708 193 36 21 för
762 193 63 21 stads
841 192 55 22 eller
911 200 37 14 an-

194 234 45 14 nan
256 227 129 29 menighets
403 227 54 22 eller
473 228 66 29 eljest
554 228 36 21 för
606 229 95 21 allmänt
716 229 71 21 behof
797 229 96 21 framom
905 228 43 21 alla

194 263 77 21 andra.
303 263 33 21 Af
355 263 74 28 öfrige
444 263 70 22 hafve
531 263 45 22 den
591 264 120 26 företräde,
728 264 68 22 hvars
813 264 64 21 mark
894 264 55 21 eller

193 299 128 28 inrättning
336 299 75 29 ligger
433 303 103 18 närmare
561 300 183 22 vattenområdet.
776 295 33 26 Är
824 300 123 22 hvarderas

194 335 64 21 mark
275 335 55 21 eller
345 335 127 30 inrättning
487 335 47 22 lika
545 339 61 25 nära,
619 343 42 22 ege
672 336 29 21 de
711 336 47 21 lika
769 339 49 18 rätt.
841 328 106 37 Åsämjas

194 371 28 21 de
247 371 28 28 ej,
295 371 8 20 i
324 371 95 22 hvilken
444 371 98 29 ordning
566 371 113 23 hvardera
703 374 36 19 må
760 371 76 22 inleda
852 374 95 24 vattnet,

193 407 68 28 lägge
277 409 74 19 rätten
368 407 52 22 dem
436 407 103 22 emellan.

427 500 25 19 17
470 498 19 29 8.
515 499 33 27 (se
564 505 63 21 prop.
645 498 14 28 8
677 499 42 27 15).

266 545 96 22 Kronan
378 553 53 14 vare
449 545 107 30 obetaget
572 548 40 25 att,
629 548 48 19 mot
693 545 126 29 ersättning
831 545 35 22 för
877 545 70 22 skada

194 582 36 21 och
245 581 118 29 olägenhet,
386 581 8 21 i
415 581 135 29 vattendrag
574 581 84 22 inrätta
679 581 59 26 dam,
760 581 40 22 der
816 581 81 22 sådant
912 581 36 21 för

193 617 214 22 vidmakthållande
423 617 23 21 af
462 617 145 28 erforderligt
623 617 147 22 vattenstånd
786 617 8 22 i
805 617 72 22 farled
887 617 60 28 pröf-

193 661 41 14 vas
257 653 89 28 nödigt,
371 655 59 19 samt
450 653 8 21 i
479 653 55 22 eller
553 653 65 22 invid
639 653 136 28 vattendrag
794 653 83 21 inrätta
893 652 55 22 eller

193 689 98 29 utvidga
312 689 83 26 farled;
419 689 58 21 dock
493 689 67 22 lände
577 689 35 21 till
629 689 150 22 efterrättelse
795 689 62 21 hvad
868 689 8 21 i
888 689 15 21 6
911 689 36 22 och

193 726 14 21 7
223 725 29 29 88
268 728 69 26 sagts.

423 800 26 19 18
465 797 20 29 &.
513 798 33 27 (se
562 805 63 21 prop.
643 797 14 27 &
675 798 43 26 16).

265 845 49 22 Har
334 845 137 28 vattendrag
491 845 59 22 vikit
570 845 50 21 från
642 845 37 21 sin
695 844 67 27 bädd,
779 845 69 21 hafve
864 851 83 22 egaren

193 881 23 21 af
239 883 94 20 vattnets
354 881 64 27 förra
440 881 51 22 eller
511 888 46 21 nya
579 881 55 22 bädd
650 880 56 22 eller
722 880 37 22 del
775 880 64 22 deraf
855 883 44 18 rätt
914 883 33 18 att

193 917 101 22 återleda
317 919 95 24 vattnet,
437 925 38 14 om
495 917 85 22 dermed
600 917 96 28 vidtages
717 916 63 22 inom
796 916 31 23 tio
845 919 33 24 år;
895 917 52 22 dock

192 953 57 22 skall
267 953 80 28 gäldas
369 953 106 26 kostnad,
499 961 49 14 som
568 953 58 22 efter
641 952 105 29 förloppet
762 953 27 27 af
801 953 36 21 två
852 953 26 21 år
893 953 54 21 ned-

192 989 60 28 lagts
276 991 13 20 å
311 989 83 28 jorden
417 989 8 22 i
445 989 60 22 förra
525 989 92 22 bädden
639 988 56 22 eller
715 989 60 21 skett
791 989 36 21 för
841 988 106 29 tillgodo-

192 1025 103 28 görande
311 1025 23 21 af
350 1027 89 20 vattnet
454 1025 9 21 i
479 1025 51 21 dess
547 1032 45 21 nya
610 1025 56 28 lopp
683 1024 54 21 eller
747 1024 51 29 läge
810 1025 42 21 och
863 1031 83 22 genom

192 1063 101 20 vattnets
311 1061 142 21 återförande
469 1061 77 21 blefve
563 1063 55 19 utan
633 1063 73 26 nytta.

424 1154 26 19 19
467 1151 20 29 8.
505 1152 33 28 (se
554 1158 63 22 prop.
634 1151 15 28 $
668 1152 41 27 17).

264 1199 143 22 Vattenverk
422 1199 35 22 får
473 1199 49 22 icke
539 1199 117 29 anläggas,
673 1199 71 21 innan
757 1198 102 22 tillstånd
871 1198 75 22 dertill

192 1235 126 21 utverkats.

263 1271 48 21 Vid
327 1271 82 21 sådant
424 1271 115 21 tillstånds
555 1271 133 29 beviljande
700 1270 105 29 angifvas
817 1270 129 29 dämnings-

191 1306 108 22 vilkoren
315 1310 59 19 samt
390 1307 28 21 de
434 1307 73 29 öfriga
522 1307 180 28 bestämningar,
715 1314 49 14 som
774 1306 53 22 med
839 1306 107 22 afseende

191 1345 13 19 å
224 1343 64 22 hvad
312 1343 70 22 ofvan
406 1343 102 29 stadgats
534 1343 23 21 af
580 1342 175 22 förhållandena
777 1342 112 29 påkallas;
909 1342 38 22 och

190 1378 62 24 skall,
275 1379 28 22 då
322 1379 71 22 verket
407 1379 79 22 varder
501 1378 97 26 anlagdt,
615 1385 80 19 egaren
711 1379 29 25 på
756 1378 87 27 lämplig
859 1378 37 22 och
911 1378 36 27 för

266 1420 210 20 Vattenrättsutskottets
487 1421 117 19 betänkande
620 1421 38 19 N:o
672 1421 15 18 1.
