1048 1631
313 127 72 23 Ständ.
402 127 35 23 Sv.
454 140 27 3 —
498 127 63 27 Prop.
578 126 35 23 N:o
628 127 14 22 1.
845 128 14 19 5

167 191 45 22 För
227 191 70 28 öfrigt
312 191 41 21 har
369 191 38 21 det
423 190 155 26 vattenstånd,
594 190 52 21 med
661 190 106 22 afseende
778 191 13 20 å
801 189 58 22 hvil-

98 227 40 21 ket
160 225 157 29 kungsådrans
341 225 72 22 bredd
435 225 8 21 i
461 225 145 22 förhållande
630 225 35 21 till
686 225 173 28 vattendragets

98 261 54 21 vidd
176 260 57 21 skall
258 260 141 25 beräknas,
393 255 14 34 i
422 259 237 22 öfverensstämmelse
684 259 52 22 med
759 259 100 22 rådande

99 295 76 28 praxis
198 296 85 20 ansetts
307 294 54 21 böra
383 294 124 21 betecknas
523 293 53 22 med
592 294 117 28 uttrycket
725 293 135 28 ,medelvat-

99 329 151 25 tenständet*,
273 328 43 22 och
338 328 57 26 icke,
411 330 75 19 såsom
501 329 8 20 i
528 328 44 21 den
590 328 85 29 nådiga
689 328 171 29 propositionen

100 367 72 25 säges,
189 363 102 28 ,vanligt
305 363 48 28 lågt
368 363 169 21 vattenstånd".

168 397 12 22 I
195 397 101 28 enlighet
310 397 51 21 med
377 397 71 22 ofvan
463 397 139 22 framhållna
617 397 143 28 synpunkter
775 397 41 21 har
826 396 34 21 fö-

100 432 125 23 revarande
239 431 110 29 paragraf
362 431 26 22 af
401 431 131 22 Ständerna
548 431 170 29 omredigerats.

169 466 146 21 Beträffande
331 468 13 19 2
359 466 14 28 &
390 466 41 21 har
453 465 81 22 endast
550 473 29 14 en
598 465 149 22 redaktionell
761 465 98 28 ändring

100 501 109 28 vidtagits
224 501 8 20 i
247 500 61 29 syfte
323 503 34 18 att
372 501 52 21 med
439 500 44 21 full
499 500 117 29 tydlighet
631 502 70 19 måtte
716 500 95 29 framgå,
822 499 39 22 det

101 535 41 22 här
157 535 59 22 blott
231 537 24 19 är
269 534 66 29 fråga
357 541 38 15 om
410 534 106 29 grunden
536 534 38 22 för
588 534 132 29 fördelning
735 535 26 22 af
772 536 88 21 vatten-

101 569 92 22 kraften
207 569 7 21 i
230 569 117 26 strömfall,
363 571 56 19 utan
435 571 33 19 att
483 569 186 21 vederbörandes
685 569 134 28 eganderätt
825 569 35 20 till

101 603 171 22 vattenbädden
295 603 54 22 eller
371 603 195 28 dispositionsrätt
585 603 65 22 öfver
664 605 89 20 vattnet
768 603 7 21 i
790 603 71 21 andra

102 638 123 22 afseenden
248 637 66 22 deraf
334 637 97 22 beröras.
462 638 12 21 I
489 637 73 29 öfrigt
584 638 48 26 har,
647 639 29 28 på
691 637 74 29 grund
781 637 26 22 af
819 637 41 22 föl-

100 673 70 28 jande
185 672 118 29 paragrafs
318 675 55 18 nära
396 672 110 21 samband
522 673 53 20 med
591 673 44 21 den
650 672 77 26 första,
744 672 117 28 ordnings-

102 707 88 28 följden
205 707 82 21 mellan
303 709 12 19 3
331 707 14 29 8
361 707 42 21 och
426 714 32 14 nu
473 707 159 26 förevarande,
648 707 34 21 till
705 707 38 21 sitt
761 706 102 21 innehåll

103 741 87 29 ganska
204 741 125 22 fristående
344 741 111 28 paragraf
467 741 110 28 ombytts.

171 775 12 22 I
198 775 57 28 följd
271 775 66 22 deraf
351 778 32 19 att
407 775 175 29 bestämningen
596 776 7 21 i
620 778 11 19 1
647 776 14 28 8
677 783 36 14 om
730 774 131 29 kungsädra

103 811 7 20 i
126 810 34 29 sjö
176 810 26 21 af
214 810 127 22 Ständerna
356 810 114 21 uteslutits
485 810 44 21 och
540 813 81 19 ersatts
632 810 50 22 med
694 812 33 19 ett
736 809 127 29 stadgande

103 852 37 15 om
162 844 44 22 far-
229 844 42 22 och
295 844 95 27 flottled,
413 844 42 22 har
477 847 34 19 ett
531 845 84 28 tillägg
630 845 34 20 till
679 847 13 18 3
708 845 31 28 (2)
753 844 14 29 &
783 843 80 22 befun-

103 879 45 22 nits
163 879 81 28 nödigt
259 879 7 20 i
281 879 61 28 syfte
365 881 34 19 att
420 879 120 21 utsträcka
558 879 41 21 här
614 879 100 22 uttalade
729 878 85 22 förbud
829 878 35 21 till

103 913 138 28 vidtagande
257 913 26 22 af
300 913 112 28 åtgärder,
428 913 152 28 hvarigenom
596 913 64 28 dylik
674 913 36 21 led
726 912 77 22 kunde
818 912 46 21 lida

104 947 98 29 inträng.

174 982 51 22 Den
240 989 67 21 egare
330 982 26 21 af
369 983 52 20 dam
443 981 66 22 öfver
527 982 138 28 vattendrag
680 981 107 22 ähvälfda
803 981 60 28 skyl-

105 1016 80 29 dighet
207 1019 33 18 att
262 1017 72 21 tilläta
356 1017 129 21 inrättande
507 1016 27 22 af
546 1016 192 29 flottningsränna
753 1015 44 22 och
811 1015 53 22 fisk-

106 1054 45 25 väg
166 1051 69 21 hafva
250 1051 134 25 Ständerna,
400 1051 37 22 för
451 1051 150 21 undvikande
617 1051 25 21 af
655 1058 27 14 en
698 1050 107 22 minutiös
821 1049 43 22 och

105 1085 8 21 i
128 1085 120 28 praktiken
270 1085 107 28 vansklig
398 1085 225 28 värdebestämning,
647 1088 73 18 ansett
739 1085 56 21 böra
809 1091 56 14 vara

106 1119 128 29 ovilkorlig,
244 1119 93 22 hvarför
348 1119 54 22 sista
413 1122 76 19 satsen
500 1119 27 22 af
537 1121 10 19 1
559 1127 67 14 mom.
637 1121 13 19 4
657 1115 10 37 &
685 1119 120 25 uteslutits,
819 1125 45 14 me-

106 1154 45 21 dan
166 1161 83 21 genom
260 1154 139 28 tilläggande
410 1154 26 21 af
445 1154 65 21 ordet
521 1154 71 26 ,full*
604 1153 95 22 framför
710 1153 155 27 ,ersättning'

107 1188 147 28 damegarens
269 1191 44 18 rätt
329 1188 32 21 till
378 1188 139 22 skadeständ
532 1188 134 28 ytterligare
685 1188 109 22 betonats.

176 1222 61 22 Enär
259 1222 28 22 de
310 1222 6 21 i
335 1222 184 29 propositionens
544 1225 28 19 20
587 1223 14 28 8
618 1222 25 22 af
656 1222 61 22 detta
733 1222 86 28 kapitel
834 1222 32 20 in-

107 1257 88 28 gäende
220 1256 142 22 föreskrifter
387 1257 120 28 angäende
530 1257 132 21 damluckas
685 1256 182 29 öppenhällande

107 1298 29 14 m.
152 1298 28 14 m.
197 1291 116 21 befunnits
332 1298 42 21 ega
393 1291 36 21 sin
444 1291 118 29 egentliga
577 1291 117 29 betydelse
710 1291 57 21 blott
782 1290 85 22 beträf-

107 1325 69 22 fande
199 1325 62 21 äldre
283 1326 142 25 vattenverk,
448 1325 39 21 vid
509 1325 91 22 hvilkas
616 1325 140 28 anläggning
771 1324 96 22 bestäm-

107 1360 83 27 ningar
212 1360 95 21 rörande
327 1360 227 28 vattenregleringen
570 1360 6 20 i
592 1359 134 22 strömfallet
741 1359 50 21 icke
806 1358 61 22 med-

108 1393 79 26 delats,
196 1394 69 21 hafva
277 1394 135 26 Ständerna,
421 1393 71 29 jemte
503 1394 40 21 det
551 1394 72 22 första
633 1394 121 28 meningen
765 1392 25 22 af
797 1393 70 28 sagda

108 1427 109 29 paragraf
230 1430 85 19 ansetts
331 1428 78 21 kunna
428 1428 48 22 helt
492 1428 45 22 och
553 1428 71 22 hället
639 1430 61 26 utgä,
710 1428 77 21 funnit
797 1428 72 27 lämp-

875 467 12 18 2
904 465 31 27 (8)
951 464 23 29 8.

879 776 13 19 3
908 774 32 27 (2)
955 773 23 29 8.

883 982 13 19 4
912 980 31 28 (8)
959 979 23 29 8.
