1048 1631
350 125 29 22 U.
395 124 28 22 B.
441 138 27 3 —
483 124 77 29 Prop.
576 124 42 23 N:o
635 124 23 22 3.
836 127 29 21 17

491 232 14 26 8
524 232 23 20 5.

213 283 76 22 Denna
316 283 127 28 förordning
463 283 70 21 träder
551 283 9 20 i
574 283 99 27 gällande
691 283 58 27 kraft
767 283 40 20 den
826 295 27 2 —
873 295 27 2 —

143 331 29 2 —
203 330 27 2 —
261 329 28 4 —
312 326 43 17 —;
375 317 38 21 och
429 318 55 21 skall
500 318 93 26 domare,
612 318 14 20 å
644 317 85 21 hvilken
745 317 154 27 förordningen

140 360 47 20 eger
208 353 145 26 tillämpning,
373 352 8 20 i
397 352 66 27 öfrigt
480 352 88 27 åtnjuta
585 352 25 21 de
628 352 126 27 rättigheter,
772 359 46 13 som
836 352 66 27 enligt

140 387 156 28 förordningen
322 387 29 27 af
373 387 41 20 den
439 388 14 19 3
471 386 108 21 Februari
597 387 61 20 1868
675 386 118 21 tillkomma
811 386 87 21 embets-

140 422 39 20 och
198 421 132 28 tjenstemän,
349 421 82 20 hvilkas
450 421 147 27 befattningar
614 421 108 26 indragas.

211 557 41 22 Uti
280 557 108 22 ärendets
413 557 144 29 behandling
574 557 72 22 hafva
664 557 99 28 deltagit
781 557 119 22 ordföran-

142 593 45 20 den
212 591 108 22 Friherre
339 591 28 22 R.
386 592 27 21 A.
433 591 93 28 Wrede,
544 592 157 22 ledamöterne
721 591 133 29 Stjernvall,
873 591 26 22 B.

141 627 23 21 J.
194 626 138 28 Grotenfelt,
361 626 184 29 Schwartzberg,
569 627 30 20 H.
618 627 26 20 E.
664 625 149 28 Schroderus,
833 626 67 21 Sten-

142 661 66 28 bäck,
245 661 115 27 Hellman,
395 660 60 29 Aug.
485 661 111 27 Juselius,
632 660 104 27 Kumlin,
768 660 131 29 Stigzelius,

142 691 113 32 Åkesson,
282 695 117 28 Hollm&n,
428 695 125 28 Teittinen,
581 695 142 22 Tensikkala
745 694 43 22 och
807 695 93 28 Torppa

143 732 60 19 samt
229 729 155 29 suppleanten
411 730 22 21 J.
461 737 46 14 von
532 730 131 21 Haartman
685 729 119 22 äfvensom
827 729 72 22 delvis

142 765 154 28 suppleanten
314 764 69 28 Lyra.

211 833 149 29 Helsingfors
379 832 44 23 den
443 834 14 20 3
476 834 64 21 Mars
560 834 71 21 1900.

275 1443 114 23 Helsingfors
403 1444 49 17 1900.
477 1443 118 24 Helsingfors
608 1443 159 23 Centraltryckeri.
