1048 1631
227 123 27 20 14
453 123 28 23 U.
495 124 26 22 B.
536 137 28 3 —
578 124 73 29 Prop.
666 124 45 23 N:o
727 124 33 22 11.

225 191 27 22 tit
273 191 79 22 föreslå
373 195 37 24 att,
426 193 33 21 för
483 193 106 22 vinnande
611 193 23 22 af
654 194 65 27 nödig
734 194 105 27 tydlighet
848 194 133 27 härutinnan,

225 225 88 22 framför
329 227 62 21 ordet
405 228 84 27 »intyg»
501 228 66 21 måtte
581 227 80 22 införas
676 228 62 21 ordet
755 228 133 27 »skriftligt>.

294 375 32 21 På
341 376 70 27 grund
427 379 20 18 at
462 377 56 21 hvad
534 376 63 22 ofvan
612 376 127 21 framhållits
754 376 32 22 får
797 377 112 21 Utskottet
920 377 61 22 vörd-

226 411 56 19 samt
297 409 86 22 föreslå:

500 464 33 19 att
549 463 124 20 Ständerna
683 463 53 20 ville
750 462 7 21 i
764 462 138 28 underdånig
910 470 71 14 svars-

431 497 112 27 skrifvelse
559 497 35 21 till
609 497 64 21 Hans
688 497 124 27 Kejserliga
827 497 104 27 Majestät
941 504 40 15 an-

431 532 66 27 mäla,
515 533 33 19 att
562 532 25 20 de
602 532 10 20 i
626 532 145 27 förevarande
787 531 82 28 nådiga
880 532 101 27 proposi-

432 566 47 20 tion
502 566 34 20 till
558 565 125 22 Ständerna
707 565 160 28 öfverlemnade
887 566 91 27 författ-

431 600 149 27 ningsförslag
602 600 74 27 blifvit
696 599 29 28 af
741 599 125 21 Ständerna
881 602 99 25 antagna

431 635 48 20 med
493 634 71 28 några
579 635 130 26 ändringar,
723 634 10 21 i
748 634 56 27 följd
819 634 83 27 hvaraf
913 635 67 26 sagda

430 669 83 27 förslag
530 669 84 20 komme
628 670 34 19 att
675 668 86 21 erhålla
776 668 97 27 följande
889 669 90 27 lydelse:

224 771 156 28 Förordning
399 771 125 28 angående
542 771 93 22 ändrad
656 771 95 28 lydelse
769 771 28 22 af
809 771 122 22 särskilda
946 771 32 28 $$

468 806 10 21 i
492 805 241 28 rättegångsbalken.

292 869 131 27 Härigenom
440 870 86 26 stadgas
542 871 31 19 att
591 869 78 27 futesl.)
688 869 79 26 Kongl.
778 869 144 20 resolutionen
938 869 40 20 den

222 903 27 21 29
265 903 42 27 Maj
325 904 56 21 1752
397 904 53 21 skall
466 903 96 28 upphöra
578 905 31 19 att
625 903 54 27 gälla
695 905 56 19 samt
767 903 18 26 1,
801 903 18 25 2,
835 903 19 25 4,
870 904 11 19 7
898 903 38 21 och
953 903 26 20 10

223 937 23 28 88
264 938 24 21 11
305 938 53 27 kap.,
374 938 13 21 2
403 938 11 27 &
431 938 26 21 12
472 938 53 26 kap.,
542 938 10 20 1
570 937 11 28 $
598 938 26 20 15
638 937 55 27 kap.,
709 937 76 26 futesl)
801 937 14 21 3
831 937 38 20 och
884 937 13 20 5
913 937 23 27 88
953 937 24 21 17

222 972 54 27 kap,
299 972 14 21 4
335 972 11 27 $
367 972 26 21 21
417 972 48 27 kap.
488 971 108 22 äfvensom
618 973 9 19 1
645 971 11 28 $
672 971 28 21 24
715 971 48 27 kap.
778 971 200 26 rättegångsbalken

223 1006 79 21 erhälla
317 1006 94 27 följande
426 1006 90 27 lydelse:

550 1070 23 20 11
592 1069 56 21 Kar.

578 1133 44 27 18.

291 1184 74 27 Enligt
380 1185 167 27 propositionen.

578 1248 46 28 28

292 1300 11 20 1
320 1306 63 14 mom.
400 1300 66 26 enligt
481 1300 167 26 propositionen.

290 1334 93 20 Fordrar
395 1334 70 27 någon
475 1334 28 27 pä
513 1334 69 26 grund
593 1334 22 20 af
627 1332 126 23 skuldebref
763 1332 50 22 eller
825 1338 69 15 annan
908 1332 69 21 skrift-

221 1368 30 26 lig
265 1368 130 21 förbindelse
410 1368 118 27 penningar
543 1368 51 21 eller
610 1374 63 15 varor
689 1367 31 21 till
730 1367 55 21 visst
798 1367 77 26 belopp
888 1367 89 26 (utesl.),

220 1408 52 15 vare
287 1402 40 21 ock
341 1404 92 25 muntlig
449 1405 107 24 stämning
570 1402 66 27 giltig,
647 1402 56 21 ändå
716 1404 32 19 ali
759 1401 100 27 veioppet
871 1401 50 22 ollor
932 1403 37 19 vär

222 1436 36 21 det
273 1436 22 21 af
309 1437 40 25 det,
365 1443 47 15 som
428 1436 89 26 fordras,
534 1436 125 27 öfverstiger
675 1436 123 21 sexhundra
813 1435 66 21 mark.

290 1476 134 22 Lagutskottets
437 1477 109 17 betänkande
559 1477 37 17 N:o
609 1477 17 17 3.
