1048 1631
193 110 12 20 to

207 110 13 20 O

437 110 30 22 U.
483 110 28 21 B.
532 123 23 8 —
572 110 75 28 Prop.
662 110 43 22 N:o
721 110 35 22 14.

561 235 34 22 11.

263 292 72 21 Jemte
359 292 37 21 det
419 292 174 21 undertecknade
610 292 73 21 förena
699 293 34 27 sig
748 300 33 13 om
798 291 156 22 ofvanstäende

194 327 132 20 reservation
349 327 72 20 kunna
445 327 28 26 vi,
496 327 27 28 pä
539 326 26 21 de
581 327 47 20 skäl
643 334 46 13 som
704 326 13 21 ä
732 334 48 21 pag.
796 327 83 21 10—11
896 327 6 20 i
918 326 37 21 be-

194 360 119 21 tänkandet
328 361 82 21 anförts
426 363 58 18 emot
499 361 37 20 det
551 361 23 20 af
589 361 154 27 Lagutskottet
757 361 7 21 i
780 362 12 19 5
809 361 12 27 $
837 361 23 20 af
870 360 85 21 författ-

195 395 169 28 ningsförslaget
379 399 110 24 upptagna
505 395 118 27 stadgande
640 395 73 20 därom
730 398 31 18 att
776 395 131 27 fullmäktigs
922 402 33 13 ar-

200 429 63 24 vode,
286 429 39 21 där
347 430 18 27 ej
389 430 55 20 visst
467 429 52 21 aftal
542 431 24 19 är
580 429 78 28 gjordt,
675 429 55 21 skall
746 429 127 21 bestämmas
889 429 67 27 enligt

197 470 56 19 taxa,
277 463 48 21 icke
340 463 67 21 heller
421 463 115 28 godkänna
552 463 104 28 förslaget
670 464 7 19 i
693 463 70 21 denna
779 463 43 26 del;
841 463 40 21 och
897 462 22 21 fä
935 463 20 20 vi

200 497 75 21 därför
291 497 109 22 vördsamt
415 497 88 22 föreslä:

474 556 31 19 att
530 555 144 20 betänkandet
697 554 68 21 måtte
787 554 170 21 äterremitteras

407 589 36 21 till
459 589 151 27 Lagutskottet
625 589 36 27 för
675 590 34 19 att
725 589 168 26 omformuleras
903 588 10 21 i
922 588 35 21 sä-

405 624 55 20 dant
475 624 63 27 syfte,
560 625 33 19 att
616 630 28 14 ur
665 623 35 21 det
721 623 52 20 däri
786 623 107 27 ingående
908 623 47 26 för-

405 657 197 28 fattningsförslag
624 657 108 21 uteslutas
755 657 45 20 alla
815 657 24 20 de
855 657 102 26 stadgan-

407 692 48 25 den,
472 691 73 21 hvilka
561 691 47 27 afse
624 693 33 19 att
672 691 139 27 fullmäktigs
821 691 84 26 arvode,
917 691 42 20 där

406 725 20 28 ej
448 726 54 21 visst
524 726 58 27 aftal
604 727 27 18 är
651 725 78 27 gjordt,
753 725 56 20 skall
828 725 130 20 bestämmas

407 760 70 27 enligt
492 762 58 19 taxa.

271 823 145 28 Helsingfors,
432 822 42 21 den
491 823 25 20 12
532 830 56 13 mars
605 823 60 20 1900.

268 880 19 22 J.
303 886 35 17 von
355 879 110 24 Haartman.
709 879 18 23 F.
743 879 112 28 Stjernvall.

271 919 54 24 Alex.
343 919 78 23 Kumlin.
713 919 20 23 T.
750 919 19 23 L.
785 919 45 23 Eck.

274 1464 133 22 Lagutskottets
420 1464 110 17 betänkande
543 1463 37 17 N:o
594 1464 17 16 6.
