1048 1631
282 95 85 23 Ständ.
383 95 39 23 Sv.
438 108 27 3 —
480 96 76 28 Prop.
572 96 42 22 N:o
630 95 21 23 8.
832 96 12 20 3

99 169 16 14 n
142 164 72 19 större
241 161 113 22 afvikelse
381 161 53 22 frän
453 160 45 23 den
515 160 329 30 inamovibilitetsgrundsats,

97 203 37 14 om
152 203 84 21 genom
254 195 201 30 ofvanäberopade
473 195 278 29 grundlagsstadganden
769 199 25 18 är
806 195 38 22 be-

95 230 105 22 räffande
227 231 97 20 embets-
343 229 43 22 och
409 231 141 28 tjenstemän
568 230 37 21 uti
622 230 81 21 landet
720 231 8 20 i
747 230 97 21 allmän-

81 264 42 22 het
147 265 135 28 fastslagen,
301 268 30 17 än
353 264 46 21 den
417 264 113 22 afvikelse
549 264 53 22 frän
620 264 72 29 sagda
710 264 133 29 grundsats,

82 306 50 15 som
164 307 83 20 genom
277 299 64 21 1868
369 299 37 21 års
432 299 138 28 förordning
603 299 108 22 infördes.
755 299 88 21 Härtill

82 333 117 28 kommer,
220 336 35 19 att
272 333 266 29 författningsförslaget
555 333 86 29 jemväl
658 333 83 22 hänför
759 333 36 29 sig
807 333 37 22 till

82 367 237 23 stadsdomstolarnas
335 367 155 28 medlemmar,
503 368 95 21 hvilkas
610 367 108 29 rättsliga
729 367 114 29 ställning

83 402 53 22 icke
154 403 89 21 berörts
262 403 24 21 af
304 402 85 22 nämda
406 402 140 29 förordning
562 401 44 23 och
618 402 36 22 för
665 402 82 21 hvilka
756 402 86 29 grund-

82 437 84 28 lagens
193 436 146 29 stadganden
367 436 78 22 derför
465 444 44 21 ega
528 437 139 21 oinskränkt
684 437 157 28 tillämpning.

81 471 53 22 Den
160 471 138 29 förändring
315 471 9 21 i
342 471 109 29 gällande
478 473 49 19 rätt
552 471 120 29 angående
689 472 152 28 tjenstemäns

82 505 169 29 oafsättlighet,
271 513 49 14 som
337 505 267 29 författningsförslaget
622 505 74 22 skulle
714 505 83 28 införa,
817 509 25 18 är

81 540 145 21 fördenskull
253 540 52 21 icke
332 540 151 28 fullständigt
505 540 112 29 angifven
638 547 84 21 genom
739 540 103 22 uttalan-

82 574 46 28 det,
156 577 36 19 att
218 574 112 29 förslaget
357 575 98 21 innebär
476 582 29 13 en
526 575 126 28 ,afvikelse
670 575 8 21 i
696 575 63 21 vissa
776 574 65 22 delar

81 609 54 21 från
152 609 63 22 hvad
232 609 171 28 förordningen
419 609 45 22 den
478 609 14 21 3
505 609 116 22 Februari
636 609 70 27 1868,
720 608 121 30 angående

82 643 29 22 de
129 643 139 29 rättigheter
287 643 43 22 och
349 643 166 29 skyldigheter,
536 651 49 14 som
600 643 130 22 tillkomma
743 643 98 22 embets-

82 677 44 22 och
144 678 146 29 tjenstemän,
309 677 94 22 hvilkas
421 678 162 29 befattningar
600 677 117 29 indragas,
735 678 8 21 i
763 680 78 19 ämnet

82 712 151 28 innehåller",
260 715 58 19 utan
350 712 115 22 erfordras
494 713 38 21 för
559 711 228 23 karaktäriserandet
817 712 24 21 af

82 746 77 22 denna
185 747 198 28 rättsförändring
410 747 111 28 derjemte
546 749 35 19 ett
604 746 147 29 åberopande
771 746 23 22 af
812 746 28 21 de

81 781 184 29 grundlagsbud,
289 781 52 22 frän
368 781 81 22 hvilka
475 781 114 29 förslaget
612 781 88 22 medför
717 789 47 20 nya
783 781 57 21 afvi-

81 815 77 22 kelser
184 815 93 22 utöfver
298 815 58 28 dem,
375 823 49 14 som
441 816 127 21 innebäras
586 816 8 21 i
614 816 64 21 1868
697 816 37 21 års
752 815 87 22 förord-

80 850 66 29 ning.
182 850 34 21 Pä
242 849 77 29 grund
345 850 73 27 häraf,
438 850 44 21 och
505 850 32 22 dä
556 850 39 22 det
613 851 71 20 mäste
703 857 66 14 anses
787 849 52 22 sak-

80 885 82 28 enligt,
188 887 35 19 att
247 885 8 20 i
273 884 120 29 ingressen
420 885 37 21 till
484 885 176 28 författningar,
678 884 161 22 innebärande

81 918 101 30 ändring
209 919 23 22 af
257 919 110 28 gällande
394 919 46 28 lag,
468 919 29 22 de
523 919 93 28 lagrum
642 921 122 26 upptagas,
787 919 52 21 frän

80 953 82 22 hvilka
180 953 28 22 de
226 961 47 20 nya
291 953 162 29 stadgandena
468 953 118 22 innefatta
599 961 28 14 en
640 953 117 28 afvikelse,
767 953 72 22 hafva

80 987 139 28 Ständerna,
246 987 81 22 hvilka
353 987 128 22 behandlat
507 988 154 22 förevarande
684 987 155 30 lagförslag
823 983 20 39 i

80 1021 45 22 den
144 1022 101 29 ordning
271 1022 29 21 71
321 1023 12 26 &
352 1022 273 29 Landtdagsordningen
643 1022 101 29 stadgar,
762 1022 76 22 vidta-

78 1056 37 29 git
142 1057 73 22 sädan
240 1056 100 29 ändring
357 1057 36 21 uti
411 1057 121 28 ingressen
551 1057 37 21 till
606 1057 232 28 författningsförsla-

78 1093 48 26 get,
146 1093 34 19 att
198 1091 134 22 förberörda
350 1091 179 29 grundlagsbud
549 1091 50 22 deri
616 1095 133 18 omnämnas
767 1091 71 29 jemte

82 1125 65 22 1868
166 1126 37 21 ärs
221 1125 144 29 förordning.

148 1160 43 22 Uti
217 1160 186 29 propositionens
428 1160 11 21 1
464 1161 13 25 &
495 1160 106 28 föreslås,
620 1162 34 20 att
672 1159 165 29 förordningen

79 1194 72 22 borde
169 1194 64 29 gälla
251 1194 83 22 endast
352 1194 28 22 de
398 1194 218 29 häradshöfdingar,
635 1194 80 22 hvilka
733 1194 38 22 till
787 1194 51 21 sina

78 1228 161 30 befattningar
257 1231 103 19 utnämts
378 1229 59 21 efter
454 1228 154 23 utfärdandet
626 1229 23 21 af
666 1228 171 29 författningen

77 1263 9 21 i
104 1263 73 29 fråga.
214 1263 137 22 Emellertid
369 1263 79 22 kunde
470 1263 41 21 det
532 1263 103 28 inträffa,
654 1265 34 20 att
707 1271 28 14 en
754 1270 83 22 person

78 1298 98 21 ansökte
195 1306 29 13 en
242 1298 229 28 domarebefattning
489 1298 73 22 innan
581 1298 166 29 förordningen
764 1297 73 21 utfär-

78 1332 59 28 dats,
164 1340 53 14 men
243 1332 78 22 hblefve
347 1332 39 22 till
413 1332 91 29 sysslan
526 1332 99 22 utnämd
645 1333 58 21 först
721 1332 58 22 efter
797 1331 40 21 det

76 1366 70 29 lagen
164 1366 65 22 trädt
247 1367 8 21 i
273 1366 109 30 gällande
400 1367 70 21 kraft.
506 1366 38 22 Dä
563 1366 40 22 det
621 1370 64 26 synts
705 1366 132 22 Ständerna

76 1401 53 21 icke
154 1408 58 15 vara
229 1401 53 22 med
300 1401 109 29 billighet
427 1401 114 29 förenligt
560 1404 35 19 att
613 1402 51 27 den,
682 1401 96 22 hvilken
797 1407 40 15 an-
