1048 1631
434 111 39 21 N:o
493 112 16 20 1.
798 112 24 20 15

93 181 59 26 drag,
178 181 52 20 eller
253 181 61 26 eljest
329 180 24 21 så
368 181 69 26 bygga
454 180 44 21 deri
516 181 53 20 eller
584 180 87 27 vidtaga
687 180 64 21 sådan
767 181 87 26 åtgärd,

92 217 32 19 att
139 221 68 15 annan
222 221 76 20 genom
313 214 124 27 förändring
453 214 24 21 af
492 215 162 26 vattendragets
670 214 50 27 djup
736 214 52 21 eller
803 215 48 26 läge

92 249 53 22 eller
160 249 23 21 af
196 249 161 21 vattenståndet
380 249 45 21 deri
449 249 54 21 lider
519 255 48 15 men
584 249 12 20 &
612 248 39 22 sitt
666 248 87 21 område
769 248 24 21 af
806 251 43 19 vat-

92 283 112 28 tendraget
226 283 53 22 eller
295 283 12 21 å
322 283 59 28 fiske,
395 283 49 27 jord
460 283 53 22 eller
530 289 69 15 annan
617 283 110 27 egendom,
743 283 52 21 eller
811 283 41 22 ock

92 318 137 27 kungsådran
245 317 89 22 sålunda
349 317 125 22 försämras.

448 405 13 20 4
477 405 18 27 8.

162 450 45 21 Har
222 451 71 25 någon
315 450 92 26 tidigare
422 450 92 27 lagligen
532 450 119 21 förvärfvat
667 451 44 20 rätt
727 451 32 20 att
774 451 77 26 stänga

92 484 126 27 vattendrag
241 485 52 20 eller
316 485 85 20 dämma
423 485 52 20 eller
493 484 50 21 leda
566 486 83 19 vattnet
672 484 127 21 annorledes
823 486 26 19 än

91 519 63 22 ofvan
171 522 64 25 sagts,
251 519 59 28 njute
325 520 40 21 den
382 519 104 28 rättighet
501 520 98 27 tillgodo.
632 519 69 27 Egare
718 519 23 22 af
755 519 48 21 dam
819 519 32 21 öf-

92 561 36 14 ver
143 555 49 20 hela
207 554 150 27 vattendraget
372 560 50 15 vare
438 554 53 21 dock
507 554 85 27 skyldig
608 556 40 24 att,
660 556 57 19 emot
728 554 121 26 ersättning

92 589 32 21 för
146 589 68 21 skada
229 589 38 21 och
283 589 120 27 olägenhet,
419 589 71 21 tillåta
505 589 150 26 anbringande
674 588 24 21 af
713 588 82 27 fiskväg
811 588 38 21 och

90 623 187 28 flottningsränna,
293 629 33 15 om
345 626 78 24 gagnet
439 623 22 21 af
475 623 67 22 sådan
558 623 120 27 inrättning
693 622 87 27 pröfvas
796 629 54 15 vara

92 658 88 21 dubbelt
194 659 69 20 större
279 659 26 19 än
320 657 83 22 skadan
419 658 40 21 och
475 657 141 28 olägenheten
631 657 36 21 för
682 657 86 21 honom.

159 693 98 26 Fiskväg,
280 698 46 15 som
349 699 28 14 nu
396 694 77 24 nämts,
496 692 68 21 hålles
587 694 78 25 öppen,
682 692 70 21 såvidt
768 692 19 26 ej
803 693 46 20 sär-

92 727 66 22 skildt
173 727 132 21 annorlunda
321 727 122 27 medgifves,
460 727 47 21 från
523 727 144 26 islossningen
683 727 33 20 till
733 727 40 20 den
791 727 8 20 1
814 727 37 20 de-

92 761 89 22 cember.

447 825 12 20 5
477 825 17 26 &.

158 870 58 22 Utan
240 871 75 21 hinder
339 871 22 21 af
382 871 56 20 hvad
456 871 8 20 1
483 870 39 21 och
539 871 12 20 3
568 870 24 27 8$
609 869 77 27 stadga
702 876 51 15 vare
769 870 80 21 tillåtet

90 907 39 25 att,
152 905 70 21 såvidt
245 905 38 22 ske
305 905 41 21 kan
369 907 50 19 utan
444 907 33 19 att
495 910 48 16 men
560 905 12 20 å
588 904 139 21 användbart
742 903 38 22 fall
797 905 53 20 eller

91 939 62 26 eljest
168 945 69 15 annan
254 941 26 19 än
296 939 60 27 ringa
375 939 68 21 skada
462 939 70 26 någon
548 938 134 27 tillskyndas,
698 938 33 21 för
746 939 104 20 vinnande

90 973 23 21 af
134 973 101 22 drifkraft
249 974 7 21 i
272 973 104 22 strömfall
400 973 87 27 vidtaga
507 973 67 21 sådan
589 973 124 27 utgräfning
729 973 52 21 eller
796 979 53 21 upp-

91 1008 99 27 dämning
205 1008 52 21 eller
273 1009 65 20 sådan
355 1009 92 26 ändring
462 1008 53 21 eller
530 1008 124 26 minskning
670 1007 22 22 af
704 1008 145 26 kungsådran,

91 1042 75 21 hvaraf
187 1042 104 27 väsentlig
313 1043 113 27 olägenhet
448 1043 34 20 vid
505 1043 49 20 dess
573 1042 138 27 begagnande
734 1042 47 21 icke
796 1048 53 21 upp-

90 1077 51 26 står,
157 1079 56 18 samt
227 1079 75 24 stänga
317 1077 142 28 kungsådran,
476 1077 38 21 der
530 1078 64 26 ingen
611 1077 53 21 eller
673 1077 56 21 blott
741 1077 107 27 obetydlig

90 1111 124 21 samfärdsel
237 1111 152 27 förekommer;
413 1112 54 21 dock
490 1112 55 21 skall
568 1111 34 22 för
625 1111 78 22 förlust
727 1111 22 22 af
763 1111 83 22 förmån

90 1148 56 19 samt
161 1145 33 21 för
209 1146 67 21 skada
292 1146 39 22 och
347 1147 114 27 olägenhet
476 1146 6 21 i
499 1146 66 27 öfrigt
580 1145 68 28 gifvas
664 1145 118 27 ersättning
794 1146 55 21 efter

90 1180 51 21 fulla
156 1180 75 21 värdet
247 1180 38 22 och
301 1181 80 21 hälften
398 1180 128 22 derutöfver.

158 1214 82 22 Varder
255 1221 76 15 senare
355 1215 132 26 förordnadt,
506 1217 33 20 att
554 1215 128 27 kungsådra,
698 1221 44 15 som
759 1216 89 26 stängts,

89 1250 38 20 bör
149 1250 32 21 till
205 1249 68 22 farled
296 1250 117 26 användas,
431 1250 54 21 skall
505 1250 98 21 dammen
626 1249 91 22 derifrån
733 1249 24 21 af
771 1255 76 21 egaren

89 1286 51 19 utan
156 1284 119 27 ersättning
290 1284 161 22 undanskaffas.

156 1318 101 22 Päkallas
272 1319 33 21 för
321 1320 42 20 viss
379 1319 13 21 å
407 1320 52 20 eller
475 1320 35 21 del
527 1320 62 21 deraf
602 1320 113 26 undantag
731 1319 46 21 från
792 1318 55 22 hvad

88 1352 62 22 ofvan
182 1352 143 22 föreskrifvits
348 1359 34 15 om
402 1355 44 19 rätt
469 1356 32 19 att
515 1356 79 24 stänga
611 1354 129 26 kungsädra,
755 1353 94 21 bestäm-

88 1393 44 15 mes
148 1387 72 21 derom
237 1394 75 20 genom
329 1388 92 21 särskild
438 1387 64 27 nådig
518 1388 130 27 förordning.
