1048 1631
143 301 11 27 8
163 301 25 27 1.

143 473 11 27 8
170 474 20 20 3.

159 1209 11 20 L
158 1168 12 21 0

186 1170 19 53 D

242 94 27 21 10
443 95 26 23 U.
486 96 27 21 B.
532 108 23 3 —
572 96 72 27 Prop.
662 96 39 22 N:o
717 96 20 21 2.

283 166 38 19 Vid
337 167 42 19 den
393 167 137 25 grauskning,
546 170 46 17 som
608 169 75 22 egnats
699 164 142 23 förevarande
852 164 110 27 iagiorsiag

210 197 39 21 har
269 197 110 22 Utskottet
398 199 45 21 dels
463 199 32 21 till
511 199 159 27 förtydligande
686 199 23 21 af
722 199 67 27 några
805 199 44 21 deri
865 199 97 27 ingäendi

212 231 233 28 detaljbestämningar,
455 233 46 22 dels
509 233 6 22 i
524 233 55 27 syfte
592 235 32 20 att
635 233 97 22 förenkla
744 233 73 27 lagens
829 233 133 28 tillämpning

212 268 69 19 ansett
298 267 73 27 nödigt
386 267 79 22 föreslä
481 267 95 28 följande
592 268 129 27 ändringar:

281 301 57 21 Enär
362 302 35 21 det
420 303 47 20 icke
483 303 56 21 'med
562 303 38 20 full
622 303 106 26 tydlighet
751 302 100 27 framgår,
875 303 32 20 att
930 303 32 20 de

212 337 80 19 största
311 337 136 26 varumängd,
469 343 45 15 som
537 337 33 20 får
589 337 65 26 säljas
674 339 51 18 utan
741 337 40 21 den
797 337 7 20 i
822 338 9 19 1
849 336 12 27 8
883 337 4 20 1
907 343 54 14 mom

211 369 128 22 föreskrifna
354 372 105 25 garantin,
477 371 56 21 afser
549 371 73 27 hvarje
633 371 92 21 särskild
734 372 45 20 sort
787 371 23 21 af
817 377 81 15 samma
907 377 53 15 varu

212 404 52 26 slag,
280 405 39 20 har
333 405 114 22 Utskottet
461 408 71 19 ansett
549 407 9 20 1
576 406 11 27 &
603 407 13 20 2
632 411 63 16 mom.
707 405 154 22 böra
766 400 10 37 i
788 405 73 22 sådant
870 405 93 22 afseendc

211 438 132 27 förtydligas.

282 473 41 22 Det
350 474 6 21 i
382 475 69 20 denna
478 475 100 26 paragraf
600 475 103 26 stadgade
727 475 134 21 förfarandet
888 477 31 18 att
943 475 20 20 di

212 507 179 28 gödslingsämne,
415 509 131 22 fodermedel
569 510 52 21 eller
643 509 141 22 utsädesvara
803 509 64 26 säljes
887 509 6 20 i
913 509 50 21 säck

212 542 46 21 kärl
279 543 52 20 eller
347 549 70 15 annan
433 543 42 22 fast
490 543 145 28 förpackning,
652 543 168 27 garantibeviset
836 544 45 25 bör,
898 544 37 21 der
951 551 12 19 €

213 577 132 21 annorlunda
365 577 92 27 aftalats,
478 579 79 26 stadigt
576 579 66 20 fästas
663 579 12 20 &
693 578 75 27 hvarje
783 578 139 27 förpackning
938 578 25 21 fö:

212 613 31 19 att
263 617 65 16 varan
348 612 73 27 ätfölja
441 614 55 19 samt
512 615 37 23 att,
566 619 33 14 om
616 613 82 21 beviset
714 613 133 21 annorlunda
863 612 101 21 tillställe:

212 645 103 27 köparen,
335 646 12 21 &
365 646 166 27 förpackningen
548 647 38 21 bör
602 647 115 27 anbringas
733 647 103 27 säljarens
853 653 62 15 namn
933 647 30 20 oc!

213 679 125 27 boningsort
354 684 55 17 samt
425 687 76 15 varans
517 688 61 14 namn
596 681 109 21 äfvensom
722 683 31 19 ett
768 681 80 26 märke,
864 687 45 15 som
918 681 42 27 jem

214 714 34 21 väl
265 715 38 20 bör
319 715 7 20 i
342 715 81 22 beviset
438 718 112 25 upptagas,
560 722 62 15 anser
639 716 112 21 Utskottet
762 715 73 22 alltför
843 715 120 22 inveckladt

214 751 50 18 utan
282 752 31 19 att
329 750 54 21 dock
400 757 49 14 vara
465 750 124 27 tillräckligt
604 750 151 27 betryggande,
771 752 51 19 enär
837 750 82 21 beviset
934 756 28 14 un

480 795 12 10 n
508 785 109 26 lätteligen
633 785 42 21 kan
688 785 125 27 förkomma,
826 784 39 21 hur

214 818 35 20 det
270 820 25 19 än
316 819 55 20 varit
390 819 80 21 fästadt
485 819 34 21 vid
535 819 173 27 förpackningen.
732 819 124 27 Tillräcklig
872 819 90 21 säkerhe

213 852 74 21 vinnes
303 853 65 27 enligt
383 853 122 22 Utskottets
521 854 85 26 mening
621 860 76 20 genom
713 854 36 20 det
765 853 49 21 vida
829 853 87 21 enklare
929 853 36 21 till

213 887 145 26 vägagäende,
375 889 32 20 att
422 888 72 27 hvarje
511 888 147 27 förpackning,
675 888 71 21 derest
763 887 18 27 ej
795 887 134 22 annorlunda
942 887 23 21 af

213 922 71 25 talats,
303 922 68 21 förses
391 923 48 20 med
458 923 76 27 tydligt
553 923 39 21 och
611 923 109 26 varaktigt
740 922 80 27 märke,
837 922 80 21 hvilket
934 922 31 20 bör

213 956 5 20 i
238 957 168 26 garantibeviset
421 959 112 25 upptagas.
551 957 61 21 Valet
628 956 23 22 af
666 958 65 19 sättet
748 956 33 21 för
793 956 172 27 garantibeviset:

213 991 140 21 tillställande
369 991 21 21 åt
406 991 93 27 köparen
513 998 61 15 anser
589 991 111 22 Utskottet
712 997 51 15 utan
775 991 112 26 olägenhet
900 991 65 20 kunn:

213 1025 142 21 öfverlemnas
378 1025 22 21 åt
422 1026 98 27 säljaren,
544 1032 44 15 som
609 1026 6 21 i
632 1026 74 27 hvarje
727 1025 102 21 händelse
849 1025 67 26 enligt
933 1026 8 20 1
960 1026 5 25 t

214 1060 9 19 1
242 1065 62 15 mom.
321 1061 24 19 är
361 1060 83 27 skyldig
467 1062 38 24 att,
528 1061 72 20 derest
622 1060 48 21 icke
693 1059 134 29 annorlunda
851 1059 113 26 skriftliger

213 1093 95 26 aftalats,
321 1096 72 19 senast
407 1095 27 20 då
445 1101 64 14 varan
521 1095 33 20 till
567 1095 94 27 köparen
673 1095 107 20 levereras
793 1094 98 21 tillställa
905 1094 60 21 denne

213 1127 82 23 beviset
311 1128 51 22 eller
378 1128 106 22 fakturan.

283 1163 10 21 I
309 1164 38 20 den
364 1163 68 21 finska
451 1166 72 19 texten
543 1164 63 21 hafva
622 1164 109 26 språkliga
748 1163 100 21 rättelser
864 1163 101 27 vidtagits

284 1198 33 20 Då
338 1198 30 20 uti
389 1199 9 20 I
420 1204 62 15 mom.
501 1198 23 21 af
539 1199 69 21 denna
627 1198 102 27 paragraf
743 1198 69 26 någon
828 1197 80 27 påföljd
925 1197 41 21 ickt

213 1231 68 22 finnes
301 1234 66 20 utsatt
389 1232 33 21 för
441 1233 39 21 den
500 1233 102 21 händelse
622 1233 81 26 köpare
721 1232 129 21 försummar
869 1234 32 19 att
916 1232 50 20 inom

214 1266 40 20 den
274 1267 5 19 i
300 1266 125 28 paragrafen
446 1267 129 21 föreskrifna
594 1268 30 20 tid
643 1266 23 22 af
686 1267 26 21 10
727 1267 66 25 dagar
810 1266 54 21 efter
880 1266 37 20 det
932 1266 34 20 har

214 1300 100 28 mottagit
340 1307 64 15 varan
432 1302 44 20 låta
505 1302 65 20 derur
596 1304 50 24 taga
673 1302 6 20 i
706 1302 115 20 momentet
846 1301 120 20 omnämnd:

214 1335 53 25 prof,
288 1341 47 15 men
355 1336 130 21 innebörden
505 1336 23 21 af
547 1337 12 20 6
577 1336 8 27 &
604 1337 7 20 1
631 1342 63 14 mom.
711 1334 159 27 otvifvelaktigt
885 1336 24 19 är
925 1334 40 20 den

214 1371 30 19 att
262 1369 86 27 köpare,
364 1376 44 14 som
425 1370 54 21 låter
495 1370 40 21 den
552 1372 81 19 utsatta
649 1370 58 20 tiden
722 1369 141 27 tilländalöpa
879 1371 49 19 utan
943 1371 20 18 at

214 1406 64 19 hatva
297 1406 47 19 lätit
362 1410 25 16 ur
403 1410 66 16 varan
487 1407 50 24 taga
556 1408 54 23 prot,
626 1408 91 18 förlorat
736 1404 33 22 sin
789 1409 43 16 ratt
848 1409 31 16 au
898 1404 45 20 taia
962 1404 5 20 i

285 1449 182 19 Ekonomiutskottets
479 1450 110 18 betänkande
602 1449 37 17 N:o
653 1449 17 17 3.

891 784 70 12 stadig

891 797 69 14 stadig

216 783 35 9 ÖRE
268 786 107 10 avusssvsaa
393 784 21 9 SR
427 791 23 2 Så

214 793 33 11 der
269 791 107 20 transport
391 794 20 11 ai
430 794 23 11 va
