1048 1631
204 128 26 19 12
419 126 74 24 Ständ.
508 126 36 24 Sv.
560 140 26 3 —
604 127 62 28 Prop.
683 127 35 22 N:o
733 127 14 22 1.

202 190 34 21 till
258 189 113 22 strömfall
393 193 30 18 än
445 190 45 21 den
505 190 165 29 eganderätten
685 190 35 22 till
735 189 108 23 stranden
858 190 101 23 derinvid

202 224 125 21 förmenats
352 224 109 26 medföra,
484 227 56 19 utan
562 227 38 19 äro
621 224 87 29 jemväl
732 227 83 26 många
840 224 119 22 bestående

202 259 143 25 vattenverk,
354 260 29 27 på
394 259 75 28 grund
479 258 26 22 af
513 259 102 28 antydda
625 259 205 28 missuppfattning
840 258 26 21 af
875 259 84 21 strand-

203 299 95 21 egarens
314 295 51 23 rätt,
381 293 120 22 tillkomna
518 293 72 22 under
606 293 89 29 ganska
711 293 77 22 oklara
803 293 156 22 förhållanden

203 327 6 21 i
225 327 108 22 afseende
349 329 12 19 å
377 327 163 28 eganderätten
554 328 34 21 till
603 327 184 22 vattenkraften:
803 335 52 14 man
870 327 41 22 har
920 328 38 21 vid

203 362 64 21 deras
283 361 144 28 anläggande
442 361 48 22 helt
505 362 77 21 enkelt
596 362 52 28 nöjt
663 362 36 29 sig
709 362 52 21 med
771 362 38 21 det
820 361 95 26 faktum,
925 365 34 18 att

203 395 70 28 ingen
295 396 39 21 vid
357 395 76 22 hållen
455 403 44 22 syn
519 396 62 29 gjort
596 397 153 28 anläggarens
764 399 45 18 rätt
823 396 35 21 till
873 399 86 19 vatten-

204 430 80 28 draget
307 430 81 29 stridig
410 431 55 21 eller
487 431 66 28 eljest
571 431 102 28 påkallat
689 431 110 22 domstols
814 430 125 28 afgörande
954 432 5 20 i

204 465 77 21 saken.
315 465 54 21 Men
392 465 170 28 otvifvelaktigt
583 468 24 19 är
628 468 34 19 att
682 465 44 22 den
745 473 47 20 nya
811 465 149 29 lagstiftning,

204 499 94 21 hvarom
313 506 32 14 nu
361 501 24 19 är
400 499 72 28 fråga,
488 499 57 22 skall
560 499 8 22 i
583 502 47 19 stor
642 499 141 29 omfattning
792 499 119 22 framkalla
923 507 37 14 an-

204 533 68 28 språk
287 535 30 27 på
333 533 142 28 delaktighet
487 533 85 29 jemväl
587 534 8 21 i
609 534 120 25 strömfall,
741 534 40 21 der
790 534 169 22 vattenkraften

204 567 69 22 redan
289 567 122 22 användes.

273 601 44 22 Till
339 601 187 23 förekommande
540 603 26 21 af
580 610 28 14 en
624 603 105 28 allvarlig
744 603 115 28 rubbning
874 603 33 21 uti
922 611 36 14 en-

204 636 84 22 skildes
310 636 224 29 förmögenhetsläge
549 637 41 21 har
606 637 39 21 det
661 637 78 22 derför
754 639 64 26 synts
834 637 127 22 Ständerna

204 671 144 28 nödvändigt
371 673 32 19 att
426 671 56 22 söka
499 671 89 28 skydda
603 671 72 22 redan
691 671 122 22 bestående
827 672 134 21 vattenverk

204 708 48 19 mot
259 705 175 28 ifrågavarande
443 705 179 22 eventualiteter.
646 705 89 22 Sådant
742 705 41 22 har
791 708 85 19 ansetts
884 706 77 22 kunna

204 740 131 28 lämpligast
357 740 40 21 ske
420 747 83 21 genom
521 742 33 19 att
571 740 119 29 medgifva
705 747 68 21 egare
789 740 25 21 af
827 741 134 21 vattenverk

204 777 45 19 rätt
265 777 39 23 att,
320 773 36 22 för
372 776 33 19 att
419 774 103 21 försäkra
538 774 36 28 sig
589 781 36 14 om
641 774 44 20 den
701 774 38 20 för
753 774 81 21 verket
848 775 7 20 i
865 775 96 28 anspråk

205 812 70 25 tagna
298 808 114 26 drifkraft,
435 808 74 22 tillösa
525 808 35 29 sig
575 808 66 22 fallet
656 809 55 21 eller
727 809 45 21 den
787 808 37 22 del
839 809 66 22 deraf
917 809 44 22 han

205 843 20 28 ej
241 843 99 28 tidigare
363 845 48 26 egt;
434 843 43 21 och
498 843 42 22 har
554 845 30 26 på
600 843 71 22 ofvan
687 843 102 28 antydda
803 843 50 21 skäl
868 843 93 22 berörda

205 877 148 28 lösningsrätt
377 879 86 20 ansetts
480 877 53 22 böra
547 877 52 22 med
615 885 29 14 en
659 878 47 21 viss
722 877 166 30 inskränkning
903 878 58 28 gälla

203 912 86 28 jemväl
303 911 142 22 beträffande
460 911 80 22 endast
554 912 123 29 planerade
693 912 173 29 anläggningar.

275 946 157 22 Omförmälda
448 946 184 22 betraktelsesätt
647 947 42 21 har
704 946 69 22 äfven
788 946 93 22 förmått
897 947 64 22 Stän-

206 981 70 22 derna
299 983 34 19 att
354 981 176 21 vidkommande
548 981 120 26 strömfall,
687 981 42 21 der
743 981 136 22 vattenverk
893 981 68 22 redan

206 1016 79 25 finnes,
301 1015 124 21 inskränka
440 1015 44 21 den
499 1015 72 28 enligt
588 1018 24 19 11
624 1015 14 29 8
650 1015 119 28 medgifna
778 1015 139 28 befogenhet
927 1015 35 22 till

206 1049 137 29 utbrytning
358 1049 26 22 af
397 1049 88 22 enskild
501 1049 67 22 andel
583 1050 6 21 i
606 1049 71 22 fallet.
708 1045 34 26 Är
757 1049 114 29 nämligen
884 1052 78 19 ström-

206 1085 47 25 fall,
269 1084 72 22 ehuru
356 1083 97 22 faktiskt
468 1083 96 27 odeladt,
580 1084 59 21 dock
652 1084 27 21 af
687 1084 45 21 den
743 1084 122 21 formation
875 1087 33 18 att
919 1084 42 21 lott

206 1119 48 21 deri
277 1119 45 20 kan
341 1118 112 28 utbrytas,
469 1118 76 21 kunde
560 1126 85 21 egaren
661 1119 26 21 af
701 1118 39 21 det
755 1118 69 21 redan
839 1118 122 22 bestående

207 1153 160 22 vattenverket
389 1155 96 20 utsättas
507 1153 37 21 för
566 1154 100 28 anspråk
689 1155 30 27 på
741 1152 139 29 utskiftning
902 1153 26 21 af
940 1155 22 19 så

207 1190 46 20 stor
269 1188 37 21 del
321 1188 7 20 i
343 1187 178 26 vattenkraften,
536 1190 33 18 att
583 1188 130 20 ändamålet
723 1187 51 21 med
785 1187 80 21 verket
875 1188 88 21 komme

208 1224 33 19 att
255 1222 144 28 väsentligen
421 1221 100 22 förfelas.
551 1222 34 21 På
601 1222 39 21 det
655 1224 34 19 att
703 1222 51 21 icke
770 1221 112 22 industrin
897 1222 7 21 i
919 1222 44 21 lan-

208 1256 38 22 det
260 1258 71 20 måtte
346 1258 97 19 utsättas
457 1256 36 22 för
508 1256 85 22 sådana
608 1256 109 22 störande
732 1256 125 28 yrkanden,
873 1256 41 21 har
927 1256 36 21 det

208 1292 65 26 synts
295 1298 54 14 vara
373 1290 26 22 af
419 1290 175 28 försigtigheten
618 1290 119 29 betingadt
760 1292 33 19 att
810 1290 153 28 uttryckligen

208 1325 87 28 stadga,
319 1327 33 19 alt
375 1324 69 22 äfven
467 1325 79 21 sådant
568 1325 120 25 strömfall,
709 1325 108 21 eftersom
833 1324 38 22 det
885 1324 78 22 hittills

207 1359 44 21 fått
267 1358 109 23 förblifva
394 1359 97 25 odeladt,
508 1359 68 21 borde
592 1359 24 21 få
632 1359 126 21 tillsvidare
774 1360 73 20 såsom
863 1366 28 14 en
907 1358 56 22 odel-

208 1393 40 22 bar
270 1393 77 22 hollev
370 1393 121 26 Volräkvas,
514 1395 25 20 sä
561 1396 34 19 att
610 1393 235 28 vattenvorksogaron
857 1392 106 29 jemväl
953 1388 15 37 i

208 1428 65 20 dessa
295 1427 41 21 fall
357 1427 77 22 kunde
457 1428 75 21 känna
554 1428 36 28 sig
612 1428 101 28 tryggad
736 1427 39 22 vid
793 1427 118 22 förmänen
927 1429 36 20 att.
