1048 1631
231 119 26 21 16
435 120 27 22 U.
478 120 26 21 B.
522 133 26 2 —
563 120 73 28 Prop.
652 120 40 22 N:o
708 120 20 22 2.

478 420 215 24 Reservationer.

572 481 16 21 I

270 539 33 20 Dä
319 539 67 26 enligt
401 539 38 20 vär
454 538 136 27 uppfattning
602 539 163 26 lagstiftningen
777 539 75 21 endast
862 539 7 21 i
880 539 65 22 sädan

200 573 37 20 fall
258 573 38 20 bör
315 573 83 26 ingripa
416 573 128 20 hämmande
563 573 7 20 i
590 573 39 21 den
647 573 114 25 enskildes,
777 573 66 27 enligt
859 574 34 27 lag
909 574 36 21 tidi

200 613 50 20 gare
267 607 160 21 tillförsäkrade
444 608 43 19 rätt
502 607 32 20 till
550 607 116 22 utöfvande
682 607 23 21 af
719 607 82 26 näring,
813 609 32 19 att
855 608 90 21 särskild

200 641 100 26 tvingade
311 641 182 26 omständigheter
503 641 171 27 oundgängligen
685 641 75 21 kräfva
771 641 65 21 sådan
848 642 98 21 inskränk

200 676 58 26 ning,
278 675 64 22 hafve
362 677 27 26 vi,
410 677 50 20 enär
481 676 65 27 enligt
564 675 48 22 vårt
630 676 138 21 förmenande
787 676 64 27 något
869 677 77 27 verklig

200 710 67 21 behof
286 710 23 21 af
327 716 26 15 en
373 710 221 27 lagstiftningsätgärd
613 711 6 20 i
636 711 36 20 det
687 710 32 21 uti
734 711 41 20 den
791 711 78 26 nädiga
884 717 62 21 propc

200 745 93 20 sitionen
313 745 89 20 afsedda
421 745 65 27 syftet
505 745 47 20 icke
566 745 121 26 förefinnes,
705 745 18 26 ej
739 745 82 21 kunnat
836 745 73 21 förena
925 752 22 14 os

200 785 34 15 om
250 781 117 19 utskottets
383 779 141 21 betänkande.
556 779 40 21 Till
612 779 48 21 stöd
676 779 33 19 för
720 779 69 20 denna
799 779 38 20 vär
847 779 100 22 afvikand

201 813 84 27 mening
297 813 89 27 utbedja
398 813 21 21 vi
431 819 34 15 oss
477 813 28 27 fä,
517 813 85 21 utöfver
614 813 26 21 de
653 813 54 26 skäl,
719 813 72 21 hvilka
803 814 30 20 uti
842 813 105 22 betänkan

202 848 36 21 det
251 848 98 26 angifvas
361 848 69 21 säsom
443 847 23 22 af
476 847 134 22 minoriteten
622 847 97 26 anförda,
733 847 113 22 framhälla
855 847 93 28 följande

270 882 34 21 Dä
322 882 248 27 Landtbruksstyrelsen,
586 888 46 15 som
648 882 55 26 tagit
721 882 91 21 initiativ
831 882 32 21 till
882 882 66 27 ifräga

200 917 94 20 varande
313 916 228 27 lagstiftningsätgärd,
558 918 63 19 vären
640 916 54 21 1896
710 916 32 21 till
758 916 122 27 Kejserliga
896 916 53 21 Sena

202 954 35 17 ten
257 951 89 21 insände
366 951 39 20 sitt
423 951 80 26 förslag
518 951 7 20 i
540 952 78 25 ämnet,
634 952 69 25 yttrar
718 950 227 28 Landtbruksstyrelse

200 986 31 20 uti
247 985 34 21 sin
296 985 101 27 förslaget
413 985 116 27 åtföljande
545 985 113 21 skrifvelse
670 985 63 21 bland
745 987 74 19 annat:
835 985 51 28 ,och
896 986 53 26 våga

201 1020 245 27 Landtbruksstyrelsen
462 1019 153 27 underdånigst
630 1019 58 22 fästa
703 1019 69 22 Eders
785 1019 120 28 Kejserliga
915 1019 35 22 Ma

199 1055 78 26 jestäts
295 1054 188 27 uppmärksamhet
498 1054 35 21 vid
548 1054 72 27 vigten
637 1053 25 22 af
676 1054 35 21 det
727 1054 108 26 möjligast
850 1060 63 15 snara
930 1058 20 17 ut

201 1088 114 21 färdandet
331 1089 22 20 af
368 1095 28 14 nu
411 1089 161 26 ifrågavarande
589 1089 41 26 lag,
648 1088 33 21 för
696 1089 33 20 att
744 1088 122 27 derigenom
883 1095 35 19 nu,
935 1089 11 20 d

201 1123 51 20 våra
275 1129 93 21 grannar
392 1125 37 18 äro
450 1123 8 20 i
481 1122 65 21 beråd
565 1125 32 18 att
616 1123 50 20 med
685 1123 36 20 det
740 1122 67 21 första
828 1123 121 27 promulger

202 1158 61 26 lagar
279 1158 5 20 i
301 1164 82 14 samma
399 1157 62 27 syfte,
476 1157 75 21 hindra
562 1158 73 20 landet
646 1159 32 19 att
689 1157 165 21 öfversvämmas
865 1158 23 20 af
897 1158 54 26 odug

201 1192 44 26 liga
260 1198 63 16 varor
339 1192 23 21 af
376 1192 158 27 ofvanantydda
550 1192 143 27 (förfalskade
705 1192 40 20 och
757 1192 157 27 underhaltiga)
926 1192 25 21 be

201 1226 139 26 skaffenhet",
363 1226 92 22 hvarhos
477 1226 242 27 Landtbruksstyrelsen
743 1226 91 27 tidigare
856 1227 7 20 i
882 1233 70 15 sammi

202 1261 114 21 skrifvelse
332 1260 123 22 framhäller
472 1263 31 19 att
518 1260 242 28 Landtbruksstyrelsen
777 1260 51 21 stält
842 1260 76 27 frägan
929 1267 23 15 on

202 1302 25 14 en
248 1295 59 27 dylik
326 1296 46 26 lags
391 1296 111 20 införande
520 1296 28 26 pä
563 1296 38 20 sitt
616 1301 101 21 program
733 1295 62 25 ,med
811 1295 64 21 tanke
890 1296 27 25 pä
932 1298 19 18 at

202 1329 108 21 förbättra
329 1329 174 22 ofvanbeskrifna
523 1330 102 21 sakernas
645 1329 98 21 tillständ
759 1329 39 21 och
813 1328 34 22 för
863 1330 31 20 att
910 1332 43 18 mot

202 1364 76 21 arbeta
302 1370 25 15 en
351 1364 108 26 sjelffallet
479 1364 127 28 tilltagande
625 1364 129 26 försämring
773 1363 22 21 af
813 1364 124 26 detsamma,

202 1398 105 22 handeise
325 1398 92 22 Finiand
437 1399 43 21 siär
499 1399 123 27 skyddsivst
642 1398 34 21 för
691 1398 79 27 import
788 1397 23 21 af
829 1398 38 20 och
886 1398 67 21 hande

203 1433 47 21 med
267 1433 93 21 berörda
375 1433 131 21 förfalskade
521 1434 81 20 varor".
634 1432 127 22 Emellertid
774 1431 61 22 torde
847 1438 48 14 man
905 1434 48 24 tryg

272 1478 185 18 Ekonomiutskottets
469 1478 111 18 betänkande
593 1478 36 18 N:o
643 1478 17 17 3.
