1048 1631
301 134 28 23 U.
345 135 28 22 B.
391 148 26 2 —
432 134 75 28 Prop.
523 135 43 22 N:o
582 134 35 23 14.
825 136 13 20 5

80 203 118 28 hvarjemte
222 203 94 28 antydda
340 203 187 21 missförhällande
550 211 39 13 var
612 203 79 28 egnadt
708 206 33 19 att
755 203 83 22 minska

80 237 153 22 allmänhetens
252 237 123 22 förtroende
396 237 34 22 för
445 238 138 21 sakförarene
599 240 55 19 samt
668 238 89 21 sälunda
772 237 65 22 äfven

80 275 32 18 att
132 271 80 22 afhälla
233 279 107 21 personer,
362 272 73 21 hvilka
460 272 85 21 besutto
564 272 40 21 alla
620 272 169 28 gvalifikationer
805 271 34 22 för

80 306 179 28 sakförareyrket,
276 306 45 21 frän
337 309 32 18 att
384 314 53 20 egna
453 307 34 27 sig
502 306 22 21 ät
539 306 67 21 sädan
622 306 141 21 verksamhet.

149 339 176 22 Vidkommande
341 340 26 21 de
382 340 101 28 juridiskt
499 340 86 21 bildade
601 340 137 21 sakförarene
750 341 5 20 i
766 339 73 22 landet

81 374 65 21 borde
162 374 36 21 det
214 374 41 27 väl,
271 374 66 28 enligt
352 374 164 28 Lagutskottets
532 374 145 26 förmenande,
692 374 105 21 erkännas
807 377 32 18 att

80 408 27 21 de
122 409 6 20 i
144 408 115 21 allmänhet
278 409 47 20 med
347 409 102 21 afseende
465 409 13 20 å
494 409 140 28 rätträdighet
648 408 104 29 uppfylde
768 408 70 21 berät-

80 442 72 28 tigade
168 443 125 27 fordringar,
309 451 47 13 men
381 443 76 28 klagan
477 443 55 21 hade
548 443 45 21 ofta
611 443 102 28 försports
732 443 106 25 deröfver,

80 479 31 19 att
133 477 27 21 de
182 477 49 21 icke
258 477 47 21 med
324 477 102 27 tillbörlig
446 477 100 22 omtanke
563 477 39 22 och
619 477 128 28 skicklighet
762 477 76 21 drifvit

80 511 48 21 dem
152 511 139 21 anförtrodda
314 511 47 26 mål,
384 512 112 21 äfvensom
519 515 31 18 att
573 511 119 29 anspråken
715 511 27 28 pä
757 511 81 22 arvode

81 545 101 21 stundom
199 546 54 21 varit
268 546 72 21 alltför
355 547 73 27 dryga,
444 546 70 28 nägon
530 546 58 28 gäng
596 546 31 21 till
638 546 40 21 och
688 546 47 21 med
745 545 93 28 oskäligt

80 580 66 27 höga;
160 579 41 22 och
212 583 31 18 att
253 580 64 21 äfven
328 580 45 21 häri
387 580 36 28 låg
437 584 31 17 ett
481 580 192 26 missförhällande,
681 587 45 14 som
734 579 104 28 var
775 575 14 37 i
802 579 36 28 hög

80 613 52 28 grad
152 614 115 28 hinderligt
282 614 34 21 för
331 615 226 21 sakförareväsendets
570 609 129 38 utveckling,
709 609 64 38 insägs
792 614 45 21 lätt.

150 647 74 22 Säsom
248 656 25 13 en
298 649 57 26 brist,
378 649 94 26 hvilken,
495 649 24 21 sä
534 649 62 28 länge
612 649 41 21 den
669 649 96 26 fortfore,
781 647 56 22 hade

80 682 32 21 till
134 681 82 29 påföljd
239 685 32 18 att
291 683 41 20 alla
354 683 66 21 andra
443 683 101 28 åtgärder
563 683 33 21 för
611 681 227 23 sakförareväsendets

80 716 92 29 höjande
188 716 72 21 blefve
275 717 52 28 föga
342 717 140 26 verksamma,
497 717 67 28 ansäg
580 717 151 28 Lagutskottet
741 717 33 27 sig
785 716 53 21 slut-

80 751 56 27 ligen
160 751 50 20 böra
233 751 104 21 beteckna
353 751 42 22 den
411 752 139 27 fullständiga
566 751 109 22 saknaden
690 751 23 21 af
729 751 108 28 organisa-

81 786 44 20 tion
148 785 28 28 pä
200 785 163 28 ifrägavarande
386 786 92 21 omräde.
509 786 129 21 Tillsvidare
662 785 53 22 hade
730 785 107 28 nämligen

81 821 49 26 inga
145 819 131 22 nämnvärda
291 820 99 28 ätgärder
405 821 21 20 af
441 821 27 20 de
483 821 101 28 juridiskt
600 820 84 21 bildade
699 819 140 22 sakförarene

81 854 103 28 vidtagits
207 855 33 20 för
259 854 144 22 befordrande
418 855 23 21 af
457 855 26 21 de
500 855 98 21 enskilda
613 855 174 21 medlemmarnes
802 861 35 21 yr-

80 888 168 28 kesskicklighet
271 889 40 20 och
334 889 110 28 duglighet
468 889 40 22 och
530 889 34 21 för
587 889 91 21 kontroll
698 889 61 21 öfver
774 887 63 22 deras

81 923 136 21 verksamhet
236 931 26 13 m.
286 931 25 13 m.
334 923 75 29 dylikt,
431 931 46 14 som
502 925 94 20 närmast
613 923 68 22 skulle
696 923 113 21 ankomma
825 922 13 21 ä

80 957 137 21 sakförarene
233 957 82 28 sjelfva.

148 991 85 28 Frågan
259 999 34 13 om
322 991 228 22 sakförareväsendets
573 991 91 28 höjande
687 991 55 21 hade
764 991 73 25 likväl,

80 1025 64 22 sedan
162 1025 72 28 början
251 1025 23 21 af
291 1027 54 20 1870
361 1027 58 26 talet,
435 1027 57 20 inom
510 1026 72 21 derför
597 1025 140 22 intresserade
754 1025 83 21 kretsar

80 1060 40 21 och
142 1059 101 22 särskildt
265 1061 57 20 inom
345 1061 110 21 Juridiska
474 1061 128 28 föreningen
618 1060 123 29 upprepade
756 1059 82 28 gänger

80 1095 80 27 utgjort
183 1094 88 21 föremål
295 1095 34 20 för
351 1095 130 25 diskussion,
504 1095 76 21 dervid
596 1094 106 28 äsigterna
717 1094 48 21 icke
781 1094 56 21 varit

80 1128 75 22 delade
178 1129 131 21 beträffande
334 1129 102 22 behofvet
458 1129 23 21 af
504 1129 103 22 reformer
627 1129 27 29 pä
670 1129 58 21 detta
743 1128 94 22 omräde.

80 1162 106 22 Särskildt
201 1162 54 22 hade
271 1163 70 21 säsom
357 1164 124 26 önskvärdt,
497 1164 21 28 ja
533 1164 32 20 till
580 1164 40 20 och
636 1163 46 21 med
697 1162 134 28 nödvändigt

80 1197 86 21 uttalats
188 1197 40 21 och
244 1197 86 21 erkänts
345 1200 38 23 att,
398 1198 34 20 för
448 1206 25 13 en
489 1198 83 21 normal
587 1198 124 27 utveckling
725 1197 23 21 af
763 1196 74 22 sakfö-

78 1231 149 21 rareväsendet
245 1232 5 20 i
267 1232 78 26 landet,
361 1232 235 28 sakförareföreningar
612 1233 6 19 i
633 1231 136 21 omförmäldt
779 1230 57 29 syfte

80 1265 65 21 borde
168 1266 143 28 grundläggas
333 1270 55 17 samt
411 1269 31 18 att
462 1266 61 21 detta
545 1266 55 21 helst
622 1266 65 21 borde
702 1266 39 21 ske
757 1265 27 28 pä
799 1265 38 21 det

79 1300 83 28 privata
184 1300 125 21 initiativets
333 1302 47 26 väg.
409 1300 35 21 De
467 1300 87 28 förslag,
573 1308 45 14 som
634 1301 6 20 i
656 1300 69 21 denna
741 1300 96 26 riktning

80 1334 74 21 väckts
170 1334 40 21 och
224 1334 114 28 godkänts,
353 1334 55 21 hade
424 1334 56 21 dock
497 1335 5 20 i
520 1334 54 29 följd
588 1334 22 21 af
626 1334 107 21 bristande
746 1335 91 20 intresse

78 1368 38 21 hos
132 1368 107 26 dem,som
255 1368 66 21 saken
338 1370 93 19 närmast
446 1368 51 28 gält,
508 1368 49 22 icke
568 1368 44 21 ledt
623 1368 31 21 till
665 1368 65 28 nägot
740 1368 97 28 resultat,

146 1402 45 21 Det
206 1402 35 21 vid
259 1403 54 21 1897
330 1402 34 22 &rs
379 1402 104 28 landtdag
499 1402 121 22 Ständerna
636 1402 109 28 förelagda
756 1401 80 28 lagför-

78 1437 46 27 slag
146 1437 6 20 i
175 1438 71 20 ämnet
269 1436 78 27 kunde,
367 1437 66 27 enligt
449 1436 164 28 Lagutskottets
630 1437 90 27 mening,
735 1436 48 22 icke
800 1436 37 21 be-

145 1482 133 22 Lagutskottets
290 1482 111 18 betänkande
413 1482 38 18 N:o
465 1483 17 17 6.
