1048 1631
424 118 40 21 N:o
485 120 16 19 1.
786 119 24 19 äl

151 183 31 26 Är
197 188 7 20 i
219 189 146 25 guvernörens
381 187 149 22 förordnande
545 187 145 27 uttryckligen
701 187 143 26 föreskrifvet,

84 223 32 20 att
139 228 67 21 synen
228 221 55 22 skall
303 221 23 22 af
339 221 227 28 distriktsingeniören
582 221 137 27 personligen
734 221 111 26 förrättas,

83 256 64 22 lände
163 257 36 21 det
214 257 31 20 till
261 256 150 22 efterrättelse.

441 331 12 20 3
471 331 18 27 8.

154 371 11 20 I
180 371 42 21 mål
241 371 39 20 och
299 371 101 26 ärenden,
420 377 47 15 som
483 371 57 27 angå
555 372 156 25 vattenrätten,
727 371 120 22 företrädes

86 406 54 20 utan
156 405 67 21 skildt
237 405 170 27 bemyndigande
423 405 177 22 embetsboställe
616 405 23 21 af
647 405 200 26 boställshafvaren,

87 441 68 19 annat
170 439 91 22 boställe
276 439 23 22 af
313 439 150 27 arrendatorn,
479 439 171 22 kronohemman
666 439 22 21 af
697 439 48 22 dess
757 439 40 22 åbo
809 439 39 21 och

87 474 95 21 kronans
205 475 45 20 rätt
269 475 6 20 i
294 474 65 27 öfrigt
381 474 23 21 af
424 474 144 22 länsmannen
587 475 7 20 i
618 475 67 25 orten,
709 474 72 21 såvidt
802 474 47 21 icke

88 508 78 22 sådant
182 508 22 22 af
217 509 88 27 behörig
320 509 124 27 myndighet
459 509 131 27 uppdragits
607 509 23 20 åt
645 509 66 21 skildt
726 509 85 21 ombud.

156 543 171 28 Forststyrelsen
343 543 39 22 och
394 543 217 27 fiskeriinspektören
620 543 141 27 ega
665 539 12 36 i
683 543 77 27 sådant
769 543 80 21 ärende

90 579 12 19 å
118 578 36 21 det
173 578 119 21 allmännas
311 579 82 26 vägnar
411 578 91 26 bevaka,
520 578 40 21 den
576 577 60 22 förra
651 577 198 28 skogshushållnin-

89 618 51 21 gens
161 612 39 21 och
218 612 140 27 flottningens
374 613 39 21 och
428 612 217 28 fiskeriinspektören
661 612 74 22 fiskets
750 613 98 20 intresse.

159 646 40 22 Om
222 653 29 15 nu
275 647 74 21 nämdt
373 647 90 22 ärendes
480 647 205 28 anhängiggörande
700 647 96 21 meddele
811 653 39 20 gu-

90 682 105 20 vernören
212 681 141 27 domkapitlet
368 681 168 22 underrättelse.

446 776 13 19 4
476 774 19 27 8.

160 813 68 22 Innan
245 816 145 25 guvernörens
406 814 73 27 utslag
495 814 112 27 angående
623 813 119 22 ordnandet
758 813 23 21 af
793 812 59 22 flott-

92 848 78 26 ningen
185 848 7 20 i
207 848 130 27 vattendrag
352 848 115 26 meddelas,
483 848 97 21 inhemte
594 848 43 21 han
652 848 101 27 yttrande
767 848 8 20 i
785 847 68 22 saken

93 881 23 22 af
136 881 164 28 öfverstyrelsen
324 882 32 21 för
376 884 49 25 väg-
445 883 40 21 och
501 883 235 26 vattenbyggnaderna,
752 881 101 27 forststy-

92 916 70 21 relsen
178 916 40 21 och
232 915 219 28 fiskeriinspektören.
474 917 81 22 Finnes
574 923 71 15 annan
664 916 134 27 myndighets
816 916 37 21 hö-

93 951 66 21 rande
174 951 118 27 påkalladt,
308 951 66 21 varde
390 951 36 22 det
441 951 117 28 iakttaget.

161 985 45 27 Lag
229 992 82 15 samma
333 992 57 20 vare,
413 992 34 15 om
471 986 105 26 yttrande
594 986 6 21 i
617 987 66 20 annat
705 986 148 21 vattenrätten

93 1020 94 21 rörande
210 1020 79 21 ärende
312 1020 86 27 pröfvas
421 1020 55 21 böra
499 1021 108 20 inhemtas
623 1020 23 21 af
660 1019 127 22 ofvannämd
803 1019 52 21 eller

94 1061 72 14 annan
189 1055 123 26 myndighet
330 1055 33 20 för
383 1055 87 21 teknisk
486 1055 53 21 eller
555 1055 61 27 eljest
631 1055 68 26 saklig
713 1053 142 28 upplysnings

94 1089 52 21 eller
160 1089 128 27 utrednings
305 1089 122 21 erhållande
443 1089 82 26 derom,
542 1089 107 21 huruvida
664 1089 38 21 och
717 1089 7 20 i
739 1088 56 21 hvad
805 1088 49 21 mån

95 1124 36 21 det
154 1123 89 21 afsedda
264 1123 107 27 företaget
393 1124 103 21 inverkar
519 1125 29 26 på
572 1124 36 21 det
628 1123 117 22 allmännas
761 1122 52 21 eller
827 1122 29 27 på

96 1158 82 22 enskild
193 1159 45 20 rätt
254 1158 39 22 och
308 1158 56 22 hvad
379 1158 32 22 till
427 1159 122 26 tryggande
566 1158 22 22 af
602 1158 68 22 sådan
685 1159 45 19 rätt
740 1156 115 22 erfordras.

95 1193 10 21 I
120 1192 61 27 fråga
203 1193 93 21 rörande
319 1193 98 21 tillstånd
440 1192 32 22 till
496 1193 151 27 torrläggning
665 1192 22 21 af
700 1191 157 21 vattendränkt

95 1228 61 21 mark
182 1227 51 21 eller
258 1228 32 20 till
315 1228 139 27 sjösänkning
479 1228 42 21 bör
547 1228 39 21 ock
610 1226 247 26 landtbruksstyrelsens

96 1262 103 27 yttrande
214 1262 113 22 inhemtas.

453 1322 12 20 5
482 1322 19 26 8.

165 1361 161 27 Föreläggande
350 1361 33 21 för
406 1361 107 27 sakegare
536 1362 34 20 att
592 1361 82 21 bevaka
697 1359 31 21 sin
751 1359 46 20 rätt
820 1358 39 21 och

97 1394 78 28 utslag,
192 1401 45 15 som
253 1395 23 21 af
289 1397 134 25 guvernören
434 1395 112 22 meddelas
557 1395 7 21 i
575 1394 85 26 ärende,
671 1393 60 22 hvari
742 1398 39 21 syn
792 1392 67 27 enligt

97 1432 63 26 lagen
183 1436 34 15 om
237 1431 147 21 vattenrätten
401 1432 36 24 egt
452 1436 56 20 rum,
526 1429 54 22 skall
596 1429 66 21 skildt
677 1427 101 27 delgifvas
794 1427 65 21 forst-
