1048 1631
301 124 72 23 Ständ.
390 124 35 23 Sv.
441 138 27 2 —
485 125 61 27 Prop.
564 125 35 22 N:o
616 126 18 21 1.
819 127 25 18 71

88 188 70 22 hafva
174 188 128 21 Ständerna
320 188 77 22 funnit
413 189 6 20 i
435 189 40 21 allt
490 189 125 28 väsentligt
630 188 215 21 tillfredsställande.

88 222 147 22 Beträffande
253 224 71 27 några
339 223 153 21 enskildheter
507 223 71 22 hafva
593 223 128 21 Ständerna
736 222 58 22 dock
809 229 38 14 an-

89 259 45 19 sett
149 257 49 21 skäl
214 257 72 21 finnas
302 257 34 21 till
352 257 156 28 anmärkning.

158 291 181 22 Vidkommande
357 294 25 19 19
398 292 13 28 8
429 294 10 19 1
456 299 66 14 mom.
539 292 42 21 har
595 292 38 21 det
644 294 63 26 synts
719 291 129 22 Ständerna

90 326 102 28 önskligt
212 328 39 24 att,
272 326 34 21 till
322 326 146 22 undvikande
484 327 26 20 af
523 327 123 28 olägenhet
662 326 42 22 och
719 326 128 21 tidsförlust

90 361 36 20 för
141 361 159 26 allmänheten,
316 361 39 21 vid
370 361 149 28 kungörande
531 361 26 21 af
566 369 44 21 syn
622 368 159 21 noggrannare
791 368 56 21 upp-

90 395 70 28 gifter
176 398 28 18 än
219 395 41 21 här
275 395 138 22 föreskrifna
431 397 70 20 måtte
517 395 87 22 lemnas
620 395 117 28 angående
752 395 95 29 platsen,

90 430 98 25 hvarest,
212 430 43 21 och
277 429 70 27 tiden,
371 430 28 21 då
421 430 170 28 förrättningen
614 433 24 18 är
660 430 79 21 afsedd
757 432 33 19 att
805 437 43 20 ega

90 471 60 19 rum;
166 464 43 21 och
225 464 76 26 borde,
317 465 72 28 enligt
407 465 140 21 Ständernas
562 465 100 28 mening,
677 465 149 28 utlysningen
841 464 7 21 i

90 499 82 21 sådant
186 499 107 21 afseende
309 499 93 28 angifva
413 499 229 29 förrättningsstället
652 501 57 20 samt
720 499 74 28 dagen
805 499 43 22 och

90 534 94 21 timmen
199 533 36 22 för
250 541 84 21 synens
349 533 146 29 vidtagande.

160 568 11 21 I
187 568 44 21 den
247 568 148 28 beskrifning,
412 575 48 15 som
475 569 73 28 enligt
563 571 27 19 22
606 569 14 28 &
636 569 37 22 vid
689 576 44 21 syn
747 568 37 22 för
799 568 49 21 ord-

90 603 76 21 nande
182 603 25 21 af
220 603 109 28 flottning
344 603 7 21 i
366 603 137 28 vattendrag
519 603 59 22 skall
593 603 78 26 hållas,
687 603 76 26 borde,
777 603 72 28 enligt

92 637 139 22 Ständernas
247 638 77 25 tanke,
340 637 100 22 förutom
457 638 85 26 ,andra
557 638 187 29 anläggningar",
760 645 48 14 som
824 640 25 18 är

92 674 32 19 ett
140 672 77 21 alltför
233 672 127 22 obestämdt
375 673 100 28 uttryck,
491 673 107 28 tilläggas
614 673 79 21 orden:
709 674 71 25 ,samt
790 672 59 21 fasta

92 706 156 29 byggnader".
279 707 126 21 Enahanda
420 707 82 28 tillägg
518 707 114 22 erfordras
648 707 68 22 äfven
728 707 7 20 i
746 707 103 28 punkten

92 748 18 19 a,
127 741 40 21 der
190 741 113 22 dessutom
327 742 28 21 de
377 742 80 26 medel,
481 749 84 21 genom
580 742 79 22 hvilka
674 741 25 22 af
712 741 137 28 flottningen

92 775 107 22 orsakadt
222 776 92 29 intrång
329 777 7 20 i
351 778 100 20 vattnets
474 776 44 21 fria
541 777 55 28 lopp
612 776 75 21 kunde
702 776 147 28 förebyggas,

93 810 69 21 borde
177 813 113 26 upptagas
305 813 74 20 såsom
394 811 95 22 föremål
504 811 37 22 för
556 811 116 28 pröfning,
688 813 29 26 på
728 813 45 19 sätt
784 810 65 21 Stän-

92 845 69 21 derna
184 845 69 21 redan
274 845 37 22 vid
329 845 169 29 behandlingen
514 845 26 22 af
554 848 12 19 2
582 846 51 28 kap.
650 848 12 19 5
678 845 14 29 8
707 845 8 21 i
730 845 67 28 lagen
813 851 37 15 om

92 881 154 20 vattenrätten
261 880 124 29 föreslagit.

161 914 39 21 Uti
216 917 27 19 32
258 915 21 28 8,
296 915 47 22 deri
358 915 148 22 föreskrifves
521 915 70 22 bland
602 917 70 20 annat
682 917 33 20 att
726 915 51 28 laga
787 914 63 21 kraft

92 951 88 19 vunnet
194 949 77 28 utslag
286 950 95 21 rörande
397 949 138 29 flottningen
550 950 8 21 i
573 950 57 22 visst
645 949 136 28 vattendrag
792 949 58 21 skall

94 983 92 28 tryckas
202 983 43 22 och
261 984 115 28 kungöras
388 984 6 21 i
405 984 28 21 de
444 985 134 20 kommuner
590 984 92 21 ärendet
693 985 76 27 angär,
781 983 70 21 hafva

94 1018 128 21 Ständerna
245 1020 74 20 ansett
342 1019 55 21 böra
420 1021 66 26 göras
508 1019 39 21 det
562 1019 87 28 tillägg,
666 1021 32 19 att
713 1018 26 21 af
751 1018 100 27 utslaget

91 1052 87 29 jemväl
200 1053 58 22 skall
281 1053 107 22 särskildt
404 1053 74 28 gifvas
495 1053 36 22 del
548 1055 22 20 ät
586 1053 28 22 de
629 1053 144 22 kommunala
787 1059 64 22 myn-

94 1087 139 28 digheterna,
256 1090 30 26 pä
308 1088 39 21 det
369 1090 34 19 att
423 1088 124 21 detsamma
562 1090 70 19 mätte
647 1088 68 21 ocksä
730 1087 121 22 framdeles

95 1129 52 14 vara
162 1122 42 21 lätt
219 1122 142 29 tillgängligt
376 1122 35 21 för
427 1122 153 21 allmänheten
596 1122 43 22 och
654 1121 109 22 särskilda
773 1121 78 22 veder-

93 1156 107 28 börande,
213 1158 74 21 säsom
300 1157 137 29 exempelvis
447 1157 315 29 fiskeritillsyningsmännen,
773 1156 78 22 hvilka

93 1191 77 21 kunde
194 1191 98 22 behöfva
314 1194 53 26 taga
391 1192 128 21 kännedom
536 1198 36 15 om
587 1191 212 28 flottningsstadgas
814 1190 37 22 be-

93 1225 146 29 stämningar.

162 1260 182 22 Vidkommande
359 1260 147 22 föreskriften
522 1260 34 22 uti
572 1262 27 19 36
615 1260 21 28 &,
652 1260 116 28 angående
783 1261 69 20 sättet

93 1294 36 21 för
152 1294 39 22 der
214 1295 120 21 omnämda
357 1295 120 28 sakegares
499 1294 178 22 underrättande
701 1294 8 21 i
732 1294 60 22 vissa
810 1294 42 21 fall

94 1336 36 14 om
152 1328 145 22 förestående
319 1330 108 28 flottning
442 1330 7 20 i
464 1329 144 28 vattendrag,
632 1329 35 21 för
690 1329 87 21 hvilket
792 1328 60 22 flott-

94 1362 149 29 ningsstadga
263 1364 50 21 icke
329 1364 72 21 finnes
417 1363 113 25 faststäld,
548 1363 70 22 hafva
633 1363 127 21 Ständerna
775 1362 77 22 funnit

94 1397 81 21 sådant
198 1398 147 28 delgifvande
368 1398 55 22 böra
444 1398 46 25 ske,
506 1398 58 25 icke,
580 1400 74 19 såsom
668 1397 136 29 paragrafen
819 1397 32 21 in-

94 1431 106 25 nehåller,
217 1432 131 22 alternativt
363 1440 83 20 genom
463 1432 137 28 kungörelse
616 1432 7 20 i
638 1432 73 28 kyrka
727 1432 53 20 eller
790 1432 62 20 med-
