1048 1631
140 404 12 19 5
168 402 20 29 &.

140 611 11 18 7
167 609 21 28 8.

138 852 13 19 8
162 850 26 28 &.

125 1024 24 19 11
166 1022 21 28 8.

204 134 27 20 20
420 132 73 23 Ständ.
509 132 36 23 Sv.
562 146 26 3 —
605 133 62 27 Prop.
684 132 35 23 N:o
734 133 14 21 1.

528 219 36 22 TI
578 219 60 29 Kap.

273 265 181 22 Vidkommande
473 267 13 19 2
505 265 14 28 8
539 267 13 19 2
571 273 67 14 mom.
658 265 70 22 hafva
746 265 129 22 Ständerna
890 268 71 19 ansett

203 299 108 22 förbudet
334 301 33 20 att
388 302 60 19 emot
463 307 96 21 egarens
574 299 56 29 vilja
645 300 69 28 lägga
729 302 69 26 öppet
814 299 52 22 dike
881 307 80 20 genom

204 333 92 29 bebygd
319 336 57 19 tomt
397 334 53 21 böra
469 334 128 22 utsträckas
613 336 34 19 att
662 334 61 29 gälla
738 334 69 22 också
823 333 138 23 beträffande

203 368 115 28 trädgärd.

275 402 75 22 Bland
365 402 28 22 de
409 402 200 29 omständigheter,
625 403 79 21 hvilka
719 402 55 22 böra
788 402 71 22 blifva
869 402 91 22 föremål

203 437 37 22 för
255 437 179 28 öfverläggning
449 437 39 21 vid
504 437 44 21 den
564 437 7 21 i
586 439 13 19 5
615 437 14 28 8
644 437 83 21 nämda
745 437 177 22 sammankomst
939 437 21 21 af

205 472 178 21 intressenterne
405 471 7 21 i
433 471 205 29 dikningsföretag,
661 471 70 22 hafva
747 471 128 22 Ständerna
889 474 71 19 ansett

203 506 56 21 böra
273 505 132 22 framhållas
421 505 86 29 jemväl
522 505 148 29 deltagandet
684 506 8 21 i
707 505 38 22 det
760 505 107 22 framtida
882 505 78 22 under-

203 540 69 21 hållet
289 539 26 22 af
328 539 71 26 diket;
416 540 42 21 och
474 539 40 22 har
530 542 32 19 ett
578 540 83 28 tillägg
670 540 35 21 till
715 539 138 30 paragrafen
864 540 7 21 i
882 540 77 21 sådant

203 574 61 29 syfte
281 573 78 29 gjorts.

273 608 62 22 Enär
358 608 51 21 med
431 608 80 22 nutida
528 608 106 22 tekniska
652 608 138 29 hjelpmedel
805 608 105 22 markens
926 608 33 22 be-

204 643 129 22 skaffenhet
348 643 113 28 knappast
476 643 152 28 någonstädes
644 643 47 21 kan
706 645 66 26 sägas
787 645 83 26 utgöra
882 642 77 22 hinder

202 677 37 22 för
262 677 97 28 dikning
377 677 34 21 till
431 677 81 28 nödigt
528 676 63 29 djup,
607 677 44 22 och
666 677 33 22 uti
714 677 72 22 första
801 677 123 28 meningen
939 678 20 21 ai

202 714 14 19 2
231 719 68 14 mom.
316 713 11 19 7
343 711 14 29 8
373 711 38 22 väl
425 711 63 28 förty
504 711 65 22 torde
584 711 89 29 åsyftas
688 713 33 20 att
736 711 98 28 dikning
843 711 35 22 till
889 711 70 22 afsedt

203 746 56 29 djup
275 745 74 22 skulle
364 746 7 21 i
386 745 58 29 följd
468 745 25 22 af
513 746 106 21 markens
638 753 149 21 ogynsamma
804 745 155 22 beskaffenhet

202 781 103 22 medföra
319 781 88 28 oskälig
417 781 104 25 kostnad,
532 780 42 22 har
585 781 71 28 sagda
666 781 94 28 mening
771 781 7 20 i
789 780 170 22 öfverensstäm-

202 815 70 22 melse
287 815 94 22 härmed
397 815 161 21 omstiliserats.

274 849 35 22 18
319 849 15 29 &
345 852 24 19 är
380 849 64 22 ordet
456 849 238 26 ,öfverflödsvatten*,
705 849 88 22 hvilket
804 849 87 21 kunnat
899 849 60 28 gifva

203 884 125 28 anledning
343 883 34 22 till
392 883 164 26 missförstånd,
573 886 70 19 ersatt
655 883 52 22 med
718 883 117 29 uttrycket
847 900 9 9 ,
859 883 36 22 för
906 890 53 14 mar-

202 919 45 21 ken
270 918 95 28 menligt
388 920 99 23 vatten",
510 917 128 29 hvarjemte
658 917 141 22 beträffande
815 917 143 30 paragrafen:

203 953 123 28 affattning
346 953 7 20 i
368 952 70 29 öfrigt
460 952 109 29 vidtagits
592 952 88 22 mindre
703 952 130 28 ändringar,
850 959 48 14 som
913 952 45 21 icke

203 987 94 22 inverka
312 989 30 26 på
357 987 50 21 dess
423 987 87 28 sakliga
525 986 107 22 innehåll.

273 1022 63 21 Enär
358 1021 38 22 det
416 1021 35 22 för
466 1021 157 28 befrämjande
638 1021 27 22 af
677 1021 8 21 i
701 1023 25 19 11
743 1021 14 28 8
773 1021 119 22 omnämda
907 1023 51 19 torr

202 1055 216 30 läggningsföretag
433 1059 25 18 är
473 1055 26 22 af
507 1058 83 19 största
600 1056 51 28 vigt
662 1058 32 19 att
705 1055 136 28 delegarene
852 1055 7 21 i
870 1055 88 22 marker

202 1091 52 21 från
277 1090 80 29 början
379 1093 54 26 taga
455 1090 104 21 bestämd
579 1090 110 29 ställning
705 1090 34 21 till
754 1089 119 29 företaget,
890 1091 24 20 så
930 1092 28 19 att

202 1125 75 22 dettas
291 1124 156 30 upphofsmän
461 1126 37 19 må
513 1124 79 22 kunna
607 1124 53 22 med
673 1126 78 27 någon
762 1124 106 21 säkerhet
879 1127 78 19 emotse

202 1160 119 28 omfånget
347 1159 26 22 af
395 1159 39 21 sitt
460 1158 76 22 arbete
562 1158 43 22 och
631 1159 35 21 sin
691 1158 74 22 fördel
793 1158 70 26 deraf,
894 1158 63 22 hafve

203 1197 11 18 1
240 1194 44 22 och
309 1196 12 19 2
347 1200 66 15 mom.
439 1193 145 22 formulerats
612 1193 93 25 derhän,
735 1195 33 19 att
798 1193 28 21 de
854 1193 103 21 särskild:

202 1228 147 29 delegarenes
372 1228 141 22 förhållande
536 1228 71 21 redan
622 1228 40 21 vid
677 1227 280 29 dikningssammanträdet

202 1263 82 21 varder
307 1262 134 28 klargjordt,
465 1264 24 19 sä
511 1264 33 19 att
567 1262 51 22 icke
636 1262 45 21 den
696 1262 114 28 likgiltige
826 1262 43 22 och
884 1262 73 21 overk:

202 1304 85 14 samme
302 1298 37 20 mä
355 1296 93 22 beredas
463 1296 54 22 flere
533 1298 98 26 utvägar
647 1298 32 20 att
695 1296 122 28 tillgodose
833 1296 35 22 sin
882 1296 74 22 fördel

202 1334 29 18 än
247 1331 46 21 den
308 1338 49 15 som
373 1331 69 28 gripit
457 1331 35 27 sig
507 1330 81 22 verket
603 1338 36 18 an,
649 1344 26 2 —
691 1330 88 22 hvilket
793 1330 164 29 otvifvelaktigi

202 1366 111 21 innebure
332 1368 33 18 ett
383 1364 75 29 afsteg
472 1364 53 22 från
540 1364 45 22 den
600 1364 76 29 gamla
691 1367 77 19 satsen
783 1366 34 20 att
833 1364 57 27 ,den
905 1365 50 22 skal

201 1400 72 21 hafva
289 1401 119 23 bätnaden,
425 1406 48 14 som
487 1398 67 22 faran
569 1400 68 20 står”.
660 1398 77 22 Jemie
753 1398 38 22 det
806 1398 33 23 10i
854 1399 70 29 Orrigi
935 1400 22 21 är

201 1434 110 21 dikandes
321 1433 106 22 inbördes
438 1435 44 19 rätt
492 1433 35 21 till
538 1433 111 29 upplåten
659 1433 65 21 mark
733 1436 104 19 närmare
848 1433 107 23 bestämts
