1048 1631
330 115 27 22 U.
373 116 25 21 B.
414 128 27 2 —
457 115 72 28 Prop.
545 115 81 27 N:0i3.
803 118 14 20 9

93 187 90 21 komme
211 189 34 19 att
271 186 112 29 undergå,
411 187 128 21 innefattat
563 186 73 29 nödig
654 187 93 28 garanti
764 187 36 21 för
818 188 36 19 att

93 221 105 21 bemälde
218 221 140 28 tjenstemän
377 221 52 21 icke
447 221 76 21 skulle
542 221 80 22 kunna
640 221 36 21 för
694 221 35 22 sin
749 221 38 21 del
795 223 58 19 mot-

93 257 62 20 sätta
179 255 36 29 sig
233 255 45 22 den
297 255 30 22 då
345 255 107 28 åsyftade
470 255 120 22 reformen.
626 255 139 22 Emellertid
781 255 71 22 hafva

93 289 128 22 sedermera
247 297 84 22 genom
359 289 142 22 Ständernas
529 290 41 21 vid
600 290 62 21 1891
683 291 37 20 års
739 289 113 29 landtdag

93 324 86 21 aflåtna
205 324 162 29 underdåniga
394 325 100 28 petition
521 325 9 20 i
553 327 77 18 ämnet
648 325 67 28 långt
733 331 62 14 mera
813 331 39 21 ge-

92 359 168 28 nomgripande
287 359 165 28 förändringar
479 359 8 20 1
505 359 121 21 domstols-
644 359 44 21 och
706 359 146 28 rättegångs-

92 393 119 27 väsendet,
231 397 29 18 än
279 393 28 22 de
325 393 40 22 vid
387 393 64 21 1872
471 394 37 20 års
527 393 115 29 landtdag
660 393 102 26 afsedda,
773 393 80 21 blifvit

92 427 84 29 bragta
203 428 13 21 å
243 427 184 29 dagordningen.
464 427 82 29 Enligt
571 427 39 22 det
629 428 86 28 förslag
733 427 38 22 till
789 427 63 22 dom-

92 462 223 28 stolsorganisation,
335 469 48 14 som
402 462 129 21 utarbetats
550 462 24 21 af
592 462 45 21 den
655 462 36 22 för
709 462 101 21 revision
829 462 24 21 af

92 496 179 29 lagstiftningen
308 496 120 29 angående
467 497 250 28 rättegängsväsendet
752 497 100 21 tillsatta

92 531 93 27 komité,
204 531 75 21 skulle
295 531 51 22 icke
360 531 99 21 allenast
471 531 167 28 domsagornas
651 531 43 21 och
707 531 145 28 tingslagens

92 565 64 22 antal
183 566 43 21 och
253 565 109 22 områden
389 565 104 28 undergå
521 565 133 28 betydande
680 565 171 28 förändringar,

91 601 58 20 utan
168 600 68 21 äfven
255 600 252 28 häradshöfdingarnes
520 600 228 29 tjensteåligganden
760 602 91 19 väsent-

91 634 64 29 ligen
174 634 148 29 omgestaltas
340 635 8 20 i
367 635 24 20 så
409 635 73 21 måtto
502 637 36 18 att
556 634 52 22 dem
626 635 72 28 ålåge,
717 635 70 28 jemte
801 634 50 21 ord-

92 668 179 29 förandeskapet
298 669 7 21 i
334 669 147 27 häradsrätt,
493 669 70 21 äfven
581 669 136 28 skyldighet
735 671 35 19 att
787 669 8 20 i
813 671 39 18 tur

92 710 56 15 vara
166 703 127 22 ledamöter
311 704 8 21 i
337 703 46 22 den
401 703 127 28 kollegiala
546 703 128 28 underrätt,
693 711 48 14 som
760 703 91 22 komme

92 739 35 20 att
144 738 9 21 i
171 738 72 21 första
261 738 90 21 instans
370 737 134 29 handlägga
522 738 78 28 gröfre
619 738 109 21 brottmål
748 737 41 22 och
800 737 51 22 vik-

92 772 74 28 tigare
193 772 118 22 tvistemål
339 775 60 19 samt
426 772 77 21 tillika
525 775 85 26 utgöra
629 773 168 28 appellinstans
815 772 37 21 för

92 806 28 21 de
147 807 90 21 mindre
264 807 83 27 målen,
374 806 82 22 hvilka
483 807 8 20 i
509 807 73 22 första
600 807 89 21 instans
709 806 100 22 afdömts
829 806 23 21 af

92 841 139 27 häradsrätt,
258 841 101 22 hvarhos
383 841 105 22 komitén
506 841 86 29 jemväl
611 844 76 19 ansett
705 843 35 20 att
758 840 93 22 härads-

91 875 168 29 höfdingarnes
277 876 171 21 löneförmåner
461 876 58 21 efter
532 876 126 21 reformens
670 875 181 29 genomförande

92 909 71 22 borde
188 910 79 21 ställas
286 911 30 28 på
329 918 78 13 annan
420 910 35 21 fot
468 914 29 17 än
509 910 125 27 härintills,
646 910 120 29 nämligen
779 911 24 20 så
817 911 35 20 att

92 944 116 21 desamma
235 944 74 22 skulle
328 945 57 28 utgå
403 945 24 21 af
445 944 136 22 statsmedel
600 945 42 21 och
661 944 52 22 med
731 943 120 23 bestämda

92 978 85 29 belopp
196 981 60 19 samt
275 979 46 21 alla
339 979 101 28 sportler
459 979 111 22 bortfalla
588 979 44 21 och
644 979 207 28 häradshöfdinge-

92 1013 208 28 tingsgästningen
319 1014 84 28 inflyta
421 1013 37 21 till
477 1013 151 22 statskassan.
666 1013 137 29 Uppenbart
815 1020 36 21 sy-

91 1055 41 14 nes
159 1055 56 14 vara
241 1050 42 24 att,
305 1055 35 14 om
369 1048 65 21 detta
455 1047 117 22 komiténs
590 1048 87 28 förslag
693 1047 85 22 varder
795 1046 57 29 god-

91 1081 82 28 kändt,
200 1082 141 21 karaktären
371 1083 23 20 af
412 1082 28 21 de
459 1090 46 20 nya
523 1082 329 29 häradshöfdingetjensterna

91 1115 77 22 blefve
198 1117 25 20 så
251 1117 63 21 olika
341 1117 27 21 de
396 1117 136 21 nuvarande
562 1117 145 28 tjensternas,
736 1119 35 18 att
797 1115 54 22 tidi-

91 1158 55 20 gare
173 1151 150 22 innehafvare
351 1152 24 21 af
396 1151 288 29 häradshöfdingeembete
702 1152 52 26 icke
773 1150 77 22 kunde

91 1185 61 21 blott
171 1186 29 28 på
212 1186 77 28 grund
301 1186 24 22 af
338 1186 224 22 ofvanomförmälda
575 1186 113 22 förbehåll
700 1188 57 19 utan
770 1184 81 23 vidare

92 1220 101 28 omgång
211 1220 37 21 till
267 1220 28 22 de
313 1228 46 20 nya
379 1221 130 27 tjensterna
529 1221 152 27 öfverflyttas.
711 1220 55 21 Men
784 1219 68 21 häraf

91 1254 67 28 följer
184 1255 137 28 ytterligare
349 1257 35 19 att
410 1255 208 29 bestämningarna
636 1256 8 20 i
663 1254 130 29 åberopade
811 1254 40 21 nå-

91 1288 55 29 diga
172 1289 138 29 förordning
338 1290 23 21 af
387 1289 46 21 den
461 1290 14 20 3
494 1290 115 21 Februari
629 1290 64 20 1868
713 1289 75 21 skulle
807 1296 44 20 ega

90 1322 167 30 tillämplighet
283 1324 31 28 på
341 1324 28 21 de
396 1323 218 29 häradshöfdingar,
642 1331 47 14 som
717 1323 79 22 blifvit
813 1322 37 22 till

91 1357 51 21 sina
160 1357 160 29 befattningar
337 1358 114 22 utnämda
463 1358 49 22 före
527 1359 125 21 reformens
662 1357 189 29 genomförande,

90 1391 44 21 och
152 1394 36 19 att
206 1392 50 22 dem
275 1392 105 28 sålunda,
399 1400 37 14 om
455 1392 28 21 de
500 1393 53 21 icke
571 1393 56 21 ville
640 1392 120 28 öfvertaga
772 1392 77 28 någon

90 1426 24 21 af
132 1426 28 21 de
178 1434 47 20 nya
243 1426 368 30 underdomarebefattningarna,
630 1426 71 22 borde
719 1426 131 22 tillkomma

160 1469 131 23 Lagutskottets
305 1470 110 18 betänkande
429 1470 36 17 N:o
480 1471 13 17 1.
