1048 1631
296 81 29 22 U.
341 82 28 22 B.
386 93 25 4 —
427 81 76 28 Prop.
519 81 42 23 N:o
577 81 21 22 7.
816 80 25 21 11

80 150 49 21 För
154 149 210 29 budgetsperioden
391 150 84 21 1901—

154 185 55 21 1904
228 183 147 29 erforderligt
395 183 82 29 anslag
721 185 84 24 35,297:
814 184 27 21 46

596 223 95 22 Summa
721 224 120 26 52,126:23

152 315 145 22 Förenämda
308 323 89 14 summa
407 315 60 22 Fmk
477 316 85 26 35,297:
571 316 27 21 46
609 322 55 14 vore
673 315 89 21 säledes
771 315 72 20 erfor-

82 350 76 29 derlig
173 350 37 21 för
225 349 143 22 slutförande
383 349 26 22 af
419 349 158 29 tryckningen
589 349 26 22 af
623 353 63 17 ännu
697 349 146 21 återstående

82 384 66 22 delar
164 384 26 21 af
202 384 28 21 de
246 383 84 22 ofrälse
345 384 111 21 ständens
472 383 110 29 outgifna
597 383 124 28 protokoll.

152 419 12 21 I
179 419 168 28 sammanhang
361 419 53 21 med
429 419 65 21 detta
510 418 85 21 ärende
610 418 42 21 har
664 417 179 22 Statsutskottet

83 453 37 21 till
136 453 144 28 behandling
303 452 101 22 förehaft
425 461 29 13 en
470 453 53 21 frän
540 452 106 22 Svenska
660 451 183 22 Litteratursäll-

83 487 83 29 skapet
180 487 8 22 i
203 487 102 22 Finland
320 487 37 22 till
367 487 122 22 Utskottet
497 487 134 22 inkommen
640 487 128 26 skrifvelse,
777 486 66 21 hvari

81 521 259 29 Litteratursällskapet
355 522 102 21 anmäler
473 521 38 29 sig
526 521 71 22 hafva
612 521 36 22 för
658 521 72 21 afsikt
738 523 35 20 att
779 521 64 21 kom-

83 556 101 29 plettera
199 556 28 21 de
243 556 26 21 af
282 556 127 21 detsamma
427 556 64 21 förut
506 555 94 29 utgifna
615 555 228 29 ständsprotokollen

84 591 52 21 frän
159 591 78 28 Borgä
260 590 112 29 landtdag
397 592 53 21 1809
474 590 54 21 med
552 590 27 21 de
595 590 63 21 inom
672 590 172 28 Ridderskapet

84 625 44 22 och
144 625 77 21 Adeln
236 625 67 21 förda
318 625 146 28 protokollen
477 625 54 21 frän
545 620 75 37 samma
631 620 122 37 landtdag,
763 624 81 22 hvilka

82 659 138 29 visserligen
236 659 99 29 tidigare
352 659 77 22 blifvit
443 659 95 28 utgifna
547 667 51 13 men
608 659 48 21 dels
664 659 79 22 blifvit
751 659 92 28 tryckta

84 694 59 21 efter
159 701 28 14 en
204 701 77 14 annan
299 694 54 29 plan
369 697 30 18 än
415 694 44 21 den
476 693 27 22 af
515 693 258 28 Litteratursällskapet
787 694 8 21 i
811 693 33 22 af-

83 728 87 22 seende
193 729 13 20 å
221 728 154 29 landtdagens
397 728 76 29 öfriga
494 728 118 29 protokoll
635 727 80 29 följda,
738 728 48 21 dels
802 735 41 14 nu-

85 770 63 14 mera
162 770 56 14 vore
237 763 8 20 i
263 762 145 22 bokhandeln
429 763 130 28 utgångna.
590 762 253 28 Litteratursällskapet

83 797 43 22 har
141 797 37 22 för
192 797 179 28 ifrågavarande
386 797 108 21 ändamål
511 797 42 21 hos
569 796 178 22 Statsutskottet
763 796 80 21 anhål-

84 832 28 21 lit
128 839 37 14 om
181 831 128 22 anvisande
324 831 27 22 af
364 834 33 19 ett
413 831 82 28 anslag
511 831 27 21 af
552 832 62 26 2,500
629 831 64 21 mark
702 838 49 14 som
765 831 77 28 tryck-

83 866 154 29 ningsbidrag
261 865 36 22 för
322 873 28 14 en
375 865 157 29 nyredigerad
559 873 121 21 noggrann
701 865 103 29 upplaga
819 865 27 22 af

82 900 155 21 omförmälda
258 900 116 29 protokoll
394 900 73 29 jämte
491 900 37 21 till
545 899 51 22 dem
612 899 103 22 hörande
729 899 114 22 utskotts-

84 935 163 21 betänkanden
263 935 42 21 och
321 935 72 21 andra
407 934 150 29 handlingar,
573 934 80 21 hvilka
668 933 63 22 förut
746 933 20 30 ej
782 934 61 21 varit

84 969 100 28 tryckta,
201 969 26 21 af
239 969 96 22 hvilken
350 969 103 29 upplaga
468 969 107 21 däremot
590 970 41 21 250
643 968 116 29 exemplar
768 968 75 21 skulle

84 1003 37 22 till
137 1003 130 22 Ständerna
281 1003 161 22 öfverlämnas.
473 1003 182 22 Statsutskottet
670 1003 41 21 har
721 1003 42 21 hos
774 1002 69 21 Stän-

83 1037 73 22 derna
172 1037 95 22 beslutit
289 1037 93 22 förorda
405 1037 66 22 bifall
487 1037 38 22 till
541 1037 105 22 Svenska
660 1036 183 22 Litteratursäll-

83 1071 95 30 skapets
201 1072 98 21 sålunda
321 1072 81 29 gjorda
422 1072 112 21 anhållan
558 1071 43 22 och
623 1071 42 26 får,
681 1071 30 21 då
726 1071 117 28 ifrågava-

84 1106 73 21 rande
172 1109 86 18 tvänne
273 1107 172 28 anslagsposter
461 1106 27 21 af
501 1107 78 26 35,297
595 1106 65 21 mark
675 1107 26 20 46
713 1105 72 29 penni
800 1105 43 22 och

82 1141 66 24 2,500
163 1141 65 21 mark
246 1141 134 29 lämpligast
397 1141 90 21 funnits
506 1141 81 21 kunna
606 1140 108 22 afruvdas
733 1140 37 21 till
785 1147 59 14 sam-

84 1175 156 22 manräknadt
262 1176 77 26 40,000
362 1176 73 25 mark,
456 1176 43 21 hos
515 1175 132 21 Ständerna
662 1174 119 22 vördsamt
795 1174 48 21 till-

82 1210 83 28 styrka

351 1287 33 19 att
391 1285 128 21 Ständerna
524 1285 52 21 ville
580 1285 36 27 för
621 1284 68 28 ofvan
697 1283 148 29 omförmälda

293 1319 116 28 tryckning
430 1319 29 28 af
470 1320 112 26 protokoll
596 1319 38 21 och
650 1318 136 28 handlingar
800 1324 43 14 an-

290 1353 35 21 slå
342 1355 30 19 ett
390 1354 75 27 belopp
485 1353 30 27 af
532 1354 79 20 inalles
626 1354 88 26 40,000
728 1352 70 26 mark,
812 1353 34 19 att

287 1388 32 27 på
349 1388 118 21 enahanda
491 1389 47 20 sätt
562 1394 47 14 som
634 1387 115 21 härintills
775 1386 71 22 under

155 1433 145 18 Statsutskottets
313 1433 110 18 betänkande
435 1433 38 18 N:o
486 1434 27 17 11.
