1048 1631
235 94 29 19 94
433 92 27 23 U.
476 93 25 22 B.
518 106 27 3 -—
562 93 73 29 Prop.
651 93 43 22 N:o
711 94 12 21 1

203 158 61 29 piigt
288 158 9 22 i
317 158 66 29 iräga
403 166 38 15 om
456 159 138 29 deltagande
612 159 33 22 uii
659 159 232 30 invalninpsiörotag
907 159 52 22 icke

204 197 87 18 ansetts
303 195 56 21 böra
369 194 172 29 ifrägakomma,
554 195 29 21 dä
594 195 72 28 knapt
676 197 77 26 någon
763 195 130 22 erfarenhet
904 195 56 22 tills-

204 229 80 22 vidare
300 230 124 29 föreligger
440 231 118 28 angående
575 231 45 21 den
632 232 73 27 nytta,
718 237 49 14 som
778 231 24 21 af
813 231 79 28 dylika
902 231 57 21 före-

204 268 39 26 tag
259 266 43 21 hos
319 273 37 14 oss
372 266 155 29 tilläfventyrs
543 267 46 21 kan
606 267 118 28 påräknas.

276 302 37 21 Då
335 302 129 29 invallning
487 302 36 21 för
542 302 118 22 vinnande
680 302 24 21 af
723 302 146 28 tillandning,
886 302 73 28 enligt

203 337 63 22 hvad
288 337 71 22 ofvan
379 337 143 27 framhållits,
544 338 46 21 kan
611 345 43 21 ega
675 345 50 14 rum
740 337 60 22 blott
815 338 40 21 der
871 338 87 21 strand-

204 380 85 21 egaren
309 373 74 22 tillika
403 378 24 17 är
448 381 67 21 egare
531 374 24 21 af
570 374 52 21 hela
638 374 40 21 det
693 374 178 26 vattenområde,
888 374 69 21 hvars

203 409 162 28 torrläggande
381 409 67 26 afses,
465 409 125 22 förefinnes
607 410 8 21 i
628 410 65 28 fråga
705 417 37 14 om
753 409 65 29 dylik
829 409 129 29 invallning

202 444 52 21 icke
270 447 77 26 någon
363 445 173 29 nödvändighet
552 448 33 19 att
600 445 74 22 tillåta
690 445 199 29 vallbyggnadens
905 446 53 21 fort-

203 481 106 21 sättande
332 481 55 28 inpå
407 489 87 14 annans
515 481 103 26 område;
642 481 43 22 och
700 481 41 22 har
757 483 29 27 på
801 481 76 29 grund
893 481 66 22 häraf

203 516 151 22 förevarande
373 517 107 29 paragraf
495 518 89 21 kunnat
599 518 134 28 godkännas
750 520 56 19 utan
822 517 39 22 det
877 517 81 29 tillägg

203 559 50 15 som
270 553 24 21 af
309 553 120 22 Utskottet
443 553 72 29 gjorts
531 553 146 22 beträffande
695 555 10 19 1
723 553 19 29 8.

275 591 14 19 3
313 589 14 29 8
347 592 24 19 är
391 589 64 29 bygd
476 592 29 26 pä
521 590 45 21 den
582 589 131 29 grundsats,
729 592 34 19 att
777 589 136 29 invallning,
930 591 25 20 sä

203 627 64 18 snart
283 632 87 15 annans
386 628 45 18 rätt
446 626 45 21 kan
506 628 95 26 antagas
618 625 65 22 deraf
698 625 99 26 beröras,
808 625 51 22 icke
870 625 35 22 får
916 625 41 22 ske

202 663 56 18 utan
281 661 108 22 särskildt
409 661 123 22 utverkadt
553 662 111 21 tillstånd.
697 661 100 22 Sålunda
813 665 24 18 är
853 661 104 22 tillstånd

203 696 24 21 af
241 697 84 26 nöden,
343 697 29 21 då
387 697 141 29 vallbygnad
544 697 58 22 skall
618 698 129 21 utsträckas
762 697 55 29 inpå
828 705 29 14 en
868 705 86 14 annans

201 732 72 21 mark.
298 733 157 21 Föreskriften
471 736 33 18 att
514 733 146 22 beträffande
670 733 129 28 invallning
811 733 41 22 vid
863 735 19 24 å,
894 733 62 26 eller,

199 767 94 29 jemlikt
309 768 45 21 den
370 769 34 20 uti
419 776 64 21 prop.
501 772 99 25 antagna
611 769 152 27 terminologi,
775 769 42 21 vid
828 769 38 25 elf,
878 771 78 23 ström,

202 805 14 20 å
231 804 44 21 och
291 804 65 27 bäck,
374 804 102 22 tillstånd
492 805 8 21 i
516 805 80 28 hvarje
612 805 41 21 fall
669 805 42 20 bör
727 805 68 21 sökas
811 809 24 17 är
846 807 47 19 åter
904 811 52 22 syn-

200 839 107 29 barligen
325 840 110 29 betingad
455 841 70 26 deraf,
548 843 38 24 att,
609 843 29 26 på
660 843 45 19 sätt
723 840 71 22 ofvan
813 840 142 26 framhållits,

201 875 41 21 vid
258 876 73 21 smala
346 877 136 28 vattendrag
497 877 171 28 invallningens
684 876 139 29 verkningar
837 876 118 29 lätteligen

200 914 57 25 göra
273 911 36 29 sig
327 912 101 21 känbara
439 913 91 21 utöfver
541 913 45 21 den
596 912 137 29 byggandes
745 915 52 26 eget
807 912 92 21 område
911 912 43 21 och

201 954 30 14 en
247 947 110 29 pröfning
376 948 52 21 med
444 949 108 21 afseende
568 950 13 19 å
597 948 39 21 det
650 948 125 21 allmännas
786 948 97 21 intresse
893 948 63 28 förty

200 983 84 21 härvid
300 991 54 14 vore
371 984 23 21 af
408 984 83 26 nöden,
507 984 98 21 likasom
621 984 70 21 äfven
707 983 110 26 enskilde,
829 983 79 22 hvilka
918 983 38 22 be-

200 1021 63 19 röras
288 1019 24 22 af
332 1019 118 29 företaget,
472 1020 70 21 borde
563 1020 97 21 beredas
682 1019 89 22 tillfälle
793 1022 32 19 att
849 1019 107 22 deröfver

200 1057 63 26 yttra
280 1055 41 28 sig.

273 1091 121 22 Utskottet
419 1092 41 21 har
485 1093 75 20 såsom
587 1091 149 22 härförinnan
759 1091 145 22 beträffande
928 1091 29 22 de

200 1127 139 28 paragrafer,
358 1127 41 21 der
414 1127 116 29 uttrycket
546 1129 13 20 å
572 1127 153 26 förekommit,
738 1127 108 21 särskildt
856 1127 100 29 angifvit

201 1162 28 21 de
255 1162 62 22 olika
332 1163 144 29 vattendrag,
498 1171 49 14 som
570 1164 72 28 enligt
663 1170 63 22 prop.
750 1163 48 21 deri
816 1163 139 29 inbegripas,

200 1198 41 21 här
257 1198 72 22 likväl
346 1199 53 21 med
414 1199 146 21 uteslutande
584 1199 23 21 af
622 1199 67 25 bäck,
706 1203 54 17 enär
775 1198 129 29 invallning
915 1198 41 22 vid

201 1234 66 26 bäck,
286 1234 76 22 såvidt
378 1235 76 21 vallen
469 1235 51 21 icke
536 1235 99 21 behöfde
652 1235 129 21 utsträckas
797 1234 54 29 inpå
867 1242 88 14 annans

200 1270 101 26 område,
323 1270 8 21 i
348 1271 114 21 anseende
485 1271 35 21 till
544 1271 76 28 dylikt
639 1273 92 19 vattens
747 1270 65 28 ringa
828 1270 127 28 betydelse,

200 1308 67 26 synts
279 1306 79 21 kunna
374 1306 103 29 försiggå
489 1306 87 29 jemväl
592 1309 56 19 utan
665 1306 110 22 tillstånd.

278 1420 210 19 Vuttenrättsutskottets
501 1421 117 18 betänkande
631 1420 37 18 N:o
682 1420 15 18 1.
