1048 1631
334 82 27 22 U.
377 82 27 22 B.
420 94 29 4 —
466 82 74 28 Prop.
557 82 44 22 N:o
618 82 12 22 1
801 84 26 20 15

105 155 49 14 som
170 148 8 21 i
200 148 79 29 hvarje
296 148 61 28 fjärd
373 147 43 22 och
432 147 41 22 vik
488 147 8 22 i
513 147 102 29 saltsjön,
632 150 59 19 samt
707 150 33 19 att
755 147 104 22 vidkom-

105 184 83 21 mande
204 184 111 21 rinnande
331 186 80 19 vatten
422 185 71 26 något
503 183 119 29 undantag
632 183 8 22 i
651 183 64 29 fråga
726 191 36 14 om
773 183 86 28 kungs-

105 219 65 22 ådras
194 219 126 22 förekomst
343 219 52 22 icke
414 222 67 25 göres
498 219 36 22 för
550 219 88 21 mindre
655 221 37 19 åar
709 219 42 22 och
766 219 93 25 bäckar,

105 255 69 22 äfven
190 263 37 14 om
243 255 28 21 de
287 255 51 22 icke
355 255 118 22 användas
490 257 76 20 såsom
582 255 42 21 far-
640 255 55 21 eller
710 255 97 21 flottled.

176 291 149 21 Beträffande
348 291 133 28 kungsådra
499 290 8 22 i
528 290 41 29 sjö,
585 291 69 21 hvars
670 290 99 29 uppgift,
786 290 73 29 enligt

104 327 62 21 hvad
189 327 71 21 ofvan
278 326 144 26 framhållits,
439 333 54 14 vore
510 328 33 19 att
558 329 82 26 utgöra
655 326 38 21 led
708 326 36 21 för
757 328 101 19 vattnets

105 362 43 21 fria
170 363 54 28 lopp
249 365 58 18 samt
332 362 43 21 far-
399 362 43 21 och
467 362 99 26 flottled,
590 363 41 20 har
653 362 62 22 inom
739 362 120 21 Utskottet

105 398 268 30 meningsskiljaktighet
395 397 62 29 gjort
478 397 36 29 sig
530 398 112 29 gällande.
674 398 36 21 En
727 397 36 22 del
779 397 24 22 af
817 397 42 22 Ut-

106 434 96 21 skottets
225 434 148 21 medlemmar
393 434 72 21 hafva
480 434 117 29 nämligen
613 436 74 19 ansett
703 434 39 21 det
757 433 102 22 nödvän-

106 469 50 29 digt
172 472 32 19 att
220 478 29 13 en
263 469 48 22 viss
329 470 36 21 del
382 470 23 21 af
421 472 90 19 vattnet
522 470 87 28 jemväl
620 470 8 21 i
639 470 34 28 sjö
684 470 87 21 lemnas
783 473 75 25 öppen

106 508 75 19 såsom
203 506 132 28 kungsådra
353 506 43 21 och
413 506 62 21 detta
498 506 52 21 icke
573 506 60 21 blott
653 506 52 21 med
721 505 108 22 afseende
846 507 13 20 å

105 542 144 29 kungsådras
265 542 132 21 förberörda
413 541 126 29 uppgifter,
556 545 55 18 utan
628 542 67 21 äfven
712 541 23 22 af
751 541 39 22 det
801 541 57 26 skäl,

106 580 33 19 att
160 577 119 22 Utskottet
303 577 41 22 vid
365 577 171 29 behandlingen
553 577 23 22 af
592 577 109 29 förslaget
716 577 35 21 till
766 577 39 28 lag
821 585 38 14 om

105 621 32 21 ny
152 613 88 29 lydelse
257 613 24 22 af
297 616 26 19 17
341 614 43 21 och
402 616 27 19 18
445 613 52 29 kap.
514 613 27 22 B.
559 614 26 21 B.
602 613 94 22 beslutit
707 613 104 28 afstyrka
821 613 37 21 be-

106 649 144 28 stämningen
269 657 37 14 om
322 649 85 22 fiskled
423 649 7 21 i
447 649 34 28 sjö
498 649 8 22 i
523 649 45 22 den
579 649 144 28 omfattning,
740 656 49 14 som
805 648 8 21 i
831 651 27 19 10

105 685 14 29 &
136 685 23 21 af
174 685 158 22 förstnämnda
350 685 87 29 kapitel
453 685 103 27 föreslås,
572 685 93 22 hvadan
680 684 131 29 kungsädra
827 684 32 21 äf-

105 729 46 14 ven
166 721 8 22 i
190 721 34 28 sjö
240 721 71 22 borde
327 724 82 26 utgöra
424 721 36 21 led
477 721 37 22 för
530 721 87 22 fiskens
632 720 121 29 vandring.

176 757 151 28 Kungsådras
339 757 106 21 ändamål
455 757 126 28 betingade
591 757 71 22 likväl
672 757 51 21 dess
732 756 127 21 förekomst

105 793 8 21 i
129 793 35 28 sjö
180 793 81 21 endast
277 793 34 21 uti
327 793 46 21 den
389 793 116 28 egentliga
520 793 153 26 vattenleden,
690 793 55 21 eller
761 792 97 21 emellan

105 829 32 21 in-
161 829 42 21 och
226 829 126 21 utfallande
375 831 80 19 vatten
472 831 60 19 samt
547 829 8 21 i
572 829 95 28 saltsjön
685 829 59 20 ifrån
761 828 48 21 deri
825 830 34 19 ut-

105 865 131 28 mynnande
260 865 137 28 vattendrag
423 865 60 21 intill
511 865 86 28 djupet.
630 865 74 21 Också
727 864 78 21 kunde
824 863 35 22 uti

106 903 70 19 större
193 901 60 28 sjöar
267 901 159 28 kungsådrans
437 901 75 21 bredd
524 904 56 18 utan
591 901 122 28 olägenhet
722 899 137 22 inskränkas

105 944 83 21 genom
212 945 29 13 en
264 937 153 28 bestämning,
439 939 33 19 att
493 937 134 21 densamma
642 937 50 21 icke
708 936 8 21 i
732 937 71 27 något
817 935 42 21 fall

105 973 71 20 borde
199 972 143 29 öfverskjuta
358 975 33 18 ett
407 972 60 22 visst
482 972 126 22 maximum
625 972 23 21 af
663 971 134 29 förslagsvis
813 973 44 19 200

104 1010 78 19 meter.

176 1036 22 29 Å
214 1044 71 21 andra
301 1044 65 21 sidan
381 1044 42 21 har
439 1043 88 22 anförts
544 1046 38 24 att,
600 1043 71 29 enligt
686 1043 62 22 hvad
762 1042 97 22 erfaren-

106 1081 69 20 heten
191 1080 69 28 gåfve
276 1080 40 21 vid
331 1080 99 26 handen,
448 1080 28 21 de
493 1080 113 26 ändamål,
618 1087 36 14 om
665 1079 79 22 hvilka
753 1079 42 21 här
804 1085 54 15 vore

104 1116 72 28 fråga,
191 1116 103 21 hvarken
305 1116 124 29 betingade
440 1116 174 21 utsträckandet
625 1116 23 21 af
658 1115 201 28 bestämningarna

105 1160 37 14 om
158 1152 132 28 kungsådra
303 1152 87 28 jemväl
406 1152 35 21 till
457 1152 42 28 sjö,
518 1152 55 21 eller
588 1152 77 21 kunde
679 1151 132 29 därigenom
821 1150 38 21 be-

104 1188 96 28 hörigen
224 1188 140 28 tillgodoses.
396 1188 77 28 Något
498 1188 119 28 oafvisligt
640 1187 69 22 behof
731 1186 22 22 af
769 1194 29 13 en
813 1190 46 26 sär-

104 1224 61 22 skild
186 1224 38 21 led
240 1224 7 21 i
264 1224 35 28 sjö
315 1224 36 21 för
366 1226 101 19 vattnets
484 1224 46 21 fria
545 1224 53 28 lopp
616 1224 54 21 eller
686 1223 86 21 fiskens
788 1222 71 22 vand-

104 1260 52 28 ring
178 1260 59 21 hade
261 1260 82 21 hittills
366 1260 52 21 icke
441 1259 63 29 gjort
526 1260 35 28 sig
582 1260 111 28 gällande.
725 1258 70 22 Hvad
811 1260 48 20 åter

104 1296 151 21 samfärdseln
279 1296 42 21 och
344 1295 141 29 flottningen
508 1296 118 26 beträffar,
643 1297 25 19 så
682 1295 78 21 kunde
779 1294 79 21 dessas

104 1331 71 21 behof
197 1331 132 29 lämpligast
351 1331 135 29 tillgodoses
511 1339 84 21 genom
619 1333 31 20 ett
672 1331 93 21 allmänt
787 1330 72 21 hållet

104 1367 127 29 stadgande
248 1375 37 14 om
301 1368 42 20 far-
360 1368 43 21 och
419 1367 98 21 flottled.
551 1368 11 21 I
586 1367 70 29 öfrigt
677 1367 65 21 torde
761 1366 98 22 bestäm-

180 1410 210 18 Vattenrättsutskottets
403 1410 118 18 betänkande
535 1410 37 18 N:o
584 1410 15 18 1.
