1048 1631
217 86 13 18 4
403 83 37 23 -U.
455 83 29 23 B<
501 96 27 6 —
539 83 82 29 Prop.
636 84 45 23 N:o.
697 84 28 22 15

185 148 68 30 jerad
264 148 135 30 jomiöselso
413 149 86 23 mellan
513 151 28 20 12
556 150 53 29 kap.
620 149 50 23 JB.
681 149 8 22 i
701 150 52 21 doss
763 145 104 48 gällande
881 165 9 6 f
881 150 59 21 form

186 185 44 22 och
253 185 108 29 kapitlets
385 185 130 29 föreslagna
530 193 47 21 nya
592 185 89 29 lydelse
696 185 85 22 tillåter
796 185 36 29 sig
847 185 94 22 Utskot-

188 223 34 19 tet
242 223 34 19 att
293 221 36 22 till
350 221 53 22 stöd
418 221 36 22 för
470 221 28 21 de
514 221 102 22 uttalade
632 221 214 29 betänkligheterna
862 221 77 22 anföra

188 256 109 29 följande.

256 293 12 21 I
284 293 161 28 lagförslagets
462 295 13 20 3
491 294 14 28 8
523 295 27 20 12
565 294 59 28 kap.,
642 301 48 14 som
706 293 61 22 afser
777 294 30 21 bl.
819 301 19 14 a.
851 296 32 19 att
893 293 8 22 i
913 301 28 14 en

187 328 143 29 förtydligad
350 329 59 22 form
431 329 113 28 återgifva
565 329 201 28 bestämningarna
785 329 8 22 i
811 332 33 19 12:
862 332 13 19 4
890 329 50 22 J.B.

188 365 118 28 angående
329 365 115 28 byagräns
465 365 8 21 i
493 367 86 24 vatten,
596 366 41 21 har
652 365 41 22 vid
709 365 194 29 omstiliseringen
918 366 24 21 af

188 400 71 21 första
290 401 125 28 meningen
441 401 9 21 i
473 401 115 28 sistsagda
610 401 89 28 lagrum
723 401 71 22 orden
819 405 72 24 ,ägen
919 403 22 19 tä

188 436 59 21 halft
270 436 136 22 hvarthera*
431 439 81 19 ersatts
528 437 54 21 med
598 437 71 22 orden
689 444 55 21 ,ege
761 437 28 21 de
804 437 58 21 hvar
877 439 13 19 å
906 437 35 21 sin

189 471 50 22 sida
254 472 162 29 vattendraget
431 472 36 21 till
483 473 52 21 dess
552 473 79 26 midt",
648 472 95 22 hvilken
754 473 187 28 omformulering

188 507 78 22 kunde
277 508 66 28 gifva
351 508 125 29 anledning
485 508 35 21 till
532 516 28 14 en
568 509 113 28 tolkning,
693 508 115 29 betydligt
818 508 123 22 afvikande

190 543 49 21 från
255 544 63 21 hvad
336 546 33 19 12:
387 545 14 20 4
416 544 51 22 J.B.
483 544 133 21 innehåller.
643 544 85 21 Vidare
744 544 69 22 hafva
829 552 27 13 ur
871 545 71 28 sagda

189 581 13 19 3
225 579 14 28 $
259 579 7 20 i
288 586 64 22 prop.
375 579 28 22 de
424 579 8 22 i
451 580 70 21 andra
545 580 43 21 och
609 579 73 30 tredje
698 579 124 29 meningen
838 580 23 21 af
878 581 33 20 12:
929 581 13 20 4

188 614 49 22 J.B.
263 615 188 22 förekommande
475 615 202 29 bestämningarna
700 623 37 14 om
758 615 76 22 holme
850 615 93 22 utelem-

189 652 58 25 nats,
272 651 150 28 synbarligen
440 651 97 22 emedan
553 651 29 22 de
598 659 55 14 vore
669 651 160 28 öfverflödiga.
860 651 81 22 Likväl

189 686 117 21 förefaller
331 687 39 21 det
393 694 50 14 som
467 694 40 14 om
527 687 100 22 nämnda
650 687 171 28 bestämningar
836 695 54 14 vore
907 695 36 20 eg-

189 722 58 21 nade
279 725 34 19 att
338 723 151 28 komplettera
512 730 122 15 normerna
658 723 117 28 angående
799 723 116 22 räskilnad
936 723 7 20 i

190 760 79 19 vatten
301 759 92 26 derhän,
424 761 34 19 att
484 759 88 21 holmar
597 759 136 28 underligga
759 766 86 15 samma
870 759 74 28 regler

190 800 49 15 som
255 793 41 22 det
311 794 145 22 omslutande
472 797 90 19 vattnet
577 795 44 21 och
637 797 33 19 att
685 797 41 19 rån
741 794 50 22 icke
807 795 102 28 afbrytes
921 795 23 21 af

190 829 108 22 mötande
322 830 76 21 holme
421 832 56 19 utan
500 830 88 28 fortgår
613 830 65 22 öfver
702 830 133 22 densamma
853 832 29 27 på
897 830 47 21 lika

190 867 45 19 sätt
251 873 50 14 som
318 866 65 21 öfver
398 868 97 20 vattnet.
528 866 49 22 Och
593 867 71 21 ehuru
681 866 8 21 i
704 873 63 22 prop.
783 866 51 21 icke
849 865 94 30 intagits

190 903 71 26 något
277 902 134 28 stadgande,
428 903 161 21 motsvarande
614 905 34 19 12:
668 905 12 18 5
701 902 58 26 J.B.,
779 902 71 21 borde
872 902 45 21 den
938 903 4 20 i

190 937 63 22 detta
277 937 90 29 lagrum
390 938 102 22 uttalade
515 939 124 28 grundsats
663 938 118 29 sjelffallet
805 945 42 21 ega
866 938 78 21 fortfa-

191 973 69 22 rande
283 974 115 29 giltighet,
423 981 37 15 om
481 975 43 21 ock
540 975 149 28 lagförslaget
705 974 148 22 oförändradt
868 974 76 22 blefve

190 1012 95 26 antaget
301 1010 42 21 och
359 1010 123 22 faststäldt.

263 1045 181 29 Ofvanantydda
465 1046 172 29 vanskligheter
653 1046 39 21 vid
709 1046 194 28 omarbetningen,
921 1050 22 17 sä

190 1080 51 22 vidt
257 1081 30 22 de
303 1081 96 22 hänföra
415 1082 36 29 sig
466 1082 35 21 till
513 1082 52 21 dess
576 1082 105 22 formella
692 1081 56 27 sida,
761 1089 69 21 synas
842 1081 19 29 ej
874 1082 72 21 heller

191 1117 35 21 till
241 1117 59 22 fullo
317 1121 120 25 uppvägas
454 1118 23 21 af
493 1118 53 21 dess
557 1118 95 21 resultat
663 1117 144 22 beträffande
818 1117 28 22 de
857 1117 88 29 sakliga

191 1150 155 32 ändringarna
365 1154 43 21 och
426 1154 117 28 tilläggen.
570 1155 11 20 I
600 1154 36 22 sin
654 1154 130 28 föreslagna
798 1161 47 21 nya
857 1154 88 28 lydelse

191 1189 108 21 framstår
322 1189 117 29 nämligen
465 1192 26 19 12
510 1190 52 28 kap.
579 1190 49 22 J.B.
645 1190 52 21 icke
713 1192 76 19 såsom
805 1192 32 18 ett
853 1189 92 21 alldeles

192 1224 113 30 enhetligt
321 1225 54 21 helt.
407 1226 207 28 Bestämningarna
629 1226 118 28 angående
763 1225 160 29 gränsskilnad
939 1226 8 20 i

191 1262 81 20 vatten
288 1264 38 18 äro
344 1261 77 21 alltför
432 1262 164 21 dominerande
608 1262 64 22 såväl
682 1262 35 21 till
726 1262 95 28 omfång
833 1268 49 14 som
893 1269 53 21 nog-

192 1296 115 28 grannhet
317 1297 44 21 och
373 1297 179 29 specialisering,
564 1298 84 21 medan
658 1298 74 28 öfriga
743 1297 144 29 stadganden
896 1296 51 22 icke

192 1331 59 22 blott
275 1336 39 18 äro
339 1332 94 29 fåtaliga
456 1335 55 19 utan
535 1333 110 28 derjemte
661 1332 105 22 förefalla
779 1332 168 29 jemförelsevis

192 1368 157 22 outvecklade
365 1369 43 21 och
419 1368 74 22 delvis
502 1368 100 22 bärande
614 1376 86 14 samma
711 1368 88 28 åldriga
809 1368 78 28 prägel
898 1376 48 14 som

269 1410 214 19 Vattenrättsutskottets
496 1410 117 20 betänkande
625 1410 36 19 N:o
673 1410 18 18 3.
