1048 1631
327 84 29 22 U.
373 84 28 22 B.
417 96 27 3 —
459 84 77 28 Prop.
552 83 45 24 N:o
614 84 19 21 7.
853 84 12 20 5

104 151 250 29 häftningskostnader
371 151 36 22 för
422 151 146 29 landtdagen
585 152 25 21 år
627 152 54 21 1904
697 151 56 22 böra
767 152 99 28 upptöra

104 193 29 14 en
149 185 184 30 anslagssumma
349 186 26 21 af
388 187 95 25 150,000
499 187 71 20 mark.

174 215 78 26 Äfven
267 220 66 22 torde
348 220 157 22 kostnaderna
518 220 38 22 för
566 221 167 28 öfversättning,
741 221 126 21 korrektur-

104 255 89 28 läsning
216 257 57 18 samt
295 255 153 28 renskrifning
471 262 28 15 m.
523 263 36 18 m.,
583 255 95 22 hvarför
693 257 34 19 ett
742 255 84 29 belopp
842 255 26 21 af

104 290 79 23 20,000
198 289 66 21 mark
280 289 111 28 anslagits
407 289 36 21 för
459 289 79 21 denna
553 289 120 28 landtdag,
689 296 37 14 om
737 296 28 14 en
777 289 88 29 ökning

104 323 8 21 i
128 323 91 22 antalet
233 323 103 22 ärenden
352 323 39 22 vid
408 325 55 20 1904
479 324 37 21 års
532 323 115 29 landtdag
662 323 103 22 kommer
775 326 36 19 att
821 331 44 21 ega

104 363 58 21 rum,
178 357 51 22 icke
245 357 56 22 böra
315 357 112 22 beräknas
443 358 65 28 lägre
525 361 30 18 än
571 358 36 21 till
622 359 81 24 25,000
719 358 68 21 mark.

173 392 81 22 Under
280 392 109 21 rubriken
412 393 82 20 diverse
516 393 95 28 utgifter
634 392 93 29 anslogs
752 393 54 21 1897
829 392 37 22 för

103 426 160 22 innevarande
285 426 113 29 landtdag
420 429 35 19 ett
477 427 86 28 belopp
584 427 26 21 af
626 428 78 26 22,000
720 427 70 26 mark,
806 427 59 21 efter

104 460 41 22 det
166 461 180 28 ifrågavarande
369 461 126 22 kostnader
517 461 42 22 vid
577 462 55 21 1894
648 461 35 21 års
699 461 113 29 landtdag
827 461 38 22 be-

106 495 89 22 funnits
210 496 79 28 uppgå
304 495 37 21 till
356 496 72 28 något
443 496 66 21 öfver
526 497 79 25 20,000
615 496 72 27 mark,
697 498 60 19 samt
767 496 98 21 emedan

105 537 29 14 en
150 529 90 22 mindre
251 530 135 29 förhöjning
396 531 30 20 då
436 531 125 28 emotsågs.
584 530 12 21 I
607 530 45 21 den
663 531 130 21 beräknade
803 538 62 14 sum-

105 571 55 14 man
174 564 80 29 ingick
273 564 69 21 äfven
359 564 39 21 det
413 565 84 28 anslag
512 571 38 15 om
567 566 64 26 7,000
646 565 71 27 mark,
732 572 48 14 som
797 565 67 21 stälts

105 598 37 21 till
164 598 173 29 Stenografiska
358 599 149 28 föreningens
524 599 139 28 förfogande
678 599 36 22 för
728 599 137 22 utbildande

106 632 26 21 af
148 633 150 28 stenografer,
315 633 43 21 och
373 633 90 22 hvilket
479 633 102 29 tidigare
596 634 9 21 i
620 633 36 22 sin
671 633 79 22 helhet
765 633 100 22 oraedel-

105 666 53 22 bart
172 667 126 22 utbetalats
314 667 39 22 vid
369 667 28 22 de
413 667 147 30 landtdagar,
575 668 41 21 där
627 668 80 28 dylika
717 668 82 28 anslag
809 667 55 29 god-

105 701 76 21 känts.
208 701 12 22 I
235 701 59 30 följd
309 701 26 22 af
348 702 141 22 Ständernas
505 703 42 21 vid
565 704 53 21 1897
636 703 35 21 års
687 703 113 28 landtdag
814 703 51 20 vid-

105 738 72 26 tagna
200 736 173 29 bestämningar
395 737 36 21 för
452 737 66 21 detta
542 737 93 28 anslags
658 737 136 29 åtnjutande
810 737 54 21 kom

105 770 127 22 detsamma
247 771 129 22 emellertid
389 771 51 22 icke
451 774 36 19 att
496 771 42 22 vid
546 772 73 28 sagda
627 772 112 28 landtdag
747 772 27 21 af
782 772 82 21 Steno-

104 804 102 29 grafiska
224 805 138 28 föreningen
377 805 79 29 lyftas,
472 809 58 18 utan
547 805 42 22 har
604 806 58 21 först
677 806 101 21 därefter
793 806 7 21 i
817 806 48 21 års-

104 841 62 19 rater
192 839 36 21 till
253 839 132 22 densamma
409 840 136 22 utbetalats.
578 840 35 21 Af
635 840 75 22 denna
737 840 128 29 anledning

105 873 71 22 hafva
198 873 91 22 diverse
311 874 98 29 utgifter
431 875 74 21 under
530 877 54 20 1897
608 875 36 22 års
663 875 112 28 landtdag
791 875 74 28 enligt

104 908 44 21 här
167 908 70 21 ofvan
253 909 118 28 aftryckta
390 909 120 29 uppgifter
527 910 83 21 endast
625 910 100 29 uppgått
740 910 36 21 till
792 910 73 27 något

104 942 67 22 öfver
195 944 76 26 13,000
286 943 71 22 mark.
387 943 139 22 Emellertid
542 944 43 21 har
600 944 179 22 Statsutskottet
795 944 69 21 äfven

104 977 41 21 vid
166 977 157 22 innevarande
338 978 114 28 landtdag
466 979 54 20 från
537 979 174 28 Stenografiska
726 979 138 28 föreningen

104 1011 47 22 fått
174 1014 118 26 emottaga
314 1019 28 14 en
358 1013 123 21 skrifvelse
498 1013 53 22 med
566 1013 109 22 anhållan
693 1021 36 14 om
745 1013 119 22 utbekom-

104 1046 84 21 mande
204 1046 26 21 af
243 1049 34 18 ett
291 1047 132 26 understöd,
439 1047 93 22 hvilket
548 1047 59 22 efter
617 1055 86 14 samma
713 1047 151 28 beräknings-

104 1080 102 28 grunder
214 1087 47 15 som
270 1081 75 21 hittils
353 1081 62 22 varit
421 1081 111 28 gällande
540 1081 37 22 för
584 1082 182 21 nästinfallande
774 1082 90 28 fyraårs

104 1114 169 29 budgetperiod
289 1115 122 22 beräknats
428 1116 36 21 till
481 1117 65 26 9,300
562 1116 73 26 mark,
650 1117 55 21 eller
715 1117 73 28 något
799 1116 66 21 öfver

104 1150 64 26 2,300
186 1150 65 21 mark
266 1157 28 22 pr
310 1150 30 22 år.
370 1150 37 22 Då
423 1150 145 30 beviljandet
584 1151 26 21 af
623 1151 63 22 detta
701 1151 82 28 anslag
799 1150 65 22 torde

103 1191 57 14 vara
182 1184 60 22 enda
261 1184 86 22 medlet
367 1188 36 18 att
417 1184 37 22 för
469 1186 58 20 våra
538 1185 52 21 med
605 1185 55 21 flere
675 1186 36 20 års
727 1185 136 21 mellanrum

104 1218 189 22 återkommande
315 1218 174 22 ständermöten
513 1219 89 22 erhålla
618 1220 150 28 stenografer,
783 1219 82 22 hvilka

103 1252 168 30 erforderligen
293 1257 40 18 äro
355 1254 36 21 sin
413 1254 96 28 uppgift
527 1262 85 18 vuxna,
628 1254 42 22 har
685 1254 180 22 Statsutskottet

103 1290 59 19 trott
176 1288 37 28 sig
227 1288 56 22 böra
295 1288 88 28 jämväl
399 1288 77 22 denna
489 1289 65 28 gång
564 1288 85 22 föreslå
659 1288 65 22 bifall
735 1288 36 22 till
782 1288 82 22 Steno-

102 1321 103 29 grafiska
228 1322 150 28 föreningens
399 1322 118 22 anhållan.
548 1323 80 22 Under
651 1324 54 20 åren
722 1324 142 21 1901—1904

102 1356 76 22 skulle
204 1356 152 22 omförmälda
382 1357 84 29 belopp
490 1357 27 22 af
538 1359 64 25 9,300
624 1358 65 21 mark
710 1358 75 21 såsom
801 1357 64 22 förut

102 1397 85 21 genom
210 1390 173 22 ständerhusets
406 1391 99 22 ekonom
531 1392 38 22 till
589 1392 136 28 föreningen
741 1391 122 22 utbetalas.

172 1437 144 18 Statsutskottets
328 1438 111 18 betänkande
451 1438 39 18 N:o
503 1439 27 17 11.
