1048 1631
311 123 73 23 Ständ.
401 122 34 23 Sv.
453 136 26 2 —
496 122 61 28 Prop.
574 122 36 22 N:o
628 123 17 21 1.
829 123 27 19 69

166 187 53 22 Med
239 187 122 27 anledning
381 186 26 22 af
420 186 61 22 hvad
497 186 7 21 i
519 186 66 28 fråga
601 193 37 14 om
654 187 25 19 12
696 185 43 22 och
757 187 25 19 14
797 184 29 29 88
845 187 9 18 1

97 222 52 28 kap.
169 221 86 22 anförts
271 221 24 22 få
310 221 129 22 Ständerna
457 221 166 27 underdånigst
638 219 89 22 anmäla

371 275 32 20 att
426 273 128 22 Ständerna
576 273 35 27 för
626 272 36 22 sin
677 271 34 22 del
729 271 85 28 antagit
829 278 27 15 en

302 307 122 29 sålydande

293 423 11 11 N
373 405 124 28 Förordning
517 403 109 30 angäende
646 404 43 22 rätt
703 403 34 23 för
753 409 64 22 egare
833 403 26 22 af

303 440 124 22 vattenverk
450 440 33 22 att
499 439 4 22 i
519 439 61 22 vissa
602 439 37 22 fall
662 437 23 24 få
708 439 32 22 sin
763 439 44 21 rätt
824 437 30 23 till

303 473 104 24 strömfall
423 474 26 22 af
462 473 90 23 domstol
570 473 94 28 pröfvad.

451 538 48 28 18.

164 579 47 22 Vill
227 587 66 20 egare
309 579 25 21 af
347 579 143 25 vattenverk,
507 585 49 15 som
571 577 149 22 härförinnan
736 578 7 21 i
760 577 94 28 behörig

96 613 98 28 ordning
216 613 135 26 tillkommit,
375 613 98 22 förvissa
497 613 36 28 sig
556 620 37 15 om
616 613 34 20 sin
666 615 44 18 rätt
725 613 35 20 till
775 615 79 18 ström-

95 648 65 21 fallet
176 648 74 21 såvidt
265 648 38 21 det
318 648 26 21 af
357 647 160 22 vattenverket
528 649 120 27 upptages,
660 647 54 21 söke
725 647 129 28 skriftligen

95 682 41 21 hos
160 682 107 22 domaren
290 682 105 28 offentlig
410 682 93 21 kallelse
520 683 13 20 å
548 682 51 25 den,
616 689 48 14 som
679 689 66 14 anser
761 681 35 28 sig
811 689 43 20 ega

96 717 73 21 bättre
193 719 44 19 rätt
260 717 33 21 till
316 717 71 25 fallet,
403 719 34 18 att
452 717 38 21 vid
507 716 98 22 domstol
622 718 12 19 å
649 716 46 21 viss
711 718 142 26 rättegångs-

96 751 50 28 dag,
162 759 49 14 som
234 751 57 22 efter
310 753 49 19 natt
375 751 43 22 och
435 753 24 19 år
474 751 98 26 infaller,
589 751 39 21 sitt
644 751 98 28 anspråk
757 751 95 21 anmäla.

448 809 49 28 28.

164 849 77 21 Sådan
255 849 93 22 kallelse
363 849 58 21 skall
437 851 82 26 genast
534 849 75 21 anslås
620 851 13 19 å
643 851 85 19 rättens
745 849 52 21 dörr
810 849 43 21 och

95 891 82 20 genom
200 883 127 22 sökandens
351 883 80 28 åtgärd
454 883 86 22 införas
564 886 34 19 tre
615 885 86 27 gånger
717 883 6 21 i
739 883 114 22 allmänna

94 917 152 29 tidningarna,
263 918 65 21 deraf
342 925 27 14 en
385 919 62 27 gång
462 918 7 21 i
485 917 73 22 första
573 925 119 14 nummern
707 918 37 22 för
759 920 33 19 ett
808 920 44 19 års-

94 952 94 28 qvartal,
212 953 58 21 dock
293 952 19 29 ej
337 959 78 15 senare
438 955 29 18 än
491 952 39 22 det
552 953 95 28 qvartal,
663 960 48 14 som
726 961 29 13 en
769 953 83 21 månad

94 986 58 21 efter
174 987 119 21 kallelsens
315 987 137 21 utfärdande
475 987 59 21 först
556 989 65 26 tager
642 987 34 21 sin
691 987 91 28 början;
798 995 53 14 vare

94 1021 43 21 ock
160 1021 115 22 sökanden
298 1021 92 28 skyldig
413 1023 33 19 att
467 1021 71 22 minst
553 1021 52 29 fyra
621 1022 106 21 månader
742 1022 50 21 före
807 1022 44 21 den

94 1057 86 20 utsatta
204 1055 73 29 dagen
299 1055 130 29 skriftligen
453 1056 103 28 delgifva
571 1056 108 21 kallelsen
695 1056 92 26 enhvar,
803 1064 49 14 som

94 1089 72 28 enligt
188 1089 44 22 den
255 1090 48 21 före
326 1090 120 21 kallelsens
466 1090 138 21 utfärdande
625 1093 75 19 senast
715 1091 136 28 upprättade

92 1124 166 28 mantalslängd
275 1132 52 21 eger
343 1125 54 20 eller
412 1125 52 21 med
475 1125 98 28 stadgad
585 1125 88 21 åborätt
683 1125 96 22 innehar
790 1125 61 29 sjelf-

92 1159 91 28 ständig
205 1159 128 28 lägenhet
327 1155 16 38 i
354 1160 43 20 den
421 1159 207 29 byasamfällighet,
652 1160 39 21 der
714 1160 137 21 strömfallet

92 1193 80 28 ligger,
195 1194 42 20 och
256 1196 24 18 är
296 1194 60 21 inom
372 1194 139 21 kommunen
527 1194 81 22 bosatt.
639 1194 83 22 Finnes
738 1194 7 21 i
761 1194 90 22 samfäl-

92 1227 102 29 ligheten
209 1228 139 28 kungsgård,
366 1228 93 22 boställe
476 1228 55 21 eller
542 1236 75 14 annan
628 1228 96 22 likartad
735 1228 114 29 lägenhet,

92 1262 58 21 skall
165 1262 116 22 sökanden
294 1262 85 28 jemväl
394 1262 95 22 insända
505 1262 111 22 kallelsen
632 1263 34 21 till
680 1266 115 25 guvernör
806 1263 43 22 och

92 1296 138 29 domkapitel
246 1304 48 14 som
309 1296 116 22 vederbör.

444 1357 13 19 3
473 1355 21 28 8.

159 1393 100 27 Enhvar,
276 1401 47 14 som
339 1402 66 14 anser
420 1394 35 28 sig
470 1402 43 20 ega
528 1397 45 19 rätt
584 1395 34 21 till
629 1395 136 21 strömfallet
775 1396 74 21 såvidt

90 1427 38 21 det
144 1427 26 21 af
182 1428 158 22 vattenverket
363 1431 119 26 upptages,
506 1429 59 21 skall
581 1431 13 19 å
610 1431 70 19 utsatt
695 1430 45 27 dag
756 1430 39 20 sitt
811 1437 38 14 an-
