1048 1631
293 109 28 22 U.
336 108 27 22 B.
379 120 27 4 —
423 108 73 28 Prop.
512 109 40 23 N:o
568 110 22 21 9.
783 110 11 21 i

202 172 108 28 verkning
333 173 131 27 öfvertagna
487 173 98 28 beloppet
604 173 40 21 och
661 173 111 21 inbetalas
789 173 36 21 till

203 207 70 20 länets
295 207 93 27 ränteri,
411 207 54 20 dock
485 207 77 27 hvarje
575 207 60 28 gång
650 207 20 28 ej
684 207 37 28 för
736 207 88 21 mindre

202 243 30 18 än
255 243 85 19 ettusen
367 241 124 21 trehundra
514 241 55 27 liter,
592 241 97 28 såframt
710 242 59 21 skatt
787 241 38 28 för

202 275 71 21 sådan
295 275 128 28 myckenhet
445 275 30 28 af
490 276 174 27 tillverkningen
678 278 28 19 är
721 276 101 27 ogulden.

133 418 37 22 Uti
186 419 26 21 de
227 419 120 26 yttranden,
364 425 44 14 som
426 419 34 20 vid
477 419 103 21 remissen
596 419 22 21 af
632 419 140 21 förevarande
787 418 37 21 nå-

64 453 49 26 diga
128 453 132 26 proposition
275 453 7 20 i
297 453 161 21 Bondeståndet
473 453 103 26 afgifvits,
586 453 79 21 uttalas
672 453 79 27 jemväl
761 452 64 22 önsk-

65 487 116 21 värdheten
196 487 66 26 deraf,
279 489 37 24 att,
333 489 50 18 enär
399 487 112 21 städernas
526 487 131 27 befolkning,
672 487 55 21 efter
742 487 37 21 det
794 493 28 14 nu

65 521 99 27 gällande
178 521 199 27 fördelningsgrund
395 521 22 22 af
425 521 40 22 den
474 521 249 22 kommunerna
629 517 14 35 i
651 521 69 22 landet
731 521 94 22 tillkom-

66 556 75 21 mande
156 556 90 21 andelen
263 555 22 22 af
298 555 188 22 bränvinsskatten
497 557 101 26 antagits,
608 556 104 27 betydligt
721 556 61 21 ökats
790 556 34 21 till

66 589 51 28 följd
133 589 22 22 af
168 589 121 28 inflyttning
311 590 54 21 ifrån
381 591 130 26 landsorten,
528 591 76 21 medan
620 591 95 21 deremot
730 591 95 21 hemma-

66 630 50 15 nens
139 625 80 20 mantal
241 624 114 28 undergått
377 625 76 21 endast
476 625 124 27 obetydliga
622 625 154 27 förändringar,
793 625 31 21 uti

66 659 227 26 fördelningsgrunden
309 659 69 22 såsom
395 660 47 21 icke
457 666 60 15 mera
526 660 48 21 med
584 659 122 27 billigheten
717 660 108 21 öfverens-

66 693 132 22 stämmande
221 693 66 21 måtte
309 693 98 28 vidtagas
431 694 66 21 sådan
521 694 127 27 förändring
667 695 30 20 att
721 694 104 21 mantalet

67 727 26 28 på
108 727 74 22 landet
197 728 85 21 komme
297 729 32 20 att
345 730 106 19 motsvara
468 729 41 21 150
526 729 52 20 eller
592 729 43 21 200
643 729 182 26 personer
747 723 13 37 i
768 729 57 26 stad.

134 762 10 21 I
159 762 117 27 anledning
299 763 62 21 häraf
382 769 63 14 anser
460 763 33 26 sig
508 763 114 21 Utskottet
636 763 52 21 böra
703 763 119 27 framhålla,

68 799 28 19 att
111 797 130 26 rättigheten
256 798 32 19 att
303 797 100 21 tillverka
420 797 95 25 bränvin,
533 797 66 26 enligt
614 797 89 21 emellan
715 797 108 27 Regering

68 831 36 22 och
128 831 92 22 Ständer
241 831 35 21 vid
299 831 114 27 riksdagen
437 832 7 20 i
466 831 139 28 Norrköping
627 832 23 21 år
675 832 54 21 1800
748 831 76 21 träffad

68 865 218 27 öfverenskommelse,
307 872 44 15 som
371 866 116 21 föreskrefs
503 866 34 21 till
553 866 126 21 efterlefnad
695 866 31 21 uti
741 866 82 21 förord-

68 900 77 27 ningen
160 899 24 22 af
193 900 37 21 den
249 901 25 20 15
290 900 50 21 Juni
349 906 80 15 samma
437 900 30 27 år,
476 901 140 20 tillerkändes
623 901 125 20 hemmanen
754 895 12 36 å
760 900 65 21 lan-

69 935 33 21 let
124 935 39 21 och
187 941 25 15 en
236 935 35 21 del
294 935 71 21 städer
381 935 67 26 enligt
463 941 83 15 samma
560 935 77 26 grund,
654 941 45 15 som
713 941 29 15 nu
758 935 67 26 gäller

69 969 29 22 för
120 969 149 26 fördelningen
293 969 22 21 af
330 969 40 21 den
386 969 156 22 kommunerna
557 969 126 22 tillfallande
698 970 91 21 andelen
804 969 23 21 af

69 1003 238 26 sillverkningsskatten.

134 1037 34 22 Då
191 1038 120 21 Ständerna
333 1039 35 20 vid
393 1039 114 21 1863—64
530 1039 34 20 års
581 1039 100 26 landtdag
696 1038 83 21 beslöto
795 1037 30 22 af-

70 1072 114 21 skaffandet
207 1072 23 21 af
244 1073 255 26 husbehofsbränningen,
517 1073 60 21 lades
592 1073 103 21 mantalet
709 1073 33 20 till
757 1072 69 27 grund

70 1107 30 20 för
122 1107 147 26 fördelningen
292 1107 22 21 af
328 1107 163 27 ifrägavarande
507 1107 77 27 medel,
600 1107 73 22 dervid
689 1107 72 27 hvarje
778 1107 49 21 fullt

70 1141 109 22 aundratal
196 1141 23 21 af
233 1142 41 21 den
287 1141 176 23 mantalsskrifna
472 1141 152 28 befolkningen
633 1142 7 21 i
649 1142 99 21 städerna
757 1142 69 21 skulle

71 1182 57 15 anses
142 1178 108 19 motsvara
265 1178 32 19 ett
313 1177 85 21 mantal.
429 1177 41 21 Vid
488 1177 56 21 1867
561 1177 34 21 års
610 1177 102 26 landtdag
726 1177 100 26 vidtogos

71 1210 101 21 särskilda
194 1210 150 27 förändringar
359 1211 8 20 i
382 1210 155 28 dispositionen
562 1210 22 22 af
602 1211 90 27 skatten,
709 1211 117 27 hvarjemte

72 1245 76 21 »eslöts
172 1246 32 20 att
225 1244 152 28 folkmängden
393 1246 70 21 skulle
479 1246 76 26 läggas
570 1245 34 21 till
618 1246 68 26 grund
702 1245 33 21 för
750 1245 77 21 beräk-

72 1279 72 26 ningen
167 1279 23 21 af
208 1279 40 21 den
265 1283 81 23 anpart,
363 1280 74 26 hvarje
452 1280 102 20 kommun
571 1280 67 21 borde
654 1280 79 21 erhålla
749 1280 23 21 af
786 1280 39 20 den

75 1313 63 21 ands-
154 1313 39 21 och
214 1313 214 22 stadskommunerna
447 1314 164 21 tillkommande
627 1314 89 21 andelen
733 1314 22 21 af
769 1314 58 21 skat-

72 1354 38 14 jen.
141 1347 84 22 Samma
248 1348 201 27 fördelningsgrund
466 1354 37 15 var
519 1348 67 22 ocksä
601 1348 121 22 bibehällen
738 1349 31 21 uti
787 1349 40 21 den

72 1382 72 26 rådiga
174 1383 131 26 proposition
329 1389 33 15 om
386 1382 199 22 bränvinsskattens
617 1383 137 21 användande
788 1383 39 21 och

73 1416 120 27 'ördelning,
216 1423 46 15 som
285 1417 106 22 förelades
413 1418 54 20 1872
483 1417 36 21 års
536 1417 98 21 Ständer.
664 1417 163 27 Propositionen

135 1467 184 19 Ekonomiutskottets
331 1469 110 17 betänkande
455 1468 36 18 N:o
504 1469 19 17 2.
