<?xml version="1.0" encoding="UTF-8"?>
<alto xmlns="http://www.loc.gov/standards/alto/ns-v3#" xmlns:xlink="http://www.w3.org/1999/xlink" xmlns:xsi="http://www.w3.org/2001/XMLSchema-instance" xsi:schemaLocation="http://www.loc.gov/standards/alto/ns-v3# http://www.loc.gov/alto/v3/alto-3-0.xsd">
	<Description>
		<MeasurementUnit>pixel</MeasurementUnit>
		<sourceImageInformation>
			<fileName>/tmp/tess_btfji9ak_input.PNG</fileName>
		</sourceImageInformation>
		<OCRProcessing ID="OCR_0">
			<ocrProcessingStep>
				<processingSoftware>
					<softwareName>tesseract 5.3.4</softwareName>
				</processingSoftware>
			</ocrProcessingStep>
		</OCRProcessing>
	</Description>
	<Layout>
		<Page WIDTH="1048" HEIGHT="1631" PHYSICAL_IMG_NR="0" ID="page_0">
			<PrintSpace HPOS="0" VPOS="0" WIDTH="1048" HEIGHT="1631">
				<ComposedBlock ID="cblock_0" HPOS="328" VPOS="102" WIDTH="321" HEIGHT="30">
					<TextBlock ID="block_0" HPOS="328" VPOS="102" WIDTH="321" HEIGHT="30">
						<TextLine ID="line_0" HPOS="328" VPOS="102" WIDTH="321" HEIGHT="30">
							<String ID="string_0" HPOS="328" VPOS="103" WIDTH="28" HEIGHT="23" WC="0.91" CONTENT="U."/><SP WIDTH="18" VPOS="103" HPOS="356"/>
							<String ID="string_1" HPOS="374" VPOS="103" WIDTH="27" HEIGHT="23" WC="0.90" CONTENT="B."/><SP WIDTH="17" VPOS="103" HPOS="401"/>
							<String ID="string_2" HPOS="418" VPOS="116" WIDTH="27" HEIGHT="3" WC="0.90" CONTENT="—"/><SP WIDTH="16" VPOS="116" HPOS="445"/>
							<String ID="string_3" HPOS="461" VPOS="103" WIDTH="75" HEIGHT="29" WC="0.96" CONTENT="Prop."/><SP WIDTH="16" VPOS="103" HPOS="536"/>
							<String ID="string_4" HPOS="552" VPOS="102" WIDTH="42" HEIGHT="24" WC="0.92" CONTENT="N:o"/><SP WIDTH="16" VPOS="102" HPOS="594"/>
							<String ID="string_5" HPOS="610" VPOS="104" WIDTH="39" HEIGHT="24" WC="0.95" CONTENT="10."/>
						</TextLine>
					</TextBlock>
				</ComposedBlock>
				<ComposedBlock ID="cblock_1" HPOS="326" VPOS="473" WIDTH="540" HEIGHT="245">
					<TextBlock ID="block_1" HPOS="326" VPOS="473" WIDTH="540" HEIGHT="245">
						<TextLine ID="line_1" HPOS="399" VPOS="473" WIDTH="465" HEIGHT="30">
							<String ID="string_6" HPOS="399" VPOS="473" WIDTH="288" HEIGHT="30" WC="0.82" CONTENT="Bevillningsutskottets"/><SP WIDTH="21" VPOS="473" HPOS="687"/>
							<String ID="string_7" HPOS="708" VPOS="474" WIDTH="93" HEIGHT="28" WC="0.96" CONTENT="förslag"/><SP WIDTH="22" VPOS="474" HPOS="801"/>
							<String ID="string_8" HPOS="823" VPOS="474" WIDTH="41" HEIGHT="23" WC="0.95" CONTENT="till"/>
						</TextLine>
						<TextLine ID="line_2" HPOS="326" VPOS="510" WIDTH="538" HEIGHT="30">
							<String ID="string_9" HPOS="326" VPOS="511" WIDTH="238" HEIGHT="29" WC="0.91" CONTENT="sammanjemkning"/><SP WIDTH="24" VPOS="511" HPOS="564"/>
							<String ID="string_10" HPOS="588" VPOS="510" WIDTH="28" HEIGHT="24" WC="0.92" CONTENT="af"/><SP WIDTH="17" VPOS="510" HPOS="616"/>
							<String ID="string_11" HPOS="633" VPOS="510" WIDTH="114" HEIGHT="23" WC="0.92" CONTENT="ståndens"/><SP WIDTH="16" VPOS="510" HPOS="747"/>
							<String ID="string_12" HPOS="763" VPOS="510" WIDTH="101" HEIGHT="29" WC="0.90" CONTENT="skiljak-"/>
						</TextLine>
						<TextLine ID="line_3" HPOS="326" VPOS="545" WIDTH="537" HEIGHT="30">
							<String ID="string_13" HPOS="326" VPOS="546" WIDTH="52" HEIGHT="28" WC="0.96" CONTENT="tiga"/><SP WIDTH="20" VPOS="546" HPOS="378"/>
							<String ID="string_14" HPOS="398" VPOS="547" WIDTH="82" HEIGHT="22" WC="0.96" CONTENT="beslut"/><SP WIDTH="23" VPOS="547" HPOS="480"/>
							<String ID="string_15" HPOS="503" VPOS="547" WIDTH="42" HEIGHT="22" WC="0.95" CONTENT="vid"/><SP WIDTH="15" VPOS="547" HPOS="545"/>
							<String ID="string_16" HPOS="560" VPOS="546" WIDTH="150" HEIGHT="29" WC="0.95" CONTENT="behandling"/><SP WIDTH="15" VPOS="546" HPOS="710"/>
							<String ID="string_17" HPOS="725" VPOS="546" WIDTH="28" HEIGHT="23" WC="0.93" CONTENT="af"/><SP WIDTH="12" VPOS="546" HPOS="753"/>
							<String ID="string_18" HPOS="765" VPOS="545" WIDTH="98" HEIGHT="24" WC="0.92" CONTENT="Utskot-"/>
						</TextLine>
						<TextLine ID="line_4" HPOS="327" VPOS="581" WIDTH="539" HEIGHT="29">
							<String ID="string_19" HPOS="327" VPOS="583" WIDTH="48" HEIGHT="22" WC="0.90" CONTENT="tets"/><SP WIDTH="23" VPOS="583" HPOS="375"/>
							<String ID="string_20" HPOS="398" VPOS="582" WIDTH="156" HEIGHT="23" WC="0.96" CONTENT="betänkande"/><SP WIDTH="20" VPOS="582" HPOS="554"/>
							<String ID="string_21" HPOS="574" VPOS="582" WIDTH="46" HEIGHT="23" WC="0.96" CONTENT="N:o"/><SP WIDTH="16" VPOS="582" HPOS="620"/>
							<String ID="string_22" HPOS="636" VPOS="582" WIDTH="15" HEIGHT="23" WC="0.95" CONTENT="2"/><SP WIDTH="16" VPOS="582" HPOS="651"/>
							<String ID="string_23" HPOS="667" VPOS="583" WIDTH="9" HEIGHT="22" WC="0.93" CONTENT="i"/><SP WIDTH="15" VPOS="583" HPOS="676"/>
							<String ID="string_24" HPOS="691" VPOS="581" WIDTH="132" HEIGHT="29" WC="0.96" CONTENT="anledning"/><SP WIDTH="15" VPOS="581" HPOS="823"/>
							<String ID="string_25" HPOS="838" VPOS="581" WIDTH="28" HEIGHT="24" WC="0.96" CONTENT="af"/>
						</TextLine>
						<TextLine ID="line_5" HPOS="327" VPOS="617" WIDTH="536" HEIGHT="30">
							<String ID="string_26" HPOS="327" VPOS="617" WIDTH="90" HEIGHT="28" WC="0.96" CONTENT="nådiga"/><SP WIDTH="15" VPOS="617" HPOS="417"/>
							<String ID="string_27" HPOS="432" VPOS="618" WIDTH="186" HEIGHT="29" WC="0.95" CONTENT="propositionen"/><SP WIDTH="16" VPOS="618" HPOS="618"/>
							<String ID="string_28" HPOS="634" VPOS="618" WIDTH="45" HEIGHT="24" WC="0.96" CONTENT="N:o"/><SP WIDTH="11" VPOS="618" HPOS="679"/>
							<String ID="string_29" HPOS="690" VPOS="618" WIDTH="38" HEIGHT="27" WC="0.96" CONTENT="10,"/><SP WIDTH="11" VPOS="618" HPOS="728"/>
							<String ID="string_30" HPOS="739" VPOS="617" WIDTH="124" HEIGHT="29" WC="0.96" CONTENT="angående"/>
						</TextLine>
						<TextLine ID="line_6" HPOS="327" VPOS="653" WIDTH="536" HEIGHT="29">
							<String ID="string_31" HPOS="327" VPOS="654" WIDTH="139" HEIGHT="28" WC="0.92" CONTENT="bevillning"/><SP WIDTH="25" VPOS="654" HPOS="466"/>
							<String ID="string_32" HPOS="491" VPOS="654" WIDTH="41" HEIGHT="23" WC="0.95" CONTENT="för"/><SP WIDTH="24" VPOS="654" HPOS="532"/>
							<String ID="string_33" HPOS="556" VPOS="653" WIDTH="162" HEIGHT="29" WC="0.95" CONTENT="tillverkning"/><SP WIDTH="25" VPOS="653" HPOS="718"/>
							<String ID="string_34" HPOS="743" VPOS="653" WIDTH="26" HEIGHT="23" WC="0.93" CONTENT="af"/><SP WIDTH="24" VPOS="653" HPOS="769"/>
							<String ID="string_35" HPOS="793" VPOS="653" WIDTH="70" HEIGHT="23" WC="0.93" CONTENT="malt-"/>
						</TextLine>
						<TextLine ID="line_7" HPOS="327" VPOS="690" WIDTH="112" HEIGHT="28">
							<String ID="string_36" HPOS="327" VPOS="690" WIDTH="112" HEIGHT="28" WC="0.96" CONTENT="drycker."/>
						</TextLine>
					</TextBlock>
				</ComposedBlock>
				<ComposedBlock ID="cblock_2" HPOS="111" VPOS="761" WIDTH="752" HEIGHT="637">
					<TextBlock ID="block_2" HPOS="112" VPOS="761" WIDTH="751" HEIGHT="100">
						<TextLine ID="line_8" HPOS="185" VPOS="761" WIDTH="678" HEIGHT="28">
							<String ID="string_37" HPOS="185" VPOS="762" WIDTH="76" HEIGHT="27" WC="0.96" CONTENT="Enligt"/><SP WIDTH="22" VPOS="762" HPOS="261"/>
							<String ID="string_38" HPOS="283" VPOS="762" WIDTH="116" HEIGHT="21" WC="0.93" CONTENT="Utskottet"/><SP WIDTH="24" VPOS="762" HPOS="399"/>
							<String ID="string_39" HPOS="423" VPOS="762" WIDTH="203" HEIGHT="21" WC="0.91" CONTENT="tillhandakomna"/><SP WIDTH="27" VPOS="762" HPOS="626"/>
							<String ID="string_40" HPOS="653" VPOS="761" WIDTH="210" HEIGHT="28" WC="0.89" CONTENT="protokollsutdrag"/>
						</TextLine>
						<TextLine ID="line_9" HPOS="112" VPOS="797" WIDTH="751" HEIGHT="28">
							<String ID="string_41" HPOS="112" VPOS="797" WIDTH="69" HEIGHT="22" WC="0.95" CONTENT="hafva"/><SP WIDTH="17" VPOS="797" HPOS="181"/>
							<String ID="string_42" HPOS="198" VPOS="798" WIDTH="97" HEIGHT="21" WC="0.96" CONTENT="stånden"/><SP WIDTH="17" VPOS="798" HPOS="295"/>
							<String ID="string_43" HPOS="312" VPOS="798" WIDTH="7" HEIGHT="21" WC="0.96" CONTENT="i"/><SP WIDTH="16" VPOS="798" HPOS="319"/>
							<String ID="string_44" HPOS="335" VPOS="798" WIDTH="108" HEIGHT="21" WC="0.93" CONTENT="afseende"/><SP WIDTH="16" VPOS="798" HPOS="443"/>
							<String ID="string_45" HPOS="459" VPOS="798" WIDTH="14" HEIGHT="21" WC="0.93" CONTENT="å"/><SP WIDTH="16" VPOS="798" HPOS="473"/>
							<String ID="string_46" HPOS="489" VPOS="798" WIDTH="151" HEIGHT="21" WC="0.90" CONTENT="förevarande"/><SP WIDTH="16" VPOS="798" HPOS="640"/>
							<String ID="string_47" HPOS="656" VPOS="797" WIDTH="126" HEIGHT="28" WC="0.90" CONTENT="bevillning"/><SP WIDTH="15" VPOS="797" HPOS="782"/>
							<String ID="string_48" HPOS="797" VPOS="797" WIDTH="66" HEIGHT="21" WC="0.96" CONTENT="fattat"/>
						</TextLine>
						<TextLine ID="line_10" HPOS="112" VPOS="833" WIDTH="202" HEIGHT="28">
							<String ID="string_49" HPOS="112" VPOS="833" WIDTH="101" HEIGHT="28" WC="0.96" CONTENT="följande"/><SP WIDTH="16" VPOS="833" HPOS="213"/>
							<String ID="string_50" HPOS="229" VPOS="834" WIDTH="85" HEIGHT="21" WC="0.96" CONTENT="beslut:"/>
						</TextLine>
					</TextBlock>
					<TextBlock ID="block_3" HPOS="112" VPOS="869" WIDTH="751" HEIGHT="63">
						<TextLine ID="line_11" HPOS="184" VPOS="869" WIDTH="679" HEIGHT="28">
							<String ID="string_51" HPOS="184" VPOS="869" WIDTH="167" HEIGHT="28" WC="0.92" CONTENT="Ridderskapet"/><SP WIDTH="16" VPOS="869" HPOS="351"/>
							<String ID="string_52" HPOS="367" VPOS="870" WIDTH="45" HEIGHT="21" WC="0.92" CONTENT="och"/><SP WIDTH="15" VPOS="870" HPOS="412"/>
							<String ID="string_53" HPOS="427" VPOS="869" WIDTH="74" HEIGHT="22" WC="0.92" CONTENT="Adeln"/><SP WIDTH="16" VPOS="869" HPOS="501"/>
							<String ID="string_54" HPOS="517" VPOS="871" WIDTH="61" HEIGHT="20" WC="0.93" CONTENT="samt"/><SP WIDTH="14" VPOS="871" HPOS="578"/>
							<String ID="string_55" HPOS="592" VPOS="869" WIDTH="191" HEIGHT="28" WC="0.92" CONTENT="Borgareståndet"/><SP WIDTH="10" VPOS="869" HPOS="783"/>
							<String ID="string_56" HPOS="793" VPOS="869" WIDTH="70" HEIGHT="21" WC="0.96" CONTENT="hafva"/>
						</TextLine>
						<TextLine ID="line_12" HPOS="112" VPOS="905" WIDTH="418" HEIGHT="27">
							<String ID="string_57" HPOS="112" VPOS="905" WIDTH="102" HEIGHT="27" WC="0.96" CONTENT="godkänt"/><SP WIDTH="17" VPOS="905" HPOS="214"/>
							<String ID="string_58" HPOS="231" VPOS="905" WIDTH="128" HEIGHT="22" WC="0.96" CONTENT="Utskottets"/><SP WIDTH="16" VPOS="905" HPOS="359"/>
							<String ID="string_59" HPOS="375" VPOS="905" WIDTH="155" HEIGHT="22" WC="0.96" CONTENT="betänkande."/>
						</TextLine>
					</TextBlock>
					<TextBlock ID="block_4" HPOS="112" VPOS="940" WIDTH="751" HEIGHT="244">
						<TextLine ID="line_13" HPOS="184" VPOS="940" WIDTH="678" HEIGHT="28">
							<String ID="string_60" HPOS="184" VPOS="941" WIDTH="87" HEIGHT="21" WC="0.91" CONTENT="Preste-"/><SP WIDTH="16" VPOS="941" HPOS="271"/>
							<String ID="string_61" HPOS="287" VPOS="941" WIDTH="45" HEIGHT="21" WC="0.93" CONTENT="och"/><SP WIDTH="17" VPOS="941" HPOS="332"/>
							<String ID="string_62" HPOS="349" VPOS="941" WIDTH="180" HEIGHT="21" WC="0.91" CONTENT="Bondestånden"/><SP WIDTH="17" VPOS="941" HPOS="529"/>
							<String ID="string_63" HPOS="546" VPOS="941" WIDTH="70" HEIGHT="21" WC="0.96" CONTENT="hafva"/><SP WIDTH="15" VPOS="941" HPOS="616"/>
							<String ID="string_64" HPOS="631" VPOS="941" WIDTH="102" HEIGHT="27" WC="0.96" CONTENT="godkänt"/><SP WIDTH="16" VPOS="941" HPOS="733"/>
							<String ID="string_65" HPOS="749" VPOS="941" WIDTH="38" HEIGHT="20" WC="0.96" CONTENT="det"/><SP WIDTH="16" VPOS="941" HPOS="787"/>
							<String ID="string_66" HPOS="803" VPOS="940" WIDTH="7" HEIGHT="21" WC="0.92" CONTENT="i"/><SP WIDTH="14" VPOS="940" HPOS="810"/>
							<String ID="string_67" HPOS="824" VPOS="940" WIDTH="38" HEIGHT="21" WC="0.92" CONTENT="be-"/>
						</TextLine>
						<TextLine ID="line_14" HPOS="112" VPOS="976" WIDTH="751" HEIGHT="28">
							<String ID="string_68" HPOS="112" VPOS="977" WIDTH="127" HEIGHT="21" WC="0.96" CONTENT="tänkandet"/><SP WIDTH="22" VPOS="977" HPOS="239"/>
							<String ID="string_69" HPOS="261" VPOS="977" WIDTH="113" HEIGHT="27" WC="0.58" CONTENT="ingående"/><SP WIDTH="23" VPOS="977" HPOS="374"/>
							<String ID="string_70" HPOS="397" VPOS="977" WIDTH="256" HEIGHT="27" WC="0.92" CONTENT="författningsförslaget"/><SP WIDTH="22" VPOS="977" HPOS="653"/>
							<String ID="string_71" HPOS="675" VPOS="977" WIDTH="53" HEIGHT="21" WC="0.96" CONTENT="med"/><SP WIDTH="17" VPOS="977" HPOS="728"/>
							<String ID="string_72" HPOS="745" VPOS="976" WIDTH="118" HEIGHT="27" WC="0.96" CONTENT="undantag"/>
						</TextLine>
						<TextLine ID="line_15" HPOS="112" VPOS="1011" WIDTH="751" HEIGHT="29">
							<String ID="string_73" HPOS="112" VPOS="1012" WIDTH="25" HEIGHT="21" WC="0.96" CONTENT="af"/><SP WIDTH="20" VPOS="1012" HPOS="137"/>
							<String ID="string_74" HPOS="157" VPOS="1013" WIDTH="9" HEIGHT="20" WC="0.94" CONTENT="1"/><SP WIDTH="23" VPOS="1013" HPOS="166"/>
							<String ID="string_75" HPOS="189" VPOS="1012" WIDTH="21" HEIGHT="28" WC="0.84" CONTENT="&amp;,"/><SP WIDTH="21" VPOS="1012" HPOS="210"/>
							<String ID="string_76" HPOS="231" VPOS="1013" WIDTH="94" HEIGHT="21" WC="0.96" CONTENT="hvilken"/><SP WIDTH="24" VPOS="1013" HPOS="325"/>
							<String ID="string_77" HPOS="349" VPOS="1013" WIDTH="98" HEIGHT="27" WC="0.96" CONTENT="antagits"/><SP WIDTH="25" VPOS="1013" HPOS="447"/>
							<String ID="string_78" HPOS="472" VPOS="1013" WIDTH="74" HEIGHT="21" WC="0.95" CONTENT="sådan"/><SP WIDTH="16" VPOS="1013" HPOS="546"/>
							<String ID="string_79" HPOS="562" VPOS="1013" WIDTH="136" HEIGHT="20" WC="0.96" CONTENT="densamma"/><SP WIDTH="16" VPOS="1013" HPOS="698"/>
							<String ID="string_80" HPOS="714" VPOS="1012" WIDTH="64" HEIGHT="28" WC="0.96" CONTENT="lyder"/><SP WIDTH="15" VPOS="1012" HPOS="778"/>
							<String ID="string_81" HPOS="793" VPOS="1011" WIDTH="8" HEIGHT="21" WC="0.96" CONTENT="i"/><SP WIDTH="16" VPOS="1011" HPOS="801"/>
							<String ID="string_82" HPOS="817" VPOS="1011" WIDTH="46" HEIGHT="22" WC="0.96" CONTENT="den"/>
						</TextLine>
						<TextLine ID="line_16" HPOS="112" VPOS="1047" WIDTH="751" HEIGHT="28">
							<String ID="string_83" HPOS="112" VPOS="1048" WIDTH="33" HEIGHT="21" WC="0.84" CONTENT="till"/><SP WIDTH="25" VPOS="1048" HPOS="145"/>
							<String ID="string_84" HPOS="170" VPOS="1048" WIDTH="157" HEIGHT="21" WC="0.95" CONTENT="betänkandet"/><SP WIDTH="23" VPOS="1048" HPOS="327"/>
							<String ID="string_85" HPOS="350" VPOS="1049" WIDTH="81" HEIGHT="26" WC="0.96" CONTENT="fogade"/><SP WIDTH="24" VPOS="1049" HPOS="431"/>
							<String ID="string_86" HPOS="455" VPOS="1049" WIDTH="181" HEIGHT="25" WC="0.96" CONTENT="reservationen;"/><SP WIDTH="24" VPOS="1049" HPOS="636"/>
							<String ID="string_87" HPOS="660" VPOS="1049" WIDTH="44" HEIGHT="21" WC="0.96" CONTENT="och"/><SP WIDTH="20" VPOS="1049" HPOS="704"/>
							<String ID="string_88" HPOS="724" VPOS="1048" WIDTH="43" HEIGHT="21" WC="0.95" CONTENT="har"/><SP WIDTH="15" VPOS="1048" HPOS="767"/>
							<String ID="string_89" HPOS="782" VPOS="1047" WIDTH="8" HEIGHT="21" WC="0.95" CONTENT="i"/><SP WIDTH="16" VPOS="1047" HPOS="790"/>
							<String ID="string_90" HPOS="806" VPOS="1047" WIDTH="57" HEIGHT="28" WC="0.96" CONTENT="följd"/>
						</TextLine>
						<TextLine ID="line_17" HPOS="112" VPOS="1083" WIDTH="751" HEIGHT="29">
							<String ID="string_91" HPOS="112" VPOS="1084" WIDTH="69" HEIGHT="21" WC="0.96" CONTENT="häraf"/><SP WIDTH="19" VPOS="1084" HPOS="181"/>
							<String ID="string_92" HPOS="200" VPOS="1085" WIDTH="23" HEIGHT="20" WC="0.96" CONTENT="åt"/><SP WIDTH="17" VPOS="1085" HPOS="223"/>
							<String ID="string_93" HPOS="240" VPOS="1085" WIDTH="115" HEIGHT="20" WC="0.93" CONTENT="Utskottet"/><SP WIDTH="10" VPOS="1085" HPOS="355"/>
							<String ID="string_94" HPOS="365" VPOS="1084" WIDTH="164" HEIGHT="21" WC="0.92" CONTENT="öfverlemnats"/><SP WIDTH="17" VPOS="1084" HPOS="529"/>
							<String ID="string_95" HPOS="546" VPOS="1087" WIDTH="32" HEIGHT="18" WC="0.93" CONTENT="att"/><SP WIDTH="16" VPOS="1087" HPOS="578"/>
							<String ID="string_96" HPOS="594" VPOS="1085" WIDTH="103" HEIGHT="27" WC="0.92" CONTENT="uppgöra"/><SP WIDTH="16" VPOS="1085" HPOS="697"/>
							<String ID="string_97" HPOS="713" VPOS="1086" WIDTH="50" HEIGHT="25" WC="0.96" CONTENT="nytt"/><SP WIDTH="15" VPOS="1086" HPOS="763"/>
							<String ID="string_98" HPOS="778" VPOS="1083" WIDTH="85" HEIGHT="27" WC="0.95" CONTENT="förslag"/>
						</TextLine>
						<TextLine ID="line_18" HPOS="112" VPOS="1119" WIDTH="751" HEIGHT="29">
							<String ID="string_99" HPOS="112" VPOS="1120" WIDTH="34" HEIGHT="20" WC="0.96" CONTENT="till"/><SP WIDTH="17" VPOS="1120" HPOS="146"/>
							<String ID="string_100" HPOS="163" VPOS="1120" WIDTH="128" HEIGHT="28" WC="0.96" CONTENT="beräkning"/><SP WIDTH="16" VPOS="1120" HPOS="291"/>
							<String ID="string_101" HPOS="307" VPOS="1120" WIDTH="26" HEIGHT="21" WC="0.96" CONTENT="af"/><SP WIDTH="13" VPOS="1120" HPOS="333"/>
							<String ID="string_102" HPOS="346" VPOS="1120" WIDTH="133" HEIGHT="21" WC="0.96" CONTENT="inkomsten"/><SP WIDTH="13" VPOS="1120" HPOS="479"/>
							<String ID="string_103" HPOS="492" VPOS="1121" WIDTH="52" HEIGHT="20" WC="0.96" CONTENT="utaf"/><SP WIDTH="9" VPOS="1121" HPOS="544"/>
							<String ID="string_104" HPOS="553" VPOS="1120" WIDTH="173" HEIGHT="28" WC="0.93" CONTENT="ifrågavarande"/><SP WIDTH="11" VPOS="1120" HPOS="726"/>
							<String ID="string_105" HPOS="737" VPOS="1119" WIDTH="126" HEIGHT="27" WC="0.91" CONTENT="bevillning"/>
						</TextLine>
						<TextLine ID="line_19" HPOS="112" VPOS="1156" WIDTH="483" HEIGHT="28">
							<String ID="string_106" HPOS="112" VPOS="1156" WIDTH="74" HEIGHT="21" WC="0.93" CONTENT="under"/><SP WIDTH="16" VPOS="1156" HPOS="186"/>
							<String ID="string_107" HPOS="202" VPOS="1156" WIDTH="211" HEIGHT="21" WC="0.92" CONTENT="nästinstundande"/><SP WIDTH="16" VPOS="1156" HPOS="413"/>
							<String ID="string_108" HPOS="429" VPOS="1156" WIDTH="166" HEIGHT="28" WC="0.90" CONTENT="finansperiod."/>
						</TextLine>
					</TextBlock>
					<TextBlock ID="block_5" HPOS="111" VPOS="1191" WIDTH="752" HEIGHT="207">
						<TextLine ID="line_20" HPOS="184" VPOS="1191" WIDTH="676" HEIGHT="22">
							<String ID="string_109" HPOS="184" VPOS="1192" WIDTH="34" HEIGHT="20" WC="0.95" CONTENT="Då"/><SP WIDTH="21" VPOS="1192" HPOS="218"/>
							<String ID="string_110" HPOS="239" VPOS="1192" WIDTH="98" HEIGHT="21" WC="0.96" CONTENT="sålunda"/><SP WIDTH="22" VPOS="1192" HPOS="337"/>
							<String ID="string_111" HPOS="359" VPOS="1194" WIDTH="84" HEIGHT="19" WC="0.96" CONTENT="tvenne"/><SP WIDTH="23" VPOS="1194" HPOS="443"/>
							<String ID="string_112" HPOS="466" VPOS="1192" WIDTH="68" HEIGHT="21" WC="0.96" CONTENT="stånd"/><SP WIDTH="17" VPOS="1192" HPOS="534"/>
							<String ID="string_113" HPOS="551" VPOS="1192" WIDTH="106" HEIGHT="21" WC="0.96" CONTENT="omfattat"/><SP WIDTH="16" VPOS="1192" HPOS="657"/>
							<String ID="string_114" HPOS="673" VPOS="1192" WIDTH="126" HEIGHT="21" WC="0.92" CONTENT="Utskottets"/><SP WIDTH="16" VPOS="1192" HPOS="799"/>
							<String ID="string_115" HPOS="815" VPOS="1191" WIDTH="45" HEIGHT="21" WC="0.92" CONTENT="för-"/>
						</TextLine>
						<TextLine ID="line_21" HPOS="112" VPOS="1228" WIDTH="751" HEIGHT="27">
							<String ID="string_116" HPOS="112" VPOS="1228" WIDTH="48" HEIGHT="26" WC="0.96" CONTENT="slag"/><SP WIDTH="24" VPOS="1228" HPOS="160"/>
							<String ID="string_117" HPOS="184" VPOS="1228" WIDTH="7" HEIGHT="20" WC="0.96" CONTENT="i"/><SP WIDTH="26" VPOS="1228" HPOS="191"/>
							<String ID="string_118" HPOS="217" VPOS="1228" WIDTH="52" HEIGHT="21" WC="0.95" CONTENT="dess"/><SP WIDTH="24" VPOS="1228" HPOS="269"/>
							<String ID="string_119" HPOS="293" VPOS="1228" WIDTH="78" HEIGHT="21" WC="0.93" CONTENT="helhet"/><SP WIDTH="21" VPOS="1228" HPOS="371"/>
							<String ID="string_120" HPOS="392" VPOS="1230" WIDTH="59" HEIGHT="19" WC="0.96" CONTENT="samt"/><SP WIDTH="16" VPOS="1230" HPOS="451"/>
							<String ID="string_121" HPOS="467" VPOS="1228" WIDTH="63" HEIGHT="21" WC="0.96" CONTENT="detta"/><SP WIDTH="16" VPOS="1228" HPOS="530"/>
							<String ID="string_122" HPOS="546" VPOS="1228" WIDTH="85" HEIGHT="27" WC="0.93" CONTENT="förslag"/><SP WIDTH="16" VPOS="1228" HPOS="631"/>
							<String ID="string_123" HPOS="647" VPOS="1228" WIDTH="216" HEIGHT="21" WC="0.90" CONTENT="öfverensstämmer"/>
						</TextLine>
						<TextLine ID="line_22" HPOS="112" VPOS="1262" WIDTH="751" HEIGHT="30">
							<String ID="string_124" HPOS="112" VPOS="1263" WIDTH="53" HEIGHT="21" WC="0.96" CONTENT="med"/><SP WIDTH="24" VPOS="1263" HPOS="165"/>
							<String ID="string_125" HPOS="189" VPOS="1264" WIDTH="44" HEIGHT="20" WC="0.96" CONTENT="den"/><SP WIDTH="24" VPOS="1264" HPOS="233"/>
							<String ID="string_126" HPOS="257" VPOS="1264" WIDTH="84" HEIGHT="27" WC="0.96" CONTENT="nådiga"/><SP WIDTH="25" VPOS="1264" HPOS="341"/>
							<String ID="string_127" HPOS="366" VPOS="1264" WIDTH="175" HEIGHT="28" WC="0.95" CONTENT="propositionen"/><SP WIDTH="23" VPOS="1264" HPOS="541"/>
							<String ID="string_128" HPOS="564" VPOS="1264" WIDTH="44" HEIGHT="20" WC="0.96" CONTENT="och"/><SP WIDTH="16" VPOS="1264" HPOS="608"/>
							<String ID="string_129" HPOS="624" VPOS="1264" WIDTH="127" HEIGHT="20" WC="0.95" CONTENT="bibehåller"/><SP WIDTH="16" VPOS="1264" HPOS="751"/>
							<String ID="string_130" HPOS="767" VPOS="1263" WIDTH="45" HEIGHT="21" WC="0.96" CONTENT="den"/><SP WIDTH="15" VPOS="1263" HPOS="812"/>
							<String ID="string_131" HPOS="827" VPOS="1262" WIDTH="36" HEIGHT="21" WC="0.95" CONTENT="för"/>
						</TextLine>
						<TextLine ID="line_23" HPOS="111" VPOS="1299" WIDTH="752" HEIGHT="28">
							<String ID="string_132" HPOS="111" VPOS="1300" WIDTH="144" HEIGHT="20" WC="0.96" CONTENT="närvarande"/><SP WIDTH="17" VPOS="1300" HPOS="255"/>
							<String ID="string_133" HPOS="272" VPOS="1300" WIDTH="114" HEIGHT="27" WC="0.92" CONTENT="utgående"/><SP WIDTH="17" VPOS="1300" HPOS="386"/>
							<String ID="string_134" HPOS="403" VPOS="1300" WIDTH="156" HEIGHT="26" WC="0.92" CONTENT="bevillningen"/><SP WIDTH="17" VPOS="1300" HPOS="559"/>
							<String ID="string_135" HPOS="576" VPOS="1299" WIDTH="147" HEIGHT="27" WC="0.96" CONTENT="oförändrad,"/><SP WIDTH="19" VPOS="1299" HPOS="723"/>
							<String ID="string_136" HPOS="742" VPOS="1300" WIDTH="121" HEIGHT="20" WC="0.96" CONTENT="hvaremot"/>
						</TextLine>
						<TextLine ID="line_24" HPOS="112" VPOS="1335" WIDTH="749" HEIGHT="21">
							<String ID="string_137" HPOS="112" VPOS="1335" WIDTH="86" HEIGHT="21" WC="0.92" CONTENT="Preste-"/><SP WIDTH="25" VPOS="1335" HPOS="198"/>
							<String ID="string_138" HPOS="223" VPOS="1336" WIDTH="44" HEIGHT="20" WC="0.93" CONTENT="och"/><SP WIDTH="25" VPOS="1336" HPOS="267"/>
							<String ID="string_139" HPOS="292" VPOS="1335" WIDTH="191" HEIGHT="21" WC="0.92" CONTENT="Bondeståndens"/><SP WIDTH="24" VPOS="1335" HPOS="483"/>
							<String ID="string_140" HPOS="507" VPOS="1335" WIDTH="76" HEIGHT="21" WC="0.96" CONTENT="beslut"/><SP WIDTH="23" VPOS="1335" HPOS="583"/>
							<String ID="string_141" HPOS="606" VPOS="1335" WIDTH="111" HEIGHT="21" WC="0.96" CONTENT="innebära"/><SP WIDTH="16" VPOS="1335" HPOS="717"/>
							<String ID="string_142" HPOS="733" VPOS="1342" WIDTH="29" HEIGHT="14" WC="0.93" CONTENT="en"/><SP WIDTH="16" VPOS="1342" HPOS="762"/>
							<String ID="string_143" HPOS="778" VPOS="1335" WIDTH="83" HEIGHT="20" WC="0.92" CONTENT="skatte-"/>
						</TextLine>
						<TextLine ID="line_25" HPOS="112" VPOS="1370" WIDTH="665" HEIGHT="28">
							<String ID="string_144" HPOS="112" VPOS="1370" WIDTH="140" HEIGHT="28" WC="0.96" CONTENT="förhöjning,"/><SP WIDTH="16" VPOS="1370" HPOS="252"/>
							<String ID="string_145" HPOS="268" VPOS="1372" WIDTH="85" HEIGHT="20" WC="0.96" CONTENT="tillåter"/><SP WIDTH="16" VPOS="1372" HPOS="353"/>
							<String ID="string_146" HPOS="369" VPOS="1372" WIDTH="34" HEIGHT="26" WC="0.96" CONTENT="sig"/><SP WIDTH="17" VPOS="1372" HPOS="403"/>
							<String ID="string_147" HPOS="420" VPOS="1371" WIDTH="115" HEIGHT="21" WC="0.93" CONTENT="Utskottet"/><SP WIDTH="16" VPOS="1371" HPOS="535"/>
							<String ID="string_148" HPOS="551" VPOS="1371" WIDTH="119" HEIGHT="21" WC="0.88" CONTENT="vördsamt"/><SP WIDTH="15" VPOS="1371" HPOS="670"/>
							<String ID="string_149" HPOS="685" VPOS="1370" WIDTH="92" HEIGHT="22" WC="0.96" CONTENT="föreslå:"/>
						</TextLine>
					</TextBlock>
				</ComposedBlock>
				<ComposedBlock ID="cblock_3" HPOS="398" VPOS="1429" WIDTH="463" HEIGHT="26">
					<TextBlock ID="block_6" HPOS="398" VPOS="1429" WIDTH="463" HEIGHT="26">
						<TextLine ID="line_26" HPOS="398" VPOS="1429" WIDTH="463" HEIGHT="26">
							<String ID="string_150" HPOS="398" VPOS="1432" WIDTH="31" HEIGHT="19" WC="0.91" CONTENT="ott"/><SP WIDTH="23" VPOS="1432" HPOS="429"/>
							<String ID="string_151" HPOS="452" VPOS="1431" WIDTH="80" HEIGHT="21" WC="0.92" CONTENT="Preste-"/><SP WIDTH="24" VPOS="1431" HPOS="532"/>
							<String ID="string_152" HPOS="556" VPOS="1430" WIDTH="41" HEIGHT="22" WC="0.93" CONTENT="och"/><SP WIDTH="22" VPOS="1430" HPOS="597"/>
							<String ID="string_153" HPOS="619" VPOS="1430" WIDTH="166" HEIGHT="21" WC="0.91" CONTENT="Bondestånden"/><SP WIDTH="22" VPOS="1430" HPOS="785"/>
							<String ID="string_154" HPOS="807" VPOS="1429" WIDTH="54" HEIGHT="26" WC="0.87" CONTENT="ville,"/>
						</TextLine>
					</TextBlock>
				</ComposedBlock>
				<ComposedBlock ID="cblock_4" HPOS="182" VPOS="1477" WIDTH="489" HEIGHT="24">
					<TextBlock ID="block_7" HPOS="182" VPOS="1477" WIDTH="489" HEIGHT="24">
						<TextLine ID="line_27" HPOS="182" VPOS="1477" WIDTH="489" HEIGHT="24">
							<String ID="string_155" HPOS="182" VPOS="1477" WIDTH="160" HEIGHT="24" WC="0.87" CONTENT="Bevillnirgsutsk."/><SP WIDTH="13" VPOS="1477" HPOS="342"/>
							<String ID="string_156" HPOS="355" VPOS="1477" WIDTH="183" HEIGHT="23" WC="0.65" CONTENT="sammanj.-förslag."/><SP WIDTH="14" VPOS="1477" HPOS="538"/>
							<String ID="string_157" HPOS="552" VPOS="1477" WIDTH="40" HEIGHT="18" WC="0.96" CONTENT="Bet."/><SP WIDTH="13" VPOS="1477" HPOS="592"/>
							<String ID="string_158" HPOS="605" VPOS="1477" WIDTH="35" HEIGHT="18" WC="0.96" CONTENT="N:o"/><SP WIDTH="13" VPOS="1477" HPOS="640"/>
							<String ID="string_159" HPOS="653" VPOS="1478" WIDTH="18" HEIGHT="17" WC="0.96" CONTENT="2."/>
						</TextLine>
					</TextBlock>
				</ComposedBlock>
			</PrintSpace>
		</Page>
	</Layout>
</alto>
