1048 1631
320 118 73 23 Ständ.
409 118 35 23 Sv.
460 131 27 4 —
503 118 62 28 Prop.
582 118 35 23 N:o
632 119 14 21 1.
836 120 27 19 23

105 181 111 29 landning
231 189 84 22 genom
329 181 39 22 det
383 182 113 21 invallade
511 182 115 22 omrädets
637 181 168 29 torrläggande.
828 181 36 22 Dä

106 216 124 22 emellertid
250 216 49 21 skäl
314 216 35 21 till
365 223 29 14 en
409 216 64 29 dylik
489 216 157 29 begränsning
661 216 50 21 icke
726 218 65 26 synts
806 215 57 22 före-

105 250 69 29 ligga,
194 250 41 22 har
249 251 35 21 till
299 250 137 29 paragrafen
451 253 33 19 ett
499 251 82 28 tillägg
596 250 74 29 gjorts
685 251 7 20 i
707 250 61 29 syfte
784 252 33 19 att
832 250 31 21 in-

106 285 104 28 vallning
224 285 37 22 för
279 285 112 28 sistsagda
407 285 104 21 ändamål
526 287 72 19 måtte
614 285 47 21 deri
675 284 130 29 inbegripas
820 284 43 22 och

105 319 95 22 framstä
216 321 73 20 säsom
304 319 95 26 tilläten,
415 319 39 22 der
469 327 85 20 egaren
569 319 26 22 af
609 319 108 22 stranden
732 326 77 14 ensam
818 318 45 22 för-

104 353 67 29 fogar
184 353 86 29 jemväl
285 353 65 22 öfver
365 355 89 20 vattnet
468 353 100 22 utanför.

174 388 128 21 Ständerna
312 387 70 22 hafva
396 389 73 20 såsom
485 388 149 22 härförinnan
649 388 60 21 skett
721 387 140 22 beträffande
878 401 4 6 :

106 423 27 21 de
148 423 139 28 paragrafer,
303 422 40 21 der
358 423 117 28 uttrycket
491 424 12 19 å
519 423 152 25 förekommit,
687 422 7 21 i
709 425 13 18 3
733 423 14 28 &
758 422 106 22 särskildt

105 457 99 28 angifvit
220 457 27 21 de
262 457 60 22 olika
335 457 143 28 vattendrag,
493 464 49 15 som
553 457 72 28 enligt
635 454 170 31 propositionen
816 457 47 21 deri

106 491 136 28 inbegripas,
265 491 42 22 här
324 491 71 22 likväl
413 491 52 22 med
483 491 145 22 uteslutande
644 491 26 22 af
682 491 65 27 bäck,
763 495 54 18 enär
832 491 31 21 in-

105 525 103 29 vallning
230 525 39 22 vid
291 525 64 26 bäck,
374 525 75 22 såvidt
466 526 76 21 vallen
560 526 50 21 icke
626 525 97 22 behöfde
736 525 127 23 utsträckas

105 560 54 28 inpå
177 567 86 14 annans
282 560 98 26 område,
396 560 7 21 i
423 560 113 21 anseende
551 560 35 21 till
602 560 73 29 dylikt
690 563 89 19 vattens
799 561 65 27 ringa

106 593 125 30 betydelse,
243 597 64 26 synts
319 595 77 21 kunna
411 594 102 29 försiggå
527 594 87 29 jemväl
628 597 55 19 utan
698 595 107 22 tillstånd.

431 783 33 22 VI
479 783 59 29 Kap.

175 835 53 21 Med
251 835 106 21 afseende
376 837 13 19 å
407 835 174 22 föreskrifterna
596 835 33 22 uti
646 837 24 19 11
687 835 13 29 &
717 835 25 22 af
755 835 44 22 den
814 835 52 21 utaf

108 869 128 22 Ständerna
251 869 7 21 i
274 869 124 28 anledning
413 869 26 22 af
452 869 85 29 nådiga
552 870 171 28 propositionen
735 869 43 22 N:o
789 871 28 19 39
828 876 37 15 an-

107 906 71 26 tagna
192 903 38 29 lag
245 904 118 28 angående
375 904 70 21 bland
456 907 71 19 annat
536 904 69 22 skifte
614 904 25 21 af
645 904 172 22 vattenområde
825 903 40 22 har

106 938 8 21 i
131 940 10 19 1
156 938 14 29 8
183 937 82 22 införts
276 940 32 19 ett
319 938 81 29 tillägg
411 939 84 25 derom,
507 941 33 19 att
552 939 128 28 ansökning
690 946 37 14 om
737 939 94 28 delning
842 938 25 21 af

107 972 112 21 strömfall
233 972 42 22 bör
290 972 90 29 åtföljas
396 973 26 21 af
437 973 125 28 utredning
578 980 36 15 om
625 973 77 22 hvilka
712 973 8 21 i
731 972 134 22 strömfallet

106 1006 70 22 hafva
192 1006 42 22 del.

175 1041 35 21 På
227 1044 45 18 sätt
294 1041 69 22 redan
386 1041 7 21 i
416 1041 67 28 fråga
501 1048 39 15 om
556 1044 24 19 11
597 1042 14 28 8
627 1043 13 20 3
656 1042 51 28 kap.
723 1041 140 26 framhållits,

107 1075 40 21 har
163 1075 44 21 den
223 1075 108 29 ställning
343 1083 49 14 som
407 1076 28 21 de
451 1076 161 21 icke-dikande
625 1076 6 21 i
644 1076 122 21 allmänhet
776 1076 90 21 komme

107 1111 33 18 att
162 1109 79 28 intaga
258 1109 8 21 i
281 1109 97 29 företag,
394 1117 49 14 som
458 1110 49 21 afse
526 1110 124 29 utdikning
664 1110 25 22 af
703 1109 162 23 vattendränkt

106 1143 71 26 mark,
201 1144 143 28 väsentligen
367 1144 98 26 ändrats,
489 1144 128 29 hvarjemte
635 1145 7 21 i
657 1152 84 14 samma
758 1143 110 29 paragraf

107 1177 81 22 införts
205 1178 143 28 bestämning
359 1186 37 14 om
407 1178 44 22 den
466 1179 40 27 tid,
518 1179 63 21 inom
592 1179 93 22 hvilken
696 1178 111 28 delegare,
818 1185 48 14 som

106 1215 65 25 tager
189 1212 36 22 del
243 1212 7 21 i
268 1212 126 29 dikningen
417 1213 80 21 endast
521 1220 85 22 genom
624 1215 32 19 att
678 1213 58 21 efter
758 1212 109 22 slutfördt

107 1246 77 22 arbete
207 1246 93 29 erlägga
323 1247 35 21 sin
381 1247 67 21 andel
468 1248 8 20 i
493 1248 161 25 kostnaderna,
675 1247 70 22 borde
767 1246 100 29 fullgöra

107 1280 75 22 denna
192 1281 35 21 sin
237 1280 144 22 förbindelse.
405 1281 54 22 Med
471 1282 127 28 anledning
610 1281 65 22 deraf
683 1282 40 21 har
733 1288 27 15 ur
771 1282 13 20 3
792 1276 10 39 $
819 1283 47 19 ute-

108 1315 74 21 slutits
198 1316 37 21 det
253 1315 48 21 deri
321 1316 72 28 enligt
408 1316 45 21 den
472 1316 87 28 nådiga
572 1316 172 28 propositionen
754 1314 113 29 ingående

107 1349 142 28 stadgandet,
266 1356 48 15 som
329 1349 97 22 berörda
441 1350 193 28 tidsbestämning
649 1352 130 20 motsvarar.
810 1349 56 21 Der-

104 1382 72 28 jemte
191 1383 41 22 har
247 1383 136 29 paragrafen
399 1384 150 29 förtydligats
566 1392 84 20 genom
664 1384 122 28 intagande
802 1382 25 22 af
839 1390 28 14 en

107 1417 127 29 uttrycklig
249 1418 139 28 hänvisning
403 1418 35 21 till
455 1420 26 20 14
497 1419 14 28 &
527 1420 14 20 4
557 1418 51 29 kap.
