1048 1631
326 90 27 24 U.
369 90 28 24 B.
414 104 27 4 —
458 90 74 30 Prop.
548 90 45 24 N:o
609 90 13 23 1
775 92 41 21 119

166 158 65 22 Inom
255 158 119 21 Utskottet
396 158 42 21 har
461 158 70 21 ocksä
554 158 81 21 väckts
660 160 33 19 ett
716 157 131 22 alternativt

95 194 86 29 förslag
196 196 34 20 att
244 194 35 21 uti
296 196 11 19 7
325 194 51 29 kap.
395 196 26 19 12
439 195 46 27 (13)
501 194 15 29 &
532 194 46 21 låta
594 194 55 28 ingå
662 201 29 14 en
700 193 147 29 bestämning

96 230 77 21 derom
197 232 32 19 att
250 230 150 22 förevarande
423 229 38 29 lag
481 230 53 21 icke
555 229 79 29 afsäge
650 232 33 19 att
698 229 71 22 ändra
784 229 63 22 hvad

95 273 37 14 om
148 266 81 29 sjöfart
243 266 9 21 i
267 266 114 28 isbelagdt
405 267 79 20 vatten
505 266 54 21 med
580 266 107 21 afseende
704 268 13 19 ä
732 265 61 22 isens
809 266 38 21 be-

94 302 122 29 gagnande
239 304 75 20 säsom
330 305 45 25 väg
391 301 36 22 för
441 302 143 22 närvarande
600 302 77 21 kunde
693 309 66 14 anses
775 301 70 29 gälla;

95 345 52 14 men
166 338 129 21 Utskottets
315 337 76 22 flertal
413 337 41 22 har
474 337 78 22 funnit
570 345 29 14 en
615 338 71 21 sädan
700 337 147 29 bestämning

96 373 117 29 obehöflig
228 374 43 21 och
287 373 111 30 möjligen
414 373 163 22 vilseledande.

166 590 120 22 Utskottet
308 590 41 21 har
371 590 95 21 härmed
487 589 96 22 afslutat
599 589 36 22 sin
650 590 144 28 redogörelse
810 590 36 21 för

96 625 45 22 den
156 625 147 29 granskning,
320 625 126 26 Utskottet,
463 625 40 22 sitt
518 625 107 30 uppdrag
640 625 121 30 likmätigt,
778 628 69 27 egnat

95 661 150 22 förevarande
263 661 131 29 lagförslag.
426 661 33 22 Af
480 661 134 22 densamma
633 661 105 29 framgär,
758 663 33 20 att
806 661 41 22 Ut-

96 697 86 22 skottet
196 697 50 22 icke
262 698 81 21 tvekar
358 700 33 19 att
407 697 42 22 hos
465 697 129 22 Ständerna
605 697 91 22 förorda
708 697 139 29 antagandet

96 733 24 22 af
138 741 29 14 en
184 733 44 30 lag,
247 733 65 30 bygd
327 735 30 27 pä
374 733 28 22 de
418 734 8 21 i
442 734 45 21 den
503 733 86 29 nådiga
604 733 171 30 propositionen
791 741 56 22 upp-

96 769 74 22 stälda
192 770 184 29 grundsatserna.
408 770 11 21 I
441 770 93 21 formelt
556 770 131 21 hänseende
708 769 84 22 tillåter
811 769 36 29 sig

94 805 120 22 Utskottet
232 806 117 21 dessutom
370 805 127 26 framhälla,
514 806 111 21 hurusom
642 805 115 30 förslaget,
774 806 72 21 ehuru

96 841 39 22 det
154 841 52 22 icke
226 841 64 29 skytt
310 844 33 19 att
359 844 102 26 upptaga
478 844 15 19 t.
513 849 19 14 o.
550 849 29 14 m.
597 841 138 29 detaljerade
750 842 97 21 bestäm-

94 877 83 30 ningar
192 877 8 22 i
216 877 46 26 fall,
285 878 40 21 der
341 877 85 22 sädana
442 877 120 29 verkligen
578 878 79 21 kunna
673 885 66 14 anses
755 877 90 29 nödiga,

95 913 93 22 hvadan
208 913 126 22 detsamma
355 913 45 22 kan
421 913 125 22 betecknas
568 915 76 20 såsom
662 913 88 29 ganska
765 915 82 20 uttöm-

95 949 83 22 mande
194 949 43 22 och
252 949 153 29 fullständigt,
422 949 71 22 likväl
510 949 109 22 omfattar
634 949 81 22 endast
732 951 41 20 118
784 949 29 29 SS
824 949 23 22 af

96 987 33 20 ett
146 985 169 29 jemförelsevis
331 985 65 29 ringa
413 985 101 29 omfäng,
531 985 90 22 hvilket
636 985 9 22 i
660 985 149 22 betraktande
824 985 23 22 af

96 1021 28 22 de
143 1023 83 27 mänga
247 1021 36 28 sig
299 1021 98 22 emellan
413 1021 97 28 stridiga
526 1021 121 26 intressen,
664 1029 48 14 som
728 1021 41 22 här
784 1021 63 22 berö-

95 1064 43 19 ras,
150 1057 44 22 och
205 1057 28 22 de
243 1057 82 22 talrika
337 1057 43 22 och
392 1057 126 22 olikartade
530 1057 48 26 fall,
590 1057 79 22 hvilka
679 1057 52 22 bort
741 1057 105 29 regleras,

95 1094 73 20 måste
183 1093 123 22 betecknas
323 1095 75 20 såsom
413 1093 87 28 ganska
512 1093 107 28 måttligt.
643 1093 43 22 Att
696 1093 152 22 förhållandet

95 1128 79 23 blifvit
189 1129 82 22 sådant
285 1129 67 22 beror
368 1129 49 22 dels
434 1129 70 29 derpå
520 1131 35 21 att
571 1131 160 21 rättssatserna
745 1129 8 22 i
769 1129 78 22 försla-

94 1167 40 26 get
150 1165 44 22 fått
210 1173 27 14 en
253 1166 52 21 kort
321 1166 44 21 och
380 1166 80 22 koncis
477 1166 133 29 affattning,
628 1166 48 22 dels
691 1168 30 27 på
737 1174 28 14 en
781 1166 67 21 ända-

96 1201 120 29 målsenlig
231 1201 158 29 uppställning
406 1202 43 21 och
466 1210 28 13 en
511 1204 25 20 så
552 1202 122 22 beskaffad
690 1201 124 29 affattning
825 1202 24 21 af

96 1237 122 27 desamma,
239 1240 34 19 att
293 1245 28 14 en
343 1238 85 28 mängd
447 1240 80 24 satser,
545 1238 80 22 hvilka
640 1238 155 29 tilläfventyrs
811 1246 37 14 an-

95 1280 53 15 nars
168 1274 58 21 hade
249 1274 81 21 behöft
345 1273 158 29 uttryckligen
519 1274 92 27 uttalas,
629 1274 40 22 vid
685 1282 28 14 en
728 1274 121 29 uppmärk-

96 1316 48 14 sam
160 1309 90 29 läsning
267 1309 22 22 af
305 1309 150 29 lagförslaget
469 1310 67 28 gifva
552 1310 36 28 sig
604 1310 84 28 sjelfva
703 1312 75 20 såsom
794 1310 55 22 nöd-

94 1345 102 29 vändiga
214 1346 170 28 konseqvenser
405 1346 24 21 af
449 1346 63 22 hvad
529 1346 41 22 der
586 1346 109 29 stadgats,
713 1346 48 22 dels
778 1346 71 22 slutli-

94 1388 47 21 gen
160 1383 30 26 på
211 1381 44 21 den
277 1381 207 29 omständigheten,
505 1384 35 19 att
556 1382 182 22 administrativa
754 1381 96 29 detaljer

172 1423 211 19 Vattenrättsutskottets
396 1424 117 18 betänkande
527 1424 38 18 N:o
579 1425 15 17 1.
