1048 1631
205 83 26 20 12
441 83 30 23 U.
487 84 28 22 B.
533 96 27 3 —
575 84 75 28 Prop.
667 84 43 22 N:o
727 84 20 22 7.

411 152 217 29 Danifullmäktiges
648 153 105 22 inscende
775 152 36 29 för
831 153 25 22 de
874 153 89 28 afsedda

411 187 135 21 ändamälen
562 187 116 22 användas
696 182 71 27 under
785 187 180 28 budgetperioden

412 222 152 21 1901—1904.

275 295 46 21 Vid
339 295 72 21 slutet
426 295 26 21 af
465 295 210 29 öfverläggningen
693 295 26 22 af
732 296 71 21 ofvan
819 296 145 23 behandlade

203 329 86 21 ärende
311 329 42 22 har
371 329 64 22 inom
449 329 123 22 Utskottet
587 329 141 22 framhällits
743 333 36 19 att
793 330 172 29 handlingarna

202 363 53 21 frän
271 363 143 29 landtdagen
431 364 142 21 1863—1864
589 364 43 21 och
648 365 55 20 1867
719 372 96 14 numera
828 365 51 21 icke
888 365 77 22 finnas

202 397 152 29 tillgängliga
376 398 8 21 i
408 398 149 22 bokhandeln
580 398 43 21 och
645 401 35 18 att
702 398 20 29 ej
739 399 74 21 häller
827 399 137 22 ständernas

203 431 113 22 bibliotek
339 439 54 21 eger
415 433 74 27 något
511 432 78 21 förråd
612 432 26 21 af
651 432 124 23 desamma.
805 433 121 22 Utskottet
939 437 26 18 är

203 473 54 14 ense
281 466 78 21 därom
383 469 34 19 att
439 474 29 13 en
484 474 32 21 ny
532 467 102 28 upplaga
650 467 27 21 af
690 467 73 29 sagda
779 467 140 29 handlingar
933 469 32 28 på

203 500 101 21 svenska
326 501 44 20 och
392 500 75 22 finska
491 501 42 21 bör
555 501 158 22 föranstaltas.
744 502 53 21 Men
817 501 30 22 då
861 502 64 21 tiden
941 503 21 28 ej

203 535 78 20 denna
296 535 63 28 gång
375 535 94 28 medger
477 535 163 28 uppgörandet
648 535 27 22 af
680 536 201 28 kostnadsförslag
888 544 29 13 m.
925 544 38 19 m.,

202 569 43 21 har
260 569 123 22 Utskottet
397 576 32 14 nu
445 569 83 21 endast
542 572 78 19 ansett
632 570 37 28 sig
684 570 56 21 böra
755 570 85 21 föreslå

479 646 33 19 att
532 644 25 21 ät
580 644 138 21 Ständernas
741 645 147 21 bibliotekarie
911 645 52 21 lem-

411 678 68 21 nades
501 679 9 20 i
529 679 101 27 uppdrag
652 681 34 19 att
709 679 36 21 till
762 679 201 21 nästinstundande

412 713 105 27 landtdag
536 716 98 25 uppgöra
656 713 145 28 erforderliga
817 713 147 28 beräkningar

410 747 39 20 och
471 747 83 27 förslag
574 747 37 28 för
631 755 33 13 nu
684 747 149 28 omförmälda
848 748 113 21 ändamål.

272 940 46 21 Vid
341 943 92 19 senaste
455 941 98 29 lagtima
568 941 114 29 landtdag
697 941 80 29 höjdes
794 941 39 22 det
854 941 26 22 af
893 941 69 22 Stän-

202 974 73 22 derna
290 975 36 21 för
340 975 124 22 utförande
475 976 27 21 af
510 977 164 21 ständerhusets
685 977 147 28 gafvelgrupp
845 976 117 29 beviljade

202 1009 107 29 anslaget
323 1009 53 22 från
391 1010 68 21 F:mk
475 1012 117 25 37,200:
577 1005 14 38 —
608 1011 37 21 till
661 1011 68 21 F:mk
745 1012 84 24 54,800:
839 1024 33 13 —,
882 1011 80 22 äfven-

201 1050 49 15 som
274 1043 107 29 anslaget
402 1044 37 21 för
459 1045 162 21 konstverkets
637 1045 146 28 inpackning
798 1045 43 22 och
856 1045 107 22 försänd-

200 1077 59 29 ning
275 1078 36 21 till
324 1079 266 29 uppställningsplatsen
598 1079 52 22 frän
660 1079 69 22 F:mk
737 1081 71 26 4,000:
818 1093 26 2 —
852 1079 37 22 till
895 1080 67 21 F:mk

201 1113 71 26 6,000:
291 1125 32 9 —.
349 1113 47 21 Det
411 1113 98 22 sålunda
519 1113 126 29 godkända
656 1113 229 29 tillskottsanslaget,
896 1114 66 22 F:mk

202 1148 83 26 19,600:
306 1161 33 13 -—,
355 1148 126 28 uppfördes
505 1148 59 22 dock
587 1148 51 22 icke
654 1149 31 28 pä
710 1150 54 21 1897
784 1149 37 21 års
836 1149 126 29 landtdags

201 1181 238 30 bevillningsbudget,
455 1185 56 19 utan
526 1183 75 21 skulle
617 1183 130 22 detsamma
762 1182 59 22 först
841 1183 70 22 bland
926 1184 35 20 in-

200 1216 133 21 nevarande
348 1216 125 30 landtdags
489 1217 119 22 enahanda
619 1218 84 28 anslag
713 1218 140 26 observeras,
864 1218 97 21 emedan

200 1250 40 21 det
255 1250 100 29 tidigare
371 1251 116 29 beviljade
503 1252 206 28 auslagsbeloppet
725 1252 84 28 ansågs
820 1259 47 14 mer
875 1256 30 18 än
914 1252 49 22 till-

199 1284 103 29 räckligt
317 1284 36 22 för
368 1286 29 20 de
417 1286 106 28 utgifter,
539 1293 49 15 som
603 1286 75 22 under
694 1286 110 22 trienniet
821 1287 141 21 1898—1900

199 1319 139 29 emotsägos.
368 1320 83 28 Enligt
469 1320 45 22 den
530 1320 36 22 till
582 1320 131 22 Ständerna
728 1320 27 22 af
767 1320 148 29 Bestyrelsen
925 1320 38 22 för

199 1352 187 30 gafvelgruppen
410 1354 87 22 aflätna
518 1354 140 22 berättelsen
680 1354 72 22 hafva
770 1362 97 14 numera
881 1355 81 21 konst-

198 1387 94 22 vorkots
307 1388 152 15 hufvudfgur,
482 1389 77 15 kejsar
573 1389 136 22 Alexander
723 1389 18 27 T
755 1389 118 22 äfvensom
885 1396 78 22 ranre-

228 1402 64 7 KAOS
307 1404 159 14 LUIVUONSUN,
481 1406 75 12 TO95Ser

269 1434 145 19 Statsutskottets
427 1435 111 18 betänkande
549 1435 38 18 N:o
599 1436 26 17 11.
