1048 1631
419 116 53 23 N:o
487 113 30 24 5.

297 463 69 25 Hans
398 462 163 33 Kejserliga
595 462 144 32 Majestäts
768 461 81 32 nådiga

230 509 139 33 proposition
385 508 35 26 till
431 508 106 25 Finlands
548 508 97 25 Ständer
662 515 34 18 om
714 507 84 26 ändrad
815 507 34 32 ly-

230 555 61 26 delse
308 555 28 25 af
345 554 116 26 särskilda
476 554 141 33 paragrafer
634 555 8 24 i
661 553 80 32 nådiga
758 553 91 26 förord-

231 602 79 31 ningen
329 601 28 24 af
373 600 40 25 den
433 599 32 26 10
486 600 47 32 Maj
554 600 74 32 1886,
647 599 113 32 angående
777 599 73 26 bank-

230 646 97 31 rörelse,
345 653 46 18 som
409 646 26 25 af
451 645 67 32 bolag
536 645 73 26 idkas.

162 737 53 21 Den
231 736 132 22 Ständerna
377 736 41 22 vid
436 739 53 19 1897
505 737 39 21 års
555 736 115 29 landtdag
679 736 122 29 förelagda
810 737 41 20 nå-

94 772 55 28 diga
171 771 144 29 proposition
331 778 37 15 om
387 771 90 21 ändrad
498 771 92 28 lydelse
608 771 26 21 af
652 771 115 22 särskilda
785 777 67 22 para-

93 805 191 30 grafer
181 801 11 38 i
205 805 79 30 nådiga
298 805 168 29 förordningen
482 805 27 22 af
523 805 47 22 den
585 808 26 19 10
621 806 47 28 maj
680 808 59 25 1886,
751 805 102 29 angåen-

94 841 29 21 de
138 840 157 28 bankrörelse,
311 847 49 15 som
375 840 27 21 af
414 839 71 30 bolag
495 840 77 28 idkas,
583 840 73 29 afsåg,
668 840 101 22 förutom
779 840 74 28 några

94 875 92 22 mindre
215 874 134 29 betydande
379 874 134 29 ändringar,
540 874 200 29 hufvudsakligen
765 876 87 19 tvänne

94 909 117 22 särskilda
225 909 210 28 omständigheter:
451 908 46 22 den
513 916 45 14 ena
573 911 36 19 att
624 909 37 21 för
675 908 107 22 enskilda
797 908 57 21 ban-

95 944 47 27 ker,
158 950 50 15 som
223 943 109 21 bedrifva
346 943 265 28 hypotekslånerörelse,
627 943 133 22 underlätta
770 944 83 27 uppta-

94 977 90 29 gandet
198 977 27 22 af
239 977 37 22 för
286 977 84 22 sådant
380 977 109 22 ändamål
505 977 152 29 erforderligt
671 977 182 29 obligationslån

96 1012 43 21 och
155 1011 46 22 den
216 1011 73 22 andra
304 1014 35 19 att
354 1012 9 21 i
377 1011 172 29 förordningen
559 1011 78 22 införa
648 1014 34 19 ett
689 1011 166 29 obligatoriskt

96 1046 130 29 stadgande
241 1046 86 28 derom,
343 1048 36 19 att
393 1045 113 29 tillsynen
517 1046 69 22 öfver
595 1047 132 21 bankernas
736 1046 118 22 verksam-

96 1081 41 22 het
151 1081 126 22 framdeles
292 1081 76 21 skulle
383 1081 151 22 handhafvas
550 1081 27 22 af
590 1089 30 14 en
635 1082 37 21 för
686 1081 46 22 alla
746 1080 109 23 enskilda

96 1115 90 22 banker
200 1122 133 21 gemensam
348 1115 127 29 inspektör.

164 1149 37 22 De
216 1149 9 21 i
239 1149 163 22 förstnämnda
425 1149 112 23 afseende
551 1150 9 22 i
577 1150 45 22 den
644 1150 86 29 nådiga
751 1150 104 29 proposi-

96 1184 82 22 tionen
193 1184 98 28 intagna
310 1184 161 28 stadgandena
490 1184 82 22 blefvo
592 1184 72 22 äfven
682 1184 27 22 af
723 1183 133 23 Ständerna

96 1218 134 29 godkända.
260 1218 55 22 Men
331 1218 31 22 då
376 1218 139 29 Ständerna,
531 1219 74 28 jemte
620 1219 41 22 det
675 1219 28 22 de
718 1218 87 29 ansågo
817 1218 36 28 sig

97 1253 57 21 böra
168 1252 121 22 bibehålla
303 1260 32 14 nu
349 1253 111 29 gällande
480 1253 178 30 bestämningar
673 1261 37 15 om
725 1252 132 23 anordnan-

98 1287 40 21 det
153 1287 27 21 af
193 1286 114 29 tillsynen
321 1287 68 22 öfver
404 1287 29 22 de
448 1288 110 22 enskilda
577 1288 125 28 bankerna,
722 1287 83 23 dervid
819 1290 36 19 ut-

97 1321 72 29 gingo
185 1321 54 22 från
255 1321 45 22 den
315 1322 103 28 oriktiga
436 1322 187 30 uppfattningen
643 1325 40 24 att,
703 1322 74 29 enligt
795 1323 63 20 näst-

97 1355 104 22 nämnda
215 1356 182 29 bestämningar,
416 1356 199 22 tillförordnande
634 1357 26 21 af
678 1364 29 14 en
723 1363 134 23 gemensam

98 1390 122 28 inspektör
233 1390 52 22 icke
301 1390 78 22 kunde
399 1391 116 29 vidtagas,
540 1391 76 22 skulle
639 1390 175 23 fastställandet
832 1390 27 22 af

99 1424 144 22 Ständernas
259 1424 78 22 beslut
352 1425 41 22 vid
408 1426 105 28 antydda
530 1425 149 23 förhållande
689 1426 91 22 kunnat
790 1432 67 15 anses
