1048 1631
313 136 73 22 Ständ.
402 136 35 22 Sv.
453 150 28 2 —
498 136 62 28 Prop.
577 136 35 22 N:o
627 136 15 22 1.
831 137 26 19 47

445 201 28 19 24
488 199 21 29 &.

166 239 130 22 Uraktläter
319 239 160 29 virkesegaren
502 242 34 19 att
559 241 74 20 såsom
656 239 7 21 i
683 241 26 19 21
727 239 43 22 och
786 241 27 19 23
829 239 29 28 8$

96 274 153 22 föreskrifvits
273 274 68 29 gälda
359 274 54 21 eller
428 274 66 21 ställa
510 274 106 21 säkerhet
632 274 36 21 för
683 273 105 22 fordradt
804 273 55 22 eller

97 309 105 22 utdömdt
223 308 90 29 belopp,
329 308 68 28 lägge
413 308 244 28 utmätningsmannen
676 310 29 27 pä
721 308 137 28 sakegarens

97 343 99 28 begäran
219 342 106 29 gvarstad
345 344 12 19 å
377 344 24 19 sä
416 345 47 19 stor
479 342 37 22 del
532 342 26 21 af
571 342 141 29 flottgodset,
729 345 33 19 att
777 342 82 21 sådant

97 377 83 29 belopp
193 377 71 29 jemte
280 377 29 21 all
324 377 97 21 kostnad
437 377 37 22 för
489 377 205 28 verkställigheten
709 377 45 21 kan
765 378 56 27 utgä
831 384 27 14 ur

98 412 50 21 dess
171 412 76 25 värde,
271 411 42 22 och
335 411 94 28 försälje
451 411 83 28 godset
557 411 58 22 efter
633 413 118 27 utgängen
767 411 26 22 af
805 411 53 28 fyra

98 447 90 25 veckor,
205 448 24 19 sä
244 446 69 21 framt
328 445 120 29 skiljedom
463 446 29 21 dä
505 445 61 22 fallit
576 445 42 22 och
630 453 83 21 egaren
724 446 50 21 icke
786 446 72 28 erlagt

99 481 55 21 eller
176 480 120 22 säkerstält
319 480 70 29 sagda
412 480 83 29 belopp
511 480 43 22 och
570 480 78 28 gäldat
663 480 194 29 verkställighets-

98 515 133 23 kostnaden.

166 549 28 29 Ej
211 551 36 20 mä
265 557 32 14 nu
312 549 68 22 nämd
396 549 55 22 eller
466 557 76 14 annan
558 549 106 28 gvarstad
679 552 47 19 mot
741 549 115 29 försking-

98 584 51 28 ring
170 584 82 21 hindra
273 584 146 28 flottgodsets
435 583 167 22 fortskaffande
618 584 35 21 till
668 586 113 19 närmaste
797 584 60 21 flott-

97 619 152 28 ningsstation
265 618 54 22 eller
335 621 70 19 annat
421 619 70 25 ställe,
505 619 41 21 der
556 619 38 21 det
605 619 51 21 med
667 619 82 21 minsta
759 618 98 22 kostnad

98 653 42 22 och
156 653 121 28 olägenhet
292 653 45 21 kan
352 653 78 26 hällas,
446 655 25 20 sä
484 653 70 21 framt
566 660 84 21 egaren
661 655 81 26 genast
753 653 104 28 erlägger

98 687 126 22 kostnaden
246 687 36 22 för
301 687 92 28 godsets
411 687 135 22 bevakande
562 688 72 21 under
649 687 140 28 flottningen
806 687 50 25 och,

98 721 40 22 der
156 721 124 22 detsamma
298 721 58 22 skall
371 722 72 21 hällas
458 722 7 21 i
481 722 79 21 förvar
574 722 62 22 inom
652 729 75 14 annan
743 722 114 21 länsmans

98 756 97 26 distrikt,
211 756 68 22 äfven
294 756 37 21 för
346 756 51 22 dess
413 757 161 28 emottagande
590 756 26 22 af
630 757 79 21 denne.

445 816 28 19 25
488 814 21 29 8.

166 854 48 21 Har
228 854 108 27 flottning
351 854 7 21 i
373 854 137 28 vattendrag
526 854 107 29 upphört,
649 855 36 20 mä
701 854 51 25 den,
763 853 95 22 hvilken

98 888 38 21 det
151 888 87 29 äligger
253 890 34 19 att
301 888 40 21 der
356 888 134 22 underhälla
499 889 233 28 flottningsanstalter
745 888 54 21 eller
809 895 49 14 som

98 922 26 21 af
144 923 84 21 sådana
247 923 57 21 lider
323 930 59 18 men,
397 924 30 27 pä
442 923 102 28 begäran
560 923 83 22 tillåtas
659 925 32 19 att
706 922 152 22 undanskaffa

98 957 119 21 desamma.

445 1017 28 19 26
488 1015 21 28 &.

166 1054 68 22 Hvad
249 1054 7 21 i
272 1054 61 22 detta
348 1055 86 28 kapitel
450 1055 104 28 stadgats
564 1055 113 28 tillämpas
689 1056 12 20 &
713 1054 144 29 vattendrag,

98 1095 48 14 som
161 1088 63 28 löper
239 1089 66 28 längs
324 1089 88 21 landets
428 1092 75 25 gräns,
521 1089 81 22 endast
618 1089 75 21 sävidt
708 1089 50 22 icke
775 1095 82 22 genom

97 1122 80 29 nådigt
192 1122 153 23 förordnande
362 1123 143 22 annorlunda
520 1123 142 22 bestämmes.

421 1222 36 21 III
473 1223 65 25 Kap.

409 1279 33 21 Om
457 1279 87 28 dikning.

453 1330 48 28 18.

166 1369 131 29 Jordegare,
321 1376 49 15 som
392 1370 36 22 för
451 1370 81 28 odling
556 1370 53 21 eller
628 1370 139 28 förbättring
784 1368 25 22 af
823 1368 35 22 sin

96 1403 64 21 mark
184 1404 39 21 vill
243 1403 100 22 derifrän
359 1404 73 21 afleda
446 1407 98 23 vattnet,
560 1412 54 14 vare
631 1404 126 28 berättigad
772 1405 33 19 att
822 1402 36 22 för

97 1437 127 22 ändamälet
239 1438 68 28 lägga
317 1438 64 22 täckt
391 1438 54 22 eller
457 1441 70 26 öppet
538 1439 52 21 dike
603 1446 81 21 genom
697 1444 86 16 annans
795 1444 62 22 egor,
