1048 1631
223 103 11 20 2
517 102 61 23 N:o
592 104 20 22 6.

192 170 100 30 delning
315 171 14 21 &
352 170 29 22 de
403 170 253 30 betalningsskyldige,
673 177 50 15 som
737 170 40 22 för
790 170 165 29 prestaflönin-

192 212 58 21 gens
275 205 132 28 utgörande
429 205 83 22 blifvit
534 205 127 21 faststälda
683 204 58 22 eller
763 204 57 29 eljes
843 208 39 18 äro
905 205 49 29 gäl-

191 239 77 28 lande,
295 239 129 28 hvarjemte
450 239 182 28 församlingens
659 241 70 26 prest,
753 246 50 15 som
825 239 99 22 innehar
945 239 10 22 i

192 273 91 22 mantal
305 275 48 20 satt
375 273 106 28 boställe,
497 273 73 22 borde
586 273 96 29 deltaga
697 273 8 21 i
723 273 154 29 betalningen
893 273 62 22 efter

192 307 123 22 boställets
331 307 90 22 manta]
435 309 60 20 samt
511 307 76 29 öfrige
597 309 92 28 prester
699 307 76 29 enligt
785 314 88 15 samma
883 314 72 22 grun-

193 342 47 27 der,
263 349 50 14 som
336 341 73 22 andra
427 341 306 29 församlingsmedlemmar
747 344 59 19 utan
821 342 49 21 fast
885 349 69 20 egen-

194 376 64 27 dom;
275 376 44 22 och
335 376 75 22 skulle
425 376 139 29 uppbörden
580 376 144 29 ombesörjas
740 376 27 22 af
776 375 177 30 församlingen.

192 410 101 29 Förslag
314 410 39 22 till
374 410 118 29 reglering
514 411 76 21 skulle
612 414 119 25 uppgöras
747 411 14 21 å
776 410 177 29 kyrkostämma

194 445 60 22 efter
277 445 40 21 det
339 445 85 29 frägan
440 445 80 22 derom
535 445 166 22 underkastats
717 445 131 29 beredning
863 445 27 22 af
903 445 52 22 der-

193 479 38 22 till
253 479 14 22 &
289 479 176 29 kyrkostämma
487 479 101 23 utsedda
609 487 112 21 personer
744 479 45 22 och
806 479 148 29 kyrkostäm-

194 521 65 14 mans
282 513 79 22 beslut
382 513 156 23 underställas
552 517 161 25 guvernörens
728 513 119 29 pröfning.
877 514 77 21 Innan

194 543 97 26 ärendet
310 547 27 22 af
350 550 146 26 guvernören
513 548 93 29 afgöres
623 547 76 22 skulle
714 547 48 22 han
778 547 50 22 deri
843 547 57 22 höra
915 555 39 14 ve-

192 582 149 22 derbörande
356 581 150 30 domkapitel.

262 617 186 29 Tfrägavarande
470 618 90 28 förslag
581 617 45 23 har
647 618 67 22 Hans
733 617 134 29 Kejserliga
882 617 73 28 Maje-

192 643 51 30 stät
259 651 65 22 velat
341 651 97 22 härmed
456 652 144 21 öfverlemna
610 652 38 21 till
660 651 142 22 Ständernas
814 647 140 37 antagande.

403 825 83 26 Förslag
509 825 28 21 till
554 824 62 27 Nädig
632 824 117 27 förordning
766 823 107 28 angående
888 824 66 27 regle-

334 865 43 26 ring
400 865 21 21 af
443 865 133 22 klockarenes
598 865 38 22 och
660 864 163 27 orgelnisternes
843 864 110 27 aflöning
942 860 15 36 i

334 905 80 22 landets
430 905 234 27 evangelisk-lutherska
678 905 151 27 församlingar.

550 975 13 25 8
582 976 17 19 1.

264 1012 161 22 Klockarenes
447 1013 45 22 och
514 1013 183 30 orgelnisternes
721 1013 8 21 i
748 1012 92 22 landets
857 1019 99 22 evange-

195 1046 177 22 lisk-lutherska
401 1047 167 30 församlingar
598 1047 105 28 aflöning
722 1047 67 28 skall,
813 1047 40 21 der
876 1046 20 29 ej
920 1047 36 21 sä-

196 1081 58 21 dant
276 1081 73 22 redan
364 1081 69 29 skett,
449 1082 63 21 inom
528 1083 12 21 5
556 1083 26 21 &r
597 1077 105 26 härefter
717 1081 103 28 regleras
837 1081 74 28 enligt
927 1081 28 21 de

196 1115 109 28 grunder,
322 1123 50 14 som
387 1115 8 22 i
411 1115 76 23 denna
502 1116 140 29 förordning
658 1116 103 28 stadgas.

552 1197 12 27 8
581 1198 19 20 2.

265 1237 100 28 Förslag
375 1236 37 22 till
422 1236 118 30 reglering
550 1236 61 22 skall
621 1236 142 29 uppgörasä
773 1236 184 28 kyrkostämma,

196 1271 61 21 efter
280 1270 40 22 det
342 1271 85 29 frägan
443 1271 78 22 derom
536 1270 168 22 underkastats
719 1270 130 29 beredning
865 1270 28 22 af
906 1270 50 21 der-

195 1305 38 22 till
257 1306 14 21 &
285 1305 177 29 kyrkostämma
476 1305 100 22 utsedda
592 1312 117 22 personer.
743 1304 212 29 Kyrkostämmans

197 1340 78 22 beslut
289 1339 62 22 skall
365 1339 156 23 underställas
537 1343 160 25 guvernörens
713 1339 114 29 pröfning
837 1338 44 22 och
892 1339 65 28 förty

194 1374 73 29 jemte
289 1374 174 29 handlingarna
482 1374 8 21 i
506 1374 96 22 ärendet
618 1374 38 21 till
671 1376 148 26 guvernören
834 1373 122 27 insändas;

197 1408 43 22 och
263 1409 39 21 mä
324 1408 258 29 församlingsmedlem,
606 1416 50 14 som
680 1415 68 15 anser
767 1408 38 28 sig
819 1408 80 21 dertill
914 1414 44 22 ega
