1048 1631
313 100 30 22 U.
359 100 25 22 B.
400 112 27 4 —
442 100 75 28 Prop.
534 100 42 22 N:o
592 100 34 22 14.

348 303 244 28 Reservationer.

464 365 19 22 I.

162 421 49 22 Den
232 421 226 29 tilläggsbestämning,
482 429 46 14 som
544 423 116 20 utskottets
675 422 69 21 flertal
760 421 67 22 infört
844 423 7 19 i

92 463 75 14 senare
190 459 116 18 momentet
327 455 23 22 af
372 457 12 20 5
400 456 15 27 &
431 456 40 21 och
487 456 68 28 enligt
569 456 88 21 hvilken
673 455 93 22 domstol
781 455 69 22 under

93 490 57 21 vissa
172 490 178 27 förutsättningar
365 497 51 14 vore
432 489 120 29 berättigad
568 493 32 18 att
614 490 71 28 jämka
699 490 79 28 jämväl
793 490 56 21 afta-

93 524 45 21 ladt
152 524 87 27 arvode,
255 524 72 21 kunna
342 524 174 21 undertecknade
532 525 18 28 ej
566 524 120 28 godkänna.

162 558 48 21 Har
231 558 121 28 fullmäktig
369 558 34 21 vid
426 558 107 29 ingående
556 559 23 20 af
600 558 51 22 aftal
674 566 33 13 om
727 558 80 22 arvode
822 558 28 28 på

93 592 92 29 oredligt
200 594 43 20 sätt
259 592 105 28 begagnat
379 593 33 27 sig
427 593 22 20 af
465 593 188 21 hufvudmannens
669 593 132 28 okunnighet
817 593 34 20 för

93 630 32 18 att
146 627 112 21 tillskansa
279 627 33 28 sig
334 630 31 18 ett
384 627 93 28 oskäligt
493 627 85 28 belopp,
594 627 41 21 kan
652 627 76 22 sådant
744 627 106 22 missbruk

94 661 79 21 beifras
196 661 24 21 af
239 661 91 21 domstol
347 661 64 21 äfven
427 665 50 17 utan
494 664 32 19 att
541 661 73 22 därom
629 661 106 22 behöfver
749 661 102 21 särskildt

93 695 93 28 stadgas.
215 690 32 27 Är
270 695 172 28 bestämningens
467 696 57 28 syfte
547 696 47 21 åter
608 699 32 18 att
654 696 61 28 gifva
730 695 120 22 domstolen

93 732 43 19 rätt
150 733 32 18 att
197 730 66 21 ändra
278 730 75 21 aftalet
368 730 64 21 äfven
449 730 28 21 då
492 730 77 21 sådant
584 731 68 28 enligt
666 731 106 20 allmänna
785 731 64 20 rätts-

92 764 138 29 grundsatser
245 764 48 22 icke
309 765 67 20 skulle
393 765 71 20 kunna
475 765 45 25 ske,
529 765 89 21 innebär
628 765 59 21 detta
698 772 26 14 en
735 764 113 21 inskränk-

92 799 52 28 ning
166 800 5 19 i
195 799 163 26 aftalsfriheten,
382 806 47 14 som
445 799 68 28 enligt
529 799 37 21 vår
581 799 65 21 tanke
661 799 78 21 saknar
753 799 96 21 tillräck-

92 833 43 28 liga
156 833 52 21 skäl.
239 833 114 21 Dessutom
369 835 23 19 är
407 833 37 21 det
459 833 123 28 föreslagna
597 833 129 28 stadgandet
741 832 108 22 såtillvida

92 867 100 28 ensidigt,
210 870 31 18 att
255 867 118 21 detsamma
389 867 48 21 icke
452 871 61 24 tager
529 867 70 28 någon
615 867 81 29 hänsyn
712 867 32 21 till
760 867 37 21 det
812 867 39 21 fall

93 905 31 18 att
140 901 64 22 äfven
221 902 118 27 fullmäktig
355 902 48 27 kan,
419 901 27 29 på
461 901 70 29 grund
547 902 23 21 af
581 903 91 27 oriktiga
682 901 111 30 uppgifter
803 901 46 21 från

92 936 187 21 hufvudmannens
302 936 53 27 sida,
379 936 66 21 hafva
460 937 107 27 misstagit
582 937 33 27 sig
630 943 33 14 om
679 936 37 21 det
731 936 49 21 med
797 943 54 21 upp-

92 970 76 28 draget
182 971 104 20 förenade
302 971 93 21 arbetets
412 970 88 28 omfång
516 971 41 21 och
572 970 154 21 beskaffenhet.

162 1005 32 20 På
209 1004 62 22 dessa
287 1005 45 21 skäl
348 1005 23 20 få
386 1005 21 21 vi
423 1005 111 21 vördsamt
548 1005 120 20 hemställa:

367 1064 33 19 att
415 1062 255 27 tilläggsbestämningen
685 1062 10 20 i
708 1069 78 14 senare
801 1069 48 13 mo-

299 1099 81 19 mentet
399 1097 28 27 af
447 1098 14 19 5
483 1097 22 26 $,
523 1097 55 27 från
596 1097 39 20 och
652 1097 49 20 med
715 1097 67 20 orden
800 1096 52 21 »och

299 1131 68 28 hafva
383 1131 92 21 domstol
485 1131 90 27 jämväl
590 1131 72 21 makt»
678 1131 61 21 ända
754 1130 36 21 till
806 1137 44 14 mo-

299 1168 91 19 mentets
405 1166 51 26 slut,
472 1166 68 20 måtte
555 1172 29 14 ur
598 1165 255 28 författningsförslaget

300 1200 119 21 utlämnas.

162 1257 143 28 Helsingfors,
321 1257 41 21 den
379 1258 26 20 12
422 1264 55 14 mars
495 1258 61 20 1900.

163 1314 19 23 R.
198 1314 20 23 A.
235 1314 74 24 Wrede,
552 1314 66 23 Julius
635 1314 116 23 Grotenfelt.

162 1348 68 24 Albert
246 1348 113 29 Stigzelius.
550 1348 75 28 August
640 1347 97 23 Jusölius.

161 1458 134 22 Lagutskottets
307 1458 111 17 betänkande
430 1457 37 18 N:o
481 1458 18 16 6.
