1048 1631
43 729 13 19 8
73 735 19 14 0.
110 729 12 19 9
135 727 34 29 88.

220 92 28 19 84
421 90 23 22 U.
460 91 26 21 B.
502 104 27 3 —
547 90 72 29 Prop.
635 91 44 23 N:o
697 91 12 22 1

260 156 52 22 Den
333 156 52 23 nåd.
405 164 64 21 prop.
491 156 117 23 meddelar
629 156 172 30 bestämningar
823 157 118 28 angående

189 191 127 29 ersättning
337 192 51 21 icke
408 192 60 22 blott
488 192 35 21 för
545 192 65 29 dylik
628 200 84 21 genom
728 192 162 29 sjösänknings
908 195 34 19 ut-

188 227 96 22 förande
301 228 98 21 orsakad
415 228 76 21 direkt
506 229 77 24 skada,
600 231 56 19 utan
672 229 69 21 äfven
757 229 36 21 för
807 228 80 29 hvarje
898 228 44 22 för-

188 263 47 21 lust
255 263 24 21 af
300 263 55 22 eller
374 263 133 29 minskning
522 264 8 21 i
546 264 96 26 förmån,
659 271 49 14 som
724 264 7 21 i
747 264 59 28 följd
822 264 23 21 af
861 263 80 22 sådant

188 299 89 28 företag
295 299 138 28 tillskyndas
449 301 82 26 någon.

260 335 185 21 Vidkommande
469 335 108 22 särskildt
603 335 146 29 paragrafens
773 338 14 19 2
811 343 67 14 mom.
901 336 41 21 har

187 370 63 21 inom
265 371 121 21 Utskottet
402 371 115 21 anmärkts
534 373 33 19 att
582 371 70 27 tiden,
663 371 63 22 inom
737 371 94 22 hvilken
843 372 98 28 anspråk

187 407 30 27 på
233 406 199 29 skadeersättning
448 406 64 29 finge
528 407 91 26 väckas,
636 407 113 21 måhända
765 407 70 22 borde
846 407 8 21 i
865 409 77 26 någon

188 443 53 20 mån
262 441 124 30 förlängas,
407 443 140 28 exempelvis
567 443 34 21 till
620 445 39 19 två
675 445 30 24 år,
723 446 54 18 enär
793 443 28 21 de
837 443 105 29 skadliga

187 477 170 29 verkningarna
374 478 23 21 af
413 478 92 21 arbeten
521 479 86 21 sådana
618 486 49 14 som
678 479 41 20 här
729 479 212 28 ifrågakommande

188 515 99 26 mången
303 515 62 26 gång
381 513 57 22 först
454 513 58 22 efter
526 516 77 26 någon
619 514 45 21 tids
681 514 90 29 förlopp
782 514 77 21 blefve
868 515 74 20 märk-

187 549 61 22 bara.
280 549 56 21 Med
355 549 108 22 afseenda
482 550 54 21 derå
554 553 33 18 att
605 550 96 21 berörda
719 551 90 20 kortare
829 551 112 28 preskrip-

187 585 97 22 tionstid
299 585 73 28 gäller
387 585 59 22 blott
461 587 98 27 anspråk
575 588 29 27 på
616 586 103 28 tillfällig
729 586 134 29 ersättning,
875 587 66 21 hvar-

188 623 61 19 emot
267 621 145 22 beträffande
427 622 73 28 öfriga
513 622 238 29 ersättningsanspråk
768 623 45 20 den
825 622 116 22 allmänna

187 657 78 21 tio-års
281 657 183 28 preskriptionen
481 657 121 29 tillämpas,
621 658 41 21 har
677 658 121 21 Utskottet
814 658 59 21 dock
888 658 51 21 icke

187 693 78 21 funnit
281 693 49 21 skäl
346 693 35 21 till
397 693 96 28 ändring
510 693 23 22 af
548 693 175 29 ifrågavarande
739 694 134 28 stadgande.

258 728 28 29 88
297 731 13 19 8
323 729 42 21 och
377 731 19 19 9.
414 729 126 28 Angående
551 729 156 22 beräknandet
719 729 24 22 af
755 729 44 22 den
810 729 70 27 lösen,
890 737 50 14 som

186 764 141 21 tillkommer
340 772 67 20 egare
421 765 23 21 af
457 765 141 26 vattenverk,
613 765 29 22 då
657 765 63 21 detta
731 765 104 26 utrifves,
845 766 95 28 stadgas

185 799 35 22 uti
237 801 58 20 1868
317 802 35 19 års
372 800 135 29 förordning
524 803 34 18 att
573 801 70 21 sådan
660 801 64 21 lösen
741 801 58 21 skall
815 803 56 26 utgå
886 801 54 22 med

185 835 170 29 kapitalvärdet
371 836 23 21 af
409 837 91 20 verkets
515 836 173 26 nettoinkomst,
699 837 124 20 uträknadt
834 837 57 21 efter
904 837 36 21 för

185 871 65 22 tiden
266 872 107 28 gällande
389 872 104 22 räntefot.
519 872 92 21 Samma
626 872 216 29 beräkningsgrund
859 872 82 23 tilläm-

186 914 48 21 pas,
252 907 29 22 då
297 907 72 22 sådan
385 908 96 28 ändring
497 908 24 21 af
536 909 80 20 verket
632 913 25 16 är
672 908 78 28 nödig,
767 911 33 18 att
816 916 28 13 en
856 908 84 22 minsk-

185 943 57 28 ning
263 943 8 21 i
292 943 52 22 dess
366 943 100 22 afkomst
486 944 64 21 deraf
570 943 44 22 blir
629 943 94 29 följden.
756 944 40 21 Uti
813 944 126 21 sistnämda

186 979 41 21 fall
246 979 47 21 kan
313 987 84 20 egaren
417 979 51 22 icke
487 980 58 28 yrka
564 982 30 26 på
614 982 34 19 att
669 980 80 21 verket
769 980 58 21 skall
846 980 92 26 inlösas,

186 1015 75 21 derest
278 1015 39 21 det
332 1015 51 22 icke
399 1015 84 22 blifver
498 1015 36 22 för
549 1015 40 22 sitt
605 1015 106 22 ändamål
727 1015 162 22 oanvändbart.

256 1051 54 21 Den
325 1051 52 21 nåd.
389 1059 63 20 prop.
466 1051 126 22 innehåller
603 1051 34 22 uti
650 1051 150 22 förevarande
811 1056 66 17 ämne
889 1052 49 21 här-

184 1087 61 20 ifrån
255 1087 89 28 ganska
352 1087 124 22 afvikande
483 1087 178 29 bestämningar.
684 1087 79 29 Enligt
772 1088 133 21 densamma
913 1092 26 17 är

184 1122 118 29 nämligen
317 1123 169 21 fastställandet
501 1123 23 21 af
539 1123 76 22 lösens
631 1123 84 29 belopp
733 1123 168 22 öfverlemnadt
915 1126 24 19 åt

184 1159 185 21 vederbörandes
388 1159 43 21 fria
447 1160 117 28 pröfning;
586 1160 43 21 och
644 1160 43 20 bör
703 1160 82 22 dervid
801 1160 90 28 hänsyn
907 1162 31 19 ta-

183 1202 42 21 gas
241 1194 20 29 ej
279 1195 60 21 blott
354 1195 35 21 till
405 1195 199 26 nettoafkomsten,
621 1195 96 22 hvilken
731 1196 79 21 vexlar
820 1195 52 21 med
883 1196 55 21 kon-

181 1230 154 28 junkturerna
356 1231 43 21 och
419 1231 62 28 förty
501 1231 125 29 ingalunda
648 1231 65 21 alltid
733 1234 68 26 utgör
821 1239 29 13 en
872 1232 67 20 säker

184 1269 116 25 exponent
315 1266 36 21 för
367 1274 28 13 en
411 1266 120 22 industriel
547 1267 153 29 anläggnings
717 1267 76 25 värde,
810 1269 55 19 utan
881 1266 57 29 jem-

183 1301 38 21 väl
241 1301 36 21 till
300 1302 73 28 öfriga
394 1302 164 26 förhållanden,
579 1310 49 14 som
652 1303 82 21 härvid
750 1303 78 21 kunna
844 1310 55 14 vara
914 1303 25 21 af

182 1336 127 29 betydelse.
341 1338 12 20 I
375 1338 38 21 det
433 1338 47 26 fall,
503 1338 28 22 då
551 1339 113 28 utrifning
685 1339 24 21 af
727 1339 59 21 visst
801 1339 136 21 vattenverk

182 1372 51 22 icke
249 1377 26 17 är
291 1373 24 21 af
329 1374 83 25 nöden,
429 1377 55 18 utan
500 1374 38 22 det
554 1375 96 21 afsedda
662 1375 129 21 ändamålet
801 1375 46 21 kan
855 1374 83 22 vinnas

258 1415 212 19 Vattenrättsutskottets
483 1416 116 19 betänkande
611 1416 37 19 N:o
661 1417 16 18 1.
