1048 1631
306 103 28 22 U.
350 103 27 21 B.
394 115 25 3 —
436 103 73 27 Prop.
525 102 41 23 N:o
582 104 20 20 2.
777 104 26 21 21

78 172 119 21 kontrollen
212 172 77 21 blifver
307 172 78 21 lättare
400 172 39 21 och
456 172 33 21 för
504 172 180 21 konsumenterna
699 173 83 21 mindre
798 172 36 21 be-

78 206 105 27 tungande
199 208 55 20 samt
266 204 47 24 icke
329 207 76 27 drager
419 206 93 21 handeln
528 207 22 20 in
565 207 28 26 pä
608 206 33 21 för
655 207 74 20 landet
736 206 98 27 skadliga

78 241 90 27 afvägar.

144 275 41 22 Om
207 281 49 15 man
278 275 127 27 uppskattar
429 275 123 28 betydelsen
575 275 23 22 af
618 275 164 28 ifrägavarande
801 274 33 21 för

78 309 124 26 jordbruket
224 310 91 21 erkändt
339 309 80 28 viktiga
433 309 238 22 konsumtionsartiklar
686 309 55 22 efter
757 309 77 26 impor-

78 346 44 19 tens
144 344 73 26 värde,
241 343 24 22 sä
287 344 72 27 intaga
389 344 146 21 fodermedlen
562 344 90 21 främsta
672 345 92 20 rummet
787 343 47 21 med

78 379 112 26 2,216,142
208 378 67 26 mark,
287 378 87 21 dernäst
383 379 202 27 gödslingsämnena
595 379 48 20 med
653 378 113 28 1,362,668
775 377 60 22 mark

78 413 36 21 och
137 413 100 26 slutligen
260 412 125 21 frövarorna
406 413 49 21 med
479 413 114 26 1,056,518
616 413 66 21 mark.
713 412 45 21 Allt
780 412 55 21 efter

78 447 162 27 Tulistyrelsens
264 447 116 21 berättelse
403 447 34 21 för
460 447 63 22 1898.
553 447 49 22 Men
622 447 73 21 härvid
712 449 24 19 är
752 449 32 19 att
800 447 34 20 be-

78 481 78 24 märka,
180 483 32 19 att
227 481 6 21 i
250 481 41 21 den
314 481 107 21 allmänna
443 481 94 22 handeln
555 482 48 21 med
618 481 140 28 konstgjorda
773 481 61 26 göds-

78 515 130 27 lingsämnen
231 515 40 22 och
292 515 97 22 frövaror
403 515 133 22 förekomma
552 516 120 27 betydande
686 516 102 26 mängder
803 515 31 21 in-

78 549 81 22 hemskt
174 549 93 27 benmjöl
283 550 39 21 och
337 550 122 27 timotejfrö,
471 550 112 22 hvaremot
592 551 57 21 inom
660 551 73 20 landet
741 549 92 22 beredda

78 583 128 22 fodermedel
228 584 23 21 sä
275 584 52 27 godt
349 590 45 15 som
417 584 46 22 icke
487 585 41 20 alls
544 587 38 20 äro
597 585 89 21 föremål
701 585 34 20 för
751 584 82 21 handel.

78 618 70 27 Enligt
162 618 213 27 Industristyrelsens
391 619 116 21 berättelse
523 619 34 21 för
574 619 55 21 1896
644 619 92 26 uppgick
752 619 41 20 den
802 618 30 21 in-

78 652 85 22 hemska
186 653 269 27 benmjölstillverkningen
477 653 32 21 till
535 654 113 27 1,532,537
670 653 47 26 kgr.
740 653 48 21 med
803 654 32 19 ett

78 687 61 21 värde
155 687 23 22 af
192 687 67 21 omkr.
275 688 94 27 206,000
383 688 71 26 mark;
471 688 39 21 och
527 688 65 22 sedan
604 688 97 27 odlingen
712 687 23 22 af
741 687 93 26 timotej-

78 721 29 21 frö
130 722 30 21 till
185 721 76 27 afsalu,
283 722 142 27 synnerligast
440 722 8 21 i
463 718 147 31 Österbotten,
625 722 68 21 under
709 724 85 19 senaste
810 721 23 21 år

78 755 21 22 så
114 756 95 27 tilltagit,
224 757 33 20 att
272 756 51 21 våra
338 756 137 22 fröhandlare
484 763 90 15 numera
582 758 78 26 ytterst
668 757 67 20 sällan
744 756 91 21 beordra

78 790 73 21 sådant
165 791 33 21 frö
214 791 47 21 från
277 791 105 26 utlandet,
398 792 61 20 torde
474 797 50 15 man
533 792 86 21 komma
627 791 116 26 sanningen
752 790 83 27 ganska

78 826 49 19 nära
143 831 33 14 om
193 831 55 20 man,
264 825 134 21 beträffande
414 825 125 28 betydelsen
555 825 23 22 af
591 826 62 21 dessa
664 825 88 22 artiklar
763 825 70 21 såsom

78 859 138 21 handelsvara
231 859 38 21 hos
285 865 41 20 oss,
343 859 105 22 likställer
463 860 48 21 dem
528 860 43 21 alla
585 862 39 19 tre.
648 860 103 21 Deremot
759 861 38 19 äro
808 859 26 21 de

78 893 32 21 två
132 893 153 27 förstnämnde,
308 893 52 22 eller
379 894 140 27 konstgjorda
535 894 186 27 gödslingsämnen
737 893 39 22 och
792 893 43 21 frö-

78 933 66 21 varor,
166 927 50 22 vida
239 934 45 15 mer
299 928 7 21 i
323 928 65 21 behof
409 928 23 21 af
454 928 102 26 kontroll,
572 930 27 19 än
615 929 27 20 de
656 928 94 22 beredda
764 927 70 22 foder-

78 962 88 26 medlen,
182 962 83 21 derföre
282 965 32 18 att
329 963 37 20 det
381 965 24 19 är
421 963 58 21 svårt
495 963 41 21 och
552 963 6 21 i
574 963 27 21 de
616 962 60 22 flesta
691 962 38 21 fall
738 962 97 27 omöjligt

78 996 30 21 för
132 997 36 20 det
191 998 58 20 stora
271 997 94 21 flertalet
383 997 155 22 konsumenter
554 1000 32 19 att
600 997 74 27 pröfva
689 996 104 21 huruvida
809 996 26 21 de

78 1030 137 22 förenämnde
223 1031 117 21 artiklarne
346 1033 37 19 äro
392 1031 22 22 af
421 1031 82 27 fullgod
512 1031 148 22 beskaffenhet
668 1031 51 21 eller
728 1030 107 22 öfverens-

78 1067 89 19 stämma
190 1065 131 21 beträffande
348 1066 135 21 verksamma
510 1065 163 22 beståndsdelar
695 1065 48 22 med
765 1065 70 26 gjordt

78 1099 56 26 aftal,
150 1099 113 22 hvaremot
278 1100 26 20 de
319 1100 95 21 beredda
429 1100 161 21 fodermedlens
601 1100 65 21 värde
677 1100 69 21 såsom
756 1099 79 22 sådana

78 1133 60 22 äfven
154 1136 51 20 utan
220 1133 57 28 hjelp
293 1134 23 21 af
330 1134 252 28 fackmannakunskaper
598 1135 39 21 och
648 1134 104 22 särskilda
760 1135 75 20 inrätt-

78 1168 72 27 ningar
174 1168 72 22 kunna
268 1168 24 22 af
313 1169 94 27 köparen
423 1169 110 21 bedömas.
565 1170 65 20 Detta
645 1169 81 21 faktum
742 1168 94 27 framgår

78 1202 59 22 äfven
160 1202 67 28 deraf,
250 1205 32 19 att
304 1203 26 21 de
353 1203 215 22 förhandenvarande
590 1203 246 22 kontrollanstalterna
825 1198 15 37 i

78 1237 82 27 mycket
175 1237 60 27 ringa
250 1238 53 26 grad
319 1237 22 21 af
355 1238 125 21 förbrukare
497 1238 40 21 och
553 1238 121 21 handlande
685 1238 108 21 användas
802 1236 33 22 för

78 1271 91 21 kontroll
194 1271 22 21 af
238 1272 94 21 beredda
355 1272 139 21 fodermedel.
526 1272 141 27 Synnerligen
691 1274 54 19 stort
763 1274 24 18 är
803 1271 34 21 väl

78 1305 62 22 också
159 1305 47 22 icke
225 1306 83 21 antalet
322 1306 121 22 inlemnade
458 1306 50 27 prof
521 1306 30 27 på
567 1307 26 20 de
609 1307 66 21 andra
689 1312 28 15 nu
732 1305 105 27 ifrågava-

78 1340 64 21 rande
165 1340 126 27 artiklarne,
314 1347 48 15 men
387 1340 54 22 dock
458 1341 107 27 betydligt
580 1342 69 20 större
664 1342 25 19 än
705 1340 89 27 profven
810 1339 27 27 på

78 1374 92 22 beredda
185 1374 139 22 fodermedel.
355 1375 40 21 Vid
411 1375 232 21 kontrollstationerna
658 1375 7 21 i
680 1369 47 27 Åbo
738 1374 40 22 och
787 1374 50 21 Hel-

78 1409 90 26 singfors
191 1409 131 21 inlemnades
346 1410 107 26 nämligen
476 1410 70 20 under
570 1410 23 20 år
613 1410 54 21 1899
682 1408 155 26 sammanlagdt

147 1454 183 18 Ekonomiutskottets
343 1455 111 17 betänkande
466 1454 35 18 N:o
513 1455 18 17 3.
