1048 1631
191 124 12 18 6
402 123 29 22 U.
448 124 26 21 B.
491 136 28 3 —
535 124 74 28 Prop.
627 124 39 22 N:o
683 123 22 23 6.

473 467 193 28 Reservation.

261 547 122 22 Utskottets
399 548 80 28 förslag
495 549 31 20 till
542 548 205 28 sammanjemkning
764 547 130 22 beträffande
910 549 13 20 4
935 549 11 26 $

189 581 90 21 innebär
295 589 24 14 en
336 583 71 26 saklig
422 582 96 28 ändring,
529 582 87 21 hvilken
628 582 47 21 icke
687 582 72 21 blifvit
770 582 23 21 af
803 582 64 27 något
879 581 66 22 Stånd

190 615 103 22 besluten.
324 616 73 28 Enligt
414 617 38 20 vår
467 617 54 27 åsigt
537 616 55 21 hade
611 616 232 28 sammanjemkningen
859 616 65 21 äfven
940 617 6 20 i

190 649 58 22 detta
265 651 37 20 fall
319 651 47 20 bort
386 653 105 26 uppgöras
507 651 67 28 enligt
589 655 48 17 rent
652 651 102 28 formella
769 651 93 28 grunder
878 664 26 2 —
921 658 25 13 en

189 685 84 28 princip
296 685 86 21 hvilken
406 685 104 22 härintills
534 686 4 20 i
563 685 70 28 regeln
656 685 21 21 af
694 685 115 21 Utskotten
826 685 121 28 tillämpats.

189 718 49 21 Och
254 719 28 21 dä
298 719 257 27 utskottsbetänkandets,
570 719 48 22 med
634 719 41 21 den
692 719 78 28 nädiga
786 720 159 27 propositionen

189 753 5 20 i
211 753 124 22 hufvudsak
351 753 233 22 öfverensstämmande
600 754 139 27 formulering
750 753 23 21 af
783 753 163 28 ifrågavarande

189 787 100 28 paragraf
313 788 71 21 blifvit
407 789 22 20 af
452 788 157 29 Ridderskapet
631 788 40 21 och
688 787 69 22 Adeln
773 791 55 18 sami
843 788 104 27 Borgare-

189 821 86 22 ståndet
297 822 108 28 godkänd,
429 831 47 12 men
499 823 85 21 Preste-
600 823 40 21 och
664 822 173 21 Bondeständets
853 821 93 22 härifrån

188 855 118 22 afvikande
323 857 70 20 beslut
408 859 36 18 äro
458 857 134 21 sinsemellan
604 857 128 28 skiljaktiga,
744 856 60 21 torde
815 855 131 22 sistnämnda

188 893 80 18 tvenne
284 890 67 21 Ständ
369 891 49 20 böra
435 891 98 28 inbjudas
549 894 30 18 att
595 894 78 25 antaga
688 892 13 19 4
718 891 11 27 $
746 891 66 28 enligt
824 890 121 22 Utskottets

188 923 147 28 betänkande;
350 924 88 22 hvarför
454 926 20 20 vi
491 925 67 21 tilläta
574 933 35 13 oss
626 925 108 21 vördsamt
750 925 110 21 hemställa

465 996 32 19 att
511 994 334 27 sammanjemkningsförslaget
859 994 66 20 måtte
937 993 10 20 i

396 1029 79 27 antydt
485 1029 100 27 afseende
602 1029 34 20 till
658 1028 103 21 Utskottet
771 1027 175 22 äterremitteras.

258 1124 67 24 Marik
341 1131 35 18 von
393 1125 100 30 Knorring.
707 1125 39 23 Elis
763 1125 115 28 Furuhjelm.
