1048 1631
339 90 30 22 U.
384 90 25 22 B.
428 102 28 4 —
471 90 75 28 Prop.
563 90 45 22 N:o
624 90 14 22 1
797 92 29 20 29

101 156 51 21 icke
176 157 26 20 så
221 157 83 27 många
323 158 72 19 röster
410 155 37 22 för
462 156 152 29 sänkningen,
631 163 53 14 vare
703 155 90 22 enskild
810 156 46 21 del-

102 199 68 22 egare
184 191 113 29 obetaget,
309 199 36 14 om
365 191 71 22 sådan
455 192 90 21 ändock
561 192 104 21 kommer
679 192 36 21 till
731 191 75 27 stånd,
822 194 35 19 att

102 227 36 22 för
154 227 36 22 sin
205 227 37 22 del
258 227 49 22 deri
323 227 98 29 deltaga.

455 301 13 19 3
484 299 20 28 8.

174 346 119 29 Sänkning
312 346 23 21 af
351 346 137 29 vattendrag
504 346 36 21 får
554 346 52 22 icke
622 347 92 26 tillåtas,
731 354 37 14 om
784 347 71 21 sådan

102 383 46 21 kan
171 382 89 22 befaras
284 382 95 21 inverka
395 382 96 29 menligt
506 384 31 27 på
552 382 105 21 klimatet
672 382 55 22 eller
742 382 114 22 allmänna

103 418 192 22 helsotillståndet
311 418 55 21 eller
381 418 62 21 vålla
458 418 70 28 farlig
544 417 194 30 öfversvämning.

174 454 97 21 Pröfvas
293 453 144 29 sänkningen
457 454 111 26 medföra,
586 457 34 18 att
635 454 42 21 far-
694 454 55 22 eller
764 454 92 22 flottled

102 490 24 21 af
142 490 147 29 betydenhet,
305 490 75 26 kanal,
397 490 124 26 slussverk,
539 491 71 21 hamn
622 491 53 20 eller
686 498 75 14 annan
772 489 85 23 anstalt

102 527 37 21 för
154 526 150 22 samfärdseln
319 526 8 21 i
344 526 51 28 sjön
411 526 56 21 eller
477 526 95 21 dermed
584 526 124 22 förbundet
718 526 137 29 vattendrag

102 562 45 22 blir
170 562 114 22 obrukbar
307 562 55 21 eller
385 562 122 21 försämras
530 563 55 21 eller
600 562 81 29 tjenlig
697 562 108 29 lägenhet
820 562 36 21 för

103 599 53 21 dess
178 598 129 21 inrättande
330 600 41 26 går
392 598 107 26 förlorad,
516 598 56 21 eller
588 601 33 18 att
634 598 97 29 jernväg
747 598 55 21 eller
817 598 39 21 all-

102 638 54 18 män
171 637 45 25 väg
240 634 55 21 eller
309 634 41 21 bro
367 636 64 26 tager
447 634 72 21 skada
536 634 55 21 eller
606 634 42 21 bör
663 634 89 26 ändras,
768 636 88 19 vatten-

103 670 95 28 ledning
220 670 24 21 af
266 670 143 28 betydenhet
434 670 130 27 försämras,
591 670 206 29 vattentillgången
820 670 36 21 för

102 708 77 27 någon
195 708 35 19 ort
245 705 145 29 väsentligen
405 705 122 26 försvåras,
544 706 86 29 vigtigt
645 706 59 21 fiske
715 706 58 21 lider
783 706 72 21 märk-

103 743 33 28 lig
152 742 71 22 skada
239 742 54 21 eller
309 742 144 28 betydligare
469 749 53 14 men
538 742 36 21 för
591 742 39 21 det
653 742 113 21 allmänna
789 741 68 29 eljest

103 779 101 28 uppstår,
229 777 28 22 då
279 777 59 22 skall
354 778 43 21 ock
413 781 82 25 vägras
511 777 106 22 tillstånd
632 777 35 22 till
683 778 118 28 företaget,
818 785 37 14 om

102 814 52 22 icke
178 814 51 21 dess
252 816 67 26 nytta
340 813 75 22 finnes
434 821 55 14 vara
505 816 48 19 stor
569 815 43 20 och
628 814 8 21 i
651 814 79 28 hvarje
746 813 109 22 händelse

103 850 126 28 öfverstiga
244 850 71 21 sådan
331 850 128 28 olägenhet.

454 927 16 22 4
485 927 20 29 8.

172 975 52 20 Kan
248 974 21 29 ej
294 975 137 28 vattendrag
455 975 90 26 sänkas,
570 977 56 19 utan
649 977 33 19 att
701 974 102 29 lagligen
818 974 37 21 be-

103 1011 94 21 stående
213 1011 136 21 vattenverk
364 1010 97 22 utrifves
478 1011 56 21 eller
551 1011 67 28 eljest
633 1011 157 28 onyttiggöres
801 1010 55 21 eller

102 1047 115 28 undergår
235 1047 71 20 sådan
324 1046 97 29 ändring
439 1046 35 21 till
492 1047 59 28 läge,
566 1046 98 28 fallhöjd,
678 1046 177 28 vattentillgång

103 1082 55 22 eller
180 1082 163 21 beskaffenhet
360 1082 8 21 i
388 1082 76 29 öfrigt,
481 1085 33 18 att
531 1082 128 22 detsamma
673 1082 129 25 försämras,
819 1083 38 20 må

102 1117 104 22 tillstånd
222 1117 35 22 till
273 1117 114 30 sänkning
403 1118 20 28 ej
440 1117 107 29 beviljas,
564 1120 25 19 så
601 1118 69 21 framt
679 1117 52 22 icke
741 1117 82 22 värdet
833 1117 23 21 af

100 1154 191 29 jordförbättring
307 1154 43 22 och
366 1154 145 28 tillandning,
529 1162 49 14 som
594 1162 83 21 genom
693 1154 72 22 sådan
775 1153 81 29 åtgärd

102 1190 89 25 vinnes,
215 1194 24 17 är
260 1190 71 21 minst
347 1190 97 21 dubbelt
459 1192 25 19 så
500 1192 49 20 stor
564 1198 50 14 som
629 1190 91 22 verkets
737 1189 55 22 eller
807 1196 48 14 ver-

102 1226 57 21 kens
182 1226 70 21 värde
276 1226 61 26 eller,
359 1226 8 21 i
386 1226 40 21 fall
443 1225 23 22 af
481 1226 106 28 ändring,
605 1226 44 22 den
666 1226 35 21 del
718 1225 71 26 deraf,
806 1232 49 14 som

102 1264 42 26 går
166 1262 105 21 förlorad.
303 1262 81 22 Under
406 1262 57 22 verk
482 1262 134 29 inbegripes
635 1262 68 21 äfven
719 1262 44 21 den
779 1260 77 22 dertill

102 1298 101 21 hörande
218 1298 177 21 vattenkraften.

172 1333 69 21 Hvad
263 1333 9 21 i
296 1333 63 21 detta
382 1334 86 28 kapitel
489 1336 53 26 sägs
559 1341 38 14 om
612 1334 143 25 vattenverk,
771 1332 61 29 gälle
848 1332 8 21 i

102 1369 136 29 tillämpliga
254 1369 63 21 delar
332 1369 123 26 fiskeverk,
471 1369 234 29 bevattningsanstalt
721 1369 44 22 och
780 1376 76 14 annan

177 1411 210 19 Vattenrättsutskoltets
401 1411 116 19 betänkande
532 1411 36 19 N:o
582 1412 16 18 1.
