1048 1631
439 106 44 21 N:o
499 108 20 20 6.
819 107 12 19 3

100 175 48 28 fog,
167 174 54 23 med
235 174 121 29 skriftliga
370 174 159 29 påminnelser
544 176 50 20 mot
609 174 102 22 beslutet
725 174 37 22 till
777 180 84 22 guver-

100 212 74 19 nören
195 209 120 22 inkomma
331 208 64 22 inom
413 208 82 22 trettio
512 208 76 29 dagar
604 209 60 21 efter
679 208 45 22 den
740 208 30 22 då
785 207 76 22 beslu-

100 245 36 19 tet
153 243 55 22 från
222 243 159 29 predikstolen
396 243 154 29 kungjordes.
581 243 77 22 Innan
672 243 73 22 saken
760 242 100 29 afgöres,

100 277 57 22 höre
171 281 148 26 guvernören
334 277 50 22 deri
398 277 178 22 vederbörande
592 277 150 29 domkapitel.

169 312 90 22 Besvär
281 312 67 21 öfver
365 315 159 25 guvernörens
548 311 78 22 beslut
648 312 25 21 få
688 311 95 22 anföras
798 311 8 21 i
822 310 39 22 Se-

100 348 84 20 natens
199 345 300 29 Ekonomiedepartement.

151 408 2 2 —
168 381 52 21 Har
234 380 122 22 klockares
371 380 57 22 eller
443 380 127 29 orgelnists
587 380 104 28 aflöning
706 379 155 23 härförinnan

100 415 114 29 reglerats
236 423 85 21 genom
343 415 174 29 öfverhetligen
543 415 112 22 faststäld
678 414 115 29 förening,
811 421 50 14 som

102 449 219 22 Ofverensstämmer
343 449 53 22 med
418 450 166 28 stadgandena
599 450 9 21 i
622 449 77 22 denna
715 449 145 28 förordning,

102 484 92 22 anmäle
211 485 169 28 församlingen
399 485 80 21 derom
495 485 43 21 hos
554 487 148 26 guvernören
717 484 54 22 med
786 483 76 28 biläg-

100 518 78 29 gande
204 519 26 21 af
253 519 224 28 föreningsskriften
503 519 45 22 och
572 519 259 22 fastställelsebeslutet
853 517 8 21 i

102 553 93 29 styrkta
210 553 129 22 afskrifter.

457 624 12 25 8
487 625 18 19 3.

171 662 142 29 Aflöningen
329 661 60 22 skall
404 662 132 22 fastställas
547 663 9 21 i
566 662 131 29 penningar
708 661 38 22 till
755 661 60 22 visst
823 661 38 22 be-

102 697 62 28 lopp,
175 696 100 23 hvarvid
286 697 110 21 afseende
407 697 43 21 bör
460 697 75 22 fästas
546 697 31 28 pä
588 697 28 21 de
628 697 52 22 frän
690 696 171 28 församlingen

103 731 65 21 förut
182 731 118 28 utgäende
316 731 129 29 afgifterna
461 731 125 22 äfvensom
601 731 30 29 pä
647 731 174 28 omfattningen
837 730 27 21 af

103 765 138 22 klockarens
257 766 56 21 eller
329 766 155 28 orgelnistens
499 766 199 29 tjenstegöromäl.

171 798 35 23 Är
227 800 54 21 med
303 801 122 21 klockares
449 801 106 29 aflöning
579 801 99 21 förenad
697 801 123 21 förmänen
837 799 27 22 af

103 834 85 22 bostad
204 835 43 21 och
260 835 60 28 jord,
337 835 59 22 skall
411 835 48 21 han
473 835 42 22 vid
532 835 78 22 denna
620 835 93 22 förmän
725 834 136 22 bibehällas.

172 869 36 21 De
223 869 75 28 enligt
313 871 12 20 6
341 870 106 28 punkten
462 870 8 21 i
485 869 172 29 förordningen
668 869 45 22 den
724 872 13 19 8
747 868 115 22 Februari

106 905 52 20 1681
190 903 109 22 klockare
329 904 99 29 tillagda
458 904 100 29 afgifter
589 906 60 20 samt
673 903 115 22 matskott
818 901 44 23 och

104 937 73 22 andra
192 937 8 22 i
215 939 142 21 naturalster
371 938 57 22 eller
443 939 133 28 penningar
591 939 118 28 utgäende
723 937 140 29 lönebidrag

104 972 66 21 skola
193 972 104 22 deremot
315 973 8 20 i
338 973 148 28 regleringen
501 973 144 22 inberäknas
662 975 59 19 samt
737 971 126 23 framdeles

103 1007 113 28 upphöra.
234 1007 86 22 Likväl
334 1014 55 15 vare
404 1007 172 29 församlingen
591 1007 87 22 tillätet
689 1009 35 20 att
734 1007 129 22 bestämma

104 1041 102 22 särskild
223 1041 73 30 afgift
311 1042 36 21 för
361 1041 101 29 liksäng.
492 1042 85 22 Kallas
592 1042 110 21 klockare
719 1043 34 20 att
769 1040 94 23 biträda

103 1075 41 22 vid
159 1075 95 29 kyrklig
269 1076 145 29 förrättning
429 1079 40 19 ute
484 1077 8 20 i
508 1077 176 28 församlingen,
693 1083 56 15 vare
765 1075 48 22 han
824 1075 39 21 be-

104 1110 104 29 rättigad
231 1112 35 20 att
288 1111 27 21 af
336 1111 51 28 den,
413 1118 48 15 som
485 1111 61 22 hans
569 1111 179 28 tjenstebiträde
769 1109 94 28 anlitar,

103 1144 75 22 undfä
194 1145 131 29 ersättning
341 1145 60 22 efter
417 1145 247 23 öfverenskommelse.

459 1238 12 28 8
488 1240 19 19 4.

173 1277 47 21 Till
235 1277 76 29 grund
327 1278 37 21 för
380 1278 177 28 omsättningen
574 1278 26 21 af
614 1278 103 28 afgifter,
735 1284 49 14 som
799 1276 9 22 i
823 1284 40 14 na-

104 1312 112 21 turalster
230 1312 86 28 utgätt,
332 1312 61 21 skall
408 1312 84 28 läggas
507 1312 138 22 medeltalet
660 1312 26 21 af
695 1311 169 23 medelmarke-

104 1346 155 29 gängsprisen
281 1346 38 22 för
341 1347 55 21 ären
421 1348 142 20 1890—1899
579 1348 61 20 samt
654 1347 37 21 för
707 1346 29 22 de
750 1346 9 21 i
773 1345 90 22 marke-

104 1380 148 28 gängstaxan
274 1380 53 22 icke
348 1382 121 28 upptagna
491 1380 153 29 persedlarna
661 1380 150 29 medelpriset
833 1380 31 27 pä

105 1417 67 19 orten
186 1415 75 21 under
277 1423 88 14 samma
379 1415 42 22 tid.
