1048 1631
206 102 28 20 54
521 102 40 21 N:o
580 104 17 19 1.

248 171 25 26 d)
294 172 34 20 att
345 173 100 25 uppgöra
463 170 139 28 fullständigt
617 170 194 27 kostnadsförslag,
827 169 115 22 utvisande

178 205 122 21 kostnaden
323 205 34 21 för
378 205 75 28 sjelfva
476 205 187 28 dikningsarbetet
686 205 39 22 och
750 205 26 21 de
795 204 147 27 ersättningar

179 240 39 21 och
233 239 97 28 utgifter,
349 246 45 15 som
409 241 54 20 böra
478 240 104 27 förutses;
599 242 57 20 samt

249 275 20 26 e)
293 276 34 19 att
349 275 96 21 beräkna
468 276 77 26 nyttan
562 275 24 21 af
599 275 117 27 dikningen
733 274 33 21 för
782 275 26 20 de
824 280 57 21 egor,
897 280 45 14 som

179 309 51 26 ingä
245 309 7 20 i
269 309 222 27 afledningsomrädet,
516 309 109 22 äfvensom
648 310 29 27 pä
695 309 72 27 grund
785 308 64 21 häraf
862 307 81 22 enhvar

181 343 122 27 deltagares
319 350 56 21 gagn
391 344 23 21 af
427 344 107 27 företaget
550 344 39 21 och
605 344 55 21 hans
676 343 64 22 andel
755 343 7 20 i
778 343 128 21 kostnaden.

535 408 23 19 11
577 407 18 27 8.

251 447 167 27 Undersökning
437 447 33 21 för
489 447 143 27 uppgörande
650 447 22 21 af
686 447 51 26 plan
754 446 32 21 till
802 447 55 20 sank
872 445 72 21 marks

183 481 154 27 torrläggande
356 481 55 22 skall
431 482 24 21 sä
470 481 84 22 utföras
570 481 39 21 och
624 481 299 26 förrättningsinstrumentet
938 480 6 20 i

183 516 94 27 enlighet
293 516 88 21 dermed
396 517 24 20 sä
436 516 92 27 affattas,
545 517 33 20 att
595 516 23 21 af
632 516 120 21 detsamma
767 515 104 26 framgår:

253 551 25 26 a)
302 550 40 21 den
367 550 88 22 afsedda
477 551 101 21 markens
596 549 135 28 geografiska
747 550 54 26 läge,
817 548 74 27 ytvidd
907 547 39 22 och

184 584 154 27 beskaffenhet,
362 585 80 22 alfvens
464 585 148 22 beskaffenhet
628 585 39 21 och
683 585 76 27 djupet
775 584 32 21 till
823 583 124 22 densamma

186 619 12 20 å
214 619 57 21 olika
293 619 78 22 ställen
394 621 57 20 samt
473 620 109 21 storleken
599 619 23 21 af
636 619 36 21 det
688 618 165 27 kringliggande
872 617 75 21 neder-

185 653 166 22 bördsområdet
377 655 39 20 och
442 655 71 21 dettas
538 654 135 27 ungefärliga
699 652 154 26 beskaffenhet,
877 651 71 22 såvidt

186 688 107 27 mängden
317 688 23 21 af
362 689 36 20 det
423 689 46 21 från
496 687 279 28 vattensamlingsområdet
800 685 148 22 nedrinnande

186 723 87 20 vattnet
289 722 62 21 deraf
363 723 116 26 påverkas;

257 757 22 26 b)
303 757 109 22 storleken
433 757 22 22 af
472 758 39 21 den
532 759 155 24 vattenmassa,
704 756 86 21 hvilken
806 755 59 21 såväl
881 755 69 21 under

187 791 87 27 vanliga
288 791 150 22 förhållanden
453 798 46 15 som
514 794 70 19 under
599 791 83 22 värflod
698 791 40 21 bör
754 789 80 22 afiedas
849 789 7 21 i
872 789 78 21 sekun-

189 826 48 26 den,
253 825 98 22 fördelad
366 827 29 26 på
410 826 78 21 sådant
503 827 51 25 sätt,
571 832 46 15 som
632 825 34 22 för
676 824 166 23 bestämmande
853 823 23 22 af
884 823 66 21 erfor-

189 860 82 27 derliga
287 861 64 20 diken
368 863 24 18 är
408 861 23 20 af
444 861 79 26 nöden;

259 895 21 26 c)
301 895 26 21 de
347 895 34 21 för
396 895 40 21 den
453 895 88 22 afsedda
556 895 179 27 torrläggningen
751 893 139 26 erforderliga
905 891 46 22 huf-

190 929 52 21 vud-
266 930 39 21 och
327 930 112 21 bikanaler
456 932 57 19 samt
528 932 57 19 tvär-
602 930 39 21 och
656 929 131 22 nackdiken.
817 927 135 22 Kanalernas

191 964 39 21 och
249 963 68 28 öfriga
336 964 75 22 dikens
429 965 127 27 bottenhöjä
572 965 39 20 och
627 962 258 29 tvärgenomskärningar
899 961 54 21 böra

191 998 70 21 tillika
284 999 83 21 utvisas
389 1005 77 21 genom
485 999 121 27 uppgjorda
621 998 76 27 längd-
714 997 40 21 och
770 995 141 28 tvärprofiler,
928 995 26 20 de

191 1033 60 21 förra
276 1033 6 20 i
306 1033 127 27 längdskala
459 1033 22 22 af
506 1033 199 22 1:1000—1:500
733 1031 38 22 och
796 1029 113 28 höjdskala
934 1029 23 21 af

195 1068 184 21 1:200—1:100
403 1068 38 21 och
465 1069 25 20 de
513 1074 77 15 senare
612 1068 6 20 i
641 1067 77 27 längd-
743 1066 38 21 och
804 1064 112 28 höjdskala
935 1063 22 21 af

195 1103 178 26 1:100—1:50,
396 1103 88 20 hvarvid
507 1103 78 27 höjden
609 1102 23 21 af
652 1102 41 21 den
715 1101 69 21 sanka
803 1099 100 21 markens
918 1099 38 26 yta

194 1136 54 22 skall
267 1137 25 21 så
312 1137 103 27 angifvas,
435 1139 33 19 att
484 1137 39 21 den
540 1137 5 21 i
562 1137 52 27 följd
630 1136 22 22 af
665 1135 146 27 utdikningen
827 1133 129 22 inträdande

194 1172 135 27 sänkningen
345 1172 43 21 kan
406 1174 98 24 utrönas;

264 1206 25 27 d)
305 1206 107 22 huruvida
428 1209 161 19 vattenmassan
605 1207 7 20 i
628 1206 36 21 det
679 1204 140 26 vattendrag,
831 1203 31 21 dit
872 1204 85 20 vattnet

195 1240 48 21 från
260 1241 40 21 den
317 1242 69 20 sanka
401 1242 89 20 marken
507 1241 84 26 afledes,
603 1241 126 26 derigenom
739 1240 26 20 så
775 1239 60 25 ökas,
847 1239 33 19 att
890 1237 69 21 skada

195 1274 34 22 för
244 1275 141 27 närliggande
405 1276 66 26 mark,
491 1276 120 26 inrättning
627 1275 51 21 eller
695 1280 73 15 annan
785 1272 104 27 egendom
904 1277 55 21 upp-

196 1311 53 25 står,
273 1310 39 20 och
327 1310 7 21 i
350 1310 79 21 sådant
451 1310 42 26 fall,
517 1310 71 21 hvilka
612 1309 103 27 åtgärder
731 1307 110 22 erfordras
857 1306 32 20 till
904 1305 55 21 före-

197 1344 113 27 byggande
327 1344 23 22 af
364 1345 58 27 dylik
437 1346 74 21 skada.

266 1380 43 21 För
332 1387 28 14 nu
384 1380 75 21 nämdt
482 1380 98 21 ändamål
598 1380 40 20 bör
657 1378 61 22 öfver
738 1376 153 25 vattendraget
906 1381 55 20 upp-

198 1415 70 20 rättas
291 1414 75 28 längd-
390 1414 39 22 och
451 1413 136 28 tvärprofiler
606 1413 56 21 ända
677 1412 34 21 till
728 1411 37 21 det
781 1409 68 26 ställe,
867 1409 38 21 der
920 1408 40 21 den
