1048 1631
199 113 19 27 4
444 120 22 23 U.
484 120 22 22 B.
522 132 30 3 —
568 120 63 28 Prop.
648 120 38 23 N:o
702 120 21 23 5.

204 177 131 30 detsamma
345 184 64 29 lyder
424 185 7 21 i
447 184 15 29 &
478 185 13 21 8
508 185 23 22 af
548 185 58 22 1886
622 184 37 23 års
675 185 137 28 förordning,
824 185 58 22 hade
893 186 64 27 enligt

199 221 115 22 "Senatens
339 220 56 28 åsigt
411 221 78 21 därom
504 221 56 22 intet
574 221 59 22 varit
649 223 32 20 att
697 221 80 27 erinra,
795 223 60 24 enär,
872 221 29 28 pä
917 224 40 19 sätt

204 257 23 21 af
243 256 98 22 Senaten
357 256 140 27 framhållits,
514 257 114 28 Styrelsen
644 257 83 27 jämväl
744 257 67 27 enligt
827 257 60 22 detta
903 259 54 20 stad.

199 291 77 29 'gande
300 299 53 15 vore
377 293 144 21 oförhindrad
542 295 38 24 att,
601 293 3 21 i
620 293 108 22 händelse
745 293 80 22 sådant
841 293 116 28 pröfvades

204 328 83 27 nödigt,
304 328 77 22 utöfva
397 328 44 22 den
457 330 102 20 närmare
570 329 105 27 tillsynen
687 329 63 21 öfver
761 329 196 27 privatbankernas

203 364 144 21 verksamhet
367 370 79 21 genom
468 364 136 22 tillsättande
626 364 24 21 af
666 366 31 19 ett
712 365 35 21 för
763 365 102 27 samtliga
881 365 76 27 privat

198 398 91 23 "banker
305 402 138 24 gemensamt
458 400 86 27 publikt
560 400 91 21 ombud.
675 400 51 21 Men
742 400 29 21 dä
787 400 125 22 Ständerna
928 402 29 20 uti

198 435 138 22 förberörda
359 436 169 21 svarskrifvelse
551 436 83 27 jämväl
651 436 79 21 uttalat
746 437 33 26 sig
795 437 41 26 för,
853 438 32 19 att
903 437 54 21 »den

203 478 30 14 nu
249 471 101 22 rädande
366 472 153 27 anordningen
530 472 22 21 af
563 474 85 19 statens
659 472 75 27 tillsyn
746 472 63 21 öfver
819 473 28 20 de
858 473 99 21 enskilda

197 507 143 27 *bankerna»,
357 507 54 22 eller
426 514 79 21 genom
520 507 186 22 tillförordnande
723 508 22 21 af
759 508 104 21 särskildt
873 508 84 27 publikt

197 543 90 21 "ombud
303 543 36 21 för
354 543 77 28 hvarje
447 543 66 26 bank,
532 543 82 22 »borde
631 543 146 27 bibehållas»,
795 545 57 20 samt
866 544 23 21 af
899 544 58 21 detta

199 578 46 22 'och
262 579 71 21 andra
344 579 32 21 uti
387 579 197 22 svarsskrifvelsen
597 579 78 27 gjorda
686 579 131 22 uttalanden
830 579 127 28 framginge,

203 617 32 19 att
251 608 128 29 Ständerna
394 615 71 27 utgått
480 615 50 21 från
546 615 44 22 den
606 615 95 27 oriktiga
718 615 147 28 uppfattning,
877 617 31 20 att
918 615 39 22 till-

197 651 118 21 -sättandet
331 651 24 21 af
370 657 28 15 en
414 657 127 21 gemensam
557 651 116 27 inspektör
689 651 50 21 icke
755 651 74 22 kunde
846 651 67 27 enligt
928 658 29 15 nu

198 685 115 31 "gällande,
330 687 23 21 af
369 686 125 22 Ständerna
510 686 136 27 bibehällna,
664 687 123 26 stadgande
803 687 7 21 i
826 689 75 19 ämnet
913 687 44 21 vid-

196 724 77 25 "tagas,
290 722 79 26 skulle,
385 723 51 21 med
453 722 105 22 afseende
574 722 14 21 ä
604 723 28 21 de
649 722 123 22 sväfvande
789 723 97 26 ordalag,
898 723 59 21 detta

197 758 129 27 "stadgande
343 758 93 27 erhållit,
453 759 164 21 fastställandet
633 758 23 22 af
673 758 137 21 Ständernas
822 758 73 21 beslut
905 759 52 20 kun-

202 795 39 20 nat
257 800 66 15 anses
339 795 109 20 innebära
466 797 31 19 ett
511 794 165 27 godkännande
693 794 22 21 af
731 794 74 21 denna
821 794 136 22 Siändernas

196 829 148 28 "uppfattning
367 830 43 21 och
433 829 95 22 sålunda
551 830 49 21 icke
621 830 57 21 blott
701 830 117 21 inskränkt
833 829 124 28 Styrelsens

201 865 142 28 befogenhet,
364 868 54 19 utan
439 866 48 26 ock,
508 865 114 22 måhända
637 866 36 21 för
689 872 28 15 en
733 865 51 28 lång
800 865 95 26 framtid,
912 866 45 21 hin-

200 901 53 22 drat
269 902 156 21 anordnandet
440 902 23 21 af
479 908 27 15 en
521 902 169 21 verksammare
706 901 164 22 bankkontroll.

275 937 32 22 På
323 938 70 27 grund
411 938 22 21 af
449 938 37 21 det
497 937 95 22 sålunda
603 938 96 21 anförda
710 937 133 22 hemställde
854 937 103 26 Senaten,

201 976 34 19 att
250 973 171 28 ifrågavarande
434 974 126 27 lagförslag,
572 973 82 22 sådant
664 974 125 21 detsamma
800 973 23 21 af
834 973 123 22 Ständerna

203 1010 102 27 antagits,
322 1010 49 21 icke
387 1009 69 22 måtte
472 1011 67 20 vinna
554 1009 68 28 nådig
638 1009 149 22 fastställelse.
812 1009 33 21 Då
861 1009 96 21 emeller-

201 1046 32 21 tid
257 1045 72 28 öfriga
352 1046 23 21 af
398 1046 125 22 Ständerna
545 1046 121 27 godkända
689 1045 120 27 ändringar
829 1045 7 20 i
856 1045 101 27 gällande

202 1081 104 28 banklag,
329 1088 36 15 om
385 1082 42 21 ock
443 1082 23 21 af
481 1081 163 28 jämförelsevis
661 1081 86 22 mindre
763 1081 120 27 betydelse,
901 1081 56 20 dock

196 1117 55 22 "icke
275 1118 100 21 saknade
398 1117 152 28 berättigande
566 1118 42 21 och
624 1123 55 16 vore
701 1117 85 27 egnade
803 1118 32 20 att
850 1112 107 31 befrämja

202 1154 43 21 och
269 1154 126 21 underlätta
417 1154 127 21 bankernas
566 1153 150 26 verksamhet,
741 1153 75 21 anhöll
839 1152 118 22 Senaten
945 1148 16 36 i

202 1189 184 28 underdånighet,
403 1192 32 19 att
451 1190 22 21 åt
489 1190 97 21 Senaten
602 1189 74 21 blefve
692 1189 7 21 i
715 1188 71 22 nåder
797 1188 160 22 öfverlemnadt

202 1227 32 19 att
255 1226 103 21 utarbeta
378 1226 84 26 förslag
477 1226 32 20 till
525 1232 29 21 ny
570 1225 69 27 nådig
655 1224 139 28 proposition
809 1224 8 21 i
833 1226 75 19 ämnet
923 1224 34 20 för

202 1263 33 19 att
251 1261 126 21 Ständerna
392 1261 37 21 vid
446 1261 73 21 denna
535 1261 107 27 landtdag
658 1260 131 27 föreläggas.

275 1297 42 21 Vid
339 1297 24 21 af
385 1297 92 21 ärendet
497 1297 43 21 den
556 1297 14 21 4
586 1296 63 28 April
668 1296 57 21 1898
741 1296 62 26 gjord
820 1294 137 27 underdånig

202 1332 158 28 föredragning
380 1332 45 22 blef
448 1332 108 22 Senatens
576 1332 149 22 förenämnda
741 1331 162 27 framställning
919 1330 38 22 nå-

202 1368 58 27 digst
277 1368 96 26 bifallen,
390 1369 111 21 hvarefter
517 1368 149 22 förevarande
681 1367 82 27 nådiga
779 1367 136 27 proposition
927 1368 30 20 ut-

202 1405 99 21 arbetats
317 1407 43 19 och
375 1405 115 26 godkänts.

275 1448 159 20 Bankutskottets
449 1447 119 20 betänkande
584 1447 40 20 N:o
641 1448 16 18 1.
