1048 1631
274 73 85 23 Ständ.
375 74 39 22 Sv.
432 86 24 3 —
473 74 74 29 Prop.
565 74 43 23 N:o
624 74 37 23 10.
838 74 13 21 3

160 145 98 30 Uppgår
284 145 187 29 förbrukningen
498 145 23 22 af
548 145 58 22 malt
629 145 41 22 vid
687 148 35 20 ett
740 145 111 30 bryggeri

91 179 75 22 under
184 181 50 20 året
252 179 37 22 till
313 187 47 14 mer
379 183 29 18 än
426 179 150 22 femtiotusen
594 180 122 29 kilogram,
734 180 116 29 uppbäres

92 216 34 20 ett
144 214 103 22 tillskott
265 214 23 22 af
306 215 34 21 tio
358 214 71 29 penni
447 214 36 22 för
501 214 81 29 hvarje
601 215 33 21 tio
652 214 115 29 kilogram
785 214 64 28 malt,

92 255 48 15 som
157 249 94 22 utöfver
269 248 72 30 sagda
362 248 85 29 belopp
465 248 44 22 och
527 249 38 21 till
582 249 44 22 och
644 248 51 23 med
714 248 136 23 etthundra-

91 283 149 22 femtiotusen
267 283 115 28 kilogram
408 282 41 22 vid
478 283 110 29 bryggeri
613 283 118 22 användes
749 283 36 22 för
803 283 48 22 till-

91 317 117 30 verkning
226 317 24 22 af
270 317 102 23 nämnda
390 317 106 29 drycker,
515 320 60 19 samt
593 318 114 29 tjugufem
725 317 72 30 penni
814 317 37 22 för

91 352 81 29 hvarje
199 352 33 21 tio
259 353 116 28 kilogram
398 352 64 28 malt,
490 359 50 15 som
566 351 74 22 under
658 353 50 21 året
726 352 124 22 förbrukas

91 387 93 21 utöfver
202 386 277 23 etthundrafemtiotusen
497 387 122 28 kilogram.

443 467 14 20 2
472 453 26 45 8.

160 523 51 22 Har
237 524 8 21 i
272 523 117 29 bryggeri,
416 523 41 22 der
478 523 132 29 maltdryck
629 523 127 28 tillverkas,
775 522 75 22 under

92 559 35 20 ett
154 558 25 21 år
206 558 52 21 icke
279 558 132 22 förbrukats
430 559 26 21 så
474 560 48 20 stor
541 558 117 29 qvantitet
675 558 64 27 malt,
759 559 34 20 att
811 557 39 22 be-

93 592 214 29 villningsafgiften
325 593 30 28 på
373 593 77 28 grund
469 593 23 21 af
513 594 11 20 1
540 594 12 26 $
562 593 90 28 uppgår
661 592 37 22 till
708 591 143 23 åttahundra

93 627 72 28 mark,
194 627 60 21 skall
281 627 74 22 likväl
373 627 64 22 detta
455 627 85 29 belopp
559 627 113 28 erläggas.
707 626 117 29 Lindring
842 626 9 21 i

94 661 65 22 detta
176 661 132 22 hänseende
329 661 48 22 kan
395 661 61 22 dock
474 661 24 22 af
516 661 173 22 vederbörande
707 660 143 29 Expedition

93 695 8 22 i
120 695 113 22 Senatens
260 696 291 29 Ekonomiedepartement
578 696 104 29 beviljas,
709 696 9 21 i
739 695 111 22 händelse

93 729 136 23 tillverkare
256 730 74 22 under
357 731 50 21 året
433 730 104 29 upphört
563 730 53 22 med
638 730 37 21 sin
692 729 84 23 rörelse
795 729 56 22 eller

94 764 111 29 bryggeri
233 765 55 28 eljes
312 765 37 22 till
368 764 59 30 följd
446 765 23 21 af
486 765 86 22 vådeld
591 765 55 21 eller
665 772 77 14 annan
760 763 91 30 olycks-

94 798 111 23 händelse
223 799 80 29 längre
321 799 36 22 tid
375 799 24 22 af
417 800 50 21 året
485 800 63 21 varit
566 799 8 22 i
592 799 167 22 overksamhet.

443 879 14 21 3
477 880 21 25 &

162 936 113 29 Fritagen
291 936 53 22 från
362 936 131 29 bevillning
505 943 55 15 vare
573 935 128 29 hembrygd
711 935 138 29 maltdryck,

93 969 76 24 ehvad
187 970 134 23 densamma
339 974 26 19 är
382 970 37 22 till
432 971 140 28 försäljning
584 970 132 29 medgifven
727 970 55 21 eller
791 969 59 22 icke.

161 1005 145 22 Restitution
334 1005 24 22 af
384 1005 80 29 erlagd
491 1005 132 29 bevillning
652 1011 54 22 eger
735 1011 51 15 rum
815 1003 36 22 för

93 1039 138 29 maltdryck,
249 1047 49 14 som

161 1075 21 27 a)
204 1074 52 22 från
274 1073 81 23 landet
373 1073 97 28 utföres;

161 1109 20 27 0)
202 1108 75 22 under
300 1108 83 29 sjelfva
410 1108 184 29 tillverkningen
621 1107 56 22 eller
694 1107 101 22 derefter
813 1106 38 22 till

94 1141 46 23 den
157 1142 59 30 grad
233 1143 102 28 skadats,
355 1145 36 20 att
409 1142 52 28 den,
479 1143 77 29 enligt
568 1142 136 29 tillförlitlig
716 1141 133 29 utredning,

92 1177 52 21 icke
162 1178 48 22 kan
228 1178 75 22 såsom
321 1177 132 29 maltdryck
472 1177 126 22 användas.

443 1258 12 21 4
470 1258 28 26 8.

162 1314 150 23 Beträffande
339 1315 45 22 tull
410 1314 36 23 för
467 1314 140 30 maltdryck,
626 1322 47 14 som
692 1314 37 22 till
747 1312 104 23 Finland

93 1349 92 29 införes,
212 1349 82 23 länder
320 1349 38 22 till
384 1349 156 22 efterrättelse
567 1348 63 24 hvad
657 1348 77 23 derom
753 1352 26 18 är
796 1347 57 22 eller

92 1384 84 22 varder
194 1384 117 28 stadgadt.
