1048 1631
321 121 27 22 U.
363 121 26 22 B.
407 134 26 2 —
450 121 74 29 Prop.
541 122 43 22 N:o
600 122 36 22 14.
846 124 11 19 7

98 189 60 21 skott
173 189 31 21 till
221 189 47 21 stöd
284 189 34 21 för
333 189 104 28 förslaget
452 189 123 27 framhällit,
591 193 69 18 ansett
676 191 33 27 sig
725 190 51 21 böra
792 192 67 26 ytter-

99 223 66 28 ligare
188 223 84 26 betona,
293 223 100 22 hurusom
417 223 155 29 förbättringar
587 224 28 28 pä
630 223 227 22 sakförareväsendets

99 257 88 22 omräde
209 257 95 28 päkallas
328 258 18 27 ej
370 257 55 21 blott
445 257 70 22 säsom
531 266 26 13 en
574 257 124 29 nödvändig
713 257 145 22 förberedelse

100 292 32 21 till
155 292 41 21 den
216 291 135 22 förestäende
370 291 108 22 reformen
495 292 22 21 af
535 293 85 20 landets
635 292 223 28 rättegängsordning,

99 328 52 19 enär
172 325 178 29 genomförandet
373 325 22 21 af
415 333 25 14 en
459 326 67 21 sådan
545 326 86 26 reform,
646 327 24 20 sä
685 327 62 27 länge
763 329 32 18 ett
810 325 48 22 ord-

100 360 52 21 nadt
174 359 175 22 sakförareväsen
371 359 48 22 icke
442 360 73 27 finnes,
539 361 107 28 knappast
666 362 22 19 är
704 361 88 28 möjligt,
807 363 51 18 utan

99 394 65 22 äfven
188 395 6 20 i
218 394 41 22 lika
281 393 48 22 män
353 393 62 22 deraf
437 397 31 18 att
488 395 267 26 sakförareinstitutionen,
771 395 87 21 hvilken

100 436 87 14 numera
212 430 62 26 utgör
295 435 26 14 en
345 428 119 28 oumbärlig
488 429 74 21 faktor
580 430 5 20 i
602 429 37 22 det
656 429 96 28 rättsliga
768 429 69 26 lifvet,
852 429 6 20 i

100 463 49 21 värt
163 463 50 21 land
229 463 206 28 öfverhufvudtaget
451 463 94 22 befinner
558 465 33 26 sig
605 463 27 29 pä
643 471 25 14 en
679 463 51 28 föga
742 463 116 22 utvecklad

100 497 139 29 ståndpunkt.
259 497 117 21 Dessutom
387 497 187 28 nödvändiggöras
586 499 95 20 närmare
693 497 165 28 bestämningar,

99 531 115 29 åsyftande
234 531 105 28 reglering
354 531 39 21 och
411 531 92 21 kontroll
518 532 24 21 af
555 531 148 22 sakförarenes
714 531 143 26 verksamhet,

100 566 62 21 deraf
182 569 32 18 att
233 565 78 28 nådiga
326 565 154 28 förordningen
496 566 41 21 den
554 567 27 20 23
596 566 124 21 November
736 567 55 20 1898
807 565 51 22 alla-

100 600 65 21 redan
184 601 114 27 begränsat
317 599 129 28 rättigheten
462 603 32 18 att
509 608 51 14 vara
576 608 82 14 annans
673 600 79 21 ombud
768 601 6 20 i
791 599 66 22 Scna-

99 637 49 18 tens
162 634 237 29 Justitiedepartement
415 635 40 21 och
470 635 133 21 hofrätterne
618 635 32 21 till
666 635 54 26 dem,
737 643 45 13 som
793 634 65 28 aflagt

100 669 27 20 de
142 669 33 20 för
190 668 117 21 utöfvande
323 668 23 21 af
361 668 172 22 domareembete
549 669 130 22 föreskrifna
690 668 167 29 kunskapsprof.

168 704 41 20 Att
227 702 160 29 uppställandet
405 703 23 21 af
443 703 70 22 ökade
529 703 121 28 fordringar
665 703 27 28 på
707 703 150 22 sakförarenes

99 737 171 29 qvalifikationer
288 738 6 20 i
314 737 69 28 någon
403 737 47 21 mån
467 737 42 21 kan
526 738 85 21 komma
626 740 31 19 att
672 737 83 28 förhöja
771 737 87 21 kostna-

99 771 66 22 derna
187 772 35 20 för
243 771 215 28 rättegångsombuds
481 772 109 21 anlitande
614 773 23 20 är
659 771 125 28 visserligen
808 771 49 21 icke

98 806 103 28 omöjligt,
223 813 47 13 men
294 805 75 21 dervid
392 805 34 21 får
449 806 18 27 ej
491 805 91 22 förbises
606 809 32 18 att
652 805 41 22 den
709 805 99 28 stegrade
824 807 33 18 ut-

98 840 68 28 giften
191 841 5 20 i
220 840 56 27 regel
296 840 32 21 till
351 839 53 22 fullo
426 842 113 27 uppväges
556 840 22 21 af
594 840 27 21 de
637 840 68 21 ökade
720 840 136 28 garantierna

98 874 35 21 för
148 877 31 18 att
194 874 187 22 hufvudmannens
397 876 42 19 rätt
455 875 40 21 och
512 875 60 21 bästa
588 874 60 21 skola
664 874 65 21 varda
745 873 48 22 med
809 873 48 21 sak-

99 908 120 21 kännedom
236 908 40 21 och
292 915 85 21 omsorg
392 909 116 28 iakttagna.
534 908 155 21 Erfarenheten
701 908 39 21 har
750 907 107 28 nämligen

98 942 120 29 ådagalagt,
241 943 100 20 hurusom
364 943 188 28 rättegångssaker
574 943 100 21 stundom
697 942 48 21 icke
767 942 91 21 allenast

99 976 109 29 fördröjts,
227 980 50 17 utan
296 977 32 20 till
345 977 41 21 och
401 977 48 21 med
466 977 85 21 erhållit
566 985 25 13 en
608 977 34 20 för
657 977 117 27 sakegaren
790 983 67 20 ogyn-

98 1018 46 13 sam
162 1011 81 28 utgång
257 1011 7 20 i
279 1011 54 28 följd
349 1011 23 21 af
387 1011 110 21 bristande
513 1012 90 27 insigter
618 1011 40 21 och
673 1010 130 29 pligtkänsla
818 1009 39 22 hos

98 1045 54 21 hans
184 1045 86 21 ombud.
307 1045 44 22 För
371 1045 66 28 öfrigt
459 1045 38 22 bör
519 1045 124 22 framhållas
666 1048 37 25 att,
723 1046 6 19 i
755 1044 53 28 följd
836 1044 23 21 af

98 1079 164 21 föreskrifterna
286 1080 6 20 i
315 1087 50 20 nyss
389 1079 122 29 åberopade
534 1079 126 28 förordning
675 1079 23 21 af
713 1079 41 21 den
770 1079 27 20 23
813 1078 45 21 No-

98 1113 88 21 vember
209 1115 62 24 1898,
293 1113 41 22 den
349 1113 124 28 ytterligare
489 1113 155 28 inskränkning
660 1114 4 20 i
681 1112 128 29 rättigheten
826 1115 31 18 att

99 1155 50 14 vara
165 1155 82 17 annans
263 1148 85 27 ombud,
363 1155 46 14 som
425 1156 29 13 nu
470 1147 164 29 ifrågavarande
644 1147 116 28 lagförslag
770 1146 87 28 åsyftar,

98 1181 77 22 endast
190 1182 66 28 gäller
271 1181 208 22 rådstufvurätterna
494 1182 7 21 i
517 1182 27 21 de
559 1181 78 27 städer,
652 1181 39 21 der
705 1180 37 22 det
757 1180 42 22 kan
815 1180 44 21 för-

98 1218 90 19 utsättas
205 1219 31 18 att
251 1216 114 28 tillräcklig
380 1216 91 28 tillgång
486 1216 29 29 på
530 1216 100 29 juridiskt
646 1215 84 21 bildade
745 1214 112 22 sakförare

98 1250 54 21 skall
176 1250 73 22 finnas.
283 1251 39 20 Att
349 1250 146 29 medlemskap
521 1251 7 21 i
554 1249 209 28 sakförareförening
789 1248 68 22 tillika

98 1285 118 27 uppställes
238 1284 71 22 såsom
330 1285 71 21 vilkor
416 1285 35 21 för
466 1284 130 29 rättigheten
611 1287 32 18 att
659 1291 50 14 vara
723 1282 134 29 rättegångs-

97 1318 123 28 fullmäktig
225 1319 64 28 kan
270 1313 23 39 ej
297 1326 61 14 anses
366 1319 101 22 innebära
474 1319 71 28 någon
552 1326 58 14 mera
618 1318 120 28 betydande
746 1317 112 21 inskränk-

98 1353 58 27 ning,
174 1354 51 20 enär
243 1353 35 21 för
296 1352 82 22 inträde
394 1354 6 20 i
416 1353 216 27 sakförareförening,
648 1352 86 21 utöfver
749 1351 27 21 de
792 1352 5 20 i
814 1358 44 14 om-

97 1386 80 22 ordade
200 1387 127 28 förordning
353 1387 105 28 stadgade
481 1386 167 29 kunskapsprof,
671 1386 76 21 endast
772 1385 85 21 fordras

97 1421 94 21 välkänd
207 1421 162 22 lefnadsvandel
385 1421 40 21 och
441 1424 30 18 ett
487 1420 34 22 års
534 1420 96 29 praktisk
642 1420 135 21 verksamhet
788 1420 7 20 i
805 1421 55 19 rätt-

169 1467 134 23 Lagutskottets
315 1467 111 17 betänkande
439 1467 38 17 N:o
491 1468 18 16 6.
