1048 1631
227 89 28 21 46
434 89 28 22 U.
478 89 26 22 B.
521 102 29 4 —
566 89 72 29 Prop.
654 89 46 23 N:o
716 90 13 22 1

555 156 48 29 78.

269 202 80 22 Under
365 203 99 22 kostnad
480 203 35 22 för
527 203 102 22 flottleds
640 203 137 27 inrättande,
789 204 97 29 dikning
897 204 55 21 eller

197 237 152 30 sjösänkning
372 239 132 29 inbegripas
521 239 125 29 utgifterna
663 239 35 22 för
713 239 124 29 företagets
854 239 97 22 förbere-

197 273 76 22 dande
289 275 43 20 och
348 274 173 29 lagliggörande
539 278 60 19 samt
614 277 65 19 ränta
695 277 13 19 &
724 275 39 22 det
773 275 130 28 förskjutna
913 275 38 22 be-

196 309 85 29 loppet,
299 309 19 29 ej
337 310 66 21 öfver
418 318 41 14 sex
474 311 36 20 för
525 311 88 21 hundra
630 318 38 14 om
685 313 53 23 året,
756 311 35 21 för
807 311 45 21 den
868 310 33 21 tid
913 311 38 21 det

196 347 93 20 utestär.

269 387 152 29 Godtgörelse
445 388 36 21 för
504 391 64 18 ränta
591 396 54 20 eger
669 389 59 20 dock
746 388 51 21 icke
813 396 50 13 rum
869 383 10 37 i
904 388 45 26 fall,

196 423 96 22 hvarom
308 423 8 22 i
333 426 12 19 3
362 424 52 28 kap.
432 427 12 18 9
461 424 14 29 8
491 427 69 26 sagts.

552 510 13 19 8
581 508 20 28 &.

267 547 23 28 Ä
305 557 42 24 ort,
365 555 40 21 der
420 555 196 29 utmätningsman
632 555 20 29 ej
671 559 24 18 är
710 555 83 26 bosatt,
805 555 121 22 ankomme
937 558 12 17 ä

195 590 158 27 länsmannen,
374 591 62 21 hvad
459 591 8 21 i
491 593 12 19 2
528 592 43 21 och
587 593 13 20 6
616 591 104 28 kapitlen
736 593 62 26 sagts
815 598 37 14 om
868 593 81 19 utmät-

195 625 130 29 ningsman.

443 689 13 18 9
473 687 19 28 8.
510 688 33 26 (se
559 694 63 21 prop.
640 687 14 28 &
672 688 42 26 10).

267 734 58 26 Den,
351 741 49 14 som
423 734 72 29 enligt
515 735 75 22 denna
606 735 38 28 lag
660 734 129 22 förordnats
806 735 51 22 eller
872 736 77 20 utsetts

195 771 34 18 att
244 777 55 13 vara
313 771 44 27 god
373 777 53 14 man
442 771 55 20 eller
513 771 129 28 skiljeman,
655 778 42 21 ege
707 770 51 22 icke
769 772 56 19 utan
835 769 53 29 laga
899 769 49 22 skäl

194 809 72 24 vägra
289 807 34 20 att
346 805 99 29 fullgöra
468 806 135 29 uppdraget,
628 808 26 19 sä
669 806 69 21 framt
754 805 36 22 för
804 805 85 22 honom
906 804 42 22 till-

194 841 139 21 kommande
354 841 85 22 arvode
455 842 42 21 hos
513 845 145 25 guvernören
674 841 55 22 eller
745 841 203 28 utmätningsman-

194 883 46 14 nen
255 876 8 21 i
280 879 65 19 orten
361 877 64 21 stälts
442 877 112 22 säkerhet.

435 957 27 18 10
478 955 20 28 $.
523 956 34 26 (se
572 962 64 21 prop.
654 955 14 28 $
685 955 28 27 9).

265 1001 180 29 Nyttjanderätt,
466 1009 49 14 som
532 1009 67 21 egare
615 1002 24 21 af
654 1001 109 29 lägenhet
778 1001 72 28 enligt
866 1003 13 19 3
895 1001 51 28 kap.

195 1039 26 19 11
244 1037 15 28 8
283 1037 55 21 eller
357 1039 14 19 4
387 1037 52 28 kap.
458 1039 27 20 14
501 1037 13 29 &
530 1037 89 26 vunnit,
636 1037 57 28 följe
709 1037 137 28 lägenheten
862 1039 29 24 ät,
908 1037 40 21 der

193 1072 44 21 den
255 1072 52 22 icke
323 1073 72 21 skildt
409 1073 149 28 undantages.

505 1148 23 19 11
549 1146 13 28 8
579 1147 56 27 (ny).

270 1200 41 22 Vid
335 1201 84 21 inlösen
442 1201 29 27 af
489 1202 113 26 strömfall
618 1202 52 20 eller
686 1201 135 21 strandtomt
837 1200 66 27 enligt
919 1200 28 21 12

191 1236 16 26 $
223 1237 12 20 1
252 1236 51 27 kap.
327 1237 40 21 bör
382 1237 9 21 i
406 1237 130 26 tillämpliga
560 1237 62 21 delar
646 1237 111 26 iakttagas
775 1236 59 22 hvad
851 1242 35 15 om
901 1242 45 20 ego-

192 1272 47 26 byte
263 1272 38 22 och
321 1278 78 16 annan
415 1273 144 26 jorddelming
582 1274 29 20 är
628 1272 108 22 särskildt
751 1272 111 27 stadgadt.
893 1272 54 26 Ego-

191 1308 72 26 stycke
279 1308 29 27 af
319 1308 89 22 mindre
418 1308 131 27 betydenhet,
560 1308 27 22 sä
598 1308 37 22 ock
646 1308 117 21 outbruten
773 1308 66 21 andel
849 1308 8 21 i
868 1309 78 20 ström-

190 1343 48 27 fall,
263 1342 40 23 mä
325 1344 66 21 likväl
409 1345 56 20 utan
483 1344 98 26 ändring
597 1342 9 22 i
620 1344 87 21 mantal
723 1344 38 21 och
777 1344 57 21 skatt
849 1342 55 28 från
920 1349 26 15 en

191 1378 100 28 lägenhet
306 1380 32 20 till
353 1386 78 14 annan
447 1380 129 27 öfverföras.

267 1420 213 19 Vattenrättsutskottets
493 1420 115 19 betänkande
622 1420 38 19 N:o
673 1420 15 18 1.
