1048 1631
306 114 27 22 U.
348 114 28 22 B.
393 127 25 3 —
435 114 72 28 Prop.
523 114 42 23 N:o
581 115 21 22 2.

359 417 211 22 Ekonomiutskottets
588 418 80 27 förslag
687 417 30 22 till
737 423 104 16 samman-

288 451 101 28 jemkning
410 452 21 22 af
453 451 104 23 Ständens
580 452 115 27 skiljaktiga
719 453 68 21 beslut
809 452 31 22 vid

290 487 148 26 behandlingen
457 487 22 21 af
495 487 115 21 Utskottets
630 487 128 22 betänkande
777 487 35 21 N:o
827 487 14 21 3

291 521 5 21 i
315 521 107 27 anledning
442 521 21 22 af
479 521 57 22 Hans
552 521 113 27 Kejserliga
680 521 108 27 Majestäts
805 521 35 22 nä-

289 555 46 28 diga
358 556 125 27 proposition
508 556 45 21 med
575 556 79 27 förslag
673 556 28 21 till
721 555 119 28 förordning

290 590 107 27 angående
416 591 73 21 handel
509 591 45 21 med
575 590 132 27 konstgjorda
726 590 115 27 gödslings-

291 626 72 20 ämnen
379 625 39 21 och
435 625 90 22 beredda
541 625 125 22 fodermedel
678 625 55 22 samt
745 625 96 22 utsädes-

291 665 67 16 varor.

152 715 77 29 Enligt
243 716 115 21 Utskottet
371 715 197 22 tillhandakomna
579 716 207 29 protokollsutdrag
800 716 41 21 har

82 750 197 29 Borgareståndet,
299 751 50 20 med
369 751 167 28 godkännande
556 751 24 21 af
599 751 43 21 den
664 751 177 21 utskottsbetän-

83 785 84 22 kandet
182 785 122 28 vidfogade
319 785 167 21 reservationen
502 785 41 22 N:o
559 785 18 26 I,
592 785 111 21 förkastat
713 785 128 22 betänkan-

83 820 38 21 det
136 819 43 22 och
194 819 37 22 det
247 820 48 21 deri
310 819 111 28 ingående
436 819 257 29 författningsförslaget
708 819 8 22 i
731 820 52 21 dess
794 819 47 21 hel-

83 854 45 27 het,
146 854 118 21 hvaremot
286 853 73 29 öfriga
378 853 68 22 stånd
464 854 94 21 beslutit
576 854 123 29 godkänna
714 853 127 22 Utskottets

83 888 87 29 förslag
196 888 34 21 till
257 888 133 29 förordning
417 889 7 20 i
448 890 83 25 ämnet,
556 891 59 19 utom
638 888 6 21 i
668 889 174 21 nedannämnda

83 922 73 22 delar:

439 974 48 29 18.

152 1021 165 21 Presteståndet
339 1021 42 21 har
403 1021 141 21 beträffande
570 1022 9 21 1
604 1027 66 15 mom.
689 1020 24 22 af
732 1021 74 21 denna
826 1019 15 29 8

82 1055 94 22 beslutit
194 1057 32 20 att
244 1055 8 21 i
271 1056 42 21 den
332 1055 75 22 finska
425 1057 74 20 texten
519 1055 116 28 uttrycket
649 1062 83 19 ,,muun
748 1054 93 29 myyjän

83 1089 236 28 nimikirjoituksella'*
349 1090 70 21 borde
445 1089 145 29 förtydligas.
630 1089 35 22 Då
689 1089 27 22 de
744 1089 97 21 citerade

82 1123 68 22 orden
154 1119 12 37 i
181 1123 81 28 sjelfva
274 1124 80 21 verket
366 1124 77 21 kunna
455 1124 131 28 misstydas,
598 1125 81 20 medan
691 1124 42 21 den
743 1123 98 22 svenska

82 1160 74 19 texten
172 1158 51 21 icke
241 1165 70 21 synes
329 1158 64 28 gifva
411 1158 125 29 anledning
551 1159 35 21 till
601 1158 164 26 missförstånd,
781 1158 60 21 före-

82 1192 46 22 slår
146 1192 122 27 Utskottet,
284 1193 93 21 oaktadt
395 1193 153 29 anmärkning
568 1193 32 21 uti
615 1193 174 28 ifrågavarande
806 1192 35 21 af-

82 1227 83 21 seende
180 1226 52 22 icke
248 1227 24 21 af
287 1227 73 29 öfriga
375 1227 66 22 stånd
456 1227 134 27 framstälts,
601 1229 33 20 att
647 1227 125 22 Ständerna
788 1226 53 21 ville

82 1261 78 21 förena
174 1261 36 29 sig
222 1268 36 14 om
270 1268 27 15 en
309 1261 71 22 sådan
392 1262 187 28 omformulering
592 1262 24 21 af
628 1262 42 21 den
681 1262 74 21 finska
767 1262 74 20 texten

289 1321 32 19 att
343 1319 8 21 i
375 1320 12 20 1
410 1320 15 26 $
447 1320 14 20 1
480 1326 64 14 mom.
565 1319 66 21 orden
651 1326 81 18 ,muun
750 1318 91 28 myyjän

220 1353 220 28 nimikirjoituksella
458 1356 140 18 varustetun"
618 1354 64 20 måtte
697 1353 86 28 utbytas
799 1355 43 18 mot

220 1387 107 29 uttrycket
345 1395 91 18 muun
458 1388 318 28 nimikirjoituksellaan
798 1394 43 14 va-

220 1424 192 19 rustamansa."

152 1467 184 19 Ekonomiutskottets
348 1468 111 18 betänkande
471 1467 36 19 N:o
520 1468 18 17 3.
