<?xml version="1.0" encoding="UTF-8"?>
<alto xmlns="http://www.loc.gov/standards/alto/ns-v3#" xmlns:xlink="http://www.w3.org/1999/xlink" xmlns:xsi="http://www.w3.org/2001/XMLSchema-instance" xsi:schemaLocation="http://www.loc.gov/standards/alto/ns-v3# http://www.loc.gov/alto/v3/alto-3-0.xsd">
	<Description>
		<MeasurementUnit>pixel</MeasurementUnit>
		<sourceImageInformation>
			<fileName>/tmp/tess_sy6svpin_input.PNG</fileName>
		</sourceImageInformation>
		<OCRProcessing ID="OCR_0">
			<ocrProcessingStep>
				<processingSoftware>
					<softwareName>tesseract 5.3.4</softwareName>
				</processingSoftware>
			</ocrProcessingStep>
		</OCRProcessing>
	</Description>
	<Layout>
		<Page WIDTH="1048" HEIGHT="1631" PHYSICAL_IMG_NR="0" ID="page_0">
			<PrintSpace HPOS="0" VPOS="0" WIDTH="1048" HEIGHT="1631">
				<ComposedBlock ID="cblock_0" HPOS="310" VPOS="127" WIDTH="544" HEIGHT="29">
					<TextBlock ID="block_0" HPOS="310" VPOS="127" WIDTH="544" HEIGHT="29">
						<TextLine ID="line_0" HPOS="310" VPOS="127" WIDTH="544" HEIGHT="29">
							<String ID="string_0" HPOS="310" VPOS="128" WIDTH="73" HEIGHT="22" WC="0.92" CONTENT="Ständ."/><SP WIDTH="16" VPOS="128" HPOS="383"/>
							<String ID="string_1" HPOS="399" VPOS="128" WIDTH="36" HEIGHT="22" WC="0.93" CONTENT="Sv."/><SP WIDTH="16" VPOS="128" HPOS="435"/>
							<String ID="string_2" HPOS="451" VPOS="141" WIDTH="27" HEIGHT="3" WC="0.89" CONTENT="—"/><SP WIDTH="17" VPOS="141" HPOS="478"/>
							<String ID="string_3" HPOS="495" VPOS="128" WIDTH="63" HEIGHT="28" WC="0.96" CONTENT="Prop."/><SP WIDTH="16" VPOS="128" HPOS="558"/>
							<String ID="string_4" HPOS="574" VPOS="127" WIDTH="35" HEIGHT="23" WC="0.95" CONTENT="N:o"/><SP WIDTH="15" VPOS="127" HPOS="609"/>
							<String ID="string_5" HPOS="624" VPOS="128" WIDTH="14" HEIGHT="21" WC="0.95" CONTENT="1."/><SP WIDTH="203" VPOS="128" HPOS="638"/>
							<String ID="string_6" HPOS="841" VPOS="129" WIDTH="13" HEIGHT="19" WC="0.95" CONTENT="9"/>
						</TextLine>
					</TextBlock>
				</ComposedBlock>
				<ComposedBlock ID="cblock_1" HPOS="164" VPOS="190" WIDTH="753" HEIGHT="29">
					<TextBlock ID="block_1" HPOS="164" VPOS="190" WIDTH="753" HEIGHT="29">
						<TextLine ID="line_1" HPOS="164" VPOS="190" WIDTH="753" HEIGHT="29">
							<String ID="string_7" HPOS="164" VPOS="191" WIDTH="61" HEIGHT="22" WC="0.91" CONTENT="Enär"/><SP WIDTH="14" VPOS="191" HPOS="225"/>
							<String ID="string_8" HPOS="239" VPOS="191" WIDTH="112" HEIGHT="22" WC="0.92" CONTENT="strömfall"/><SP WIDTH="14" VPOS="191" HPOS="351"/>
							<String ID="string_9" HPOS="365" VPOS="191" WIDTH="52" HEIGHT="22" WC="0.96" CONTENT="med"/><SP WIDTH="16" VPOS="191" HPOS="417"/>
							<String ID="string_10" HPOS="433" VPOS="191" WIDTH="109" HEIGHT="22" WC="0.93" CONTENT="afseende"/><SP WIDTH="16" VPOS="191" HPOS="542"/>
							<String ID="string_11" HPOS="558" VPOS="192" WIDTH="12" HEIGHT="20" WC="0.91" CONTENT="å"/><SP WIDTH="15" VPOS="192" HPOS="570"/>
							<String ID="string_12" HPOS="585" VPOS="191" WIDTH="152" HEIGHT="22" WC="0.96" CONTENT="formationen"/><SP WIDTH="16" VPOS="191" HPOS="737"/>
							<String ID="string_13" HPOS="753" VPOS="190" WIDTH="48" HEIGHT="22" WC="0.96" CONTENT="ofta"/><SP WIDTH="11" VPOS="190" HPOS="801"/>
							<String ID="string_14" HPOS="812" VPOS="193" WIDTH="39" HEIGHT="18" WC="0.95" CONTENT="äro"/><SP WIDTH="17" VPOS="193" HPOS="851"/>
							<String ID="string_15" HPOS="868" VPOS="193" WIDTH="12" HEIGHT="18" WC="0.95" CONTENT="9"/><SP WIDTH="17" VPOS="193" HPOS="880"/>
							<String ID="string_16" HPOS="897" VPOS="190" WIDTH="20" HEIGHT="29" WC="0.80" CONTENT="8."/>
						</TextLine>
					</TextBlock>
				</ComposedBlock>
				<ComposedBlock ID="cblock_2" HPOS="93" VPOS="224" WIDTH="764" HEIGHT="1234">
					<TextBlock ID="block_2" HPOS="96" VPOS="224" WIDTH="758" HEIGHT="374">
						<TextLine ID="line_2" HPOS="96" VPOS="224" WIDTH="757" HEIGHT="29">
							<String ID="string_17" HPOS="96" VPOS="227" WIDTH="24" HEIGHT="20" WC="0.92" CONTENT="så"/><SP WIDTH="22" VPOS="227" HPOS="120"/>
							<String ID="string_18" HPOS="142" VPOS="225" WIDTH="137" HEIGHT="26" WC="0.90" CONTENT="beskaffade,"/><SP WIDTH="23" VPOS="225" HPOS="279"/>
							<String ID="string_19" HPOS="302" VPOS="228" WIDTH="33" HEIGHT="19" WC="0.96" CONTENT="att"/><SP WIDTH="22" VPOS="228" HPOS="335"/>
							<String ID="string_20" HPOS="357" VPOS="225" WIDTH="39" HEIGHT="22" WC="0.96" CONTENT="det"/><SP WIDTH="21" VPOS="225" HPOS="396"/>
							<String ID="string_21" HPOS="417" VPOS="225" WIDTH="37" HEIGHT="22" WC="0.93" CONTENT="för"/><SP WIDTH="23" VPOS="225" HPOS="454"/>
							<String ID="string_22" HPOS="477" VPOS="225" WIDTH="115" HEIGHT="22" WC="0.91" CONTENT="ernående"/><SP WIDTH="15" VPOS="225" HPOS="592"/>
							<String ID="string_23" HPOS="607" VPOS="225" WIDTH="25" HEIGHT="22" WC="0.93" CONTENT="af"/><SP WIDTH="13" VPOS="225" HPOS="632"/>
							<String ID="string_24" HPOS="645" VPOS="224" WIDTH="208" HEIGHT="29" WC="0.92" CONTENT="vattenmängdens"/>
						</TextLine>
						<TextLine ID="line_3" HPOS="96" VPOS="259" WIDTH="757" HEIGHT="29">
							<String ID="string_25" HPOS="96" VPOS="260" WIDTH="47" HEIGHT="21" WC="0.95" CONTENT="lika"/><SP WIDTH="14" VPOS="260" HPOS="143"/>
							<String ID="string_26" HPOS="157" VPOS="260" WIDTH="131" HEIGHT="28" WC="0.96" CONTENT="fördelning"/><SP WIDTH="17" VPOS="260" HPOS="288"/>
							<String ID="string_27" HPOS="305" VPOS="260" WIDTH="83" HEIGHT="21" WC="0.96" CONTENT="mellan"/><SP WIDTH="15" VPOS="260" HPOS="388"/>
							<String ID="string_28" HPOS="403" VPOS="260" WIDTH="138" HEIGHT="21" WC="0.93" CONTENT="vattenverk"/><SP WIDTH="15" VPOS="260" HPOS="541"/>
							<String ID="string_29" HPOS="556" VPOS="262" WIDTH="13" HEIGHT="19" WC="0.93" CONTENT="å"/><SP WIDTH="16" VPOS="262" HPOS="569"/>
							<String ID="string_30" HPOS="585" VPOS="262" WIDTH="61" HEIGHT="19" WC="0.96" CONTENT="ömse"/><SP WIDTH="15" VPOS="262" HPOS="646"/>
							<String ID="string_31" HPOS="661" VPOS="259" WIDTH="61" HEIGHT="22" WC="0.96" CONTENT="sidor"/><SP WIDTH="15" VPOS="259" HPOS="722"/>
							<String ID="string_32" HPOS="737" VPOS="267" WIDTH="37" HEIGHT="14" WC="0.96" CONTENT="om"/><SP WIDTH="15" VPOS="267" HPOS="774"/>
							<String ID="string_33" HPOS="789" VPOS="259" WIDTH="64" HEIGHT="21" WC="0.95" CONTENT="fallet"/>
						</TextLine>
						<TextLine ID="line_4" HPOS="97" VPOS="293" WIDTH="756" HEIGHT="30">
							<String ID="string_34" HPOS="97" VPOS="294" WIDTH="42" HEIGHT="22" WC="0.96" CONTENT="blir"/><SP WIDTH="21" VPOS="294" HPOS="139"/>
							<String ID="string_35" HPOS="160" VPOS="294" WIDTH="142" HEIGHT="29" WC="0.96" CONTENT="nödvändigt"/><SP WIDTH="23" VPOS="294" HPOS="302"/>
							<String ID="string_36" HPOS="325" VPOS="297" WIDTH="32" HEIGHT="18" WC="0.96" CONTENT="att"/><SP WIDTH="22" VPOS="297" HPOS="357"/>
							<String ID="string_37" HPOS="379" VPOS="294" WIDTH="118" HEIGHT="22" WC="0.93" CONTENT="utsträcka"/><SP WIDTH="23" VPOS="294" HPOS="497"/>
							<String ID="string_38" HPOS="520" VPOS="294" WIDTH="195" HEIGHT="29" WC="0.91" CONTENT="dambyggnaden"/><SP WIDTH="22" VPOS="294" HPOS="715"/>
							<String ID="string_39" HPOS="737" VPOS="295" WIDTH="13" HEIGHT="20" WC="0.93" CONTENT="å"/><SP WIDTH="20" VPOS="295" HPOS="750"/>
							<String ID="string_40" HPOS="770" VPOS="293" WIDTH="83" HEIGHT="22" WC="0.95" CONTENT="endera"/>
						</TextLine>
						<TextLine ID="line_5" HPOS="96" VPOS="328" WIDTH="758" HEIGHT="29">
							<String ID="string_41" HPOS="96" VPOS="329" WIDTH="66" HEIGHT="21" WC="0.92" CONTENT="sidan"/><SP WIDTH="18" VPOS="329" HPOS="162"/>
							<String ID="string_42" HPOS="180" VPOS="329" WIDTH="90" HEIGHT="22" WC="0.91" CONTENT="utöfver"/><SP WIDTH="17" VPOS="329" HPOS="270"/>
							<String ID="string_43" HPOS="287" VPOS="328" WIDTH="76" HEIGHT="22" WC="0.93" CONTENT="fallets"/><SP WIDTH="15" VPOS="328" HPOS="363"/>
							<String ID="string_44" HPOS="378" VPOS="329" WIDTH="135" HEIGHT="28" WC="0.91" CONTENT="midtellinje"/><SP WIDTH="15" VPOS="329" HPOS="513"/>
							<String ID="string_45" HPOS="528" VPOS="329" WIDTH="55" HEIGHT="28" WC="0.93" CONTENT="inpå"/><SP WIDTH="15" VPOS="329" HPOS="583"/>
							<String ID="string_46" HPOS="598" VPOS="335" WIDTH="95" HEIGHT="22" WC="0.92" CONTENT="egarens"/><SP WIDTH="16" VPOS="335" HPOS="693"/>
							<String ID="string_47" HPOS="709" VPOS="328" WIDTH="26" HEIGHT="21" WC="0.95" CONTENT="af"/><SP WIDTH="12" VPOS="328" HPOS="735"/>
							<String ID="string_48" HPOS="747" VPOS="330" WIDTH="107" HEIGHT="19" WC="0.96" CONTENT="motsatta"/>
						</TextLine>
						<TextLine ID="line_6" HPOS="96" VPOS="362" WIDTH="757" HEIGHT="30">
							<String ID="string_49" HPOS="96" VPOS="363" WIDTH="65" HEIGHT="22" WC="0.96" CONTENT="sidan"/><SP WIDTH="15" VPOS="363" HPOS="161"/>
							<String ID="string_50" HPOS="176" VPOS="363" WIDTH="80" HEIGHT="29" WC="0.95" CONTENT="grund,"/><SP WIDTH="16" VPOS="363" HPOS="256"/>
							<String ID="string_51" HPOS="272" VPOS="363" WIDTH="41" HEIGHT="21" WC="0.96" CONTENT="har"/><SP WIDTH="14" VPOS="363" HPOS="313"/>
							<String ID="string_52" HPOS="327" VPOS="363" WIDTH="53" HEIGHT="21" WC="0.96" CONTENT="med"/><SP WIDTH="15" VPOS="363" HPOS="380"/>
							<String ID="string_53" HPOS="395" VPOS="363" WIDTH="91" HEIGHT="28" WC="0.95" CONTENT="hänsyn"/><SP WIDTH="14" VPOS="363" HPOS="486"/>
							<String ID="string_54" HPOS="500" VPOS="363" WIDTH="36" HEIGHT="21" WC="0.95" CONTENT="till"/><SP WIDTH="16" VPOS="363" HPOS="536"/>
							<String ID="string_55" HPOS="552" VPOS="363" WIDTH="45" HEIGHT="21" WC="0.96" CONTENT="den"/><SP WIDTH="15" VPOS="363" HPOS="597"/>
							<String ID="string_56" HPOS="612" VPOS="362" WIDTH="87" HEIGHT="29" WC="0.96" CONTENT="princip"/><SP WIDTH="16" VPOS="362" HPOS="699"/>
							<String ID="string_57" HPOS="715" VPOS="362" WIDTH="36" HEIGHT="22" WC="0.93" CONTENT="för"/><SP WIDTH="15" VPOS="362" HPOS="751"/>
							<String ID="string_58" HPOS="766" VPOS="364" WIDTH="87" HEIGHT="20" WC="0.91" CONTENT="vatten-"/>
						</TextLine>
						<TextLine ID="line_7" HPOS="96" VPOS="396" WIDTH="756" HEIGHT="30">
							<String ID="string_59" HPOS="96" VPOS="398" WIDTH="125" HEIGHT="28" WC="0.91" CONTENT="mängdens"/><SP WIDTH="14" VPOS="398" HPOS="221"/>
							<String ID="string_60" HPOS="235" VPOS="398" WIDTH="8" HEIGHT="21" WC="0.93" CONTENT="i"/><SP WIDTH="15" VPOS="398" HPOS="243"/>
							<String ID="string_61" HPOS="258" VPOS="397" WIDTH="111" HEIGHT="22" WC="0.89" CONTENT="strömfall"/><SP WIDTH="21" VPOS="397" HPOS="369"/>
							<String ID="string_62" HPOS="390" VPOS="397" WIDTH="140" HEIGHT="28" WC="0.96" CONTENT="fördelning,"/><SP WIDTH="23" VPOS="397" HPOS="530"/>
							<String ID="string_63" HPOS="553" VPOS="404" WIDTH="49" HEIGHT="14" WC="0.96" CONTENT="som"/><SP WIDTH="18" VPOS="404" HPOS="602"/>
							<String ID="string_64" HPOS="620" VPOS="397" WIDTH="44" HEIGHT="21" WC="0.96" CONTENT="fått"/><SP WIDTH="17" VPOS="397" HPOS="664"/>
							<String ID="string_65" HPOS="681" VPOS="397" WIDTH="94" HEIGHT="28" WC="0.96" CONTENT="uttryck"/><SP WIDTH="15" VPOS="397" HPOS="775"/>
							<String ID="string_66" HPOS="790" VPOS="396" WIDTH="34" HEIGHT="21" WC="0.95" CONTENT="uti"/><SP WIDTH="15" VPOS="396" HPOS="824"/>
							<String ID="string_67" HPOS="839" VPOS="398" WIDTH="13" HEIGHT="19" WC="0.97" CONTENT="2"/>
						</TextLine>
						<TextLine ID="line_8" HPOS="96" VPOS="431" WIDTH="758" HEIGHT="30">
							<String ID="string_68" HPOS="96" VPOS="433" WIDTH="30" HEIGHT="27" WC="0.92" CONTENT="(3)"/><SP WIDTH="23" VPOS="433" HPOS="126"/>
							<String ID="string_69" HPOS="149" VPOS="433" WIDTH="21" HEIGHT="28" WC="0.85" CONTENT="&amp;,"/><SP WIDTH="23" VPOS="433" HPOS="170"/>
							<String ID="string_70" HPOS="193" VPOS="434" WIDTH="74" HEIGHT="19" WC="0.96" CONTENT="såsom"/><SP WIDTH="23" VPOS="434" HPOS="267"/>
							<String ID="string_71" HPOS="290" VPOS="434" WIDTH="10" HEIGHT="19" WC="0.96" CONTENT="1"/><SP WIDTH="26" VPOS="434" HPOS="300"/>
							<String ID="string_72" HPOS="326" VPOS="439" WIDTH="67" HEIGHT="14" WC="0.96" CONTENT="mom."/><SP WIDTH="25" VPOS="439" HPOS="393"/>
							<String ID="string_73" HPOS="418" VPOS="432" WIDTH="34" HEIGHT="21" WC="0.96" CONTENT="uti"/><SP WIDTH="21" VPOS="432" HPOS="452"/>
							<String ID="string_74" HPOS="473" VPOS="434" WIDTH="13" HEIGHT="19" WC="0.96" CONTENT="9"/><SP WIDTH="18" VPOS="434" HPOS="486"/>
							<String ID="string_75" HPOS="504" VPOS="432" WIDTH="15" HEIGHT="28" WC="0.72" CONTENT="8"/><SP WIDTH="16" VPOS="432" HPOS="519"/>
							<String ID="string_76" HPOS="535" VPOS="432" WIDTH="93" HEIGHT="27" WC="0.96" CONTENT="intagits"/><SP WIDTH="25" VPOS="432" HPOS="628"/>
							<String ID="string_77" HPOS="653" VPOS="431" WIDTH="141" HEIGHT="28" WC="0.95" CONTENT="stadganden"/><SP WIDTH="23" VPOS="431" HPOS="794"/>
							<String ID="string_78" HPOS="817" VPOS="437" WIDTH="37" HEIGHT="15" WC="0.96" CONTENT="om"/>
						</TextLine>
						<TextLine ID="line_9" HPOS="96" VPOS="465" WIDTH="758" HEIGHT="29">
							<String ID="string_79" HPOS="96" VPOS="469" WIDTH="45" HEIGHT="18" WC="0.96" CONTENT="rätt"/><SP WIDTH="25" VPOS="469" HPOS="141"/>
							<String ID="string_80" HPOS="166" VPOS="467" WIDTH="37" HEIGHT="21" WC="0.93" CONTENT="för"/><SP WIDTH="25" VPOS="467" HPOS="203"/>
							<String ID="string_81" HPOS="228" VPOS="466" WIDTH="147" HEIGHT="22" WC="0.92" CONTENT="vattenverks"/><SP WIDTH="30" VPOS="466" HPOS="375"/>
							<String ID="string_82" HPOS="405" VPOS="473" WIDTH="68" HEIGHT="21" WC="0.91" CONTENT="egare"/><SP WIDTH="28" VPOS="473" HPOS="473"/>
							<String ID="string_83" HPOS="501" VPOS="468" WIDTH="34" HEIGHT="19" WC="0.96" CONTENT="att"/><SP WIDTH="27" VPOS="468" HPOS="535"/>
							<String ID="string_84" HPOS="562" VPOS="466" WIDTH="36" HEIGHT="21" WC="0.93" CONTENT="för"/><SP WIDTH="25" VPOS="466" HPOS="598"/>
							<String ID="string_85" HPOS="623" VPOS="465" WIDTH="102" HEIGHT="29" WC="0.91" CONTENT="antydda"/><SP WIDTH="24" VPOS="465" HPOS="725"/>
							<String ID="string_86" HPOS="749" VPOS="465" WIDTH="105" HEIGHT="22" WC="0.96" CONTENT="ändamål"/>
						</TextLine>
						<TextLine ID="line_10" HPOS="96" VPOS="500" WIDTH="757" HEIGHT="29">
							<String ID="string_87" HPOS="96" VPOS="501" WIDTH="79" HEIGHT="28" WC="0.96" CONTENT="bygga"/><SP WIDTH="22" VPOS="501" HPOS="175"/>
							<String ID="string_88" HPOS="197" VPOS="501" WIDTH="51" HEIGHT="21" WC="0.92" CONTENT="dam"/><SP WIDTH="18" VPOS="501" HPOS="248"/>
							<String ID="string_89" HPOS="266" VPOS="502" WIDTH="13" HEIGHT="19" WC="0.92" CONTENT="å"/><SP WIDTH="17" VPOS="502" HPOS="279"/>
							<String ID="string_90" HPOS="296" VPOS="507" WIDTH="87" HEIGHT="15" WC="0.96" CONTENT="annans"/><SP WIDTH="19" VPOS="507" HPOS="383"/>
							<String ID="string_91" HPOS="402" VPOS="501" WIDTH="82" HEIGHT="28" WC="0.93" CONTENT="grund,"/><SP WIDTH="19" VPOS="501" HPOS="484"/>
							<String ID="string_92" HPOS="503" VPOS="500" WIDTH="81" HEIGHT="22" WC="0.92" CONTENT="dervid"/><SP WIDTH="18" VPOS="500" HPOS="584"/>
							<String ID="string_93" HPOS="602" VPOS="500" WIDTH="51" HEIGHT="21" WC="0.95" CONTENT="från"/><SP WIDTH="18" VPOS="500" HPOS="653"/>
							<String ID="string_94" HPOS="671" VPOS="502" WIDTH="12" HEIGHT="19" WC="0.96" CONTENT="2"/><SP WIDTH="16" VPOS="502" HPOS="683"/>
							<String ID="string_95" HPOS="699" VPOS="507" WIDTH="66" HEIGHT="15" WC="0.95" CONTENT="mom."/><SP WIDTH="17" VPOS="507" HPOS="765"/>
							<String ID="string_96" HPOS="782" VPOS="500" WIDTH="71" HEIGHT="28" WC="0.96" CONTENT="enligt"/>
						</TextLine>
						<TextLine ID="line_11" HPOS="98" VPOS="534" WIDTH="756" HEIGHT="30">
							<String ID="string_97" HPOS="98" VPOS="535" WIDTH="145" HEIGHT="29" WC="0.92" CONTENT="paragrafens"/><SP WIDTH="25" VPOS="535" HPOS="243"/>
							<String ID="string_98" HPOS="268" VPOS="535" WIDTH="86" HEIGHT="28" WC="0.96" CONTENT="lydelse"/><SP WIDTH="23" VPOS="535" HPOS="354"/>
							<String ID="string_99" HPOS="377" VPOS="535" WIDTH="33" HEIGHT="21" WC="0.96" CONTENT="uti"/><SP WIDTH="22" VPOS="535" HPOS="410"/>
							<String ID="string_100" HPOS="432" VPOS="535" WIDTH="173" HEIGHT="28" WC="0.96" CONTENT="propositionen"/><SP WIDTH="23" VPOS="535" HPOS="605"/>
							<String ID="string_101" HPOS="628" VPOS="535" WIDTH="116" HEIGHT="28" WC="0.96" CONTENT="upptagits"/><SP WIDTH="23" VPOS="535" HPOS="744"/>
							<String ID="string_102" HPOS="767" VPOS="535" WIDTH="28" HEIGHT="21" WC="0.95" CONTENT="de"/><SP WIDTH="22" VPOS="535" HPOS="795"/>
							<String ID="string_103" HPOS="817" VPOS="534" WIDTH="37" HEIGHT="22" WC="0.95" CONTENT="för"/>
						</TextLine>
						<TextLine ID="line_12" HPOS="97" VPOS="569" WIDTH="756" HEIGHT="29">
							<String ID="string_104" HPOS="97" VPOS="569" WIDTH="118" HEIGHT="22" WC="0.96" CONTENT="enahanda"/><SP WIDTH="22" VPOS="569" HPOS="215"/>
							<String ID="string_105" HPOS="237" VPOS="569" WIDTH="138" HEIGHT="29" WC="0.96" CONTENT="befogenhet"/><SP WIDTH="22" VPOS="569" HPOS="375"/>
							<String ID="string_106" HPOS="397" VPOS="569" WIDTH="40" HEIGHT="22" WC="0.96" CONTENT="der"/><SP WIDTH="20" VPOS="569" HPOS="437"/>
							<String ID="string_107" HPOS="457" VPOS="569" WIDTH="111" HEIGHT="29" WC="0.96" CONTENT="stadgade"/><SP WIDTH="18" VPOS="569" HPOS="568"/>
							<String ID="string_108" HPOS="586" VPOS="569" WIDTH="75" HEIGHT="22" WC="0.96" CONTENT="vilkor"/><SP WIDTH="15" VPOS="569" HPOS="661"/>
							<String ID="string_109" HPOS="676" VPOS="569" WIDTH="43" HEIGHT="22" WC="0.96" CONTENT="och"/><SP WIDTH="15" VPOS="569" HPOS="719"/>
							<String ID="string_110" HPOS="734" VPOS="569" WIDTH="119" HEIGHT="22" WC="0.96" CONTENT="förbehåll."/>
						</TextLine>
					</TextBlock>
					<TextBlock ID="block_3" HPOS="96" VPOS="603" WIDTH="761" HEIGHT="236">
						<TextLine ID="line_13" HPOS="164" VPOS="603" WIDTH="689" HEIGHT="30">
							<String ID="string_111" HPOS="164" VPOS="605" WIDTH="12" HEIGHT="20" WC="0.96" CONTENT="I"/><SP WIDTH="15" VPOS="605" HPOS="176"/>
							<String ID="string_112" HPOS="191" VPOS="604" WIDTH="70" HEIGHT="29" WC="0.96" CONTENT="öfrigt"/><SP WIDTH="21" VPOS="604" HPOS="261"/>
							<String ID="string_113" HPOS="282" VPOS="604" WIDTH="41" HEIGHT="21" WC="0.96" CONTENT="har"/><SP WIDTH="22" VPOS="604" HPOS="323"/>
							<String ID="string_114" HPOS="345" VPOS="604" WIDTH="143" HEIGHT="21" WC="0.96" CONTENT="beträffande"/><SP WIDTH="23" VPOS="604" HPOS="488"/>
							<String ID="string_115" HPOS="511" VPOS="607" WIDTH="75" HEIGHT="18" WC="0.96" CONTENT="rätten"/><SP WIDTH="20" VPOS="607" HPOS="586"/>
							<String ID="string_116" HPOS="606" VPOS="606" WIDTH="33" HEIGHT="19" WC="0.96" CONTENT="att"/><SP WIDTH="19" VPOS="606" HPOS="639"/>
							<String ID="string_117" HPOS="658" VPOS="603" WIDTH="59" HEIGHT="29" WC="0.96" CONTENT="yrka"/><SP WIDTH="14" VPOS="603" HPOS="717"/>
							<String ID="string_118" HPOS="731" VPOS="605" WIDTH="30" HEIGHT="28" WC="0.93" CONTENT="på"/><SP WIDTH="16" VPOS="605" HPOS="761"/>
							<String ID="string_119" HPOS="777" VPOS="603" WIDTH="76" HEIGHT="28" WC="0.91" CONTENT="anläg-"/>
						</TextLine>
						<TextLine ID="line_14" HPOS="96" VPOS="638" WIDTH="751" HEIGHT="29">
							<String ID="string_120" HPOS="96" VPOS="639" WIDTH="75" HEIGHT="28" WC="0.95" CONTENT="gande"/><SP WIDTH="15" VPOS="639" HPOS="171"/>
							<String ID="string_121" HPOS="186" VPOS="638" WIDTH="26" HEIGHT="22" WC="0.96" CONTENT="af"/><SP WIDTH="12" VPOS="638" HPOS="212"/>
							<String ID="string_122" HPOS="224" VPOS="646" WIDTH="130" HEIGHT="21" WC="0.96" CONTENT="gemensam"/><SP WIDTH="23" VPOS="646" HPOS="354"/>
							<String ID="string_123" HPOS="377" VPOS="638" WIDTH="51" HEIGHT="22" WC="0.96" CONTENT="dam"/><SP WIDTH="23" VPOS="638" HPOS="428"/>
							<String ID="string_124" HPOS="451" VPOS="641" WIDTH="34" HEIGHT="19" WC="0.95" CONTENT="ett"/><SP WIDTH="19" VPOS="641" HPOS="485"/>
							<String ID="string_125" HPOS="504" VPOS="638" WIDTH="173" HEIGHT="29" WC="0.96" CONTENT="förtydligande"/><SP WIDTH="15" VPOS="638" HPOS="677"/>
							<String ID="string_126" HPOS="692" VPOS="638" WIDTH="82" HEIGHT="29" WC="0.95" CONTENT="tillägg"/><SP WIDTH="15" VPOS="638" HPOS="774"/>
							<String ID="string_127" HPOS="789" VPOS="638" WIDTH="35" HEIGHT="21" WC="0.95" CONTENT="till"/><SP WIDTH="17" VPOS="638" HPOS="824"/>
							<String ID="string_128" HPOS="841" VPOS="641" WIDTH="6" HEIGHT="18" WC="0.87" CONTENT="I"/>
						</TextLine>
						<TextLine ID="line_15" HPOS="96" VPOS="672" WIDTH="761" HEIGHT="29">
							<String ID="string_129" HPOS="96" VPOS="674" WIDTH="31" HEIGHT="27" WC="0.96" CONTENT="(2)"/><SP WIDTH="15" VPOS="674" HPOS="127"/>
							<String ID="string_130" HPOS="142" VPOS="680" WIDTH="66" HEIGHT="15" WC="0.95" CONTENT="mom."/><SP WIDTH="20" VPOS="680" HPOS="208"/>
							<String ID="string_131" HPOS="228" VPOS="673" WIDTH="72" HEIGHT="28" WC="0.95" CONTENT="gjorts"/><SP WIDTH="23" VPOS="673" HPOS="300"/>
							<String ID="string_132" HPOS="323" VPOS="675" WIDTH="57" HEIGHT="19" WC="0.96" CONTENT="samt"/><SP WIDTH="15" VPOS="675" HPOS="380"/>
							<String ID="string_133" HPOS="395" VPOS="675" WIDTH="13" HEIGHT="19" WC="0.96" CONTENT="2"/><SP WIDTH="15" VPOS="675" HPOS="408"/>
							<String ID="string_134" HPOS="423" VPOS="674" WIDTH="32" HEIGHT="27" WC="0.96" CONTENT="(3)"/><SP WIDTH="15" VPOS="674" HPOS="455"/>
							<String ID="string_135" HPOS="470" VPOS="680" WIDTH="68" HEIGHT="15" WC="0.96" CONTENT="mom."/><SP WIDTH="16" VPOS="680" HPOS="538"/>
							<String ID="string_136" HPOS="554" VPOS="673" WIDTH="52" HEIGHT="22" WC="0.96" CONTENT="med"/><SP WIDTH="15" VPOS="673" HPOS="606"/>
							<String ID="string_137" HPOS="621" VPOS="673" WIDTH="90" HEIGHT="28" WC="0.96" CONTENT="hänsyn"/><SP WIDTH="15" VPOS="673" HPOS="711"/>
							<String ID="string_138" HPOS="726" VPOS="673" WIDTH="35" HEIGHT="21" WC="0.96" CONTENT="till"/><SP WIDTH="15" VPOS="673" HPOS="761"/>
							<String ID="string_139" HPOS="776" VPOS="672" WIDTH="39" HEIGHT="22" WC="0.96" CONTENT="det"/><SP WIDTH="15" VPOS="672" HPOS="815"/>
							<String ID="string_140" HPOS="830" VPOS="673" WIDTH="27" HEIGHT="20" WC="0.96" CONTENT="af"/>
						</TextLine>
						<TextLine ID="line_16" HPOS="97" VPOS="706" WIDTH="756" HEIGHT="29">
							<String ID="string_141" HPOS="97" VPOS="707" WIDTH="127" HEIGHT="22" WC="0.91" CONTENT="Ständerna"/><SP WIDTH="22" VPOS="707" HPOS="224"/>
							<String ID="string_142" HPOS="246" VPOS="707" WIDTH="94" HEIGHT="28" WC="0.96" CONTENT="intagna"/><SP WIDTH="22" VPOS="707" HPOS="340"/>
							<String ID="string_143" HPOS="362" VPOS="715" WIDTH="47" HEIGHT="20" WC="0.95" CONTENT="nya"/><SP WIDTH="16" VPOS="715" HPOS="409"/>
							<String ID="string_144" HPOS="425" VPOS="710" WIDTH="103" HEIGHT="19" WC="0.92" CONTENT="moment"/><SP WIDTH="16" VPOS="710" HPOS="528"/>
							<String ID="string_145" HPOS="544" VPOS="707" WIDTH="168" HEIGHT="28" WC="0.92" CONTENT="omredigerats,"/><SP WIDTH="16" VPOS="707" HPOS="712"/>
							<String ID="string_146" HPOS="728" VPOS="706" WIDTH="125" HEIGHT="29" WC="0.89" CONTENT="hvarjemte"/>
						</TextLine>
						<TextLine ID="line_17" HPOS="96" VPOS="741" WIDTH="757" HEIGHT="29">
							<String ID="string_147" HPOS="96" VPOS="741" WIDTH="70" HEIGHT="22" WC="0.92" CONTENT="orden"/><SP WIDTH="24" VPOS="741" HPOS="166"/>
							<String ID="string_148" HPOS="190" VPOS="741" WIDTH="77" HEIGHT="29" WC="0.83" CONTENT=",njute"/><SP WIDTH="16" VPOS="741" HPOS="267"/>
							<String ID="string_149" HPOS="283" VPOS="754" WIDTH="26" HEIGHT="3" WC="0.92" CONTENT="—"/><SP WIDTH="17" VPOS="754" HPOS="309"/>
							<String ID="string_150" HPOS="326" VPOS="755" WIDTH="26" HEIGHT="3" WC="0.92" CONTENT="—"/><SP WIDTH="15" VPOS="755" HPOS="352"/>
							<String ID="string_151" HPOS="367" VPOS="755" WIDTH="28" HEIGHT="2" WC="0.78" CONTENT="-—"/><SP WIDTH="15" VPOS="755" HPOS="395"/>
							<String ID="string_152" HPOS="410" VPOS="741" WIDTH="52" HEIGHT="22" WC="0.94" CONTENT="hela"/><SP WIDTH="23" VPOS="741" HPOS="462"/>
							<String ID="string_153" HPOS="485" VPOS="744" WIDTH="104" HEIGHT="19" WC="0.88" CONTENT="vattnet&quot;"/><SP WIDTH="24" VPOS="744" HPOS="589"/>
							<String ID="string_154" HPOS="613" VPOS="745" WIDTH="79" HEIGHT="18" WC="0.95" CONTENT="ersatts"/><SP WIDTH="16" VPOS="745" HPOS="692"/>
							<String ID="string_155" HPOS="708" VPOS="741" WIDTH="51" HEIGHT="22" WC="0.93" CONTENT="med"/><SP WIDTH="17" VPOS="741" HPOS="759"/>
							<String ID="string_156" HPOS="776" VPOS="741" WIDTH="77" HEIGHT="28" WC="0.91" CONTENT=",njute"/>
						</TextLine>
						<TextLine ID="line_18" HPOS="97" VPOS="775" WIDTH="757" HEIGHT="29">
							<String ID="string_157" HPOS="97" VPOS="789" WIDTH="27" HEIGHT="3" WC="0.89" CONTENT="—"/><SP WIDTH="14" VPOS="789" HPOS="124"/>
							<String ID="string_158" HPOS="138" VPOS="789" WIDTH="30" HEIGHT="3" WC="0.89" CONTENT="—"/><SP WIDTH="14" VPOS="789" HPOS="168"/>
							<String ID="string_159" HPOS="182" VPOS="789" WIDTH="28" HEIGHT="3" WC="0.90" CONTENT="—"/><SP WIDTH="14" VPOS="789" HPOS="210"/>
							<String ID="string_160" HPOS="224" VPOS="776" WIDTH="51" HEIGHT="21" WC="0.96" CONTENT="hela"/><SP WIDTH="22" VPOS="776" HPOS="275"/>
							<String ID="string_161" HPOS="297" VPOS="776" WIDTH="38" HEIGHT="21" WC="0.93" CONTENT="det"/><SP WIDTH="24" VPOS="776" HPOS="335"/>
							<String ID="string_162" HPOS="359" VPOS="776" WIDTH="81" HEIGHT="21" WC="0.93" CONTENT="dämda"/><SP WIDTH="17" VPOS="776" HPOS="440"/>
							<String ID="string_163" HPOS="457" VPOS="778" WIDTH="113" HEIGHT="24" WC="0.86" CONTENT="vattnet&quot;,"/><SP WIDTH="19" VPOS="778" HPOS="570"/>
							<String ID="string_164" HPOS="589" VPOS="779" WIDTH="54" HEIGHT="18" WC="0.93" CONTENT="enär"/><SP WIDTH="16" VPOS="779" HPOS="643"/>
							<String ID="string_165" HPOS="659" VPOS="776" WIDTH="138" HEIGHT="28" WC="0.92" CONTENT="dämningen"/><SP WIDTH="16" VPOS="776" HPOS="797"/>
							<String ID="string_166" HPOS="813" VPOS="775" WIDTH="41" HEIGHT="22" WC="0.96" CONTENT="här"/>
						</TextLine>
						<TextLine ID="line_19" HPOS="96" VPOS="810" WIDTH="622" HEIGHT="29">
							<String ID="string_167" HPOS="96" VPOS="810" WIDTH="20" HEIGHT="29" WC="0.96" CONTENT="ej"/><SP WIDTH="17" VPOS="810" HPOS="116"/>
							<String ID="string_168" HPOS="133" VPOS="810" WIDTH="51" HEIGHT="22" WC="0.96" CONTENT="med"/><SP WIDTH="15" VPOS="810" HPOS="184"/>
							<String ID="string_169" HPOS="199" VPOS="810" WIDTH="172" HEIGHT="29" WC="0.96" CONTENT="nödvändighet"/><SP WIDTH="15" VPOS="810" HPOS="371"/>
							<String ID="string_170" HPOS="386" VPOS="810" WIDTH="109" HEIGHT="21" WC="0.96" CONTENT="omfattar"/><SP WIDTH="15" VPOS="810" HPOS="495"/>
							<String ID="string_171" HPOS="510" VPOS="810" WIDTH="52" HEIGHT="22" WC="0.93" CONTENT="hela"/><SP WIDTH="15" VPOS="810" HPOS="562"/>
							<String ID="string_172" HPOS="577" VPOS="810" WIDTH="141" HEIGHT="23" WC="0.87" CONTENT="strömfallet."/>
						</TextLine>
					</TextBlock>
					<TextBlock ID="block_4" HPOS="93" VPOS="844" WIDTH="762" HEIGHT="269">
						<TextLine ID="line_20" HPOS="164" VPOS="844" WIDTH="691" HEIGHT="29">
							<String ID="string_173" HPOS="164" VPOS="844" WIDTH="40" HEIGHT="22" WC="0.96" CONTENT="Uti"/><SP WIDTH="24" VPOS="844" HPOS="204"/>
							<String ID="string_174" HPOS="228" VPOS="847" WIDTH="26" HEIGHT="18" WC="0.96" CONTENT="10"/><SP WIDTH="22" VPOS="847" HPOS="254"/>
							<String ID="string_175" HPOS="276" VPOS="844" WIDTH="14" HEIGHT="29" WC="0.57" CONTENT="S"/><SP WIDTH="23" VPOS="844" HPOS="290"/>
							<String ID="string_176" HPOS="313" VPOS="844" WIDTH="70" HEIGHT="21" WC="0.95" CONTENT="hafva"/><SP WIDTH="22" VPOS="844" HPOS="383"/>
							<String ID="string_177" HPOS="405" VPOS="845" WIDTH="28" HEIGHT="20" WC="0.96" CONTENT="de"/><SP WIDTH="22" VPOS="845" HPOS="433"/>
							<String ID="string_178" HPOS="455" VPOS="845" WIDTH="34" HEIGHT="21" WC="0.96" CONTENT="uti"/><SP WIDTH="24" VPOS="845" HPOS="489"/>
							<String ID="string_179" HPOS="513" VPOS="847" WIDTH="13" HEIGHT="19" WC="0.96" CONTENT="9"/><SP WIDTH="23" VPOS="847" HPOS="526"/>
							<String ID="string_180" HPOS="549" VPOS="845" WIDTH="15" HEIGHT="28" WC="0.89" CONTENT="&amp;"/><SP WIDTH="18" VPOS="845" HPOS="564"/>
							<String ID="string_181" HPOS="582" VPOS="847" WIDTH="13" HEIGHT="19" WC="0.96" CONTENT="2"/><SP WIDTH="19" VPOS="847" HPOS="595"/>
							<String ID="string_182" HPOS="614" VPOS="846" WIDTH="30" HEIGHT="26" WC="0.96" CONTENT="(3)"/><SP WIDTH="19" VPOS="846" HPOS="644"/>
							<String ID="string_183" HPOS="663" VPOS="852" WIDTH="66" HEIGHT="15" WC="0.95" CONTENT="mom."/><SP WIDTH="16" VPOS="852" HPOS="729"/>
							<String ID="string_184" HPOS="745" VPOS="845" WIDTH="110" HEIGHT="28" WC="0.96" CONTENT="vidtagna"/>
						</TextLine>
						<TextLine ID="line_21" HPOS="96" VPOS="879" WIDTH="758" HEIGHT="28">
							<String ID="string_185" HPOS="96" VPOS="879" WIDTH="152" HEIGHT="28" WC="0.93" CONTENT="ändringarna"/><SP WIDTH="22" VPOS="879" HPOS="248"/>
							<String ID="string_186" HPOS="270" VPOS="879" WIDTH="102" HEIGHT="28" WC="0.92" CONTENT="betingat"/><SP WIDTH="22" VPOS="879" HPOS="372"/>
							<String ID="string_187" HPOS="394" VPOS="881" WIDTH="85" HEIGHT="20" WC="0.96" CONTENT="tvenne"/><SP WIDTH="24" VPOS="881" HPOS="479"/>
							<String ID="string_188" HPOS="503" VPOS="879" WIDTH="89" HEIGHT="22" WC="0.93" CONTENT="mindre"/><SP WIDTH="20" VPOS="879" HPOS="592"/>
							<String ID="string_189" HPOS="612" VPOS="879" WIDTH="152" HEIGHT="28" WC="0.91" CONTENT="jemkningar."/><SP WIDTH="33" VPOS="879" HPOS="764"/>
							<String ID="string_190" HPOS="797" VPOS="879" WIDTH="57" HEIGHT="21" WC="0.90" CONTENT="Der-"/>
						</TextLine>
						<TextLine ID="line_22" HPOS="93" VPOS="913" WIDTH="760" HEIGHT="29">
							<String ID="string_191" HPOS="93" VPOS="913" WIDTH="71" HEIGHT="29" WC="0.95" CONTENT="jemte"/><SP WIDTH="14" VPOS="913" HPOS="164"/>
							<String ID="string_192" HPOS="178" VPOS="913" WIDTH="42" HEIGHT="22" WC="0.96" CONTENT="har"/><SP WIDTH="15" VPOS="913" HPOS="220"/>
							<String ID="string_193" HPOS="235" VPOS="913" WIDTH="35" HEIGHT="22" WC="0.93" CONTENT="till"/><SP WIDTH="18" VPOS="913" HPOS="270"/>
							<String ID="string_194" HPOS="288" VPOS="913" WIDTH="148" HEIGHT="29" WC="0.92" CONTENT="paragrafens"/><SP WIDTH="22" VPOS="913" HPOS="436"/>
							<String ID="string_195" HPOS="458" VPOS="916" WIDTH="53" HEIGHT="19" WC="0.95" CONTENT="näst"/><SP WIDTH="23" VPOS="916" HPOS="511"/>
							<String ID="string_196" HPOS="534" VPOS="914" WIDTH="55" HEIGHT="21" WC="0.95" CONTENT="sista"/><SP WIDTH="23" VPOS="914" HPOS="589"/>
							<String ID="string_197" HPOS="612" VPOS="914" WIDTH="92" HEIGHT="28" WC="0.96" CONTENT="mening"/><SP WIDTH="19" VPOS="914" HPOS="704"/>
							<String ID="string_198" HPOS="723" VPOS="913" WIDTH="77" HEIGHT="29" WC="0.96" CONTENT="fogats"/><SP WIDTH="21" VPOS="913" HPOS="800"/>
							<String ID="string_199" HPOS="821" VPOS="916" WIDTH="32" HEIGHT="19" WC="0.96" CONTENT="ett"/>
						</TextLine>
						<TextLine ID="line_23" HPOS="96" VPOS="947" WIDTH="758" HEIGHT="30">
							<String ID="string_200" HPOS="96" VPOS="948" WIDTH="88" HEIGHT="28" WC="0.96" CONTENT="tillägg,"/><SP WIDTH="16" VPOS="948" HPOS="184"/>
							<String ID="string_201" HPOS="200" VPOS="948" WIDTH="70" HEIGHT="28" WC="0.96" CONTENT="enligt"/><SP WIDTH="15" VPOS="948" HPOS="270"/>
							<String ID="string_202" HPOS="285" VPOS="947" WIDTH="88" HEIGHT="22" WC="0.93" CONTENT="hvilket"/><SP WIDTH="15" VPOS="947" HPOS="373"/>
							<String ID="string_203" HPOS="388" VPOS="948" WIDTH="201" HEIGHT="29" WC="0.91" CONTENT="strömfallsegare,"/><SP WIDTH="16" VPOS="948" HPOS="589"/>
							<String ID="string_204" HPOS="605" VPOS="950" WIDTH="13" HEIGHT="19" WC="0.92" CONTENT="å"/><SP WIDTH="10" VPOS="950" HPOS="618"/>
							<String ID="string_205" HPOS="628" VPOS="948" WIDTH="67" HEIGHT="22" WC="0.96" CONTENT="hvars"/><SP WIDTH="12" VPOS="948" HPOS="695"/>
							<String ID="string_206" HPOS="707" VPOS="948" WIDTH="75" HEIGHT="29" WC="0.92" CONTENT="grund"/><SP WIDTH="11" VPOS="948" HPOS="782"/>
							<String ID="string_207" HPOS="793" VPOS="948" WIDTH="61" HEIGHT="21" WC="0.92" CONTENT="dam-"/>
						</TextLine>
						<TextLine ID="line_24" HPOS="96" VPOS="981" WIDTH="752" HEIGHT="30">
							<String ID="string_208" HPOS="96" VPOS="981" WIDTH="110" HEIGHT="29" WC="0.96" CONTENT="byggnad"/><SP WIDTH="16" VPOS="981" HPOS="206"/>
							<String ID="string_209" HPOS="222" VPOS="982" WIDTH="25" HEIGHT="21" WC="0.96" CONTENT="af"/><SP WIDTH="13" VPOS="982" HPOS="247"/>
							<String ID="string_210" HPOS="260" VPOS="989" WIDTH="75" HEIGHT="14" WC="0.96" CONTENT="annan"/><SP WIDTH="14" VPOS="989" HPOS="335"/>
							<String ID="string_211" HPOS="349" VPOS="982" WIDTH="113" HEIGHT="29" WC="0.93" CONTENT="uppförts,"/><SP WIDTH="11" VPOS="982" HPOS="462"/>
							<String ID="string_212" HPOS="473" VPOS="982" WIDTH="126" HEIGHT="29" WC="0.92" CONTENT="berättigas"/><SP WIDTH="11" VPOS="982" HPOS="599"/>
							<String ID="string_213" HPOS="610" VPOS="985" WIDTH="39" HEIGHT="23" WC="0.93" CONTENT="att,"/><SP WIDTH="11" VPOS="985" HPOS="649"/>
							<String ID="string_214" HPOS="660" VPOS="983" WIDTH="75" HEIGHT="21" WC="0.92" CONTENT="derest"/><SP WIDTH="10" VPOS="983" HPOS="735"/>
							<String ID="string_215" HPOS="745" VPOS="982" WIDTH="103" HEIGHT="21" WC="0.96" CONTENT="dammen"/>
						</TextLine>
						<TextLine ID="line_25" HPOS="96" VPOS="1016" WIDTH="758" HEIGHT="29">
							<String ID="string_216" HPOS="96" VPOS="1016" WIDTH="121" HEIGHT="22" WC="0.91" CONTENT="framdeles"/><SP WIDTH="22" VPOS="1016" HPOS="217"/>
							<String ID="string_217" HPOS="239" VPOS="1017" WIDTH="111" HEIGHT="21" WC="0.91" CONTENT="befunnes"/><SP WIDTH="19" VPOS="1017" HPOS="350"/>
							<String ID="string_218" HPOS="369" VPOS="1017" WIDTH="81" HEIGHT="21" WC="0.96" CONTENT="hindra"/><SP WIDTH="15" VPOS="1017" HPOS="450"/>
							<String ID="string_219" HPOS="465" VPOS="1017" WIDTH="86" HEIGHT="22" WC="0.95" CONTENT="honom"/><SP WIDTH="17" VPOS="1017" HPOS="551"/>
							<String ID="string_220" HPOS="568" VPOS="1019" WIDTH="33" HEIGHT="19" WC="0.96" CONTENT="att"/><SP WIDTH="15" VPOS="1019" HPOS="601"/>
							<String ID="string_221" HPOS="616" VPOS="1017" WIDTH="56" HEIGHT="28" WC="0.96" CONTENT="sjelf"/><SP WIDTH="11" VPOS="1017" HPOS="672"/>
							<String ID="string_222" HPOS="683" VPOS="1017" WIDTH="53" HEIGHT="21" WC="0.96" CONTENT="fullt"/><SP WIDTH="15" VPOS="1017" HPOS="736"/>
							<String ID="string_223" HPOS="751" VPOS="1016" WIDTH="103" HEIGHT="29" WC="0.96" CONTENT="utnyttja"/>
						</TextLine>
						<TextLine ID="line_26" HPOS="97" VPOS="1050" WIDTH="757" HEIGHT="30">
							<String ID="string_224" HPOS="97" VPOS="1051" WIDTH="35" HEIGHT="21" WC="0.96" CONTENT="sin"/><SP WIDTH="10" VPOS="1051" HPOS="132"/>
							<String ID="string_225" HPOS="142" VPOS="1051" WIDTH="66" HEIGHT="21" WC="0.96" CONTENT="andel"/><SP WIDTH="11" VPOS="1051" HPOS="208"/>
							<String ID="string_226" HPOS="219" VPOS="1051" WIDTH="22" HEIGHT="22" WC="0.96" CONTENT="af"/><SP WIDTH="11" VPOS="1051" HPOS="241"/>
							<String ID="string_227" HPOS="252" VPOS="1053" WIDTH="95" HEIGHT="24" WC="0.93" CONTENT="vattnet,"/><SP WIDTH="10" VPOS="1053" HPOS="347"/>
							<String ID="string_228" HPOS="357" VPOS="1051" WIDTH="90" HEIGHT="29" WC="0.92" CONTENT="påyrka"/><SP WIDTH="10" VPOS="1051" HPOS="447"/>
							<String ID="string_229" HPOS="457" VPOS="1051" WIDTH="144" HEIGHT="22" WC="0.91" CONTENT="densammas"/><SP WIDTH="11" VPOS="1051" HPOS="601"/>
							<String ID="string_230" HPOS="612" VPOS="1051" WIDTH="169" HEIGHT="22" WC="0.96" CONTENT="bortskaffande"/><SP WIDTH="11" VPOS="1051" HPOS="781"/>
							<String ID="string_231" HPOS="792" VPOS="1051" WIDTH="7" HEIGHT="20" WC="0.96" CONTENT="i"/><SP WIDTH="11" VPOS="1051" HPOS="799"/>
							<String ID="string_232" HPOS="810" VPOS="1050" WIDTH="44" HEIGHT="22" WC="0.96" CONTENT="den"/>
						</TextLine>
						<TextLine ID="line_27" HPOS="96" VPOS="1085" WIDTH="193" HEIGHT="28">
							<String ID="string_233" HPOS="96" VPOS="1087" WIDTH="53" HEIGHT="19" WC="0.93" CONTENT="mån"/><SP WIDTH="15" VPOS="1087" HPOS="149"/>
							<String ID="string_234" HPOS="164" VPOS="1085" WIDTH="80" HEIGHT="28" WC="0.92" CONTENT="nödigt"/><SP WIDTH="15" VPOS="1085" HPOS="244"/>
							<String ID="string_235" HPOS="259" VPOS="1089" WIDTH="30" HEIGHT="18" WC="0.96" CONTENT="är."/>
						</TextLine>
					</TextBlock>
					<TextBlock ID="block_5" HPOS="96" VPOS="1119" WIDTH="759" HEIGHT="339">
						<TextLine ID="line_28" HPOS="165" VPOS="1119" WIDTH="688" HEIGHT="30">
							<String ID="string_236" HPOS="165" VPOS="1119" WIDTH="34" HEIGHT="22" WC="0.96" CONTENT="På"/><SP WIDTH="15" VPOS="1119" HPOS="199"/>
							<String ID="string_237" HPOS="214" VPOS="1120" WIDTH="55" HEIGHT="26" WC="0.95" CONTENT="skäl,"/><SP WIDTH="16" VPOS="1120" HPOS="269"/>
							<String ID="string_238" HPOS="285" VPOS="1127" WIDTH="48" HEIGHT="14" WC="0.96" CONTENT="som"/><SP WIDTH="15" VPOS="1127" HPOS="333"/>
							<String ID="string_239" HPOS="348" VPOS="1120" WIDTH="32" HEIGHT="21" WC="0.93" CONTENT="uti"/><SP WIDTH="17" VPOS="1120" HPOS="380"/>
							<String ID="string_240" HPOS="397" VPOS="1120" WIDTH="141" HEIGHT="22" WC="0.88" CONTENT="Ständernas"/><SP WIDTH="17" VPOS="1120" HPOS="538"/>
							<String ID="string_241" HPOS="555" VPOS="1120" WIDTH="154" HEIGHT="29" WC="0.92" CONTENT="underdåniga"/><SP WIDTH="14" VPOS="1120" HPOS="709"/>
							<String ID="string_242" HPOS="723" VPOS="1119" WIDTH="130" HEIGHT="23" WC="0.91" CONTENT="svarsskrif-"/>
						</TextLine>
						<TextLine ID="line_29" HPOS="97" VPOS="1154" WIDTH="757" HEIGHT="29">
							<String ID="string_243" HPOS="97" VPOS="1154" WIDTH="62" HEIGHT="22" WC="0.91" CONTENT="velse"/><SP WIDTH="15" VPOS="1154" HPOS="159"/>
							<String ID="string_244" HPOS="174" VPOS="1154" WIDTH="7" HEIGHT="21" WC="0.95" CONTENT="i"/><SP WIDTH="16" VPOS="1154" HPOS="181"/>
							<String ID="string_245" HPOS="197" VPOS="1154" WIDTH="123" HEIGHT="28" WC="0.96" CONTENT="anledning"/><SP WIDTH="15" VPOS="1154" HPOS="320"/>
							<String ID="string_246" HPOS="335" VPOS="1154" WIDTH="26" HEIGHT="22" WC="0.96" CONTENT="af"/><SP WIDTH="14" VPOS="1154" HPOS="361"/>
							<String ID="string_247" HPOS="375" VPOS="1154" WIDTH="181" HEIGHT="29" WC="0.96" CONTENT="propositionen,"/><SP WIDTH="16" VPOS="1154" HPOS="556"/>
							<String ID="string_248" HPOS="572" VPOS="1154" WIDTH="155" HEIGHT="22" WC="0.96" CONTENT="innefattande"/><SP WIDTH="14" VPOS="1154" HPOS="727"/>
							<String ID="string_249" HPOS="741" VPOS="1154" WIDTH="62" HEIGHT="22" WC="0.93" CONTENT="vissa"/><SP WIDTH="14" VPOS="1154" HPOS="803"/>
							<String ID="string_250" HPOS="817" VPOS="1154" WIDTH="37" HEIGHT="22" WC="0.93" CONTENT="be-"/>
						</TextLine>
						<TextLine ID="line_30" HPOS="97" VPOS="1188" WIDTH="758" HEIGHT="30">
							<String ID="string_251" HPOS="97" VPOS="1188" WIDTH="140" HEIGHT="28" WC="0.96" CONTENT="stämningar"/><SP WIDTH="22" VPOS="1188" HPOS="237"/>
							<String ID="string_252" HPOS="259" VPOS="1196" WIDTH="37" HEIGHT="14" WC="0.96" CONTENT="om"/><SP WIDTH="23" VPOS="1196" HPOS="296"/>
							<String ID="string_253" HPOS="319" VPOS="1189" WIDTH="136" HEIGHT="28" WC="0.94" CONTENT="uppgående"/><SP WIDTH="23" VPOS="1189" HPOS="455"/>
							<String ID="string_254" HPOS="478" VPOS="1188" WIDTH="27" HEIGHT="22" WC="0.93" CONTENT="af"/><SP WIDTH="16" VPOS="1188" HPOS="505"/>
							<String ID="string_255" HPOS="521" VPOS="1189" WIDTH="160" HEIGHT="29" WC="0.92" CONTENT="gränsskilnad"/><SP WIDTH="14" VPOS="1189" HPOS="681"/>
							<String ID="string_256" HPOS="695" VPOS="1189" WIDTH="8" HEIGHT="21" WC="0.96" CONTENT="i"/><SP WIDTH="14" VPOS="1189" HPOS="703"/>
							<String ID="string_257" HPOS="717" VPOS="1188" WIDTH="138" HEIGHT="29" WC="0.96" CONTENT="vattendrag"/>
						</TextLine>
						<TextLine ID="line_31" HPOS="97" VPOS="1222" WIDTH="756" HEIGHT="30">
							<String ID="string_258" HPOS="97" VPOS="1222" WIDTH="43" HEIGHT="22" WC="0.96" CONTENT="och"/><SP WIDTH="22" VPOS="1222" HPOS="140"/>
							<String ID="string_259" HPOS="162" VPOS="1222" WIDTH="69" HEIGHT="22" WC="0.96" CONTENT="skifte"/><SP WIDTH="15" VPOS="1222" HPOS="231"/>
							<String ID="string_260" HPOS="246" VPOS="1223" WIDTH="26" HEIGHT="21" WC="0.96" CONTENT="af"/><SP WIDTH="12" VPOS="1223" HPOS="272"/>
							<String ID="string_261" HPOS="284" VPOS="1223" WIDTH="143" HEIGHT="26" WC="0.96" CONTENT="fiskevatten,"/><SP WIDTH="22" VPOS="1223" HPOS="427"/>
							<String ID="string_262" HPOS="449" VPOS="1226" WIDTH="107" HEIGHT="19" WC="0.91" CONTENT="närmare"/><SP WIDTH="19" VPOS="1226" HPOS="556"/>
							<String ID="string_263" HPOS="575" VPOS="1223" WIDTH="111" HEIGHT="29" WC="0.91" CONTENT="angifvas,"/><SP WIDTH="15" VPOS="1223" HPOS="686"/>
							<String ID="string_264" HPOS="701" VPOS="1223" WIDTH="70" HEIGHT="22" WC="0.93" CONTENT="hafva"/><SP WIDTH="16" VPOS="1223" HPOS="771"/>
							<String ID="string_265" HPOS="787" VPOS="1222" WIDTH="66" HEIGHT="22" WC="0.92" CONTENT="Stän-"/>
						</TextLine>
						<TextLine ID="line_32" HPOS="98" VPOS="1256" WIDTH="753" HEIGHT="30">
							<String ID="string_266" HPOS="98" VPOS="1257" WIDTH="69" HEIGHT="21" WC="0.96" CONTENT="derna"/><SP WIDTH="19" VPOS="1257" HPOS="167"/>
							<String ID="string_267" HPOS="186" VPOS="1256" WIDTH="76" HEIGHT="22" WC="0.93" CONTENT="funnit"/><SP WIDTH="15" VPOS="1256" HPOS="262"/>
							<String ID="string_268" HPOS="277" VPOS="1258" WIDTH="80" HEIGHT="28" WC="0.92" CONTENT="nödigt"/><SP WIDTH="15" VPOS="1258" HPOS="357"/>
							<String ID="string_269" HPOS="372" VPOS="1260" WIDTH="39" HEIGHT="24" WC="0.96" CONTENT="att,"/><SP WIDTH="16" VPOS="1260" HPOS="411"/>
							<String ID="string_270" HPOS="427" VPOS="1258" WIDTH="8" HEIGHT="20" WC="0.96" CONTENT="i"/><SP WIDTH="14" VPOS="1258" HPOS="435"/>
							<String ID="string_271" HPOS="449" VPOS="1258" WIDTH="68" HEIGHT="28" WC="0.96" CONTENT="fråga"/><SP WIDTH="16" VPOS="1258" HPOS="517"/>
							<String ID="string_272" HPOS="533" VPOS="1265" WIDTH="37" HEIGHT="15" WC="0.96" CONTENT="om"/><SP WIDTH="15" VPOS="1265" HPOS="570"/>
							<String ID="string_273" HPOS="585" VPOS="1258" WIDTH="93" HEIGHT="28" WC="0.96" CONTENT="delning"/><SP WIDTH="15" VPOS="1258" HPOS="678"/>
							<String ID="string_274" HPOS="693" VPOS="1258" WIDTH="26" HEIGHT="21" WC="0.93" CONTENT="af"/><SP WIDTH="13" VPOS="1258" HPOS="719"/>
							<String ID="string_275" HPOS="732" VPOS="1257" WIDTH="119" HEIGHT="25" WC="0.92" CONTENT="strömfall,"/>
						</TextLine>
						<TextLine ID="line_33" HPOS="97" VPOS="1292" WIDTH="758" HEIGHT="28">
							<String ID="string_276" HPOS="97" VPOS="1294" WIDTH="55" HEIGHT="25" WC="0.96" CONTENT="göra"/><SP WIDTH="16" VPOS="1294" HPOS="152"/>
							<String ID="string_277" HPOS="168" VPOS="1292" WIDTH="88" HEIGHT="21" WC="0.95" CONTENT="skilnad"/><SP WIDTH="17" VPOS="1292" HPOS="256"/>
							<String ID="string_278" HPOS="273" VPOS="1292" WIDTH="84" HEIGHT="21" WC="0.96" CONTENT="mellan"/><SP WIDTH="15" VPOS="1292" HPOS="357"/>
							<String ID="string_279" HPOS="372" VPOS="1292" WIDTH="44" HEIGHT="22" WC="0.96" CONTENT="den"/><SP WIDTH="15" VPOS="1292" HPOS="416"/>
							<String ID="string_280" HPOS="431" VPOS="1292" WIDTH="119" HEIGHT="26" WC="0.95" CONTENT="händelse,"/><SP WIDTH="16" VPOS="1292" HPOS="550"/>
							<String ID="string_281" HPOS="566" VPOS="1292" WIDTH="29" HEIGHT="22" WC="0.93" CONTENT="då"/><SP WIDTH="15" VPOS="1292" HPOS="595"/>
							<String ID="string_282" HPOS="610" VPOS="1292" WIDTH="117" HEIGHT="26" WC="0.92" CONTENT="strömfall,"/><SP WIDTH="16" VPOS="1292" HPOS="727"/>
							<String ID="string_283" HPOS="743" VPOS="1292" WIDTH="63" HEIGHT="28" WC="0.92" CONTENT="förty"/><SP WIDTH="15" VPOS="1292" HPOS="806"/>
							<String ID="string_284" HPOS="821" VPOS="1294" WIDTH="34" HEIGHT="19" WC="0.96" CONTENT="att"/>
						</TextLine>
						<TextLine ID="line_34" HPOS="96" VPOS="1326" WIDTH="759" HEIGHT="29">
							<String ID="string_285" HPOS="96" VPOS="1326" WIDTH="170" HEIGHT="22" WC="0.93" CONTENT="vattenkraften"/><SP WIDTH="17" VPOS="1326" HPOS="266"/>
							<String ID="string_286" HPOS="283" VPOS="1326" WIDTH="46" HEIGHT="22" WC="0.91" CONTENT="deri"/><SP WIDTH="16" VPOS="1326" HPOS="329"/>
							<String ID="string_287" HPOS="345" VPOS="1329" WIDTH="24" HEIGHT="19" WC="0.96" CONTENT="är"/><SP WIDTH="15" VPOS="1329" HPOS="369"/>
							<String ID="string_288" HPOS="384" VPOS="1326" WIDTH="27" HEIGHT="22" WC="0.93" CONTENT="af"/><SP WIDTH="4" VPOS="1326" HPOS="411"/>
							<String ID="string_289" HPOS="415" VPOS="1326" WIDTH="170" HEIGHT="28" WC="0.91" CONTENT="jemförelsevis"/><SP WIDTH="12" VPOS="1326" HPOS="585"/>
							<String ID="string_290" HPOS="597" VPOS="1327" WIDTH="65" HEIGHT="28" WC="0.96" CONTENT="ringa"/><SP WIDTH="10" VPOS="1327" HPOS="662"/>
							<String ID="string_291" HPOS="672" VPOS="1326" WIDTH="118" HEIGHT="28" WC="0.96" CONTENT="betydelse"/><SP WIDTH="11" VPOS="1326" HPOS="790"/>
							<String ID="string_292" HPOS="801" VPOS="1326" WIDTH="54" HEIGHT="21" WC="0.96" CONTENT="eller"/>
						</TextLine>
						<TextLine ID="line_35" HPOS="97" VPOS="1360" WIDTH="756" HEIGHT="29">
							<String ID="string_293" HPOS="97" VPOS="1362" WIDTH="32" HEIGHT="19" WC="0.96" CONTENT="att"/><SP WIDTH="23" VPOS="1362" HPOS="129"/>
							<String ID="string_294" HPOS="152" VPOS="1360" WIDTH="172" HEIGHT="22" WC="0.96" CONTENT="förhållandena"/><SP WIDTH="21" VPOS="1360" HPOS="324"/>
							<String ID="string_295" HPOS="345" VPOS="1360" WIDTH="52" HEIGHT="22" WC="0.96" CONTENT="med"/><SP WIDTH="15" VPOS="1360" HPOS="397"/>
							<String ID="string_296" HPOS="412" VPOS="1361" WIDTH="110" HEIGHT="22" WC="0.93" CONTENT="afseende"/><SP WIDTH="16" VPOS="1361" HPOS="522"/>
							<String ID="string_297" HPOS="538" VPOS="1363" WIDTH="13" HEIGHT="19" WC="0.92" CONTENT="å"/><SP WIDTH="15" VPOS="1363" HPOS="551"/>
							<String ID="string_298" HPOS="566" VPOS="1361" WIDTH="147" HEIGHT="28" WC="0.95" CONTENT="möjligheten"/><SP WIDTH="16" VPOS="1361" HPOS="713"/>
							<String ID="string_299" HPOS="729" VPOS="1363" WIDTH="33" HEIGHT="19" WC="0.92" CONTENT="att"/><SP WIDTH="16" VPOS="1363" HPOS="762"/>
							<String ID="string_300" HPOS="778" VPOS="1360" WIDTH="75" HEIGHT="28" WC="0.92" CONTENT="lämpa"/>
						</TextLine>
						<TextLine ID="line_36" HPOS="96" VPOS="1394" WIDTH="757" HEIGHT="30">
							<String ID="string_301" HPOS="96" VPOS="1394" WIDTH="80" HEIGHT="22" WC="0.96" CONTENT="skiftet"/><SP WIDTH="14" VPOS="1394" HPOS="176"/>
							<String ID="string_302" HPOS="190" VPOS="1394" WIDTH="27" HEIGHT="22" WC="0.96" CONTENT="af"/><SP WIDTH="12" VPOS="1394" HPOS="217"/>
							<String ID="string_303" HPOS="229" VPOS="1397" WIDTH="88" HEIGHT="19" WC="0.96" CONTENT="vattnet"/><SP WIDTH="16" VPOS="1397" HPOS="317"/>
							<String ID="string_304" HPOS="333" VPOS="1395" WIDTH="57" HEIGHT="22" WC="0.93" CONTENT="efter"/><SP WIDTH="15" VPOS="1395" HPOS="390"/>
							<String ID="string_305" HPOS="405" VPOS="1395" WIDTH="137" HEIGHT="22" WC="0.92" CONTENT="landskiftet"/><SP WIDTH="11" VPOS="1395" HPOS="542"/>
							<String ID="string_306" HPOS="553" VPOS="1395" WIDTH="65" HEIGHT="29" WC="0.96" CONTENT="eljest"/><SP WIDTH="11" VPOS="1395" HPOS="618"/>
							<String ID="string_307" HPOS="629" VPOS="1395" WIDTH="38" HEIGHT="22" WC="0.91" CONTENT="det"/><SP WIDTH="10" VPOS="1395" HPOS="667"/>
							<String ID="string_308" HPOS="677" VPOS="1394" WIDTH="124" HEIGHT="30" WC="0.91" CONTENT="medgifva,"/><SP WIDTH="11" VPOS="1394" HPOS="801"/>
							<String ID="string_309" HPOS="812" VPOS="1394" WIDTH="41" HEIGHT="22" WC="0.96" CONTENT="bör"/>
						</TextLine>
						<TextLine ID="line_37" HPOS="96" VPOS="1428" WIDTH="759" HEIGHT="30">
							<String ID="string_310" HPOS="96" VPOS="1428" WIDTH="81" HEIGHT="22" WC="0.92" CONTENT="skiftas"/><SP WIDTH="22" VPOS="1428" HPOS="177"/>
							<String ID="string_311" HPOS="199" VPOS="1429" WIDTH="73" HEIGHT="21" WC="0.95" CONTENT="tillika"/><SP WIDTH="21" VPOS="1429" HPOS="272"/>
							<String ID="string_312" HPOS="293" VPOS="1429" WIDTH="50" HEIGHT="21" WC="0.93" CONTENT="med"/><SP WIDTH="24" VPOS="1429" HPOS="343"/>
							<String ID="string_313" HPOS="367" VPOS="1429" WIDTH="197" HEIGHT="29" WC="0.92" CONTENT="samfällighetens"/><SP WIDTH="20" VPOS="1429" HPOS="564"/>
							<String ID="string_314" HPOS="584" VPOS="1436" WIDTH="166" HEIGHT="22" WC="0.93" CONTENT="gemensamma"/><SP WIDTH="16" VPOS="1436" HPOS="750"/>
							<String ID="string_315" HPOS="766" VPOS="1431" WIDTH="89" HEIGHT="19" WC="0.93" CONTENT="vatten-"/>
						</TextLine>
					</TextBlock>
				</ComposedBlock>
				<ComposedBlock ID="cblock_3" HPOS="871" VPOS="1122" WIDTH="10" HEIGHT="19">
					<TextBlock ID="block_6" HPOS="871" VPOS="1122" WIDTH="10" HEIGHT="19">
						<TextLine ID="line_38" HPOS="871" VPOS="1122" WIDTH="10" HEIGHT="19">
							<String ID="string_316" HPOS="871" VPOS="1122" WIDTH="10" HEIGHT="19" WC="0.76" CONTENT="[n"/>
						</TextLine>
					</TextBlock>
				</ComposedBlock>
				<ComposedBlock ID="cblock_4" HPOS="886" VPOS="1119" WIDTH="48" HEIGHT="29">
					<TextBlock ID="block_7" HPOS="886" VPOS="1119" WIDTH="48" HEIGHT="29">
						<TextLine ID="line_39" HPOS="886" VPOS="1119" WIDTH="48" HEIGHT="29">
							<String ID="string_317" HPOS="886" VPOS="1122" WIDTH="9" HEIGHT="19" WC="0.67" CONTENT="1"/><SP WIDTH="12" VPOS="1122" HPOS="895"/>
							<String ID="string_318" HPOS="907" VPOS="1119" WIDTH="27" HEIGHT="29" WC="0.67" CONTENT="8."/>
						</TextLine>
					</TextBlock>
				</ComposedBlock>
			</PrintSpace>
		</Page>
	</Layout>
</alto>
