1048 1631
423 126 29 22 U.
468 126 28 22 B.
513 139 25 3 —
555 126 75 28 Prop.
646 126 42 23 N:o
705 126 22 22 6.

472 434 209 27 Reservation.

726 480 160 27 (Öfversättning).

266 544 47 21 Vid
338 544 173 29 behandlingen
530 545 24 21 af
571 544 88 29 nädiga
677 545 174 28 propositionen
868 545 45 21 N:o
933 545 22 27 6,

198 578 121 30 angäende
337 579 118 29 reglering
472 579 23 22 af
507 579 246 28 klockareaflöningen
765 579 9 21 i
786 579 86 27 landet,
884 578 72 22 hafva

197 614 24 21 vi
239 613 52 22 icke
310 613 91 22 kunnat
419 613 92 22 biträda
526 613 44 22 den
584 613 23 22 af
619 613 124 22 Utskottet
755 613 128 22 omfattade
895 613 60 28 äsig-

196 651 41 18 ten
263 647 146 22 beträffande
436 647 28 22 de
491 648 109 29 grunder,
622 648 76 28 enligt
715 647 81 23 hvilka
815 647 141 29 utgörandet

197 683 23 21 af
247 682 181 22 klockarelönen
454 682 73 22 borde
547 682 99 22 fördelas
664 682 29 21 de
711 682 244 29 betalningsskyldige

196 717 107 27 emellan,
331 717 42 22 och
401 717 92 22 anhålla
521 719 35 20 att
582 717 191 22 reservationsvis
791 717 24 21 få
833 716 123 22 framhålla

197 752 42 21 vår
257 751 126 22 afvikande
401 752 96 28 mening
515 752 7 21 i
541 751 90 29 frågan.

267 786 122 21 Utskottet
406 785 43 23 har
467 788 95 20 stannat
582 786 39 21 vid
639 785 40 22 det
691 785 83 29 beslut,
788 788 35 19 att
837 785 114 22 klockaro-

198 820 43 22 och
267 817 182 32 orgelnistlönen
469 821 60 21 skall
548 820 195 29 sammanskjutas
761 820 25 22 af
803 820 58 27 dem,
881 827 48 14 som
948 819 8 22 i

197 855 168 28 församlingen
383 855 95 29 erlägga
495 855 105 29 aflöning
618 855 38 21 till
674 855 52 21 dess
744 854 153 29 presterskap,
917 862 38 13 en-

198 889 45 29 ligt
261 889 29 22 de
308 889 107 29 grunder,
427 890 58 21 efter
494 889 82 22 hvilka
585 889 146 22 sistnämnda
741 889 104 28 aflöning
854 891 101 26 utgöres.

268 924 65 22 Utan
355 926 36 19 att
409 924 57 29 vilja
493 924 110 27 bestrida,
623 926 35 19 att
677 925 33 20 ett
728 924 84 21 sädant
831 923 124 28 aflönings-

197 961 88 26 system
303 959 9 20 i
330 959 62 21 vissa
410 959 89 21 trakter
513 959 24 21 af
549 959 81 21 landet
642 966 55 14 vore
711 958 108 29 lämpligt
832 958 43 21 och
887 958 68 28 prak-

197 993 66 28 tiskt,
288 993 58 29 vilja
373 993 23 22 vi
423 993 67 27 dock,
518 993 52 22 med
596 993 91 22 fästadt
714 992 107 22 afseende
841 992 60 27 derä,
921 994 36 19 att

197 1027 192 22 missbelätenhet
406 1027 52 22 med
477 1027 45 22 den
540 1027 136 22 nuvarande
696 1027 161 28 anordningen
871 1027 23 21 af
906 1034 49 21 pre-

199 1062 143 29 sterskapets
361 1062 103 27 aflöning
483 1062 105 28 ständigt
606 1063 113 27 försports
735 1061 42 22 och
792 1064 36 19 att
845 1062 8 21 i
865 1061 91 22 Bonde-

198 1096 95 22 ståndet
321 1097 67 21 äfven
407 1097 40 21 vid
470 1096 158 22 innevarande
646 1095 115 30 landtdag
779 1096 124 21 inlemnats
921 1097 36 19 ett

199 1131 200 29 petitionsförslag
427 1131 120 29 angående
574 1131 103 21 revision
696 1131 23 21 af
737 1130 139 22 hithörande
894 1129 62 23 stad-

198 1166 101 29 ganden,
318 1166 129 27 framhälla,
467 1168 35 19 att
529 1166 44 21 den
592 1166 24 22 af
634 1166 123 21 Utskottet
775 1165 124 29 uppstälda
917 1165 39 21 be-

198 1200 212 29 talningsgrunden
437 1201 20 28 ej
485 1201 47 21 kan
552 1208 66 14 anses
636 1207 57 15 vara
712 1199 44 22 den
776 1199 60 23 enda
854 1198 103 24 använd-

198 1235 63 21 bara.

269 1269 37 21 Då
324 1269 122 21 Utskottet
465 1270 121 20 tillerkänt
604 1269 195 28 församlingarna
818 1268 139 29 befogenhet

199 1306 35 19 att
256 1304 83 28 sjelfva
357 1304 128 21 bestämma
504 1304 130 21 klockares-
654 1302 43 22 och
717 1303 149 28 orgelnisters
885 1303 72 27 löner,

198 1346 37 14 om
261 1338 43 21 ock
322 1338 77 22 beslut
417 1338 78 22 derom
514 1338 60 22 skall
591 1338 157 21 underställas
766 1338 149 21 fastställelse
935 1337 23 21 af

198 1376 124 25 guvernör,
351 1380 68 20 synes
447 1373 195 28 församlingarna
668 1372 117 28 billigtvis
814 1372 69 22 äfven
901 1372 58 21 böra

198 1407 113 29 tilläggas
329 1409 49 19 rätt
396 1409 35 20 att
449 1407 91 22 besluta
558 1414 37 15 om
614 1408 257 26 klockareatlöningens
892 1411 66 23 utgo-

199 1441 72 22 rande
295 1442 75 27 enligt
389 1441 84 22 sådana
494 1441 245 29 betalningsgrunder,
760 1441 97 21 hvarom
876 1441 27 21 de
922 1440 36 29 sig

269 1484 48 23 Lag-
331 1485 32 17 och
375 1485 183 17 Ekonomiutskoltets
570 1485 112 17 betänkande
694 1484 37 18 N:o
743 1486 15 16 1.
