1048 1631
295 130 26 22 U.
337 130 27 22 B.
380 142 26 4 —
422 130 73 28 Prop.
511 131 41 23 N:o
568 132 20 21 2.

338 433 208 22 Ekonomiutskottets
570 435 127 22 betänkande
721 436 34 21 N:o
778 437 13 20 3
812 437 5 20 i

267 473 108 27 anledning
391 474 21 21 af
428 474 55 21 Hans
499 474 114 27 Kejserliga
625 475 107 26 Majestäts
745 476 73 27 nådiga

268 512 127 28 proposition
419 514 44 21 med
487 514 78 27 förslag
589 515 29 21 till
640 516 117 27 förordning
781 523 36 15 an-

267 553 80 27 gående
374 554 71 21 handel
470 555 45 21 med
544 554 131 28 konstgjorda
702 557 115 26 gödslings-

267 595 73 20 ämnen
357 594 36 21 och
411 594 88 21 beredda
515 595 126 22 fodermedel
656 597 54 20 samt
721 597 95 21 utsädes-

267 628 65 37 varor.
539 633 6 2 N

128 697 76 21 Denna
227 697 76 27 nädiga
327 697 132 26 proposition
475 698 38 21 har
530 698 24 21 af
568 699 98 26 samtliga
685 699 62 21 ständ
763 699 6 20 i
785 699 32 21 af-

77 732 59 21 ende
152 732 12 21 å
179 731 155 22 förberedande
357 731 159 28 handläggning
540 733 149 21 öfverlemnats
709 734 32 20 till
761 734 56 21 Eko-

77 766 154 26 omiutskottet,
246 772 46 15 som
301 765 79 27 jemväl
392 766 84 21 erhållit
487 767 32 20 del
533 767 25 21 af
567 767 26 21 de
604 768 129 25 uttalanden,
744 768 73 21 hvilka

77 801 19 20 id
118 801 99 20 ärendets
241 801 74 20 remiss
339 800 93 27 afgifvits
455 801 39 21 hos
517 801 158 27 Ridderskapet
694 802 39 21 och
748 802 68 21 Adeln

78 837 37 20 unt
130 835 7 21 i
152 835 187 26 Borgareståndet.
369 834 112 22 Utskottet
496 835 40 21 har
553 835 61 22 äfven
630 836 27 27 på
669 837 91 26 begäran
777 837 41 20 fått

80 872 87 24 nottaga
190 869 105 21 särskilda
315 869 6 20 i
341 869 118 27 Kejserliga
483 869 93 22 Senaten
596 871 7 20 i
618 871 65 20 saken
706 871 112 21 tillkomna

78 904 115 26 andlingar,
213 904 111 21 utvisande
349 903 64 22 bland
437 906 64 19 annat
517 907 33 18 att
565 905 130 26 omröstning
712 905 33 21 vid
762 905 55 21 före-

78 938 112 27 ragningen
206 938 23 21 af
241 938 88 21 ärendet
345 938 109 21 derstädes
470 939 46 20 icke
532 939 109 21 förefallit.

129 1059 70 26 Fråga
218 1065 33 15 om
267 1058 112 22 införande
395 1059 22 20 af
431 1059 142 27 obligatorisk
588 1059 92 21 kontroll
695 1059 12 21 å
723 1059 32 21 till
772 1059 45 21 salu

78 1094 56 21 ållna
152 1093 141 28 konstgjorda
309 1093 194 26 gödslingsämnen,
520 1093 95 22 beredda
630 1094 131 21 fodermedel
779 1094 39 21 och

78 1128 132 22 tsädesvaror
239 1128 86 21 väcktes
356 1128 56 21 inom
439 1128 242 27 Landtbruksstyrelsen
704 1128 7 21 i
726 1128 91 21 Novem-

78 1169 20 15 or
114 1163 61 21 1895.
198 1162 105 22 Behofvet
318 1162 23 21 af
355 1168 26 15 en
397 1162 66 22 sådan
474 1162 96 22 kontroll
580 1163 55 21 hade
646 1163 105 26 nämligen
762 1163 56 26 gjort

80 1204 12 19 g
115 1197 99 27 gällande
229 1197 33 21 till
277 1197 53 27 följd
345 1196 62 22 deraf
420 1199 31 19 att
467 1197 94 21 nämnda
576 1203 68 20 varor,
661 1196 72 22 hvilka
748 1197 69 21 såsom

79 1231 109 27 jelpmedel
211 1232 35 20 vid
267 1231 128 27 jordbruket
417 1232 38 20 och
479 1231 191 27 boskapsskötseln
692 1231 73 27 intaga
787 1233 31 19 ett

81 1266 124 21 amstående
220 1272 45 15 rum
282 1266 39 20 och
337 1266 62 21 äfven
409 1266 8 21 i
427 1266 91 21 Finland
537 1266 32 21 alt
580 1272 43 15 mer
641 1266 78 27 begynt
733 1266 85 20 komma

83 1300 63 26 bruk,
162 1300 47 21 icke
223 1300 68 22 sällan
307 1300 81 22 sådana
398 1300 26 21 de
434 1300 7 21 i
452 1300 95 22 handeln
563 1300 131 21 förekomma
709 1300 108 21 befunnits

79 1340 32 15 ara
134 1334 23 21 af
178 1334 136 27 underhaltig
335 1334 154 26 beskaffenhet,
505 1334 47 21 ofta
568 1336 15 20 t.
601 1340 19 15 o.
636 1341 26 14 m.
681 1333 136 27 förfalskade,

79 1369 9 20 i
107 1370 43 20 sätt
172 1368 102 27 framgått
296 1369 23 21 af
341 1368 191 27 undersökningar,
558 1375 46 15 som
620 1369 12 20 å
648 1369 25 21 de
689 1368 129 27 agrikultur-

80 1403 78 21 miska
184 1403 169 21 laboratorierna
379 1403 7 21 i
409 1403 72 21 landet
507 1403 124 21 verkstälts.
662 1403 112 21 Saknaden
797 1402 23 22 af

80 1438 74 21 antroll
168 1438 8 20 i
191 1438 88 20 berördt
301 1437 56 27 syfte
379 1437 131 21 framträdde
535 1437 25 21 sä
583 1437 82 27 mycket
687 1437 132 27 pätagligare

130 1482 183 18 Ekonomiutskottets
325 1482 112 18 betänkande
449 1482 36 18 N:o
497 1482 18 18 3.
