1048 1631
333 82 26 22 U.
375 82 28 22 B.

464 82 75 29 Prop.
556 82 43 24 N:o
615 84 13 21 1
799 86 27 19 57

174 148 41 22 Uti
227 150 13 19 4
251 148 14 29 $
277 148 106 29 angifvas
393 148 28 22 de
432 148 47 27 fall,
493 149 28 22 dä
533 148 8 22 i
553 148 169 27 samfärdselns,
731 149 126 22 industrins
875 151 13 19 4
905 149 20 28 8.

104 185 43 20 och
164 184 81 21 fiskets
261 184 97 21 intresse
370 184 110 29 flottning
491 185 7 20 i
511 185 62 28 regel
584 185 51 21 icke
646 188 24 18 är
681 185 94 26 tilläten,
787 185 70 21 innan

103 220 105 22 vilkoren
230 220 36 21 för
285 221 51 20 dess
355 220 153 21 bedrifvande
526 221 79 21 blifvit
620 225 102 17 närmare
738 221 119 21 bestämda

103 264 83 20 genom
202 256 36 21 för
253 257 161 28 vattendraget
429 256 8 21 i
451 256 65 29 fräga
527 257 108 21 utfärdad
646 257 208 28 flottningsstadga.

104 305 27 2 —
148 292 89 22 Härvid
253 295 64 26 tages
334 292 7 21 i
357 292 174 29 propositionen
546 293 51 21 icke
613 293 90 28 hänsyn
719 293 34 20 till
769 295 87 19 vatten-

104 328 91 28 dragets
217 328 168 25 beskaffenhet,
402 328 43 21 och
461 328 73 28 gäller
549 328 174 29 ifrägavarande
738 328 118 21 inskränk-

105 363 57 29 ning
173 364 61 29 förty
245 364 140 29 exempelvis
398 364 69 21 äfven
477 364 147 21 beträffande
635 367 70 18 större
717 364 85 29 insjöar
813 364 43 21 och

104 399 144 29 hafsfjärdar.
273 400 36 21 Då
325 399 126 22 emellertid
468 400 138 21 åtminstone
617 400 178 21 vidkommande
807 399 49 22 sist-

104 436 100 21 nämnda
220 438 78 19 vatten
315 436 147 28 skyddandet
475 436 24 21 af
509 436 134 21 förberörda
653 435 112 22 intressen
775 436 8 21 i
793 436 63 28 regel

104 471 50 22 icke
170 472 65 21 torde
251 471 94 29 betinga
361 474 76 26 någon
453 471 169 29 inskränkning
638 472 34 21 uti
686 472 170 29 befogenheten

103 510 34 18 att
152 507 36 22 för
208 507 110 29 flottning
337 507 106 22 använda
458 508 168 28 vattendraget,
643 508 40 21 har
692 508 23 21 af
729 507 126 26 Utskottet,

104 551 48 14 som
168 543 82 22 härvid
266 543 34 22 får
314 543 99 29 åberopa
423 543 62 22 hvad
496 543 8 21 i
518 543 65 29 fråga
594 551 37 14 om
642 544 116 28 uttrycket
768 545 87 20 vatten-

104 579 56 28 drag
176 579 87 22 anförts
279 579 8 22 i
303 579 150 29 inledningen
469 579 35 22 till
521 579 63 22 detta
599 579 151 27 betänkande,
760 581 23 20 åt
793 587 62 21 para-

103 615 92 28 grafens
212 617 13 19 2
242 623 67 14 mom.
323 615 82 28 gifvits
417 623 28 13 en
457 615 73 22 sådan
541 615 130 29 affattning,
683 618 33 19 att
726 615 129 28 flottnings-

104 651 82 28 stadga
201 651 51 21 icke
268 651 36 21 för
319 653 77 26 någon
412 651 37 21 del
465 651 24 21 af
501 651 97 28 saltsjön
612 651 76 22 blefve
699 650 156 29 obligatorisk,

103 689 55 19 utan
174 687 115 21 beroende
304 689 30 26 på
349 686 173 23 vederbörande
534 687 120 28 sakegares
666 687 99 21 initiativ
776 686 80 22 allena.

175 722 41 22 Uti
238 725 12 19 5
272 723 13 28 8
307 723 42 21 och
371 722 102 29 följande
493 725 41 19 två
555 723 131 28 paragrafer
707 722 105 29 angifvas
829 722 28 21 de
874 725 12 18 5
904 722 20 28 $.

104 759 165 26 förhållanden,
293 767 49 13 som
366 759 55 21 böra
439 759 74 22 blifva
529 759 96 21 föremål
640 759 35 21 för
690 758 114 29 reglering
819 766 38 21 ge-

103 802 55 14 nom
181 795 211 28 flottningsstadga.
428 795 76 21 Bland
528 795 136 21 hithörande
686 794 172 29 bestämningar

103 831 41 21 har
167 831 125 26 Utskottet,
317 833 60 24 enär,
401 831 58 20 efter
475 831 63 21 hvad
560 831 157 21 erfarenheten
732 830 69 29 gifvit
816 829 41 22 vid

103 866 99 26 handen,
225 866 159 29 uppdämning
408 867 43 20 och
473 873 77 14 annan
566 866 121 29 olägenhet
701 866 48 21 ofta
765 866 92 21 orsakas

104 902 24 21 af
144 901 98 29 sjunken
259 902 64 22 stock
340 904 59 19 samt
414 902 24 21 af
453 902 120 29 flottgods,
590 909 49 14 som
655 902 33 21 uti
704 901 112 22 strömfall
827 902 29 21 el-

103 937 34 22 ler
153 938 147 21 annorstädes
312 938 83 21 samlar
406 937 35 29 sig
452 937 9 22 i
471 937 83 27 bråtar,
567 940 75 19 ansett
652 938 141 21 föreskrifter
803 937 52 22 icke

103 973 56 22 böra
175 974 82 21 saknas
269 974 118 28 angående
399 974 111 28 åtgärder,
523 981 49 14 som
582 973 8 22 i
601 974 79 28 hvarje
691 973 40 22 fall
741 973 56 22 böra
807 973 48 22 vid-

102 1012 66 26 tagas
184 1009 36 22 för
235 1010 149 28 aflägsnande
401 1009 23 22 af
440 1009 80 29 dylika
536 1010 87 25 hinder,
640 1010 42 21 och
697 1010 42 21 har
749 1009 33 21 uti
798 1009 57 21 före-

104 1045 100 22 varande
217 1045 106 29 paragraf
334 1045 62 29 förty
407 1045 44 22 fått
462 1045 55 29 ingå
529 1048 33 19 ett
573 1046 71 28 härpå
652 1045 106 29 syftande
767 1045 87 28 tillägg.

174 1081 181 28 Bestämningen
373 1083 33 19 att
427 1081 34 21 uti
482 1081 205 28 flottningsstadga
707 1081 8 21 i
731 1081 62 21 vissa
813 1080 41 21 fall
871 1081 12 20 6
901 1079 20 28 $.

103 1117 46 21 kan
164 1117 150 22 föreskrifvas
331 1117 134 28 skyldighet
480 1117 37 21 för
528 1117 91 21 flottare
630 1119 32 19 att
673 1117 66 21 ställa
749 1116 106 21 säkerhet

103 1153 36 21 för
154 1153 127 28 ersättning
297 1153 23 21 af
336 1153 77 26 skada,
431 1160 48 14 som
496 1153 100 21 förutses
612 1153 91 21 komma
719 1155 33 19 att
767 1152 40 22 ske
817 1159 37 21 ge-

102 1196 54 14 nom
170 1189 115 29 flottning,
301 1192 24 18 är
337 1189 92 21 hemtad
444 1189 51 21 från
510 1191 58 19 1873
577 1190 35 20 års
621 1188 133 29 förordning
763 1188 43 22 och
813 1188 42 21 har

102 1224 51 22 icke
167 1224 70 29 gifvit
247 1225 119 21 Utskottet
376 1224 125 29 anledning
512 1224 36 22 till
559 1224 163 29 betänklighet.
745 1224 110 21 Deremot

102 1260 70 22 hafva
180 1260 63 22 inom
251 1260 112 22 utskottet
372 1260 61 22 olika
441 1260 121 28 meningar
570 1260 110 28 försports
689 1260 118 28 angående
815 1259 40 21 det

103 1296 195 29 ändamålsenliga
310 1296 34 22 uti
358 1296 45 22 den
415 1296 8 21 i
437 1298 13 20 6
461 1296 14 29 8
487 1296 116 28 ingående
616 1296 175 28 bestämningen
803 1298 33 18 att
846 1295 8 21 i

102 1332 205 29 flottningsstadga
318 1332 84 29 jemväl
411 1332 8 21 i
427 1332 62 22 vissa
501 1332 41 22 fall
551 1332 70 21 borde
630 1332 53 28 ingå
691 1331 118 22 föreskrift
817 1338 36 14 om

101 1368 129 22 inrättande
253 1368 24 21 af
299 1368 232 28 fiskodlingsanstalt.
564 1368 35 21 En
623 1368 36 21 del
682 1368 23 21 af
723 1368 131 21 Utskottets

176 1410 213 19 Vattenrättsutskottets
401 1410 118 18 betänkande
532 1410 38 18 N:o
582 1410 16 18 1.
