1048 1631
223 82 28 19 70
423 79 28 23 U.
467 79 28 23 B.
510 92 30 3 —
556 79 72 29 Prop.
645 79 43 23 N:o
705 80 12 21 1

192 145 35 19 för
251 145 108 29 gräfning
383 146 41 18 och
449 145 119 21 underhåll
593 146 65 20 skola
682 145 99 21 fördelas
804 145 47 21 lika
871 147 30 28 på
917 146 28 21 de

191 181 60 22 båda
273 189 135 21 grannarna,
430 181 64 22 skola
509 181 67 22 desse
592 181 74 29 enligt
682 181 45 22 den
741 181 52 22 nåd.
810 188 63 22 prop.
891 183 54 27 taga

192 217 37 21 del
240 217 8 21 i
258 217 118 28 diknings-
387 217 43 22 och
446 217 297 28 underhållsskyldigheten
759 217 57 21 hvar
832 217 57 21 efter
901 217 44 22 den

191 255 67 26 nytta
275 253 125 28 dikningen
417 253 95 21 bereder
527 253 57 21 hans
601 253 65 21 mark
683 253 38 28 (88
739 255 11 19 7
768 253 43 22 och
827 254 29 27 8).

263 289 98 22 Jemlikt
384 291 13 19 2
421 297 67 14 mom.
510 293 24 17 är
553 289 164 28 skyldigheten
732 289 36 21 för
785 289 44 21 den
845 289 100 21 dikande

192 327 33 18 att
240 325 80 28 bygga
336 325 43 21 och
395 325 134 21 underhälla
544 325 41 21 bro
602 325 66 21 öfver
683 324 53 22 dike
752 324 57 26 icke,
821 326 75 20 säsom
908 324 35 22 för

191 361 151 26 närvarande,
363 360 121 22 inskränkt
503 360 59 22 blott
577 360 35 21 till
629 361 39 20 det
683 360 48 26 fall,
747 363 34 18 att
796 360 53 21 dike
865 360 80 29 lägges

192 396 66 22 öfver
273 404 88 14 annans
378 396 104 22 enskilda
497 399 51 26 väg,
568 399 56 22 utan
645 396 101 21 inträder
764 396 119 21 hvarhelst
902 396 41 21 bro

192 431 35 22 för
244 433 107 21 markens
368 440 66 21 egare
451 437 25 16 är
491 433 24 20 af
530 433 82 21 nöden.

265 468 177 29 Hänvisningen
462 468 9 21 i
491 468 55 22 sista
562 471 126 19 momentet
703 468 60 22 afser
779 468 164 28 förordningen

192 503 45 22 den
260 506 26 19 15
307 504 96 21 Januari
426 506 56 19 1883
499 511 50 21 ang.
567 507 82 26 vägars
668 504 42 21 och
725 504 78 21 broars
819 504 124 29 byggande

192 540 43 21 och
259 540 121 21 underhåll
403 542 12 19 å
434 540 79 21 landet
528 540 13 29 $
559 542 34 24 12,
610 540 73 29 enligt
698 540 89 22 hvilket
802 540 89 28 lagrum
907 539 37 22 för

191 575 100 22 ledande
310 576 24 21 af
357 576 53 21 dike
431 576 65 22 öfver
511 576 84 21 allmän
611 581 46 24 väg
673 576 8 21 i
697 576 62 29 regel
775 576 112 21 erfordras
901 576 44 21 till-

192 611 68 22 ständ
276 612 24 21 af
315 611 172 22 vederbörande
503 612 182 21 kronolänsman.

264 647 185 22 Vidkommande
467 651 10 18 1
495 655 67 14 mom.
579 648 41 21 har
635 647 119 22 Utskottet
770 647 46 22 fäst
831 647 36 22 sin
886 655 58 21 upp-

191 683 156 22 märksamhet
363 683 87 26 dervid,
467 686 33 19 att
515 683 127 29 ersättning
659 684 41 21 här
713 683 57 26 icke,
783 685 75 20 säsom
869 691 75 13 exem-

191 719 75 28 pelvis
290 719 9 21 i
319 719 65 28 fråga
405 727 36 14 om
463 719 38 22 det
516 719 152 29 hegagnande
685 719 23 22 af
724 727 86 14 annans
826 718 118 29 fastighet,

192 761 50 15 som
266 755 43 21 enl.
335 757 13 19 2
370 755 51 28 kap.
446 755 45 21 kan
515 763 42 20 ega
577 763 51 13 rum
650 755 41 22 vid
707 755 116 28 flottning,
840 755 103 28 erlägges

188 790 90 29 jemväl
294 791 35 21 för
345 791 128 28 olägenhet,
489 798 49 15 som
554 798 84 21 genom
654 791 65 21 diket
734 791 138 28 tiliskyndas
888 798 57 14 mar-

191 826 58 21 kens
269 834 73 21 egare.
375 826 118 22 Utskottet
513 827 42 21 har
576 827 59 21 dock
652 827 77 21 funnit
745 826 201 29 ersättningsskyl-

192 862 123 29 dighetens
337 863 168 21 inskränkande
528 862 35 22 till
589 863 138 28 utgifvande
750 862 23 21 af
798 862 146 29 godtgörelse

191 898 36 21 för
251 898 72 21 skada
346 898 35 21 uti
403 899 101 28 egentlig
526 898 94 29 mening
640 899 8 21 i
665 899 63 20 detta
743 898 41 21 fall
799 906 56 13 vara
869 898 76 22 välbe-

190 934 74 26 tänkt,
276 938 55 17 enär
341 934 40 21 det
395 934 98 29 inträng,
509 935 95 21 hvarom
620 935 42 20 här
677 938 24 17 är
717 934 70 28 fräga,
804 933 8 22 i
827 933 48 22 viss
892 936 53 19 män

190 969 47 22 kan
258 974 67 25 sägas
347 977 55 14 vara
421 970 113 21 beroende
554 970 24 21 af
594 969 185 22 förhällandenas
795 977 59 21 egen
869 972 76 23 natur,

191 1005 44 22 och
251 1008 34 19 ett
300 1005 77 22 alltför
392 1005 64 29 längt
471 1005 89 29 gäende
576 1005 99 29 anspräk
691 1007 29 26 pä
736 1005 126 28 ersättning
881 1005 61 28 förty

191 1041 20 28 ej
229 1041 72 22 borde
317 1041 72 22 vinna
404 1041 150 22 erkännande.

263 1077 13 22 I
292 1077 71 29 öfrigt
377 1077 42 22 har
433 1077 119 22 Utskottet
567 1077 35 22 uti
625 1079 4 20 1
651 1085 67 14 mom.
740 1077 99 28 vidtagit
859 1079 86 19 tvänne

191 1113 125 28 ändringar
332 1113 23 21 af
371 1113 140 22 redaktionel
526 1116 74 20 natur.

261 1150 48 21 Det
320 1150 137 26 förfarande,
469 1157 48 14 som
529 1149 72 29 enligt
612 1152 13 19 5
636 1150 11 28 $
659 1149 6 21 i
672 1150 52 20 nåd.
734 1156 63 22 prop.
807 1149 42 21 bör
863 1149 79 29 föregå

190 1188 146 26 gemensamt
349 1185 204 29 dikningsföretag,
564 1186 42 20 har
616 1185 8 21 i
635 1186 46 20 den
691 1185 115 21 allmänna
817 1185 127 29 redogörel-

191 1228 42 14 sen
249 1221 37 21 för
296 1221 108 29 kapitlets
414 1221 100 21 innehäll
526 1221 70 21 redan
606 1221 98 25 berörts;
717 1221 43 21 och
771 1220 40 22 vill
822 1220 121 22 Utskottet

190 1256 43 22 här
255 1256 61 22 blott
331 1257 101 28 tillägga,
449 1259 33 19 att
498 1256 72 29 enligt
584 1257 132 21 Utskottets
732 1257 69 21 tanke
817 1256 126 22 anlitandet

190 1292 25 22 af
241 1292 132 29 sakkunnig
398 1292 138 29 tjensteman
560 1292 36 22 för
619 1293 150 29 uppgörande
793 1292 24 22 af
839 1292 55 29 plan
909 1292 36 22 till

190 1330 145 26 gemensamt
346 1328 198 29 dikningsföretag
560 1328 58 22 efter
633 1328 159 28 föreliggande
808 1328 137 28 lagförslags

190 1364 131 28 antagande
337 1364 65 21 torde
417 1364 73 22 blifva
505 1372 48 13 mer
569 1368 29 17 än
621 1364 83 21 hittills
727 1364 24 21 af
773 1364 111 22 behofvet
907 1366 38 26 pä-

267 1406 212 20 Vattenrättsutskottets
491 1407 117 18 betänkande
620 1408 39 17 N:o
671 1408 17 18 1.
