1048 1631
333 84 28 22 U.
379 84 27 22 B.
423 97 28 3 —
467 84 75 28 Prop.
558 84 45 23 N:o
620 84 12 22 1
815 87 12 19 9

104 152 34 19 att
158 150 127 29 förebygga
305 150 148 28 tvetydighet
473 150 42 21 har
536 150 112 21 utskottet
672 152 75 20 ansett
769 150 88 29 nödigt,

104 187 13 19 å
131 193 43 14 ena
188 185 65 22 sidan
264 188 33 19 att
310 185 135 29 genomföra
456 188 33 19 ett
499 186 83 21 sådant
592 186 151 21 användande
759 186 24 21 af
793 186 66 21 ordet

103 221 137 29 vattendrag
255 221 8 22 i
279 221 150 29 lagförslaget
449 222 119 28 angäende
584 223 159 25 vattenrätten,
765 224 33 19 att
812 222 46 21 det-

104 265 87 14 samma
198 258 91 21 komme
298 259 33 19 att
339 257 74 28 enligt
419 256 36 22 sin
464 257 117 28 egentliga
593 257 141 22 bemärkelse
745 257 114 22 beteckna

103 293 60 21 blott
175 293 194 26 inlandsvattnen,
383 301 54 13 men
450 295 13 19 å
477 293 71 21 andra
559 293 66 21 sidan
641 295 33 19 att
689 293 8 21 i
714 293 55 21 sista
785 293 73 28 kapit-

104 329 32 21 let
147 329 24 21 af
178 329 149 22 förevarande
339 329 126 28 lagförslag
473 328 75 22 införa
560 331 33 19 ett
604 329 108 21 särskildt
723 329 134 28 stadgande,

104 365 154 21 innebärande
277 367 34 19 att
330 365 63 21 hvad
408 364 8 21 i
432 364 69 29 lagen
517 367 66 26 säges
601 372 37 14 om
654 365 136 28 vattendrag
804 372 54 21 eger

104 401 36 21 sin
162 401 145 28 tillämpning
327 400 87 29 jemväl
436 402 13 19 å
471 401 104 28 saltsjön,
592 401 40 21 der
648 400 50 21 icke
715 401 142 20 annorlunda

104 436 108 21 särskildt
233 437 99 27 stadgas,
353 435 128 29 hvarjemte
503 437 114 20 utskottet
636 436 83 21 liksom
741 436 44 21 den
803 436 52 21 näd.

103 480 63 21 prop.
188 474 30 27 pä
238 472 115 29 ätskilliga
374 472 89 26 ställen,
483 479 50 14 som
558 474 58 27 angä
637 472 62 21 säväl
716 472 141 21 inlandsvat-

103 511 40 18 ten
159 515 49 14 som
225 508 101 29 saltsjön,
344 508 102 21 användt
461 509 94 28 uttryck
572 508 85 21 sådana
671 515 49 14 som
733 525 4 8 ,
739 510 116 24 vattnen"

107 561 10 9 »
120 544 185 26 vattenområde"
323 543 54 22 eller
393 545 70 26 något
480 543 82 29 dylikt.

175 1414 210 18 Valtenrättsutskoltets
398 1414 118 18 betänkande
530 1414 37 18 N:o
579 1415 16 17 1.
