1048 1631
196 107 15 21 4
394 107 87 24 Ständ.
497 108 38 24 Sv.
554 122 26 2 —
595 109 74 29 Prop.
685 109 43 22 N:o
743 109 24 23 9.

196 178 96 29 ligande
321 179 23 22 af
371 179 163 30 ordalydelsen
557 181 8 22 i
588 181 14 21 2
625 181 13 27 $
658 180 23 23 af
698 179 46 24 den
761 180 132 29 föreslagna
911 181 46 22 för-

197 213 132 30 ordningen
347 215 121 29 vidtagits.

267 249 12 21 I
298 249 76 28 öfriga
393 249 64 23 delar
475 249 42 23 har
536 249 43 22 den
592 249 87 30 nådiga
691 250 173 29 propositionen
877 249 80 22 blifvit

198 283 24 21 af
242 283 132 22 Ständerna
393 286 57 20 utan
469 284 137 29 förändring
624 284 116 29 godkänd.

266 318 35 21 På
329 318 78 29 grund
431 319 23 21 af
475 319 40 22 det
538 319 96 22 anförda
652 319 23 22 få
694 319 132 22 Ständerna
843 317 114 23 underdå-

198 351 65 30 nigst
281 353 99 28 anmäla,

475 431 31 19 att
531 429 121 22 Ständerna
671 430 34 27 för
725 430 36 20 sin
779 430 34 20 del
829 429 84 27 antagit
931 436 26 13 en

406 463 117 28 sålydande

477 552 127 27 Förordning
626 550 109 29 angående
761 553 39 21 den
823 552 65 26 skatt,
911 557 45 17 som

406 585 37 23 för
463 586 133 28 tillverkning
620 587 25 22 af
665 586 86 23 bränvin
775 586 5 22 i
805 586 82 22 Finland
903 586 54 22 skall

409 620 106 28 erläggas,
532 621 110 22 äfvensom
658 626 33 17 om
707 620 199 23 bränvinsskattens
921 626 36 17 an-

408 655 109 22 vändande
539 655 39 22 och
599 654 118 28 fördelning
734 655 65 22 under
814 653 51 24 åren
879 655 78 22 1901—

407 688 65 22 1904.

661 763 11 19 1
685 746 24 49 $.

481 835 61 22 Skatt
560 836 34 28 för
606 837 61 20 inom
680 837 70 21 landet
763 837 118 20 tillverkadt
894 837 65 20 brän-

411 870 38 20 vin
475 871 55 20 skall
554 871 70 21 under
650 871 51 21 ären
726 872 61 26 1901,
812 871 65 27 1902,
903 871 59 20 1903

411 905 38 20 och
476 905 57 20 1904
558 905 52 28 utgå
637 906 49 21 med
713 905 97 28 ältiofem
834 906 71 27 penni
927 905 35 28 för

411 939 74 28 hvarje
503 940 48 21 liter
568 940 28 27 af
610 941 166 27 normalstyrka,
795 941 102 20 hvarmed
913 940 46 28 för-

410 973 45 22 stäs
473 969 79 26 sådant
569 975 100 26 bränvin,
687 982 46 14 som
750 975 121 21 innehåller
887 975 74 27 femtio

411 1009 158 27 volymprocent
595 1009 84 22 alkohol
700 1009 38 22 vid
760 1007 28 27 +
807 1010 28 20 15
853 1009 78 28 grader
947 1009 15 21 å

415 1042 64 22 Celsii
505 1045 137 20 termometer.
684 1043 79 22 Denna
789 1044 56 21 skatt
871 1044 90 27 erlägges

412 1077 35 28 för
465 1078 46 21 hela
529 1079 33 20 det
580 1079 9 20 i
604 1079 98 27 afecende
713 1079 14 20 å
741 1079 138 27 tillverkning
891 1079 69 27 öfver-

412 1113 65 26 tagna
495 1113 93 28 beloppet
604 1113 38 21 och
660 1113 105 21 inbetalas
784 1113 34 21 till
829 1113 68 21 länets
908 1115 53 19 rän-

412 1147 45 27 teri,
486 1148 51 20 dock
562 1148 73 28 hvarje
660 1148 59 28 gång
742 1148 20 28 ej
778 1148 35 28 för
831 1148 84 21 mindre
933 1150 30 18 än

412 1183 81 19 ettusen
521 1182 117 22 trehundra
666 1182 54 28 liter,
741 1182 94 28 såframt
853 1182 55 22 skatt
928 1182 35 28 för

413 1216 70 21 sådan
491 1217 124 27 myckenhet
624 1217 29 27 af
659 1217 164 27 tillverkningen
831 1219 26 19 är
866 1217 95 27 ogulden.

662 1315 53 27 28.

487 1388 31 22 Ir
539 1388 187 21 hvänmnsskatten.
743 1389 58 20 skola
819 1390 70 20 rwwnder
905 1390 57 27 före-

413 1422 80 21 nämda
512 1423 32 21 tid
560 1423 63 28 utgå:
