1048 1631
323 108 28 22 U.
367 108 26 22 B.
411 121 28 3 —
455 110 74 28 Prop.
546 110 46 23 N:o
608 110 37 23 10.
849 115 12 20 7

523 177 28 20 13
567 175 21 30 8.

321 210 38 21 Ett
375 212 117 27 exemplar
508 212 26 21 af
548 212 95 22 dennna
657 213 135 29 förordning
801 215 59 22 skall

249 245 101 28 ständigt
360 247 83 26 finnas,
453 247 30 28 på
494 248 78 21 finska
584 249 44 20 och
640 250 99 21 svenska
751 251 108 27 språken,

248 281 103 28 anslaget
361 282 30 27 på
401 283 111 28 lämpliga
529 284 83 21 ställen
623 284 64 22 inom
699 285 78 29 hvarje
791 286 68 28 bryg-

248 323 53 21 geri.

521 368 28 20 14
565 367 21 29 8.

317 402 19 27 Ä
359 408 111 22 Senatens
503 410 291 29 Ekonomiedepartement
816 419 40 14 an-

245 443 106 22 kommer
369 447 33 18 att
417 445 108 22 meddela
542 446 28 21 de
587 448 108 20 närmare
707 447 149 28 föreskrifter,

245 485 51 15 som
312 480 7 21 i
336 480 107 22 afseende
459 481 14 21 ä
489 481 169 28 bevillningens
671 483 128 28 debitering
809 484 46 21 och

245 515 114 28 uppbörd,
383 516 131 22 kontrollen
542 518 64 21 öfver
630 519 178 28 tillverkningen
831 519 26 22 af

244 551 155 28 maltdrycker
415 555 60 19 samt
491 553 37 22 för
543 554 178 28 tillämpningen
737 555 25 22 af
775 555 79 22 denna

243 587 135 28 förordning
394 588 6 21 i
417 589 67 27 öfrigt
503 589 108 22 befinnas
627 590 153 29 erforderliga.

517 651 27 20 15
561 649 21 29 &.

315 691 80 21 Denna
407 691 137 28 förordning
553 692 59 21 skall
620 691 117 29 tillämpas
746 692 51 22 frän
806 693 45 21 den

243 728 10 19 1
266 727 97 21 Januari
381 728 54 20 1901
454 728 45 21 och
515 728 71 27 gäller
607 727 33 22 till
657 728 113 27 utgången
787 728 25 22 af
826 729 26 21 är

244 763 63 21 1904.

168 859 81 21 Derest
273 859 127 21 Ständerna
423 859 127 27 godkänna
573 859 165 22 ofvanstäende
763 859 86 28 förslag

95 894 34 22 till
146 895 141 28 förordning,
304 895 35 22 fär
355 895 114 22 Utskottet
485 895 113 28 derjemte
614 895 92 21 föreslä:

311 951 32 20 att
358 949 123 22 Ständerna
497 949 48 21 ville
555 949 73 21 säsom
640 949 97 21 inkomst
748 949 28 28 af
783 950 65 21 malt-

241 985 143 28 bevillningen
399 985 36 28 för
449 984 179 29 finansperioden
649 985 146 21 1901—1904
813 985 34 21 be-

238 1021 72 21 räkna
327 1023 27 19 ett
369 1022 76 27 belopp
461 1021 28 27 af
502 1021 98 26 825,000
616 1021 65 21 mark
702 1021 36 28 för
757 1021 27 21 är
799 1021 49 21 eller

236 1057 35 28 för
286 1057 49 21 hela
349 1057 103 28 perioden
468 1057 122 26 3,300,000
606 1057 70 21 mark.

165 1110 150 28 Helsingfors,
332 1111 45 21 den
393 1112 27 20 27
437 1111 65 27 April
520 1111 64 21 1900.

164 1212 9 21 I
190 1212 171 28 behandlingen
377 1213 26 21 af
416 1213 62 21 detta
495 1212 85 22 ärende
597 1212 69 22 hafva
682 1212 93 27 deltagit
791 1212 52 21 ord-

90 1247 114 22 föranden
225 1248 118 22 Snellman
366 1251 61 19 samt
449 1248 159 22 ledamöterne
629 1248 134 27 Schulman,
787 1248 56 21 San-

90 1284 74 26 mark,
173 1284 123 27 Wegelius,
309 1285 112 26 Ilmanen,
438 1284 141 27 Päivärinta,
597 1280 82 32 Öberg,
691 1284 151 28 Aejmelaeus,

90 1319 90 27 Idman,
204 1320 114 21 Forsman
343 1321 44 21 och
411 1321 97 27 Flygare
528 1320 121 21 äfvensom
665 1320 177 28 suppleanterne

89 1355 126 21 Grotenfelt
237 1355 88 29 (senare
349 1356 77 21 säsom
443 1356 111 28 ledamot)
576 1356 96 27 Schildt,
696 1354 146 28 Rosengvist,

88 1390 94 22 Starcke
198 1392 45 20 och
259 1392 98 27 Ekberg.

159 1438 207 24 Bevillningsutskottets
378 1439 111 19 betänkande
501 1439 36 19 N:o
550 1440 18 18 2.
