1048 1631
220 130 25 20 10
534 128 40 22 N:o
590 129 20 21 2.

258 199 20 20 6.
309 197 145 27 Generalprof
478 197 22 22 af
523 196 188 28 gödslingsämnen
737 196 40 22 bör
800 196 120 21 inneslutas
942 197 7 20 i

188 233 121 20 vattentätt
331 231 58 27 kärl;
405 231 50 28 prof
469 231 23 22 af
505 231 139 22 foderämnen
661 231 39 22 och
715 231 98 22 frövaror
829 231 74 21 kunna
917 231 32 21 in-

188 267 75 27 läggas
285 267 8 21 i
315 266 83 27 omslag
421 266 22 22 af
464 267 37 26 tyg
524 266 51 22 eller
598 273 88 21 papper,
703 272 48 15 men
767 265 54 22 böra
836 265 113 22 försändas

189 301 111 28 skyddade
315 302 46 21 mot
375 302 59 26 yttre
450 301 114 28 fuktighet.

545 369 12 28 $
574 371 18 20 4.

257 409 29 22 Af
300 409 26 22 de
341 410 68 26 tagna
423 409 88 27 profven
527 409 53 22 böra
596 410 37 21 två
649 409 50 27 prof
713 409 22 21 af
745 409 204 27 förrättningsman-

189 450 41 15 nen
247 443 134 22 oförtöfvadt
396 443 87 28 sändas,
500 443 36 22 det
552 450 40 15 ena
608 444 32 21 till
652 445 109 20 närmaste
771 443 178 22 kontrollanstalt

188 478 7 21 i
212 477 101 22 afseende
328 479 13 20 å
357 478 160 27 undersökning
533 479 56 20 samt
605 479 36 21 det
657 478 68 21 andra
741 478 31 21 till
785 478 100 27 säljaren,
896 478 52 21 hvil-

189 513 42 21 ken
255 513 72 21 derom
348 513 79 27 jemväl
449 513 40 21 bör
511 513 148 26 underrättas,
683 513 72 21 derest
778 513 45 21 icke
839 512 42 21 han
898 512 51 22 eller

189 547 54 22 hans
259 547 80 22 ombud
354 547 56 22 varit
425 547 135 22 närvarande
575 547 35 22 vid
626 547 166 27 förrättningen.

257 581 112 22 Protokoll
385 581 58 22 öfver
458 581 165 28 proftagningen
639 581 102 22 insändes
753 581 80 28 jemväl
848 581 32 22 till
895 581 53 22 kon-

190 615 161 23 trollanstalten
367 616 40 21 och
421 616 40 21 bör
477 616 110 22 derstädes
603 616 103 21 förvaras.

257 650 44 22 Det
316 651 69 27 tredje
399 650 86 28 profvet
499 651 81 22 lemnas
597 651 23 21 åt
635 651 105 26 köparen.

545 719 12 28 $
574 721 18 20 5.

257 759 161 22 Föreståndare
440 759 33 22 för
491 759 177 22 kontrollanstalt
683 759 80 28 åligger
779 761 33 20 att
827 759 121 27 ofördröjli-

188 801 41 21 gen
249 795 118 21 verkställa
383 795 161 26 undersökning
559 796 23 20 af
595 794 89 22 insändt
699 794 54 27 prof,
769 795 56 20 samt
842 795 33 20 ati
890 794 58 21 med-

189 829 48 22 dela
251 829 60 22 bevis
328 829 96 22 deröfver
440 829 23 22 åt
478 829 96 27 köparen
590 829 38 22 och
644 829 100 27 säljaren.

544 898 11 27 8
572 899 19 20 6.

258 938 29 21 Af
307 938 74 28 hvarje
403 940 118 26 emottaget
544 938 49 27 prof
607 938 54 22 skall
678 938 40 21 den
735 938 40 26 del,
792 944 45 15 som
854 938 94 21 återstår

188 973 67 21 sedan
279 973 188 27 undersökningen
490 973 68 22 blifvit
577 972 116 27 verkstäld,
710 972 69 21 under
795 972 65 21 minst
875 973 32 20 ett
923 973 24 20 år

188 1007 54 22 efter
258 1007 190 26 undersökningen
464 1008 7 21 i
486 1008 77 27 tydligt
579 1008 72 21 märkt
666 1007 47 21 kärl
730 1007 51 21 eller
796 1007 52 26 påse
864 1006 35 21 vid
910 1013 37 14 an-

188 1041 80 22 stalten
292 1041 97 22 förvaras
408 1042 33 21 för
457 1043 33 20 att
505 1042 6 21 i
527 1042 102 22 händelse
645 1041 23 22 af
682 1041 65 22 behof
761 1047 52 16 vara
829 1041 118 27 tillgänglig

187 1076 33 22 för
235 1075 93 28 förnyad
343 1077 167 27 undersökning.

544 1152 11 28 8
572 1154 19 20 7.

257 1193 80 21 Finner
353 1193 120 22 anstaltens
488 1193 151 21 föreständare
656 1194 33 20 att
705 1192 36 22 det
756 1193 92 21 insända
863 1193 84 27 profvet

187 1228 46 21 icke
250 1229 25 20 är
291 1229 86 26 uttaget
392 1228 66 27 enligt
468 1228 98 27 gällande
576 1228 135 22 föreskrifter
722 1227 51 22 eller
785 1229 32 20 att
828 1228 119 21 detsamma

188 1262 55 27 tagit
267 1262 70 22 skada
359 1262 70 22 under
451 1264 140 26 transporten
607 1262 53 22 eller
675 1262 39 21 ock
730 1263 33 20 att
779 1262 168 27 anmärkningar

187 1298 46 20 mot
257 1297 49 21 dess
321 1297 109 21 bindande
445 1297 58 21 kraft
517 1303 81 16 annars
613 1298 75 20 kunna
703 1299 71 25 göras,
791 1303 49 21 eger
855 1297 42 22 han
914 1298 33 20 att

188 1331 153 29 ofördröjligen
357 1332 74 22 derom
446 1332 129 22 underrätta
591 1333 103 27 köparen.

256 1366 96 22 Fordrar
367 1366 96 28 köparen
479 1367 63 22 likväl
559 1367 167 27 undersökning,
743 1368 81 26 äligger
839 1368 107 21 förestän-

188 1400 68 22 daren
280 1406 34 17 att
336 1402 48 26 den,
407 1402 71 22 såvidt
492 1402 38 22 ske
545 1403 49 26 kan,
610 1402 125 27 verksiälia,
751 1410 48 14 men
815 1404 104 20 ammärke
935 1404 13 20 &

187 1435 159 28 analysbeviset
361 1436 56 22 hvad
433 1438 57 20 emot
505 1436 84 28 profvet
604 1436 145 23 förekommit.
