1048 1631
196 91 13 20 2
384 90 85 23 Ständ.
484 90 39 23 Sv.
539 103 28 3 —
582 90 76 29 Prop.
673 90 42 23 N:o
731 90 22 23 3.

196 156 177 29 Desiämmingar
390 156 9 23 i
417 156 68 30 räga
505 166 38 13 vm
569 156 61 23 vissa
646 156 213 24 domaiosmbetens
877 157 78 22 besäv

196 189 78 23 tande.

266 225 48 21 Vid
336 225 177 29 granskningen
535 225 24 22 af
576 225 99 22 berörda
692 225 87 28 förslag
796 225 72 22 hafva
886 225 69 22 Stän-

196 259 74 21 derna
296 259 8 22 i
329 259 91 30 princip
448 259 106 29 godkänt
576 259 133 28 detsamma,
728 259 74 22 likväl
819 259 54 22 med
891 259 62 22 vissa

196 293 135 29 ändringar,
350 294 36 21 för
403 294 82 22 hvilka
503 294 133 22 Ständerna
653 293 97 30 utbedja
768 294 36 29 sig
823 296 34 19 att
875 293 24 22 fä
911 293 43 22 här

194 327 79 22 nedan
291 328 120 29 redogöra.

265 362 12 21 I
295 363 103 21 Finland
415 363 43 21 har
476 363 72 21 redan
566 363 70 28 länge
655 363 44 21 den
711 362 125 29 grundsats
849 362 56 29 gält,
919 364 36 20 att

196 397 141 28 tjensteman
355 397 43 22 har
415 399 48 20 rätt
481 399 36 20 att
535 397 72 22 varda
619 397 134 22 bibehällen
765 397 40 21 vid
817 396 46 22 den
876 397 78 29 tjenst,

195 431 38 21 till
259 431 98 22 hvilken
384 431 47 22 han
457 433 111 26 utnämts,
592 434 61 20 samt
675 431 41 22 vid
734 431 94 22 dermed
845 431 109 22 förenade

195 465 124 22 förmäner.
355 466 84 22 Denna
456 467 92 28 princip
566 466 43 22 har
626 466 47 22 fätt
690 468 35 19 ett
742 465 99 30 positivt
858 465 96 29 uttryck

195 499 36 22 uti
251 499 14 22 2
289 501 13 26 &
321 501 24 21 af
365 501 64 21 1772
449 501 37 22 års
503 501 198 28 Regeringsform,
714 500 99 29 jemförd
830 499 52 22 med
900 500 53 21 4:de

195 534 108 28 punkten
330 535 24 21 af
380 534 39 22 det
447 535 23 22 af
490 535 131 22 Monarken
640 534 178 22 sanktionerade
836 534 117 29 riksdags-

195 568 104 22 beslutet
319 569 37 22 för
373 569 46 22 den
437 570 32 21 23
487 569 59 22 Juni
567 569 72 28 1786,
658 569 119 22 äfvensom
795 569 9 21 i
821 568 133 22 stadfästel-

196 609 40 15 sen
258 603 14 21 &
293 603 139 29 Förenings-
444 603 44 22 och
510 603 193 22 säkerhetsakten
727 603 24 22 af
774 603 46 22 den
845 603 14 21 3
884 603 69 29 April

198 637 73 22 1789.
290 638 107 21 Embets-
406 637 43 22 och
458 639 200 28 tjenstemännens
668 637 161 29 oafsättlighet
837 637 44 22 har
892 637 61 22 dock

194 671 53 22 icke
276 674 89 20 ansetts
391 673 81 21 kunna
495 672 105 22 medföra
618 674 48 20 rätt
683 672 37 21 till
739 671 103 30 anspråk
859 673 30 28 pä
908 679 45 14 em-

194 705 78 22 betets
291 707 56 21 eller
365 707 114 28 tjenstens
497 706 215 29 upprätthällande,
730 706 52 22 ifall
800 705 39 23 det
857 706 96 22 allmän-

194 747 43 14 nas
265 741 98 22 intresse
382 741 93 28 pröfvas
493 741 83 22 kräfva
594 741 52 22 dess
665 741 148 28 indragning.
849 741 36 20 Dä
903 741 50 21 lan-

195 774 50 22 dets
274 775 144 29 grundlagar
445 775 128 22 emellertid
591 775 53 22 icke
663 775 118 22 innehöllo
799 776 73 27 något
889 775 64 21 stad-

194 809 85 29 gande,
307 809 76 22 afsedt
409 812 36 19 att
472 810 128 22 bestämma
622 809 29 22 de
672 809 139 29 rättigheter
829 795 44 36 och
890 809 63 29 skyl-

195 843 114 29 digheter,
329 851 50 15 som
391 844 130 23 tillkommo
533 845 98 21 embets-
644 843 44 23 och
699 844 148 29 tjenstemän,
860 843 93 22 hvilkas

193 878 164 29 befattningar
388 878 118 29 indrogos,
533 878 143 28 utfärdades,
703 878 72 21 sedan
807 877 96 23 ärendet
930 878 23 21 af

194 912 117 23 Finlands
339 913 100 22 Ständer
465 913 134 29 handlagts,
625 913 88 28 nådiga
739 912 166 29 förordningen
929 912 24 22 af

194 947 45 22 den
266 948 14 20 3
303 947 115 22 Februari
442 948 72 27 1868,
535 947 153 30 hvarigenom
707 947 66 22 dessa
790 946 163 23 förhållanden

193 981 110 30 regleras.

265 1016 42 22 Om
317 1016 44 22 ock
373 1015 40 23 det
423 1016 131 22 Ständerna
562 1016 121 29 förelagda
692 1015 263 30 författningsförslaget

193 1051 48 21 kan
264 1058 67 15 anses
349 1050 66 23 hvila
433 1051 30 29 på
481 1058 87 15 samma
586 1050 133 29 grundsats,
737 1057 50 15 som
804 1050 9 22 i
833 1050 65 22 1868
917 1051 37 20 års

193 1085 140 28 förordning
359 1085 80 22 funnit
464 1085 104 29 uttryck,
594 1086 42 28 går
664 1085 59 21 dock
747 1084 112 29 förslaget
876 1085 9 21 i
903 1084 51 22 sina

192 1119 178 29 bestämningar
387 1120 82 28 längre
487 1123 30 18 än
535 1119 77 22 denna
630 1119 142 29 förordning,
792 1119 72 22 bland
881 1121 74 20 annat

193 1154 57 28 deri,
279 1156 35 20 att
341 1162 30 14 en
397 1154 38 22 del
461 1154 92 22 domare
576 1154 125 22 framdeles
719 1161 55 15 vore
792 1153 108 30 skyldige
919 1155 36 20 att

193 1188 98 30 öfvergå
308 1188 39 22 till
369 1196 78 14 annan
465 1189 141 29 befattning,
625 1188 130 23 oberoende
773 1188 72 28 deraf,
864 1189 13 21 å
895 1187 60 23 hvil-

192 1223 47 21 ken
267 1226 37 19 ort
326 1223 9 21 i
355 1223 82 21 landet
456 1223 78 22 denna
551 1223 135 28 befattning
707 1222 61 22 skall
788 1222 99 28 utöfvas,
910 1222 44 22 och

192 1259 59 20 utan
278 1257 165 29 berättigande
460 1257 37 22 för
521 1258 110 22 domaren
650 1259 41 26 att,
711 1257 68 22 äfven
798 1264 37 15 om
853 1256 102 23 löneför-

192 1292 113 22 månerna
323 1292 41 21 vid
383 1292 45 22 den
446 1300 47 20 nya
511 1293 103 28 tjensten
632 1299 55 15 vore
705 1290 90 23 mindre
813 1295 30 18 än
855 1291 41 22 vid
909 1290 46 22 den

192 1326 65 22 förut
280 1326 135 29 innehafda,
434 1326 89 22 erhålla
540 1328 79 27 någon
637 1326 132 28 ersättning
786 1326 37 22 för
841 1325 46 28 det,
906 1332 47 15 som

192 1360 93 22 komme
304 1362 36 20 att
357 1360 86 23 honom
453 1356 97 52 frångå.
578 1359 185 31 Uppställandet
780 1360 24 22 af
822 1362 35 20 ett
869 1359 86 23 sådant

196 1394 76 23 viikor
295 1395 34 22 för
355 1395 121 23 biiivaudeo
490 1392 149 36 Ajansiomään
653 1394 98 26 innebär
769 1394 187 30 uppsabarligen
