1048 1631
178 100 14 22 6
369 99 84 23 Ständ.
469 100 40 22 Sv.
524 112 30 4 —
569 100 74 28 Prop.
659 100 46 23 N:o
720 100 34 22 11.

182 166 41 21 10:
237 166 245 29 8$:11:-kup.;
428 161 53 39 2.8
502 161 122 39 19-kapy:
631 168 97 25 1.816
745 161 97 39 kep..3
860 161 78 39 0ch;5

182 201 29 26 88
232 200 30 21 17
282 201 61 28 kap.
362 201 16 21 4
397 202 13 25 $
430 201 30 21 21
481 201 53 29 kap.
554 201 118 22 äfvensom
692 201 11 21 1
721 202 14 25 8
749 201 32 21 24
794 201 52 29 kap.
859 201 81 22 Rätte-

180 235 165 28 gängsbalken
363 235 91 22 erhälla
472 235 104 30 följande
594 235 100 29 lydelse:

509 339 28 21 11
558 339 60 22 Kap.

536 425 12 20 1
565 411 23 45 8.

251 493 51 22 Vill
320 501 54 14 man
393 493 37 22 till
449 501 78 14 annan
546 493 63 28 kära,
628 493 29 22 dä
675 500 55 21 eger
748 493 109 22 domaren
875 493 65 28 gifva

181 527 107 29 skriftlig
307 528 131 28 stämning:
457 528 44 21 cch
519 531 84 18 nämne
620 527 47 22 han
686 527 50 22 deri
751 530 115 27 parterne,
879 527 62 22 hvad

182 561 122 22 käranden
331 563 79 28 pästär
437 562 44 22 och
503 563 8 21 i
535 562 95 21 korthet
648 561 106 30 grunden
773 563 37 20 för
827 562 59 21 hans
903 569 38 21 yr-

182 596 85 28 kande,
291 597 25 21 sä
341 597 43 21 ock
403 597 13 21 &
435 597 62 22 hvad
516 599 37 19 ort
572 596 43 22 och
633 596 46 29 dag
697 596 45 22 den
761 597 43 22 bör
821 597 38 21 till
877 603 65 15 svars

182 631 100 28 komma,
308 639 47 14 som
382 631 76 22 stämd
479 631 93 22 varder:
591 631 104 28 kungöro
714 631 44 22 ock
776 631 50 22 deri
845 633 41 25 att,
905 638 36 14 om

182 665 48 22 han
249 666 21 28 ej
290 665 105 22 kommer
413 666 60 29 sjelf,
491 666 57 21 eller
560 665 52 22 dess
625 665 54 29 laga
692 665 91 28 ombud,
797 665 60 22 skall
869 665 73 22 saken

183 699 61 22 ändä
263 700 118 29 företagas
400 700 43 22 och
463 700 98 29 afgöras.

539 787 12 21 2
572 788 20 25 5.

253 849 12 21 I
284 849 53 27 mäl,
357 856 48 15 som
424 850 61 28 angä
503 849 101 28 fordran,
623 849 132 29 ersättning
773 849 56 21 eller
844 849 97 27 lösören,

183 883 42 21 der
252 883 111 29 beloppet
384 883 56 22 eller
458 884 89 27 värdet,
566 885 64 20 utom
648 886 69 19 ränta
735 883 44 22 och
797 884 145 28 rättegängs-

188 917 109 28 kostnad,
315 918 20 28 ej
361 917 138 30 öfverstiger
517 918 131 22 sexhundra
676 918 71 27 mark,
767 919 25 20 sä
810 918 43 21 ock
871 918 9 21 i
898 917 45 22 tvi-

183 954 55 25 ster,
257 951 84 23 hvilka
359 952 101 29 härflyta
482 953 23 22 af
523 953 112 28 legoaftal
653 952 86 22 mellan
757 952 122 22 husbonde
898 952 43 22 och

184 986 144 29 tjenstehjon
346 987 57 21 eller
422 987 23 22 af
463 987 59 22 aftal
540 987 86 22 mellan
639 987 169 28 arbetsgifvare
821 986 44 22 och
877 986 66 22 arbe-

183 1023 57 25 tare,
260 1021 121 22 äfvensom
399 1021 8 21 i
425 1021 47 22 mäl
491 1021 99 22 rörande
608 1021 94 28 hägnad
720 1021 43 22 och
776 1021 167 28 stängselskyl-

183 1055 89 29 dighet,
301 1056 38 21 mä
366 1055 51 28 den,
443 1063 49 15 som
514 1056 72 28 sökes,
611 1055 131 29 muntligen
760 1058 120 23 stämmas;
899 1055 43 22 och

182 1097 56 14 vare
267 1089 30 22 dä
324 1090 39 29 lag
382 1097 93 21 samma,
494 1098 49 14 som
561 1098 37 14 om
616 1090 103 28 skriftlig
738 1090 119 28 stämning
874 1089 69 29 sagdt

183 1128 38 24 är;
245 1123 62 22 dock
326 1127 35 19 att
379 1124 52 28 den,
450 1132 49 15 som
517 1125 131 28 muntligen
667 1127 108 19 stämmes
793 1125 38 20 till
849 1124 94 21 härads-

183 1159 60 29 ting,
263 1160 21 28 ej
308 1160 37 21 mä
364 1159 38 22 till
420 1160 49 21 viss
487 1160 47 28 dag
553 1160 23 21 af
594 1160 76 28 tinget
688 1159 82 28 kallas,
789 1160 26 20 sä
833 1159 70 21 framt
921 1160 21 28 ej

183 1192 52 29 den,
265 1200 50 15 som
341 1196 98 20 stämma
463 1194 66 28 läter,
548 1194 78 21 dertill
644 1193 43 22 hos
705 1193 110 22 domaren
834 1194 110 21 utverkat

183 1228 117 21 tillständ.

253 1262 103 22 Fordrar
373 1264 79 27 nägon
471 1264 30 28 pä
519 1262 77 29 grund
614 1263 24 21 af
650 1262 135 22 skuldebref
797 1262 57 22 eller
865 1270 78 14 annan

183 1296 107 29 skriftlig
307 1296 142 23 förbindelse
467 1297 131 29 penningar
616 1297 56 22 eller
689 1304 69 14 varor
776 1296 37 22 till
831 1296 60 22 visst
906 1296 39 22 be-

183 1330 63 30 lopp,
266 1338 55 15 vare
349 1331 44 22 ock
416 1331 101 29 muntlig
541 1332 118 28 stämning
677 1331 77 29 giltig,
774 1330 61 22 ändä
854 1333 35 19 att
907 1331 38 21 be-

183 1365 83 29 loppet
284 1366 57 21 eller
358 1366 84 22 värdet
460 1366 23 22 af
501 1366 47 28 det,
566 1374 50 14 som
634 1366 96 27 fordras,
744 1365 139 49 öfverstiger
895 1372 50 15 sex-

183 1400 94 22 hundra
295 1403 72 20 mark.
