1048 1631
334 90 27 22 U.
378 90 27 22 B.
421 104 29 2 —
466 90 74 28 Prop.
556 90 45 24 N:o
618 90 34 22 16.
827 93 12 19 3

114 156 265 29 jordebokslägenheter,
398 156 136 29 isynnerhet
556 156 41 21 vid
621 156 70 21 sådan
715 156 155 21 strömfallslä-

120 193 99 28 genhets
235 192 112 29 förnyade
363 192 100 28 delning.

188 229 11 20 I
215 228 148 21 betraktande
380 228 23 21 af
419 228 40 21 allt
473 228 63 21 detta
550 228 43 21 och
608 228 28 21 dä
648 228 142 21 strömfallen
800 228 8 21 i
819 230 51 19 vårt

115 265 61 25 land,
201 264 133 28 isynnerhet
358 264 27 21 de
405 271 62 14 mera
484 264 139 28 betydande,
642 263 35 22 till
697 263 172 29 öfvervägande

116 301 61 20 antal
198 300 71 26 torde,
293 302 74 19 såsom
386 300 8 21 i
414 300 125 21 allmänhet
557 299 125 29 byalagens
698 307 171 21 gemensamma

116 336 119 28 egendom,
252 336 91 21 tillhöra
357 336 56 21 flere
427 335 133 29 lägenheter
572 335 115 26 samfäldt,
699 343 66 14 anser
775 335 94 22 Utskot-

115 374 34 19 tet
180 372 149 21 förevarande
358 371 242 28 författningsförslag,
630 371 75 21 såvidt
735 371 133 28 derigenom

116 407 121 29 möjlighet
259 407 94 22 beredes
377 407 36 21 för
436 407 120 22 bildandet
571 407 24 21 af
610 407 259 28 strömfallslägenheter

116 443 53 22 med
190 451 57 20 egen
265 443 237 28 jordeboksnummer,
526 443 56 22 böra
597 443 75 21 hälsas
691 443 54 21 med
761 443 107 21 tillfreds-

116 479 106 26 ställelse,
247 479 42 21 och
312 479 35 21 får
362 479 119 21 Utskottet
500 479 62 28 förty
580 479 36 21 till
632 479 128 28 antagande
776 479 92 21 förorda

116 515 39 21 det
170 515 7 20 i
195 515 44 21 den
254 515 85 28 nådiga
354 514 172 29 propositionen
542 515 8 20 i
562 515 81 21 sådant
654 514 108 21 afseende
773 514 95 29 intagna

115 551 106 28 tillägget
236 551 35 21 till
293 553 6 19 2
323 551 7 28 8
345 551 8 21 i
369 551 166 28 förordningen
551 551 23 21 af
590 551 44 21 den
652 553 25 18 12
694 550 56 22 Juni
768 553 63 18 1895.

187 587 11 20 I
208 594 85 14 samma
305 586 60 29 syfte
375 587 55 21 eller
437 587 36 21 för
482 589 33 19 att
523 587 129 21 underlätta
661 586 154 21 strömfallens
823 586 44 21 för-

116 622 128 21 värfvande
260 623 43 20 och
319 622 198 29 tillgodogörande
534 622 36 21 för
584 622 116 22 industrin
715 623 42 20 har
772 622 94 21 Utskot-

115 660 33 19 tet
172 659 123 25 dessutom,
312 658 91 22 utöfver
425 659 63 20 hvad
508 659 45 20 den
571 658 85 28 nädiga
670 658 174 29 propositionen
859 658 8 21 i

114 694 151 28 nyssberördt
287 694 108 21 afseende
418 694 133 26 innehäller,
575 694 62 22 velat
654 694 84 21 föreslä
753 701 29 14 en
797 696 70 26 ytter-

115 729 71 29 ligare
210 730 139 29 utvidgning
373 730 24 21 af
420 730 327 29 egostyckningsrättigheten.
787 729 80 29 Enligt

114 766 101 21 nämnda
230 767 13 20 2
259 766 14 28 8
289 765 8 22 i
314 768 56 19 1895
387 768 35 19 års
437 765 135 29 förordning
583 769 24 18 är
619 765 117 29 nemligen
747 766 120 28 egostyck-

114 801 57 28 ning
187 801 89 22 tilläten
292 802 79 21 endast
387 802 74 21 under
475 801 77 22 vilkor
562 804 34 19 att
606 801 79 29 hvarje
695 809 84 21 genom
791 801 75 29 styck-

114 837 88 28 ningen
226 837 184 29 uppkommande
435 837 36 22 del
488 840 68 26 utgör
571 837 71 22 minst
660 838 45 28 !/3p,
722 837 85 22 mantal
823 838 43 21 och

115 873 75 21 tillika
214 873 126 21 innehäller
365 873 71 22 minst
462 874 47 21 fem
535 873 106 22 hektarer
666 873 103 22 skattbar
794 873 71 21 mark.

115 909 63 21 Utan
194 909 74 23 denna
283 909 167 28 inskränkning
466 909 24 22 få
505 910 60 21 dock
578 909 151 29 jordstycken
746 909 55 22 eller
819 909 47 22 hol-

114 952 55 18 mar,
192 952 49 14 som
262 945 90 21 tillhöra
372 945 48 22 viss
437 945 108 28 lägenhet
560 953 53 14 men
629 945 23 21 af
675 945 63 22 ålder
753 945 61 21 varit
828 945 38 21 be-

114 980 68 28 lägna
204 980 63 21 inom
291 988 74 14 annan
388 981 119 28 lägenhets
531 983 93 26 rägäng,
642 988 83 21 genom
741 980 125 29 styckning

114 1016 105 28 utbrytas
242 1016 35 21 till
294 1016 159 29 sjelfständiga
468 1017 139 28 lägenheter.
640 1017 44 21 Till
699 1025 30 13 en
745 1017 65 28 dylik
826 1024 40 13 un-

114 1052 201 28 dantagskategori
330 1052 71 22 borde
413 1053 72 28 enligt
496 1053 130 21 Utskottets
637 1053 148 21 förmenande
796 1052 70 21 äfven

112 1088 163 28 lägenheterna
298 1089 100 20 enskildt
420 1089 118 28 tillhöriga
558 1089 112 21 strömfall
685 1089 89 23 räknas,
792 1090 25 19 sä
833 1090 33 19 att

111 1123 87 29 jemväl
222 1124 66 21 dessa
304 1126 55 19 utan
374 1124 169 29 inskränkning
559 1124 23 21 af
598 1126 70 27 något
683 1123 112 22 kameralt
810 1125 55 20 stor-

112 1160 110 21 hetsmätt
238 1160 63 28 finge
317 1168 83 20 genom
417 1160 125 29 styckning
557 1160 104 28 afskiljas
677 1160 51 22 frän
745 1160 28 21 de
789 1160 76 28 lägen-

112 1195 70 26 heter,
204 1203 49 14 som
277 1196 72 28 enligt
371 1196 106 28 gällande
500 1196 38 28 lag
556 1196 24 22 fä
595 1196 93 28 klyfvas
704 1196 44 21 och
764 1195 100 29 styckas,

113 1244 27 2 —
158 1231 87 22 således
269 1231 72 29 enligt
364 1232 14 28 8
401 1234 12 19 6
434 1232 9 21 i
460 1232 158 28 nyssnämnda
641 1232 134 28 förordning
796 1231 69 21 äfven

112 1266 185 22 kronohemman.
322 1268 41 20 Ett
377 1268 52 21 icke
445 1268 66 28 ringa
527 1268 62 21 antal
600 1268 112 21 strömfall
723 1267 53 21 med
787 1267 36 21 för
834 1269 30 19 åt-

112 1302 115 22 minstone
243 1303 89 21 mindre
347 1303 145 22 industriella
505 1303 152 29 inrättningar
668 1302 132 23 användbar
811 1302 54 22 drif-

111 1338 62 22 kraft
196 1339 63 21 torde
282 1339 117 28 nemligen
421 1339 93 21 tillhöra
538 1340 104 21 enskilda
660 1339 139 29 lägenheter,
821 1338 43 22 och

111 1376 72 26 några
206 1374 115 22 bindande
338 1375 49 21 skäl
403 1382 69 22 synes
489 1376 119 21 Utskottet
623 1376 50 21 icke
689 1374 126 22 förefinnas
832 1376 32 19 att

188 1416 209 20 Vattenrättsutskottets
412 1418 118 18 betänkande
542 1418 38 18 N:o
592 1418 16 18 2.
