1048 1631
227 94 26 19 16
425 92 28 22 U.
469 91 28 23 B.
514 105 26 3 —
558 91 74 29 Prop.
647 91 45 23 N:o
707 91 14 22 1

191 147 82 42 naden
288 160 54 25 stor,
359 158 41 22 LDÖr
416 158 133 23 dousuuina
560 157 35 23 Wu
605 157 119 30 betalning
735 157 100 23 1ördelas
845 160 31 27 pä
885 158 64 26 ere,

197 195 59 21 dock
276 195 20 28 ej
317 194 66 22 öfver
401 194 68 29 tjugu
485 196 35 19 ärs
537 193 110 29 flottning
663 193 44 22 och
723 193 156 29 ersättningen
894 196 56 27 utgä

196 231 53 21 med
265 230 60 22 visst
339 230 84 29 belopp
440 230 37 21 för
491 229 80 30 hvarjo
587 232 35 19 ärs
637 229 110 29 flottning
758 230 55 21 eller
823 229 48 22 viss
882 229 69 29 afgift

197 267 36 20 för
248 266 81 29 hvarje
345 266 80 29 stycke
442 266 117 29 flottgods.

269 301 27 30 Ej
321 304 37 20 mä
383 302 93 22 utöfver
498 309 31 14 nu
553 302 83 21 nämda
660 301 126 30 ersättning
810 302 42 21 och
877 301 72 29 skälig

196 338 147 29 godtgörelse
359 338 36 21 för
409 338 136 29 uppbörden
560 338 88 21 fordras
665 337 79 22 vidare
760 338 69 29 afgift
844 338 35 21 för
889 337 62 22 flott-

197 374 220 29 ningsanstalternas
441 374 150 29 begagnande
613 378 28 17 än
657 374 62 21 hvad
735 373 40 22 vid
791 373 130 29 fördelning
938 375 13 20 &

198 412 59 19 årets
273 410 111 29 flottning
400 410 24 21 af
439 410 80 29 utlagd
535 410 98 21 kostnad
649 410 36 21 för
701 411 66 20 deras
783 410 119 22 underhåll
913 410 37 21 be-

198 447 64 28 löper
279 446 35 29 sig
330 449 13 18 å
359 447 98 21 enhvars
473 446 117 29 flottgods.

545 526 27 19 10
588 525 20 28 8.

270 573 47 21 Der
333 579 132 22 gemensam
482 572 110 29 flottning
603 575 23 18 är
637 572 160 26 föreskrifven,
810 575 79 26 utgöra
901 579 50 21 ega-

199 616 53 14 rene
272 609 23 21 af
311 609 136 28 flottgodset
463 616 28 14 en
507 608 112 29 förening,
636 609 69 20 hvars
722 608 96 29 styrelse
835 610 12 19 å
863 608 88 28 delega-

199 652 66 14 renes
288 648 87 25 vägnar
394 645 43 21 och
455 645 36 21 för
511 645 64 21 deras
592 643 97 30 räkning
705 644 104 21 handhar
824 644 51 21 hela
890 644 61 21 flott-

198 681 93 28 ningen.

271 717 98 28 Stadgar
384 717 36 21 för
437 717 64 28 dylik
516 716 229 29 flottningsförening
759 717 124 21 fastställas
895 717 57 21 efter

199 753 87 28 förslag
310 753 23 21 af
357 753 58 26 dem,
442 753 77 21 hvilka
544 757 54 17 ärna
621 753 106 28 begagna
750 753 126 21 flottleden.
909 752 42 22 Om

199 789 150 29 uppgörande
365 789 23 21 af
404 789 81 22 sådant
501 789 85 28 förslag
602 789 133 22 föranstalte
747 789 51 26 den,
811 798 48 12 som
871 789 81 21 ansökt

200 832 37 14 om
253 825 152 28 flottningens
421 825 122 21 ordnande.

547 899 25 19 11
590 897 19 28 8.

271 945 250 28 Flottningsförenings
541 945 92 28 stadgar
650 945 64 21 skola
730 945 94 28 angifva
841 945 112 28 delegare-

199 988 41 15 nes
264 981 109 22 inbördes
395 981 148 26 förhällande,
560 981 59 21 huru
636 981 66 21 desse
719 981 175 21 sammankallas
910 981 42 21 och

200 1017 237 28 flottningsstyrelsen
452 1017 79 28 väljes,
548 1019 70 24 orten,
635 1017 94 21 hvarest
739 1016 113 29 styrelsen
862 1017 41 21 har
914 1016 39 22 sitt

200 1055 55 24 säte,
280 1055 59 19 samt
363 1053 148 28 erforderliga
534 1056 102 18 närmare
653 1052 172 29 bestämningar
840 1059 37 15 om
893 1052 60 22 flott-

200 1088 99 29 ningens
315 1088 184 22 handhafvande.

273 1125 11 20 I
308 1124 126 21 sistnämda
458 1125 37 20 del
518 1125 66 21 lände
610 1124 122 29 stadgarne
749 1124 35 21 till
804 1124 149 21 efterrättelse

201 1161 70 21 äfven
295 1160 41 22 vid
359 1160 187 22 förekommande
562 1161 91 22 enskild
670 1160 115 29 flottning,
803 1161 76 21 derest
893 1160 61 22 flott-

200 1196 156 29 ningsanstalt
371 1196 116 29 begagnas
504 1197 54 21 eller
574 1197 83 21 hinder
673 1197 35 21 för
724 1197 45 21 den
785 1204 170 21 gemensamma

202 1233 139 28 flottningen
357 1233 45 21 kan
418 1233 95 22 befaras.

550 1302 26 19 12
593 1300 19 28 &.

273 1348 74 20 Innan
373 1347 110 29 flottning
505 1347 111 29 vidtager,
642 1347 58 21 skall
723 1347 136 28 flottgodset
883 1347 72 21 förses

202 1382 53 22 med
272 1383 81 21 sädant
370 1383 51 21 dess
438 1390 66 22 egare
520 1383 123 22 utvisande
660 1383 83 23 märke,
759 1390 47 14 som
818 1383 46 21 kan
876 1382 80 22 urskil-

277 1425 212 19 Vattenräitsutskottets
501 1426 117 18 betänkande
630 1425 40 18 N:o
682 1425 15 17 1.
