1048 1631
333 95 26 22 U.
375 96 26 22 B.
418 108 29 3 —
463 95 73 29 Prop.
554 95 43 23 N:o
613 96 13 21 1
795 98 28 19 35

424 324 25 20 V
466 325 70 25 Kap.

397 382 34 21 Om
447 382 111 28 invallning.

456 447 48 29 18.

175 495 152 29 Strandegare
342 503 55 14 vare
412 495 130 28 berättigad
558 497 33 20 att
601 495 36 22 till
647 495 77 29 skydd
736 497 48 20 mot
794 498 57 19 vatt-

99 534 41 19 net
152 533 52 22 eller
218 533 37 26 för
271 533 154 26 torrläggning
440 532 29 27 af
480 532 154 21 vattenbetäckt
648 532 76 27 grund
739 535 56 24 göra
805 531 47 22 vall

100 567 55 29 eller
170 575 76 14 annan
261 567 111 28 byggnad
376 563 13 37 ä
409 567 51 22 eller
475 568 93 27 utanför
579 567 114 26 stranden,
705 567 26 22 sä
743 568 36 21 ock
791 568 60 27 öfver

99 605 35 21 vik
157 605 51 21 eller
230 604 67 25 sund,
318 605 25 19 sä
361 602 70 21 framt
450 602 51 22 icke
518 610 88 14 annans
622 605 44 18 rätt
681 610 84 21 genom
781 603 71 21 sädan

100 639 80 28 åtgärd
196 639 132 22 förnärmas.

457 698 50 29 28.

174 746 47 22 Vill
246 748 77 26 nägon
348 749 55 24 göra
428 745 130 29 invallning
584 745 36 22 för
643 745 35 22 sin
691 745 65 28 jords
772 745 79 28 odling

100 782 55 21 eller
171 781 136 28 förbättring
324 781 55 21 eller
394 781 71 21 redan
480 781 70 21 odlad
566 781 76 21 marks
655 781 141 28 skyddande,
809 781 40 22 och

99 817 93 22 kräfves
216 817 35 21 för
274 817 170 28 invallningens
467 817 99 21 bestånd
587 817 55 21 eller
658 817 193 28 ändamålsenliga

98 853 136 26 inrättande,
251 855 34 19 att
299 853 77 21 vallen
391 853 117 21 fortsättes
520 853 56 21 eller
586 853 71 21 fästes
668 855 13 19 ä
691 860 86 14 annans
789 860 61 21 egor,

98 897 55 13 vare
170 889 73 21 denne
261 888 92 29 skyldig
369 890 34 19 att
418 888 94 29 uppläta
528 888 135 29 erforderlig
679 889 63 20 mark
758 888 36 21 för
805 888 46 21 val-

98 925 38 20 len
152 925 44 21 och
212 924 76 21 dertill
303 924 102 21 hörande
421 924 52 28 graf
487 924 37 21 för
539 926 101 20 vattnets
657 924 123 26 samlande,
790 927 61 18 emot

99 960 126 29 ersättning
247 960 64 21 säväl
327 960 35 21 för
378 960 94 21 marken
488 967 50 14 som
555 960 36 21 för
606 960 71 21 skada
693 960 43 21 och
751 959 98 29 inträng,

98 1003 49 14 som
164 1003 83 21 genom
263 995 171 29 anläggningen
450 995 43 22 och
510 995 53 22 dess
580 995 120 22 utförande
712 995 137 28 tillskyndas

98 1032 96 25 honom;
218 1031 59 22 dock
301 1031 58 22 skall
379 1031 77 22 vallen
472 1031 40 22 der
529 1033 25 20 sä
569 1031 87 29 läggas,
672 1034 33 19 att
721 1031 130 22 ändamälet

98 1067 53 22 med
167 1067 157 28 invallningen
340 1069 56 19 utan
412 1067 89 28 oskälig
516 1067 101 22 kostnad
633 1067 80 22 vinnes
731 1067 52 21 med
794 1067 56 21 min-

98 1106 35 18 sta
150 1103 121 28 olägenhet
286 1103 36 21 för
338 1110 83 21 egaren
437 1103 24 21 af
476 1103 101 21 marken.

452 1169 49 28 38.

172 1216 138 28 Invallning,
327 1216 95 21 hvarom
438 1216 8 21 i
462 1218 13 19 2
491 1216 14 29 &
521 1218 83 24 nämts,
617 1216 54 22 eller
681 1216 41 22 vid
733 1216 34 28 elf,
779 1218 70 20 ström

96 1254 52 20 eller
164 1254 13 19 &
192 1254 37 19 mä
245 1252 20 28 ej
283 1252 95 26 utföras,
395 1251 72 22 innan
481 1252 107 22 tillständ
604 1252 75 21 dertill
695 1251 124 23 utverkats.

172 1287 82 29 Dylikt
277 1287 104 22 tillstånd
404 1288 35 20 får
459 1287 20 29 ej
498 1288 107 28 beviljas,
622 1295 37 14 om
675 1288 71 21 sådan
761 1287 88 29 påföljd

96 1323 24 21 af
136 1323 112 29 företaget
264 1324 45 20 kan
325 1323 96 26 befaras,
439 1330 49 14 som
504 1323 8 21 i
529 1326 14 19 4
559 1324 51 28 kap.
623 1326 13 19 3
648 1323 13 29 $
672 1326 68 26 sagts.

168 1418 213 20 Vattenrättsutskottets
394 1419 119 18 betänkande
526 1418 38 20 N:o
576 1420 16 18 1.
