1048 1631
217 105 14 19 4
530 102 44 22 N:o
591 105 19 20 6.

545 172 49 28 8.5.
777 189 2 2 av
829 189 2 2 &
915 187 9 3 s

258 211 54 22 Den
333 211 10 22 i
364 211 133 29 penningar
521 211 124 23 bestämda
666 211 72 23 lönen
760 211 61 23 skall
836 218 115 16 samman-

188 246 93 29 skjutas
305 246 27 21 af
353 246 59 28 dem,
427 245 83 23 hvilka
524 247 9 21 i
550 246 171 30 församlingen
736 247 96 29 erlägga
847 245 104 31 aflöning

188 280 38 22 till
249 280 54 22 dess
317 281 156 29 presterskap,
493 281 75 29 enligt
583 281 29 22 de
626 281 109 29 grunder,
752 288 50 15 som
816 281 9 22 i
840 280 111 23 afseende

188 315 14 22 å
224 315 149 22 sistnämnda
396 315 115 29 aflönings
536 315 132 29 utgörande
691 319 40 18 äro
746 315 126 22 faststälda
894 315 57 22 eller

188 349 58 30 eljes
262 349 121 30 gällande;
400 350 44 22 och
458 350 44 22 bör
523 352 71 27 prest,
610 357 50 15 som
675 350 100 22 innehar
785 350 9 21 i
803 349 90 22 mantal
903 352 48 19 satt

188 383 108 29 boställe,
315 384 96 29 deltaga
425 385 9 22 i
448 392 34 14 nu
501 384 182 29 ifrågavarande
697 385 41 21 lön
753 385 61 21 efter
828 384 123 22 boställets

188 419 91 22 mantal
302 420 61 20 samt
386 419 77 29 öfriga
477 421 90 27 prester
582 419 75 29 enligt
672 426 88 15 samma
775 419 108 29 grunder,
899 425 50 16 som

189 453 74 22 andra
278 460 111 22 personer
403 455 58 20 utan
476 454 50 21 fast
540 453 121 29 egendom.

541 524 13 26 s
570 525 19 20 6.

259 561 122 22 Faststäld
404 561 173 31 lönereglering
599 563 61 22 skall
683 562 118 29 tillämpas
823 562 41 22 vid
881 564 68 19 nästa

190 595 96 29 ombyte
309 596 27 21 af
356 595 111 24 klockare
491 597 60 22 eller
574 597 120 29 orgelnist,
713 597 78 22 derest
805 596 21 29 ej
841 596 109 22 innehaf-

189 637 56 14 vare
268 630 27 22 af
316 630 166 30 befattningen
501 631 134 29 medgifver
650 633 36 21 att
700 631 149 29 regleringen
863 631 38 22 må
911 631 38 22 til-

188 664 90 29 lämpas
293 664 76 23 under
383 665 58 22 hans
456 665 129 29 tjenstetid.

395 860 26 22 T.
438 861 16 21 f.
471 860 330 23 Minister-Statssekreterare
815 862 86 23 Plehwe.

313 1422 123 23 Helsingfors,
449 1423 106 23 Kejserliga
566 1423 91 19 Senatens
669 1422 88 24 tryckeri,
769 1424 49 18 1900.
