1048 1631
226 96 27 19 78
423 94 28 23 U.
467 95 26 21 B.
511 108 27 4 —
558 94 72 30 Prop.
646 95 44 23 N:o
706 96 28 29 13

508 331 40 19 IV
565 331 68 26 Kap.

265 381 46 22 För
326 382 141 21 närvarande
483 382 107 28 gällande
604 383 211 29 lagbestämningar
831 391 38 14 om
881 383 67 21 sänk-

193 415 57 30 ning
272 417 24 21 af
315 417 137 29 vattendrag
473 417 55 29 ingä
548 418 34 21 uti
597 418 166 29 förordningen
780 419 45 22 den
841 420 28 20 23
885 419 62 22 Mars

195 454 57 20 1868
273 453 119 28 angäende
414 453 199 30 vattenledningar
634 455 43 21 och
693 455 143 22 vattenverk.
868 455 79 28 Enligt

193 488 76 21 denna
289 488 46 21 kan
355 489 144 28 sänkningen
520 490 46 26 ske,
588 492 65 20 utom
671 490 36 22 för
726 491 117 21 vinnande
865 490 23 22 af
904 490 43 22 till-

192 523 113 29 landning
321 525 43 20 och
378 525 157 29 torrläggning
546 525 24 22 af
580 526 58 21 sank
648 527 71 26 mark,
729 526 88 29 jemväl
827 526 36 22 för
873 526 72 22 andra

192 559 113 26 ändamäl,
331 567 49 15 som
395 561 78 21 kunna
489 561 111 29 befrämja
616 562 89 21 landets
722 563 113 21 välständ.
867 561 77 22 Initia-

192 595 59 22 tivet
269 595 44 22 och
329 595 211 24 beslutanderätten
555 598 119 28 angäende
689 597 90 30 företag
795 598 24 22 af
834 598 111 28 ifrägava-

192 630 71 22 rande
287 633 35 19 art
341 631 138 22 tillkommer
494 632 7 21 i
517 632 125 22 allmänhet
658 641 97 20 egarene
775 633 24 22 af
817 633 130 22 vattendra-

193 668 46 27 get.
271 666 46 23 Till
336 667 113 29 företaget
464 668 112 22 erfordras
592 669 9 21 i
621 669 63 28 regel
704 669 104 22 tillständ
824 669 24 22 af
868 669 79 22 veder-

192 703 104 22 börande
321 703 126 26 Guvernör,
463 703 36 22 för
519 704 68 21 hvars
604 704 109 29 pröfning
728 704 24 22 af
767 705 95 21 ärendet
876 707 72 27 nägra

193 739 120 22 bestämda
328 747 91 14 normer
435 739 59 22 dock
513 739 52 22 icke
585 740 77 22 finnas
680 740 9 21 i
706 740 167 29 författningen
889 741 58 21 före-

193 775 94 22 skrifna.
320 775 79 29 Angär
422 776 71 21 saken
515 776 82 21 endast
617 776 90 21 mindre
730 776 43 29 sjö,
794 777 69 21 hvars
879 784 68 21 egare

192 810 45 22 alla
260 814 39 19 äro
325 819 54 14 ense
403 819 37 14 om
463 811 119 29 företaget,
611 811 113 22 erfordras
750 811 37 22 för
809 812 63 21 detta
895 812 51 22 icke

192 847 111 22 särskildt
318 847 109 26 tillständ,
447 850 55 19 utan
520 851 31 23 är,
567 847 8 22 i
591 847 74 22 likhet
683 847 53 22 med
757 847 62 22 hvad
835 855 50 14 som
899 848 48 29 gäl-

192 882 33 22 ler
245 883 146 22 beträffande
407 883 140 29 anläggning
561 883 26 22 af
602 883 137 22 vattenverk
754 883 8 22 i
780 885 63 26 ,smä
859 886 88 19 vatten-

192 918 79 29 drag*,
286 919 105 22 anmälan
409 927 38 14 om
462 919 112 29 företaget
588 919 42 22 hos
646 919 240 29 distriktsingeniören
902 919 44 22 till-

191 954 77 29 fylles.

262 991 163 22 Motsvarande
441 991 143 28 stadganden
594 991 8 21 i
614 991 45 22 den
674 991 51 21 näd.
743 999 64 21 prop.
824 991 55 28 ingä
894 991 51 22 huf-

190 1026 163 29 vudsakligast
368 1027 34 21 uti
425 1029 10 19 1
453 1027 14 29 &
483 1026 23 22 af
524 1027 62 21 detta
601 1027 53 28 kap.
685 1027 50 21 Här
755 1027 106 28 angifves
877 1027 68 22 ända-

190 1062 77 26 mälet,
284 1063 36 21 för
335 1062 89 23 hvilket
440 1063 113 28 sänkning
570 1063 23 21 af
611 1063 34 28 sjö
667 1063 45 21 kan
730 1071 43 20 ega
791 1071 57 18 rum,
864 1063 81 22 främst

190 1105 55 14 vara
267 1097 173 29 jordkulturens
464 1098 164 29 befrämjande.
661 1099 150 28 Sänkningen
834 1099 45 21 kan
895 1099 48 22 afse

190 1141 55 15 vare
266 1134 37 29 sig
324 1136 33 20 att
376 1134 85 22 bereda
481 1134 120 29 möjlighet
620 1134 37 22 för
672 1135 159 28 torrläggning
847 1134 24 22 af
886 1135 58 21 sank

190 1170 71 26 mark,
285 1178 49 14 som
355 1170 55 29 eljes
432 1170 100 22 saknade
553 1170 135 28 tillräckligt
707 1170 86 29 aflopp,
812 1170 55 22 eller
882 1173 34 19 att
932 1173 13 19 å

190 1206 71 26 mark,
282 1213 50 15 som
347 1206 58 22 lider
421 1206 24 22 af
459 1206 131 29 periodiska
606 1206 214 28 öfversvämningar
836 1206 55 22 eller
907 1215 37 13 an-

189 1248 53 14 nars
259 1244 26 18 är
299 1242 140 28 vattensjuk,
455 1249 83 21 genom
553 1244 102 19 vattnets
672 1242 121 21 afledande
807 1242 138 28 möjliggöra

190 1285 29 13 en
239 1278 72 28 högre
332 1278 87 26 kultur;
442 1278 42 21 och
505 1278 111 28 fullföljer
636 1278 145 28 sänkningen
796 1278 8 21 i
821 1278 67 21 dessa
903 1278 41 21 fall

190 1320 88 14 samma
295 1313 77 29 syften
388 1321 49 14 som
453 1313 103 29 dikning.
588 1314 86 21 Vidare
690 1314 46 20 kan
757 1314 53 21 med
829 1314 114 28 sänkning

188 1348 24 21 af
235 1348 35 29 sjö
293 1349 86 29 åsyftas
401 1352 34 18 att
455 1350 86 21 medels
562 1349 81 29 partiel
661 1349 54 21 eller
736 1349 137 29 fullständig
889 1352 54 19 torr-

187 1384 114 29 läggning
317 1384 23 22 af
356 1384 112 30 sjöbotten
486 1385 70 20 vinna
572 1384 134 29 odlingsbar
721 1385 145 29 tillandning.

264 1426 211 19 Vattenrältsutskottets
488 1427 118 18 betänkande
618 1426 38 19 N:o
669 1427 15 19 1.
