1048 1631
179 114 13 20 2
386 112 72 24 Ständ.
475 112 47 24 Skr.
540 126 25 2 —
582 112 62 28 Prop.
660 112 35 22 N:o
709 112 21 21 7.

180 177 83 22 nämda
285 175 137 30 handlingar
443 176 57 22 skall
515 176 119 21 fortsättas
649 177 29 27 på
693 175 120 22 enahanda
827 177 47 20 sätt
889 182 48 15 som

180 211 119 22 härintills.
329 211 82 21 Tillika
434 211 43 22 och
501 211 28 21 dä
552 211 52 21 med
626 210 82 22 hittills
729 209 114 28 beviljade
859 210 78 27 anslag

179 245 69 22 bland
272 248 69 19 annat
363 246 81 21 inlösts
467 246 89 21 Preste-
580 245 42 22 och
644 244 191 22 Bondeståndens
854 251 82 21 genom

180 280 105 22 Svenska
300 280 263 29 Litteratursällskapets
578 280 8 21 i
601 279 97 22 Finland
714 279 90 28 försorg
819 279 35 21 till
870 278 67 28 tryck

180 314 137 22 befordrade
339 315 115 28 protokoll
472 315 51 21 från
541 317 53 18 1809
612 316 34 19 års
663 313 117 28 landtdag,
797 314 42 21 och
855 313 82 21 nämda

180 349 226 29 Litteratursällskap
429 349 84 22 anmält
537 349 35 28 sig
594 349 69 21 hafva
685 348 36 21 för
741 348 69 28 afsigt
826 350 34 19 att
875 347 61 22 kom-

180 385 99 28 plettera
302 385 28 20 de
351 384 22 22 af
389 385 125 20 detsamma
530 384 62 21 förut
607 383 90 29 utgifna
713 382 224 29 ståndsprotokollen

180 419 51 21 från
249 426 85 15 samma
349 419 155 21 ständermöte
520 418 52 21 med
589 419 28 20 de
632 418 61 22 inom
708 417 170 28 Ridderskapet
894 417 42 22 och

181 453 77 22 Adeln
280 453 66 22 förda
368 453 149 28 protokollen,
540 453 79 22 hvilka
636 453 98 28 tidigare
749 452 113 29 utgifvits,
879 452 58 22 dock

182 487 59 22 efter
263 495 30 14 en
315 495 75 14 annan
407 488 53 28 plan
476 491 29 18 än
521 488 45 21 den
581 488 23 21 af
618 487 251 28 Litteratursällskapet
883 487 7 21 i
907 487 29 21 af-

181 522 84 21 seende
288 524 13 19 å
320 522 152 29 landtdagens
493 522 73 28 öfriga
585 522 114 28 protokoll
715 521 77 28 följda,
809 529 52 14 men
876 524 38 19 äro
929 521 8 21 i

181 555 147 22 bokhandeln
353 558 124 27 utgångna,
502 556 70 22 hafva
597 556 128 21 Ständerna
745 555 91 29 jemlikt
859 555 78 22 derom

180 590 67 28 gjord
271 591 105 21 anhållan
398 591 95 21 beslutit
516 591 35 21 för
574 591 64 21 detta
661 590 104 21 ändamål
788 590 64 21 anslå
874 591 63 24 2,500

180 624 64 21 mark
266 627 49 19 mot
338 625 38 21 det
399 627 34 19 att
456 627 41 19 250
521 625 114 28 exemplar
653 625 22 21 af
690 624 116 29 upplagan
821 624 35 21 till
872 624 65 21 Stän-

180 658 71 21 derna
279 659 157 22 öfverlemnas.
468 659 128 22 Ständerna
624 659 68 21 hafva
721 658 63 29 förty
809 658 99 28 anslagit
929 658 8 21 i

180 693 59 21 rund
262 700 87 15 summa
372 693 78 22 inalles
473 693 82 26 40,000
574 693 64 22 mark
661 695 34 20 att
713 695 29 26 på
758 693 118 21 enahanda
891 694 46 19 sätt

180 733 49 15 som
251 727 114 22 härintills
386 728 73 21 under
481 727 223 28 Bankfullmäktiges
727 727 108 21 inseende
855 727 35 20 för
908 727 28 20 de

180 761 95 21 afsedda
295 761 134 22 ändamälen
447 762 115 21 användas
578 761 72 22 under
668 761 197 28 budgetperioden
882 763 52 18 1901

180 797 91 19 —1904.
290 795 96 22 Hvilket
400 795 212 29 Bankfullmäktige
627 796 35 21 till
677 795 130 22 kännedom
822 795 43 22 och
879 795 57 21 iakt-

179 829 100 28 tagande
295 829 132 29 härigenom
443 830 122 21 meddelas.

248 898 151 28 Helsingfors,
416 898 45 22 den
476 901 26 18 31
519 899 45 28 Maj
582 901 60 19 1900.

286 1430 101 16 Helsingfors.
397 1430 80 16 Tidnings-
488 1429 12 14 &
510 1430 191 16 Tryckeri-aktiebolagets
713 1428 70 16 tryckeri.
795 1428 38 13 1900.
