1048 1631
316 90 29 22 U.
362 90 25 22 B.
404 103 27 3 —
448 90 73 28 Prop.
538 89 45 23 N:o
600 90 12 22 1
784 92 29 20 99

89 156 85 22 dränkt
189 156 70 26 mark,
276 156 86 26 hvilka,
379 158 75 19 såsom
471 155 8 22 i
497 158 25 19 11
541 155 13 29 &
571 158 13 19 3
600 156 52 28 kap.
667 159 72 25 säges,
751 156 93 21 utdikat

89 193 72 21 sådan
177 192 70 26 mark,
263 192 52 21 icke
330 191 46 22 fått
391 192 62 21 inom
470 191 80 22 trettio
568 191 70 28 dagar
652 191 59 22 efter
721 191 123 22 anfordran

89 228 24 21 af
136 227 159 29 meddelegare
316 227 8 21 i
341 227 44 22 den
401 227 118 28 torrlagda
534 227 95 21 marken
645 227 102 28 uppbära
766 227 78 22 desses

90 263 68 22 andel
174 264 8 21 i
197 263 311 28 torrläggningskostnaden,
520 263 178 21 öfverexekutor
708 271 54 20 eger
769 263 76 22 lemna

89 299 176 28 handräckning
288 299 35 21 till
348 302 35 18 att
406 299 45 21 slik
475 299 173 28 meddelegares
672 299 67 21 andel
759 299 9 21 i
788 306 57 14 mar-

90 335 46 22 ken
151 335 45 21 blir
215 335 35 21 till
269 335 145 21 afdikarenes
433 334 124 29 nyttjande
571 334 115 29 upplåten.
711 334 134 21 Emellertid

90 371 42 21 har
147 371 114 21 utskottet
275 370 8 21 i
299 370 115 29 sistsagda
429 370 110 29 paragraf
550 369 49 22 dels
610 370 144 29 väsentligen
765 370 81 21 ändrat

92 407 46 21 den
154 407 109 28 ställning
279 414 49 14 som
340 407 29 20 de
379 406 52 21 icke
444 406 101 21 dikande
557 405 7 22 i
576 405 124 22 allmänhet
710 406 91 21 komme
813 408 34 19 att

92 443 8 20 i
116 442 113 29 företaget
252 443 85 28 intaga,
361 442 49 21 dels
435 441 70 22 äfven
524 442 9 21 i
552 449 88 14 samma
654 441 106 29 paragraf
775 441 72 22 infört

92 478 147 28 bestämning
256 485 37 14 om
309 478 45 21 den
370 477 41 26 tid,
428 477 63 22 inom
507 477 97 22 hvilken
621 477 111 28 delegare,
749 485 50 14 som
814 479 32 20 ta-

93 522 41 21 ger
150 514 37 21 del
203 514 8 21 i
227 513 127 29 dikningen
370 513 82 22 endast
467 521 85 20 genom
568 516 34 19 att
618 513 57 22 efter
690 513 109 22 slutfördt
815 521 32 14 ar-

93 550 54 21 bete
163 549 92 29 erlägga
266 549 36 22 sin
313 549 68 22 andel
391 549 8 22 i
410 549 163 26 kostnaderna,
582 549 71 22 borde
662 549 99 31 fullgöra
772 549 74 22 denna

94 585 38 22 sin
148 585 150 26 förbindelse;
319 586 43 21 och
381 585 42 21 har
443 585 115 22 utskottet
574 585 143 22 fördenskull
732 593 27 13 ur
775 587 12 20 3
803 585 15 29 &
834 587 13 20 6

95 622 51 28 kap.
168 621 106 22 uteslutit
293 621 39 22 det
351 621 49 21 deri
419 621 74 28 enligt
517 621 46 21 den
586 621 52 21 nåd.
655 628 62 21 prop.
735 621 112 28 ingående

96 657 144 28 stadgandet,
257 664 49 14 som
321 657 98 21 berörda
434 656 196 29 tidsbestämning
646 659 131 19 motsvarar.
793 657 55 21 Der-

94 693 72 28 jemte
181 693 42 20 har
237 693 137 28 paragrafen
389 692 150 29 förtydligats
551 693 92 25 derhän,
655 695 32 18 att
702 692 3 21 i
717 693 132 21 densamma

97 729 70 21 äfven
182 727 66 30 ingår
264 736 29 13 en
308 728 127 29 uttrycklig
451 728 143 29 hänvisning
609 728 35 21 till
662 730 26 19 14
704 728 14 29 $
735 730 13 19 4
764 729 51 28 kap.

168 763 97 22 Jemlikt
289 766 57 19 1868
371 766 35 19 års
429 763 137 29 förordning
590 771 38 14 om
651 764 199 29 vattenledningar

97 800 44 21 och
163 800 137 21 vattenverk
323 800 29 29 8&
375 802 28 19 21
426 800 43 21 och
489 801 28 20 22
534 799 139 22 tillkommer
688 803 116 25 guvernör
818 803 34 19 att

96 835 116 22 behandla
232 836 100 21 ärenden
347 843 38 14 om
401 835 135 29 sjöfällning
552 835 56 22 eller
622 843 32 21 ny
670 835 180 30 vattenledning,

97 871 73 22 likväl
186 871 53 21 med
254 871 118 29 undantag
388 871 36 22 för
440 871 100 29 fällning
556 871 24 22 af
596 871 87 22 mindre
699 871 42 28 sjö,
753 879 49 14 som
813 872 38 22 hel

98 907 44 22 och
165 907 77 21 hållen
264 907 78 21 tillhör
365 907 91 22 enskild
477 907 124 28 jordegare
624 907 42 21 och
686 907 51 22 från
757 907 95 22 hvilken

98 945 80 20 vatten
194 943 87 21 afledes
297 950 83 21 genom
396 943 59 21 bäck
471 943 57 20 eller
540 943 134 21 annorledes
686 945 25 19 så
721 945 33 19 att
765 951 87 14 annans

99 981 45 19 rätt
158 978 52 21 icke
225 978 133 22 förnärmas.
382 979 122 20 Likaledes
522 978 85 26 tillhör,
617 980 74 20 såsom
702 979 70 21 redan
783 979 70 21 ofvan

100 1014 100 29 antydts,
224 1014 73 29 enligt
319 1021 88 14 samma
430 1014 137 29 förordning
590 1014 29 29 SS
641 1016 86 19 28—31
749 1017 60 19 samt
824 1017 30 26 på

100 1051 76 28 grund
197 1050 23 21 af
238 1053 28 18 33
283 1051 20 28 8,
321 1051 71 21 sådan
409 1051 74 20 denna
499 1050 109 29 paragraf
623 1050 66 29 lyder
703 1050 8 21 i
727 1050 126 22 förordnin-

100 1094 46 21 gen
170 1086 44 21 den
232 1088 27 19 18
275 1086 110 21 Februari
403 1089 64 23 1889,
483 1089 119 25 guvernör
617 1088 33 19 att
665 1086 129 29 handlägga
810 1087 45 21 alla

101 1122 101 21 ärenden
216 1122 145 21 beträffande
377 1121 151 29 anläggning,
546 1121 148 29 ombyggnad
710 1122 42 21 och
768 1122 87 21 undan-

101 1157 112 29 rödjande
228 1158 24 21 af
267 1159 143 25 vattenverk,
428 1158 60 22 dock
504 1158 71 21 äfven
590 1158 9 21 i
614 1158 107 21 afseende
737 1158 54 21 härå
802 1158 53 21 med

101 1194 119 28 undantag
235 1194 24 21 af
274 1194 161 28 nyssantydda
450 1194 91 21 mindre
558 1194 141 28 vattendrag,
710 1193 145 22 beträffande

102 1229 80 22 hvilka
197 1229 149 22 föreskrifves
362 1230 8 21 i
386 1232 29 18 20
432 1230 42 21 och
491 1231 27 19 27
537 1229 29 29 $$
582 1229 8 21 i
608 1231 56 19 1868
675 1231 35 19 års
721 1229 136 28 förordning

103 1268 40 23 att,
159 1265 77 21 förrän
251 1265 98 29 fällning
365 1266 24 20 af
404 1265 163 28 vattendraget
580 1265 113 28 företages
705 1265 54 21 eller
769 1267 88 19 vatten-

102 1301 58 21 verk
174 1301 9 21 i
200 1301 126 21 detsamma
342 1301 116 29 anlägges,
475 1301 83 21 endast
573 1301 104 21 anmälan
687 1301 112 21 behöfver
809 1300 48 22 der-

104 1344 37 14 om
164 1340 67 25 göras
252 1337 41 21 hos
311 1336 216 29 distriktsingeniör,
546 1344 49 14 som
611 1336 71 22 likväl
697 1336 53 22 med
765 1336 93 28 hänsigt

104 1371 36 22 till
163 1372 41 21 der
226 1372 107 22 tillärnad
357 1372 293 28 vattenverksanläggning
668 1372 41 21 bör
728 1372 131 21 undersöka

180 1415 212 18 Vattenrättsutskottets
405 1415 118 17 betänkande
537 1415 39 17 N:o
588 1415 16 17 1.

884 773 13 19 4
913 771 21 29 &.
