1048 1631
191 128 27 20 14
433 126 29 22 U.
479 126 27 22 B.
524 139 24 3 —
566 126 74 28 Prop.
658 126 42 22 N:o
717 124 34 23 14.

190 195 70 28 tillagt
282 195 67 22 orden
373 195 51 22 »der
446 196 19 27 ej
484 195 175 21 hufvudmannen
676 194 36 21 vill
729 193 133 22 öfverlemna
877 191 74 29 frågan

191 229 32 21 till
239 229 184 22 sakförarerädets
439 229 139 28 afgörande».

261 263 131 29 Ytterligare
409 264 38 21 har
462 265 7 20 i
485 263 60 22 detta
560 263 153 28 sammanhang
724 262 62 27 fråga
796 261 75 22 väckts
880 261 72 20 derom

192 297 107 22 huruvida
321 298 55 27 icke,
399 299 6 20 i
431 297 103 22 händelse
571 298 53 21 tvist
648 297 22 22 af
693 295 192 30 nyssomförmäldt
906 295 46 27 slag

192 332 98 29 uppstätt
312 332 77 21 mellan
413 331 135 22 hufvudman
567 332 41 21 och
623 331 128 28 fullmäktig,
767 333 56 18 samt
838 329 41 22 den
895 329 56 21 förre

192 366 96 21 önskade
311 366 131 21 underkasta
458 366 66 21 saken
541 366 103 21 domstols
659 365 126 29 afgörande,
800 364 77 21 medan
892 363 61 21 dere-

192 403 45 18 mot
259 400 149 28 fullmäktigen
433 401 50 20 ville
507 400 65 28 draga
588 400 123 21 densamma
726 399 68 21 under
809 397 143 24 sakförarerä-

192 434 47 21 dets
263 435 107 28 pröfning,
393 435 149 28 fullmäktigen
563 434 67 21 borde
649 433 122 29 medgifvas
787 432 110 22 enahanda
912 433 41 19 rätt

193 469 32 20 till
241 468 125 28 afgörande,
386 476 45 14 som
450 469 114 21 Utskottet
579 470 7 19 i
602 467 132 30 nyssantydd
751 467 66 21 måtto
833 468 71 19 ansett
919 465 34 21 för

194 503 71 28 dylikt
283 503 37 20 fall
337 503 51 21 böra
404 503 119 21 tillkomma
538 503 139 21 hufvudman.
709 502 113 21 Utskottet
837 501 38 20 har
890 500 63 21 emel-

194 537 63 22 lertid
273 539 53 19 trott
341 537 32 28 sig
390 537 51 21 böra
458 537 89 21 besvara
562 537 70 21 denna
648 537 62 28 fråga
726 535 104 22 nekande.
861 534 44 21 Det
915 533 39 22 bör

194 571 107 28 nämligen
324 571 154 28 ihägkommas,
497 574 31 18 att
550 571 150 28 fullmäktigen
722 569 50 28 sjelf
787 571 23 19 är
825 568 90 21 medlem
932 568 22 20 af

194 605 40 21 den
259 605 105 28 förening,
396 605 13 21 å
431 605 64 22 hvars
519 605 147 21 sakförareräd
690 605 38 20 det
750 603 68 22 skulle
841 602 112 22 ankomma

194 642 31 18 att
240 639 121 28 handlägga
383 639 94 21 ärendet.
507 639 49 22 Och
578 647 34 13 om
638 638 150 27 fullmäktigen
814 635 137 22 tillerkändes

194 675 42 19 rätt
258 676 37 23 att,
311 674 64 21 äfven
397 677 57 18 emot
476 668 187 27 hufvudmannens
687 672 90 25 önskan,
799 671 66 28 draga
887 670 65 21 saken

194 707 69 22 under
287 707 180 26 sakförarerädet,
486 707 71 22 kunde
584 710 30 19 ett
640 707 52 21 slikt
717 705 124 22 förfarande
871 704 82 28 ingifva

196 741 178 22 hufvudmannen
397 742 41 21 den
458 742 65 21 tanke
539 744 31 19 att
585 741 48 27 han,
649 743 5 19 i
672 740 54 29 följd
743 739 22 22 af
781 739 41 21 den
838 739 115 27 samhörig-

195 775 132 27 hetskänsla,
356 783 45 14 som
426 776 126 21 förefunnes
578 776 76 21 mellan
683 773 183 23 sakförarerädets
896 773 58 21 med-

194 811 87 20 lemmar
296 811 41 21 och
352 811 155 28 fullmäktigen,
522 810 48 22 icke
585 810 55 21 hade
656 812 30 19 att
699 808 94 29 päräkna
802 810 31 19 ett
840 807 43 21 lika
892 814 61 21 opar-

195 845 54 21 tiskt
272 845 135 21 bedömande
430 845 23 21 af
475 846 46 20 sina
544 844 98 29 anspråk,
666 851 47 14 som
729 850 35 14 om
779 843 65 20 målet
859 841 94 22 behand-

196 879 59 21 lades
279 879 23 21 af
325 879 99 22 domstol.
453 879 44 21 För
522 879 138 21 undvikande
684 877 63 22 häraf
770 877 43 26 bör,
832 876 66 28 enligt
914 875 40 22 Ut-

194 913 92 22 skottets
309 914 71 27 tanke,
405 914 64 21 äfven
494 915 7 20 i
524 917 72 18 senast
611 913 96 28 antydda
723 912 38 21 fall
777 911 175 22 hufvudmannen

195 955 40 20 ega
250 947 205 22 bestämmanderätt
469 947 132 22 beträffande
616 947 70 21 forum
703 946 36 21 för
754 945 41 22 den
811 945 89 21 emellan
916 945 38 20 ho-

196 989 49 14 nom
261 982 41 21 och
317 982 151 28 fullmäktigen
484 982 123 28 uppkomna
621 982 88 21 tvisten.

264 1016 61 21 Enär
347 1017 68 27 enligt
435 1016 255 28 författningsförslagets
713 1016 13 20 3
747 1021 62 14 mom.
825 1015 12 20 6
853 1014 12 27 &
880 1013 73 21 sakfö-

195 1051 172 28 rareföreningar
389 1051 48 21 icke
460 1050 166 28 nödvändigtvis
654 1050 53 21 böra
730 1049 67 20 finnas
820 1049 7 20 i
846 1047 67 22 andra
928 1049 26 19 än

197 1086 58 21 vissa
275 1085 110 21 bestämda
408 1085 72 21 städer
502 1086 7 19 i
531 1085 78 26 landet,
627 1084 38 21 har
681 1083 115 22 Utskottet
811 1085 70 18 ansett
896 1081 58 22 stad-

195 1119 100 29 gandena
309 1121 7 20 i
333 1121 27 20 13
376 1121 13 26 $
405 1119 51 22 böra
472 1119 183 28 förfullständigas
672 1117 89 26 derhän,
771 1119 31 19 att
817 1117 23 21 af
847 1116 108 21 desamma

196 1154 96 29 tydligen
315 1154 126 28 framginge,
457 1154 36 21 det
508 1154 27 21 de
550 1154 7 20 i
573 1154 33 28 $:n
622 1152 117 22 omordade
754 1152 100 28 åtgärder
868 1151 34 21 för
917 1150 39 22 bil-

196 1188 71 22 dande
289 1188 24 22 af
335 1188 236 28 sakförareföreningar
593 1187 46 21 afse
657 1186 79 22 endast
751 1185 205 22 sakförareförenin-

196 1230 39 20 gar
258 1224 6 20 i
285 1223 28 21 de
336 1222 78 28 städer,
437 1222 38 22 der
494 1222 82 22 sådana
591 1222 65 28 enligt
672 1220 124 28 åberopade
811 1221 13 20 3
840 1227 61 14 mom.
917 1220 12 20 6
945 1220 12 27 $

198 1256 141 28 ovilkorligen
357 1257 51 21 böra
423 1257 73 21 finnas.

268 1474 133 23 Lagutskottets
414 1474 110 18 betänkande
536 1474 38 17 N:o
588 1474 16 17 6.
