1048 1631
320 90 27 22 U.
363 90 27 22 B.
406 103 29 4 —
451 90 75 29 Prop.
542 90 45 23 N:o
603 91 13 21 1
785 93 28 19 21

90 156 77 29 gande
186 156 24 21 af
225 156 111 29 åtgärder,
352 156 151 29 hvarigenom
519 156 66 29 dylik
601 156 38 22 led
655 156 78 22 kunde
748 156 47 22 lida
811 156 34 22 in-

89 193 73 28 trång.
194 192 12 21 I
222 192 71 29 öfrigt
307 192 41 21 har
363 192 34 21 uti
413 192 149 29 paragrafens
573 193 89 28 lydelse
673 200 28 14 en
713 192 131 29 förenkling

88 228 45 22 och
156 227 111 22 särskilda
288 228 71 21 andra
378 228 90 21 mindre
486 228 131 29 väsentliga
633 228 123 29 ändringar
772 228 24 21 af
811 236 34 14 re-

88 263 120 22 daktione]
223 266 68 19 natur
305 263 117 29 vidtagits.

120 295 2 2 *—
161 300 42 21 14
221 300 13 29 8
250 300 84 21 uttalas
351 299 153 29 grundsatsen
519 303 34 18 att
563 300 70 21 redan
643 300 125 21 bestående
779 302 65 19 rätts-

89 334 160 33 förhällanden
265 335 51 22 icke
331 335 92 22 beröras
439 335 24 22 af
479 336 72 21 ofvan
563 336 151 21 omförmälda
723 335 120 22 inskränk-

89 371 84 29 ningar
188 371 34 22 uti
238 371 224 29 dispositionsrätten
477 371 67 22 öfver
561 372 172 28 vattendragen.

162 408 52 21 Den
233 415 66 21 egare
316 407 23 22 af
355 407 52 22 dam
424 407 65 22 öfver
504 408 138 28 vattendrag
658 407 108 22 ähvälfda
781 407 62 29 skyl:

89 443 82 28 dighet
190 445 34 20 att
244 443 74 22 tilläta
333 443 129 22 inrättande
478 443 24 22 af
518 443 194 29 flottningsränna
728 444 43 21 och
787 443 56 22 fisk-

89 483 46 24 väg
153 479 42 21 har
215 479 124 26 Utskottet,
357 479 88 28 jomväl
465 479 36 22 för
518 479 148 22 undvikande
682 479 23 22 af
721 487 29 14 en
766 479 78 22 alltför

89 514 109 23 minutiös
211 515 42 22 och
264 515 8 21 i
282 515 122 29 praktiken
415 515 108 28 vansklig
534 515 223 29 värdebestämning,
767 517 82 20 ansett:

88 550 56 22 böra
164 551 89 21 inträda
272 551 70 21 redan
361 551 40 21 der
417 553 86 26 gagnet
519 551 24 22 af
559 551 66 28 dylik
640 551 125 28 inrättning
782 551 60 28 pröf-

89 586 71 22 vades
179 594 54 14 vara
250 589 71 19 större
337 590 28 18 än
382 587 139 28 damegaren
537 587 98 22 orsakad
651 587 71 21 skada
738 587 43 21 och
797 587 45 22 olä-

87 623 93 28 genhet,
208 623 83 21 medan
313 623 119 22 Utskottet
459 630 85 21 genom
566 623 140 28 tilläggande
730 623 24 21 af
777 623 66 22 ordet

90 658 70 27 nfull*
181 659 95 21 framför
297 658 152 29 ,ersättning*
469 659 65 21 velat
548 659 133 28 ytterligare
696 659 84 21 betona
797 659 45 21 den

88 693 155 23 sistnämndes
260 697 44 19 rätt
320 694 33 21 till
370 694 146 22 skadestånd.
548 695 111 21 Deremot
674 695 41 20 har
730 697 33 18 ett
777 694 64 22 inom

88 730 120 22 Utskottet
219 731 69 21 väckt
295 731 86 28 förslag
392 732 33 19 att
435 730 177 29 ifrägavarande
624 730 132 29 skyldighet
767 729 74 22 skulle

88 765 94 30 åläggas
204 767 119 28 damegare
345 766 128 22 oberoende
494 767 24 20 af
534 767 41 20 här
590 766 156 21 kolliderande
762 765 80 22 intres-

88 809 53 14 sens
161 802 95 22 relativa
272 803 69 21 värde
358 802 19 28 ej
395 802 84 22 vunnit
493 802 133 22 Utskottets
642 802 175 29 godkännande,
833 801 9 22 i

88 837 40 22 det
144 838 120 21 Utskottet
279 838 81 21 härvid
376 837 61 22 velat
454 838 155 29 upprätthålla
625 838 118 29 principen
759 840 34 19 att
803 845 38 14 en-

88 873 74 22 skilds
186 874 146 21 förvärfvade
357 876 51 23 rätt,
434 873 69 22 äfven
528 874 44 21 der
587 874 65 28 fråga
667 878 24 17 är
707 881 37 14 om
761 876 32 19 ett
809 873 32 22 in-

87 917 73 22 grepp
183 910 24 21 af
227 909 66 30 ringa
315 910 104 25 bärvidd,
435 909 72 22 borde
524 910 55 21 vika
594 910 60 21 blott
668 910 35 21 för
720 912 32 19 ett
768 910 73 21 öfver-

88 946 106 29 vägande
210 946 43 21 och
269 946 9 21 i
293 946 48 21 viss
357 946 93 28 mening
467 945 95 22 allmänt
577 946 102 21 intresse.

160 981 61 22 Enär
243 982 120 21 Utskottet
385 981 40 22 vid
448 981 173 29 behandlingen
640 981 23 22 af
681 983 28 20 20
725 981 14 29 8
755 981 8 21 i
779 981 63 22 detta

89 1017 86 29 kapitel
194 1017 77 22 funnit
290 1018 40 21 der
350 1017 113 28 ingående
485 1017 145 22 föreskrifter
646 1017 117 28 angående
780 1017 61 22 dam-

88 1053 80 22 luckas
188 1053 181 28 öppenhållande
385 1061 29 13 m.
431 1061 29 13 m.
478 1061 44 20 ega
538 1053 36 22 sin
590 1053 115 28 egentliga
721 1052 119 29 betydelse

88 1088 60 22 blott
171 1089 144 22 beträffande
339 1089 62 21 äldre
423 1089 145 26 vattenverk,
585 1089 41 22 vid
642 1089 90 21 hvilkas
749 1089 92 28 anlägg-

88 1124 56 29 ning
163 1124 172 30 bestämningar
353 1125 96 21 rörande
464 1124 226 30 vattenregleringen
705 1125 8 20 i
729 1124 112 22 strömfal-

88 1161 32 21 let
140 1160 52 22 icke
210 1161 134 26 meddelats,
366 1161 41 21 har
421 1160 129 27 Utskottet,
564 1161 72 29 jemte
652 1161 39 21 det
706 1161 74 21 första
796 1168 45 14 me-

88 1196 86 30 ningen
198 1197 24 21 af
245 1198 72 28 sagda
339 1197 106 29 paragraf
465 1200 88 19 ansetts
569 1198 79 20 kunna
663 1198 22 20 h.
702 1204 19 14 o.
738 1197 22 21 h.
777 1198 62 26 utgå,

87 1232 79 22 funnit
188 1233 106 29 lämpligt
315 1236 32 19 att
370 1233 46 21 låta
437 1233 89 29 jemväl
542 1233 72 29 sagda
629 1232 142 23 föreskrifter
786 1232 55 29 ingå

87 1268 35 22 uti
145 1268 150 22 förevarande
318 1269 113 29 paragraf,
455 1276 50 14 som
527 1268 27 29 ju
573 1268 71 22 redan
659 1268 126 22 innehåller
801 1275 40 15 un-

87 1304 270 29 dantagsbestämningar
373 1305 95 21 rörande
485 1305 81 29 dylika
581 1305 63 21 verk.

159 1340 55 22 Med
237 1341 108 21 afseende
361 1343 13 19 å
390 1340 45 22 den
456 1340 145 30 begränsade
628 1340 168 28 omfattningen
816 1340 24 21 af

87 1376 53 22 dess
163 1376 144 29 stadganden
329 1377 41 21 har
391 1376 75 22 denna
485 1376 109 30 paragraf
614 1379 85 19 ansetts
715 1375 126 29 lämpligen

162 1418 212 19 Vattenrättsutskottets
386 1418 118 18 betänkande
517 1418 38 19 N:o
567 1419 17 18 1.

859 268 13 19 4
890 265 63 29 (8)
939 261 16 46 S
