1048 1631
438 107 39 21 N:o
497 109 17 19 1.
800 107 26 20 57

100 178 75 20 1:500
198 178 115 25 upprättas
337 176 58 21 öfver
417 177 154 26 vattendraget
594 175 52 22 eller
668 175 41 22 den
733 175 34 21 del
790 175 66 26 deraf,

98 211 60 21 hvari
174 211 67 22 sådan
257 211 80 26 ökning
353 210 22 21 af
388 212 163 21 vattenmassan
567 211 85 20 komme
668 211 33 20 att
716 216 39 21 ega
770 215 54 15 rum.

165 246 25 27 9)
205 245 106 21 huruvida
326 245 129 21 vattenverk
470 245 51 21 eller
537 244 87 21 dermed
635 243 88 22 likstäld
736 243 121 27 inrättning

98 280 33 21 för
154 280 133 27 sänkningen
310 279 69 22 måste
401 279 162 26 undanskaffas,
582 278 74 27 flyttas
675 278 51 21 eller
741 278 116 27 ombyggas

99 314 51 21 eller
169 315 48 20 dess
237 313 52 22 drift
305 313 33 21 för
352 314 70 27 någon
439 313 32 21 tid
486 313 106 26 inställas,
610 319 34 15 om
660 312 38 21 och
713 313 7 20 i
735 312 56 22 hvad
806 313 50 20 mån

98 348 116 27 fällningen
230 347 83 22 medför
327 348 124 27 minskning
467 347 22 22 af
498 347 163 22 vattenkraften
672 347 6 20 i
689 347 106 21 strömfall
807 347 51 21 eller

99 383 61 27 eljest
178 383 88 26 intrång
281 382 33 21 för
329 382 134 26 vattenverk,
480 383 63 25 samt,
560 381 71 22 såvidt
647 381 88 27 möjligt,
751 381 56 21 huru
823 381 34 21 så-

99 417 53 21 dant
167 417 127 21 vattenverk
309 416 123 21 tillkommit
449 417 38 20 och
504 417 48 20 dess
568 418 76 24 natur;

167 451 24 27 h)
210 457 34 16 om
265 451 38 21 och
323 451 6 20 i
349 451 56 21 hvad
421 450 87 28 omfång
523 450 177 27 afloppskanalen
717 450 52 21 eller
784 455 72 16 annan

100 486 80 21 anstalt
195 486 40 21 bör
249 485 138 22 underhållas
403 485 55 22 efter
473 485 148 27 sänkningens
637 484 144 26 slutförande;

168 521 18 26 i)
208 520 127 27 fullständig
356 520 120 27 beräkning
500 519 22 22 af
543 519 122 22 kostnaden
687 519 34 22 för
743 519 113 26 företaget,

99 555 140 27 upptagande
261 555 59 21 såväl
339 554 121 21 kostnaden
476 554 34 21 för
526 554 146 27 sänkningens
688 553 115 22 utförande
818 552 39 21 och

99 589 33 22 för
148 589 26 22 de
188 590 7 20 i
211 595 62 15 mom.
285 589 20 27 /
317 589 39 21 och
369 596 14 20 g
399 589 115 21 omnämda
537 589 90 21 arbeten
650 590 57 19 samt
729 589 26 20 de
778 582 79 27 ersätt-

99 624 77 27 ningar
200 623 38 22 och
261 623 68 27 öfriga
351 623 96 27 utgifter,
467 629 46 16 som
528 623 54 22 böra
596 623 101 26 förutses,
714 629 46 15 som
776 622 39 21 ock
831 621 26 21 de

100 659 94 25 arbeten,
218 658 71 21 hvilka
311 657 34 22 för
367 658 108 21 vinnande
495 658 23 21 af
535 658 26 21 de
580 658 47 21 med
647 657 106 28 företaget
769 656 88 22 afsedda

99 693 122 21 fördelarne
236 693 123 21 derutöfver
375 693 119 26 erfordras;

162 729 25 26 J)
202 728 77 21 vidden
295 727 39 22 och
349 727 175 22 beskaffenheten
541 727 23 22 af
572 727 162 27 tillandningar,
745 733 46 14 som
801 732 56 20 upp-

99 763 91 25 komma,
214 762 38 21 och
275 762 22 21 af
319 762 26 21 de
368 768 57 21 egor,
449 768 46 15 som
514 764 64 25 göras
595 761 138 28 odlingsbara
748 760 51 22 eller
815 759 42 22 för-

99 797 85 21 bättras
203 803 76 20 genom
297 797 141 27 sänkningen,
461 797 79 21 värdet
558 796 22 21 af
601 796 92 21 sålunda
707 801 88 15 vunnen
807 794 50 27 jord

100 831 50 21 eller
162 831 188 28 jordförbättring,
369 833 57 20 samt
442 831 40 22 den
499 831 64 22 andel
580 831 22 21 af
616 831 127 25 kostnaden,
760 835 46 16 som
821 829 36 21 be-

99 866 61 26 löper
182 866 32 27 sig
236 866 29 27 på
287 865 73 28 hvarje
383 866 112 26 lägenhets
511 866 131 26 tillandning
657 865 50 22 eller
722 863 135 22 förbättrade

100 900 69 26 mark;
186 902 56 19 samt

168 935 24 26 k)
209 934 39 21 den
260 934 37 27 tid,
314 941 45 14 som
376 941 63 14 anses
455 935 51 26 åtgå
521 935 33 20 till
570 933 215 27 sänkningsarbetets
801 932 56 21 utfö-

101 969 73 21 rande.

168 1003 44 21 Der
234 1003 149 27 torrläggning
405 1003 24 21 af
449 1003 56 21 sank
528 1003 62 20 mark
610 1005 24 18 är
654 1002 73 21 afsedd
743 1002 48 21 med
807 1001 51 22 eller

100 1037 61 28 eljest
186 1037 108 28 möjlighet
320 1037 71 22 dertill
416 1038 143 27 uppkommer
584 1043 76 21 genom
683 1036 112 27 företaget,
820 1036 38 21 bör

101 1072 74 26 tillika,
199 1079 33 14 om
257 1073 36 20 det
311 1071 22 22 af
347 1073 132 26 sakegarene
495 1072 97 27 begäres,
608 1071 81 27 förslag
704 1071 32 21 till
752 1071 105 26 torrlägg-

100 1107 90 26 ningens
205 1106 114 22 utförande
334 1108 117 25 upprättas
466 1107 49 21 med
531 1107 142 26 iakttagande
689 1106 22 21 af
724 1105 55 22 hvad
795 1105 62 21 ofvan

101 1141 72 21 derom
189 1141 105 27 stadgats.

451 1172 25 19 13
493 1171 19 26 8.

168 1210 61 22 Afses
253 1210 154 27 upprensning,
430 1210 148 28 fördjupning,
601 1210 127 26 utvidgning
747 1208 51 22 eller
813 1210 45 19 rät-

100 1245 52 27 ning
171 1244 23 22 af
211 1244 32 27 elf,
264 1246 73 24 ström,
355 1245 12 20 å
383 1244 51 22 eller
450 1246 68 20 annat
534 1244 106 22 rinnande
656 1245 73 20 vatten
745 1242 34 22 för
794 1243 64 21 sänk-

100 1279 52 27 ning
170 1278 51 22 eller
238 1279 106 27 reglering
364 1278 22 22 af
399 1278 167 22 vattenståndet
580 1279 7 20 i
602 1278 159 27 vattendraget,
779 1277 80 27 åligger

100 1314 236 26 förrättningsmannen
353 1314 32 20 att

169 1349 24 26 a)
215 1349 105 26 upprätta
341 1348 134 27 beskrifning
499 1348 59 21 öfver
577 1348 154 26 vattendraget
745 1346 48 21 från
810 1346 48 21 dess

100 1382 69 21 källor
191 1382 33 21 till
247 1382 128 22 detsammas
399 1382 77 27 utlopp
492 1382 7 21 i
516 1384 71 20 större
602 1382 130 26 vattendrag
747 1380 51 22 eller
813 1380 46 22 haf-

101 1418 40 25 vet,
158 1417 139 27 upptagande
313 1417 5 21 i
334 1417 153 27 vattendraget
510 1416 111 27 befintliga
644 1415 110 27 strömfall,
773 1416 85 20 vatten-
