1048 1631
425 101 54 22 N:o
496 100 51 23 16.

312 267 75 25 Hans
409 267 179 32 Kejserliga
610 267 160 32 Majestäts
783 267 82 32 nådiga

243 313 139 33 proposition
410 313 34 25 -till
472 313 102 25 Finlands
602 313 94 25 Ständer
724 321 33 17 om
779 313 86 25 ändrad

242 359 83 31 lydelse
352 359 27 24 af
395 359 23 32 2,
439 360 22 31 3,
482 359 14 24 5
517 359 39 25 och
577 359 29 25 34
628 359 30 32 $$
677 360 6 23 i
702 359 162 32 förordningen

242 405 40 24 den
304 405 30 24 12
354 405 52 24 Juni
427 405 73 32 1895,
520 404 116 32 angående
656 405 88 32 delning
764 405 26 24 af
799 405 64 32 jord-

241 451 140 32 lägenheter.

176 519 95 22 Emedan
286 519 109 22 saknaden
411 519 24 21 af
449 519 64 27 laglig
530 521 66 25 utväg
611 521 33 19 att
664 519 86 27 afskilja
766 522 31 19 ett
812 519 51 22 flere

104 553 123 28 lägenheter
249 555 134 26 gemensamt
406 553 106 30 tillhörigt
537 553 106 22 strömfall
667 554 72 27 lägger
762 554 75 21 hinder
857 554 6 21 i

104 590 67 25 vägen
187 588 33 21 för
235 588 146 21 strömfallens
397 588 136 27 användning
551 589 5 20 i
568 588 117 21 industrins
701 589 71 26 tjenst,
788 589 39 21 har
838 595 26 14 en

104 622 67 22 sådan
194 623 122 26 utveckling
339 622 22 22 af
375 623 275 27 egostyckningsinstitutet
666 623 109 21 befunnits
791 623 72 26 nödig,

104 659 33 19 att
158 657 33 21 för
214 657 94 27 antydda
331 657 100 21 ändamål
446 657 81 22 tillåtes
544 663 25 15 en
591 657 154 27 lägenheterna
761 657 102 22 samfäldt

105 691 132 22 omfattande
253 692 39 21 och
309 692 22 21 af
341 693 62 20 deras
415 692 111 21 kamerala
537 694 63 19 natur
612 692 119 21 oberoende
742 692 120 27 styckning,

104 727 48 21 med
168 727 79 21 verkan
267 729 32 19 att
321 727 23 21 af
362 727 129 21 strömfallet
512 727 71 22 bildas
604 733 25 16 en
645 733 27 21 ny
687 727 135 27 sjelfständig
833 727 30 21 lä-

103 761 79 27 genhet
204 761 47 21 med
267 767 53 21 egen
334 761 221 27 jordeboksnummer.
580 762 9 21 I
605 761 153 27 sammanhang
773 761 90 21 härmed

104 795 64 22 hafva
195 796 187 27 bestämningarna
405 802 33 15 om
462 796 126 27 afsöndring
612 799 58 24 synts
692 796 53 21 böra
769 796 94 27 undergå

104 830 97 27 ändring,
225 831 44 20 dels
292 831 33 20 för
348 833 32 19 att
400 831 95 26 aflägsna
515 837 26 15 en
558 831 117 27 otydlighet
691 832 6 19 i
714 831 62 21 deras
792 831 71 21 affatt-

103 865 57 26 ning,
176 865 45 20 dels
236 865 33 20 för
285 867 33 19 att
334 866 5 20 i
351 865 167 27 fiskenäringens
535 865 90 22 intresse
642 865 114 28 förebygga
772 872 25 15 en
814 865 49 22 allt-

104 898 32 22 för
152 899 60 27 långt
227 899 82 27 gående
325 900 87 27 delning
427 900 23 21 af
464 900 162 27 vattendragen.

176 934 59 21 Hans
257 934 120 27 Kejserliga
399 935 103 26 Majestät
517 935 40 20 har
573 934 64 21 alltså
652 935 89 20 härmed
758 934 57 21 velat
830 934 33 21 till

104 968 132 21 Ständernas
259 969 122 26 antagande
406 968 132 21 öfverlemna
562 971 31 19 ett
608 969 7 20 i
632 968 150 27 ofvanangifna
808 969 54 26 syfte

103 1003 116 27 uppgjordt
227 1003 82 26 förslag
318 1003 33 22 till
360 1003 131 27 förordning,
502 1003 150 22 innefattande
663 1003 81 21 ändrad
753 1003 80 27 lydelse
842 1003 23 21 af

103 1039 20 25 2,
140 1038 44 26 3,5
201 1037 39 22 och
256 1039 25 20 31
299 1038 25 27 88
340 1038 6 21 i
355 1038 153 27 förordningen
526 1039 39 20 den
579 1039 25 21 12
615 1038 50 21 Juni
680 1039 60 25 1895,
751 1038 111 26 angående

104 1071 85 28 delning
204 1072 23 21 af
239 1072 179 27 jordlägenheter,
435 1073 129 26 sålydande:

309 1181 83 33 Förslag
419 1182 32 26 till
478 1180 124 35 förordning,
630 1180 137 28 innefattande
785 1181 77 27 ändrad

241 1227 75 33 lydelse
335 1226 22 28 af
375 1228 19 32 2,
414 1228 43 31 3,5
478 1228 36 26 och
534 1228 21 26 31
574 1227 30 33 $$
618 1228 6 26 i
637 1227 141 33 förordningen
791 1227 37 26 den
840 1227 21 26 12

240 1272 45 27 Juni
303 1272 58 33 1895,
380 1273 103 33 angående
503 1273 81 33 delning
602 1272 22 27 af
640 1273 171 34 jordlägenheter.

171 1341 131 27 Härigenom
318 1341 95 27 stadgas,
431 1343 33 19 att
481 1342 19 26 2,
512 1342 44 26 3,5
568 1342 40 21 och
620 1342 25 20 31
658 1341 24 28 $$
693 1342 6 20 i
711 1341 150 27 förordningen

102 1374 40 22 den
162 1376 24 20 12
200 1376 45 26 juni
263 1377 61 26 1895,
342 1376 109 27 angäende
472 1376 85 27 delning
577 1376 23 21 af
612 1376 178 26 jordlägenheter,
802 1376 61 21 skola

102 1409 82 22 erhälla
200 1410 93 27 följande
309 1411 90 26 lydelse:
