1048 1631
315 116 72 23 Ständ.
404 116 47 23 Skr.
467 130 28 2 —
511 116 61 28 Prop.
589 116 35 22 N:o
639 116 20 22 7.

383 422 117 22 Finlands
523 422 124 23 Ständers
671 421 139 23 skrifvelse
834 421 29 22 till

315 457 187 27 Bankfullmäktige
535 455 107 29 angående
673 456 136 28 tryckningen
842 456 25 21 af

315 491 103 28 protokoll
443 491 39 22 och
506 491 68 28 öfriga
598 491 121 28 handlingar
734 489 48 24 från
799 490 64 23 landt-

315 526 92 28 dagarne
421 525 48 23 före
485 524 24 23 år
524 526 62 22 1885.

193 849 44 36 Till
268 849 115 36 Finlands
409 849 119 37 Ständers
553 849 225 46 Bankfullmäktige.

174 975 11 20 I
203 975 118 21 skrifvelse
337 974 35 21 till
387 981 31 14 nu
434 974 137 21 församlade
588 974 97 21 Ständer
701 974 68 21 hafva
787 974 75 21 Bank-

106 1009 150 28 fullmäktige,
273 1011 22 19 åt
311 1009 78 21 hvilka
405 1009 131 21 Ständerna
551 1009 39 21 vid
606 1011 61 23 1891,
685 1010 54 19 1894
754 1008 43 21 och
810 1009 52 20 1897

106 1045 35 20 års
157 1043 136 28 landtdagar
308 1043 151 22 öfverlemnat
475 1045 40 24 att,
533 1043 58 22 efter
604 1043 129 21 inhemtadt
744 1042 119 21 utlåtande

106 1077 22 22 af
147 1078 139 21 Ständernas
305 1077 164 26 bibliotekarie,
486 1077 106 22 meddela
607 1080 102 18 närmare
725 1076 138 22 bestämnin-

106 1119 40 21 gar
162 1119 37 14 om
214 1114 58 19 samt
287 1111 124 22 öfvervaka
427 1111 148 28 utgifvandet
591 1111 23 22 af
629 1111 112 22 derintills
757 1111 106 28 otryckta

105 1146 114 29 protokoll
241 1146 42 22 och
307 1145 73 29 öfriga
402 1145 138 29 handlingar
563 1146 49 21 från
630 1145 165 29 landtdagarne
813 1145 49 21 före

105 1182 24 20 år
157 1182 60 24 1885,
243 1180 118 29 redogjort
386 1180 35 21 för
446 1180 156 28 fullgörandet
628 1180 22 22 af
672 1180 64 21 detta
758 1180 106 28 uppdrag

104 1217 59 19 samt
186 1214 72 22 tillika
277 1215 108 21 hemstält
401 1222 36 14 om
452 1214 132 28 beviljande
600 1215 23 21 af
637 1214 82 28 nödigt
735 1214 79 28 anslag
829 1214 35 20 till

106 1249 100 21 arbetets
229 1249 148 25 slutförande,
400 1249 8 21 i
430 1248 90 22 hvilket
539 1249 107 21 afseende
662 1251 76 23 35,297
755 1248 65 22 mark
835 1250 27 19 46

104 1283 69 29 penni
189 1284 102 28 pröfvats
308 1283 119 21 erfordras.

171 1318 35 20 Då
222 1318 73 21 denna
310 1318 65 28 fråga
389 1318 112 20 förehafts
512 1318 36 20 till
558 1318 125 28 pröfning
677 1314 15 36 i
694 1318 165 26 sammanhang

103 1352 52 21 med
177 1352 64 21 Hans
263 1352 130 28 Kejserliga
416 1351 120 29 Majestäts
560 1352 83 28 nådiga
663 1352 142 28 proposition
823 1359 37 13 an-

102 1386 88 28 gående
208 1386 123 21 anvisande
347 1386 23 21 af
385 1386 74 22 medel
475 1386 35 21 till
527 1386 146 22 bestridande
689 1386 22 21 af
726 1386 132 27 landtdags-

102 1420 129 26 kostnader,
254 1420 68 22 hafva
345 1420 128 22 Ständerna
496 1420 96 22 beslutit
615 1423 33 19 att
666 1420 154 28 tryckningen
836 1420 23 20 af
