<?xml version="1.0" encoding="UTF-8"?>
<alto xmlns="http://www.loc.gov/standards/alto/ns-v3#" xmlns:xlink="http://www.w3.org/1999/xlink" xmlns:xsi="http://www.w3.org/2001/XMLSchema-instance" xsi:schemaLocation="http://www.loc.gov/standards/alto/ns-v3# http://www.loc.gov/alto/v3/alto-3-0.xsd">
	<Description>
		<MeasurementUnit>pixel</MeasurementUnit>
		<sourceImageInformation>
			<fileName>/tmp/tess_imx4jo1r_input.PNG</fileName>
		</sourceImageInformation>
		<OCRProcessing ID="OCR_0">
			<ocrProcessingStep>
				<processingSoftware>
					<softwareName>tesseract 5.3.4</softwareName>
				</processingSoftware>
			</ocrProcessingStep>
		</OCRProcessing>
	</Description>
	<Layout>
		<Page WIDTH="1048" HEIGHT="1631" PHYSICAL_IMG_NR="0" ID="page_0">
			<PrintSpace HPOS="0" VPOS="0" WIDTH="1048" HEIGHT="1631">
				<ComposedBlock ID="cblock_0" HPOS="192" VPOS="92" WIDTH="566" HEIGHT="30">
					<TextBlock ID="block_0" HPOS="192" VPOS="92" WIDTH="566" HEIGHT="30">
						<TextLine ID="line_0" HPOS="192" VPOS="92" WIDTH="566" HEIGHT="30">
							<String ID="string_0" HPOS="192" VPOS="94" WIDTH="14" HEIGHT="20" WC="0.96" CONTENT="4"/><SP WIDTH="178" VPOS="94" HPOS="206"/>
							<String ID="string_1" HPOS="384" VPOS="92" WIDTH="84" HEIGHT="24" WC="0.92" CONTENT="Ständ."/><SP WIDTH="17" VPOS="92" HPOS="468"/>
							<String ID="string_2" HPOS="485" VPOS="92" WIDTH="38" HEIGHT="24" WC="0.93" CONTENT="Sv."/><SP WIDTH="17" VPOS="92" HPOS="523"/>
							<String ID="string_3" HPOS="540" VPOS="106" WIDTH="24" HEIGHT="3" WC="0.92" CONTENT="—"/><SP WIDTH="19" VPOS="106" HPOS="564"/>
							<String ID="string_4" HPOS="583" VPOS="93" WIDTH="76" HEIGHT="29" WC="0.96" CONTENT="Prop."/><SP WIDTH="15" VPOS="93" HPOS="659"/>
							<String ID="string_5" HPOS="674" VPOS="92" WIDTH="46" HEIGHT="24" WC="0.96" CONTENT="N:o"/><SP WIDTH="15" VPOS="92" HPOS="720"/>
							<String ID="string_6" HPOS="735" VPOS="93" WIDTH="23" HEIGHT="23" WC="0.96" CONTENT="3."/>
						</TextLine>
					</TextBlock>
				</ComposedBlock>
				<ComposedBlock ID="cblock_1" HPOS="192" VPOS="158" WIDTH="763" HEIGHT="1269">
					<TextBlock ID="block_1" HPOS="192" VPOS="158" WIDTH="761" HEIGHT="408">
						<TextLine ID="line_1" HPOS="193" VPOS="158" WIDTH="760" HEIGHT="30">
							<String ID="string_7" HPOS="193" VPOS="158" WIDTH="71" HEIGHT="23" WC="0.86" CONTENT="spkt-"/><SP WIDTH="9" VPOS="158" HPOS="264"/>
							<String ID="string_8" HPOS="273" VPOS="166" WIDTH="31" HEIGHT="15" WC="0.61" CONTENT="en:"/><SP WIDTH="11" VPOS="166" HPOS="304"/>
							<String ID="string_9" HPOS="315" VPOS="158" WIDTH="86" HEIGHT="30" WC="0.61" CONTENT="tjensi."/><SP WIDTH="12" VPOS="158" HPOS="401"/>
							<String ID="string_10" HPOS="413" VPOS="161" WIDTH="63" HEIGHT="21" WC="0.76" CONTENT="utan"/><SP WIDTH="13" VPOS="161" HPOS="476"/>
							<String ID="string_11" HPOS="489" VPOS="158" WIDTH="202" HEIGHT="30" WC="0.45" CONTENT="förpligvelse."/><SP WIDTH="-31" VPOS="158" HPOS="691"/>
							<String ID="string_12" HPOS="660" VPOS="154" WIDTH="36" HEIGHT="39" WC="0.92" CONTENT="att"/><SP WIDTH="13" VPOS="154" HPOS="696"/>
							<String ID="string_13" HPOS="709" VPOS="158" WIDTH="142" HEIGHT="26" WC="0.86" CONTENT="underkasta"/><SP WIDTH="18" VPOS="158" HPOS="851"/>
							<String ID="string_14" HPOS="869" VPOS="159" WIDTH="37" HEIGHT="29" WC="0.96" CONTENT="sig"/><SP WIDTH="19" VPOS="159" HPOS="906"/>
							<String ID="string_15" HPOS="925" VPOS="158" WIDTH="28" HEIGHT="23" WC="0.95" CONTENT="de"/>
						</TextLine>
						<TextLine ID="line_2" HPOS="192" VPOS="193" WIDTH="761" HEIGHT="28">
							<String ID="string_16" HPOS="192" VPOS="193" WIDTH="10" HEIGHT="21" WC="0.96" CONTENT="i"/><SP WIDTH="17" VPOS="193" HPOS="202"/>
							<String ID="string_17" HPOS="219" VPOS="193" WIDTH="173" HEIGHT="28" WC="0.85" CONTENT="författningen"/><SP WIDTH="26" VPOS="193" HPOS="392"/>
							<String ID="string_18" HPOS="418" VPOS="193" WIDTH="127" HEIGHT="22" WC="0.90" CONTENT="förutsatta"/><SP WIDTH="23" VPOS="193" HPOS="545"/>
							<String ID="string_19" HPOS="568" VPOS="193" WIDTH="187" HEIGHT="28" WC="0.89" CONTENT="eventualiteter,"/><SP WIDTH="19" VPOS="193" HPOS="755"/>
							<String ID="string_20" HPOS="774" VPOS="193" WIDTH="73" HEIGHT="22" WC="0.96" CONTENT="likväl"/><SP WIDTH="24" VPOS="193" HPOS="847"/>
							<String ID="string_21" HPOS="871" VPOS="193" WIDTH="82" HEIGHT="28" WC="0.96" CONTENT="skulle,"/>
						</TextLine>
						<TextLine ID="line_3" HPOS="194" VPOS="227" WIDTH="759" HEIGHT="30">
							<String ID="string_22" HPOS="194" VPOS="227" WIDTH="98" HEIGHT="22" WC="0.96" CONTENT="emedan"/><SP WIDTH="27" VPOS="227" HPOS="292"/>
							<String ID="string_23" HPOS="319" VPOS="227" WIDTH="60" HEIGHT="22" WC="0.95" CONTENT="hans"/><SP WIDTH="26" VPOS="227" HPOS="379"/>
							<String ID="string_24" HPOS="405" VPOS="228" WIDTH="142" HEIGHT="29" WC="0.95" CONTENT="utnämning"/><SP WIDTH="26" VPOS="228" HPOS="547"/>
							<String ID="string_25" HPOS="573" VPOS="228" WIDTH="52" HEIGHT="22" WC="0.96" CONTENT="icke"/><SP WIDTH="24" VPOS="228" HPOS="625"/>
							<String ID="string_26" HPOS="649" VPOS="227" WIDTH="85" HEIGHT="23" WC="0.93" CONTENT="hunnit"/><SP WIDTH="17" VPOS="227" HPOS="734"/>
							<String ID="string_27" HPOS="751" VPOS="235" WIDTH="43" HEIGHT="22" WC="0.91" CONTENT="ega"/><SP WIDTH="17" VPOS="235" HPOS="794"/>
							<String ID="string_28" HPOS="811" VPOS="235" WIDTH="52" HEIGHT="14" WC="0.96" CONTENT="rum"/><SP WIDTH="17" VPOS="235" HPOS="863"/>
							<String ID="string_29" HPOS="880" VPOS="228" WIDTH="73" HEIGHT="21" WC="0.96" CONTENT="innan"/>
						</TextLine>
						<TextLine ID="line_4" HPOS="193" VPOS="261" WIDTH="760" HEIGHT="30">
							<String ID="string_30" HPOS="193" VPOS="261" WIDTH="169" HEIGHT="29" WC="0.93" CONTENT="förordningen"/><SP WIDTH="21" VPOS="261" HPOS="362"/>
							<String ID="string_31" HPOS="383" VPOS="261" WIDTH="64" HEIGHT="22" WC="0.92" CONTENT="trädt"/><SP WIDTH="18" VPOS="261" HPOS="447"/>
							<String ID="string_32" HPOS="465" VPOS="262" WIDTH="9" HEIGHT="21" WC="0.96" CONTENT="i"/><SP WIDTH="17" VPOS="262" HPOS="474"/>
							<String ID="string_33" HPOS="491" VPOS="262" WIDTH="70" HEIGHT="28" WC="0.96" CONTENT="kraft,"/><SP WIDTH="19" VPOS="262" HPOS="561"/>
							<String ID="string_34" HPOS="580" VPOS="262" WIDTH="115" HEIGHT="23" WC="0.93" CONTENT="förklaras"/><SP WIDTH="19" VPOS="262" HPOS="695"/>
							<String ID="string_35" HPOS="714" VPOS="263" WIDTH="85" HEIGHT="28" WC="0.92" CONTENT="pligtig"/><SP WIDTH="18" VPOS="263" HPOS="799"/>
							<String ID="string_36" HPOS="817" VPOS="264" WIDTH="35" HEIGHT="20" WC="0.93" CONTENT="att"/><SP WIDTH="17" VPOS="264" HPOS="852"/>
							<String ID="string_37" HPOS="869" VPOS="261" WIDTH="84" HEIGHT="22" WC="0.92" CONTENT="under-"/>
						</TextLine>
						<TextLine ID="line_5" HPOS="194" VPOS="296" WIDTH="759" HEIGHT="29">
							<String ID="string_38" HPOS="194" VPOS="296" WIDTH="74" HEIGHT="22" WC="0.96" CONTENT="ordna"/><SP WIDTH="27" VPOS="296" HPOS="268"/>
							<String ID="string_39" HPOS="295" VPOS="296" WIDTH="36" HEIGHT="29" WC="0.94" CONTENT="sig"/><SP WIDTH="27" VPOS="296" HPOS="331"/>
							<String ID="string_40" HPOS="358" VPOS="296" WIDTH="123" HEIGHT="28" WC="0.94" CONTENT="desamma,"/><SP WIDTH="19" VPOS="296" HPOS="481"/>
							<String ID="string_41" HPOS="500" VPOS="297" WIDTH="71" HEIGHT="22" WC="0.93" CONTENT="hafva"/><SP WIDTH="27" VPOS="297" HPOS="571"/>
							<String ID="string_42" HPOS="598" VPOS="297" WIDTH="133" HEIGHT="22" WC="0.89" CONTENT="Ständerna"/><SP WIDTH="24" VPOS="297" HPOS="731"/>
							<String ID="string_43" HPOS="755" VPOS="299" WIDTH="76" HEIGHT="19" WC="0.96" CONTENT="ansett"/><SP WIDTH="24" VPOS="299" HPOS="831"/>
							<String ID="string_44" HPOS="855" VPOS="303" WIDTH="28" HEIGHT="14" WC="0.96" CONTENT="en"/><SP WIDTH="22" VPOS="303" HPOS="883"/>
							<String ID="string_45" HPOS="905" VPOS="297" WIDTH="48" HEIGHT="21" WC="0.96" CONTENT="viss"/>
						</TextLine>
						<TextLine ID="line_6" HPOS="194" VPOS="330" WIDTH="759" HEIGHT="30">
							<String ID="string_46" HPOS="194" VPOS="330" WIDTH="225" HEIGHT="29" WC="0.91" CONTENT="öfvergångsperiod"/><SP WIDTH="17" VPOS="330" HPOS="419"/>
							<String ID="string_47" HPOS="436" VPOS="331" WIDTH="37" HEIGHT="22" WC="0.96" CONTENT="för"/><SP WIDTH="18" VPOS="331" HPOS="473"/>
							<String ID="string_48" HPOS="491" VPOS="331" WIDTH="182" HEIGHT="29" WC="0.93" CONTENT="författningens"/><SP WIDTH="13" VPOS="331" HPOS="673"/>
							<String ID="string_49" HPOS="686" VPOS="331" WIDTH="114" HEIGHT="22" WC="0.91" CONTENT="trädande"/><SP WIDTH="18" VPOS="331" HPOS="800"/>
							<String ID="string_50" HPOS="818" VPOS="331" WIDTH="8" HEIGHT="21" WC="0.96" CONTENT="i"/><SP WIDTH="17" VPOS="331" HPOS="826"/>
							<String ID="string_51" HPOS="843" VPOS="330" WIDTH="110" HEIGHT="29" WC="0.96" CONTENT="gällande"/>
						</TextLine>
						<TextLine ID="line_7" HPOS="193" VPOS="365" WIDTH="760" HEIGHT="29">
							<String ID="string_52" HPOS="193" VPOS="365" WIDTH="64" HEIGHT="21" WC="0.96" CONTENT="kraft"/><SP WIDTH="27" VPOS="365" HPOS="257"/>
							<String ID="string_53" HPOS="284" VPOS="373" WIDTH="57" HEIGHT="14" WC="0.96" CONTENT="vara"/><SP WIDTH="27" VPOS="373" HPOS="341"/>
							<String ID="string_54" HPOS="368" VPOS="365" WIDTH="138" HEIGHT="29" WC="0.96" CONTENT="erforderlig"/><SP WIDTH="26" VPOS="365" HPOS="506"/>
							<String ID="string_55" HPOS="532" VPOS="365" WIDTH="44" HEIGHT="22" WC="0.96" CONTENT="och"/><SP WIDTH="26" VPOS="365" HPOS="576"/>
							<String ID="string_56" HPOS="602" VPOS="366" WIDTH="58" HEIGHT="21" WC="0.93" CONTENT="böra"/><SP WIDTH="17" VPOS="366" HPOS="660"/>
							<String ID="string_57" HPOS="677" VPOS="367" WIDTH="102" HEIGHT="20" WC="0.89" CONTENT="utmätas"/><SP WIDTH="18" VPOS="367" HPOS="779"/>
							<String ID="string_58" HPOS="797" VPOS="366" WIDTH="26" HEIGHT="21" WC="0.93" CONTENT="så"/><SP WIDTH="17" VPOS="366" HPOS="823"/>
							<String ID="string_59" HPOS="840" VPOS="365" WIDTH="113" HEIGHT="29" WC="0.91" CONTENT="rundligt,"/>
						</TextLine>
						<TextLine ID="line_8" HPOS="193" VPOS="399" WIDTH="760" HEIGHT="30">
							<String ID="string_60" HPOS="193" VPOS="399" WIDTH="142" HEIGHT="29" WC="0.95" CONTENT="exempelvis"/><SP WIDTH="26" VPOS="399" HPOS="335"/>
							<String ID="string_61" HPOS="361" VPOS="407" WIDTH="40" HEIGHT="14" WC="0.95" CONTENT="sex"/><SP WIDTH="26" VPOS="407" HPOS="401"/>
							<String ID="string_62" HPOS="427" VPOS="400" WIDTH="116" HEIGHT="27" WC="0.95" CONTENT="månader,"/><SP WIDTH="19" VPOS="400" HPOS="543"/>
							<String ID="string_63" HPOS="562" VPOS="402" WIDTH="36" HEIGHT="20" WC="0.96" CONTENT="att"/><SP WIDTH="28" VPOS="402" HPOS="598"/>
							<String ID="string_64" HPOS="626" VPOS="401" WIDTH="46" HEIGHT="21" WC="0.96" CONTENT="alla"/><SP WIDTH="22" VPOS="401" HPOS="672"/>
							<String ID="string_65" HPOS="694" VPOS="400" WIDTH="28" HEIGHT="21" WC="0.93" CONTENT="de"/><SP WIDTH="19" VPOS="400" HPOS="722"/>
							<String ID="string_66" HPOS="741" VPOS="399" WIDTH="212" HEIGHT="30" WC="0.91" CONTENT="tjensteansöknin-"/>
						</TextLine>
						<TextLine ID="line_9" HPOS="193" VPOS="433" WIDTH="760" HEIGHT="29">
							<String ID="string_67" HPOS="193" VPOS="441" WIDTH="48" HEIGHT="21" WC="0.96" CONTENT="gar,"/><SP WIDTH="19" VPOS="441" HPOS="241"/>
							<String ID="string_68" HPOS="260" VPOS="433" WIDTH="83" HEIGHT="23" WC="0.96" CONTENT="hvilka"/><SP WIDTH="18" VPOS="433" HPOS="343"/>
							<String ID="string_69" HPOS="361" VPOS="434" WIDTH="50" HEIGHT="21" WC="0.93" CONTENT="före"/><SP WIDTH="12" VPOS="434" HPOS="411"/>
							<String ID="string_70" HPOS="423" VPOS="434" WIDTH="145" HEIGHT="22" WC="0.91" CONTENT="densammas"/><SP WIDTH="12" VPOS="434" HPOS="568"/>
							<String ID="string_71" HPOS="580" VPOS="434" WIDTH="141" HEIGHT="22" WC="0.92" CONTENT="inträdande"/><SP WIDTH="13" VPOS="434" HPOS="721"/>
							<String ID="string_72" HPOS="734" VPOS="434" WIDTH="131" HEIGHT="27" WC="0.90" CONTENT="inlemnats,"/><SP WIDTH="10" VPOS="434" HPOS="865"/>
							<String ID="string_73" HPOS="875" VPOS="433" WIDTH="78" HEIGHT="22" WC="0.96" CONTENT="kunde"/>
						</TextLine>
						<TextLine ID="line_10" HPOS="192" VPOS="467" WIDTH="761" HEIGHT="30">
							<String ID="string_74" HPOS="192" VPOS="467" WIDTH="76" HEIGHT="22" WC="0.95" CONTENT="under"/><SP WIDTH="27" VPOS="467" HPOS="268"/>
							<String ID="string_75" HPOS="295" VPOS="468" WIDTH="73" HEIGHT="29" WC="0.96" CONTENT="sagda"/><SP WIDTH="26" VPOS="468" HPOS="368"/>
							<String ID="string_76" HPOS="394" VPOS="468" WIDTH="81" HEIGHT="29" WC="0.96" CONTENT="period"/><SP WIDTH="28" VPOS="468" HPOS="475"/>
							<String ID="string_77" HPOS="503" VPOS="468" WIDTH="72" HEIGHT="23" WC="0.93" CONTENT="hinna"/><SP WIDTH="21" VPOS="468" HPOS="575"/>
							<String ID="string_78" HPOS="596" VPOS="469" WIDTH="101" HEIGHT="28" WC="0.91" CONTENT="afgöras."/><SP WIDTH="35" VPOS="469" HPOS="697"/>
							<String ID="string_79" HPOS="732" VPOS="469" WIDTH="77" HEIGHT="22" WC="0.92" CONTENT="Jemte"/><SP WIDTH="19" VPOS="469" HPOS="809"/>
							<String ID="string_80" HPOS="828" VPOS="468" WIDTH="39" HEIGHT="22" WC="0.93" CONTENT="det"/><SP WIDTH="19" VPOS="468" HPOS="867"/>
							<String ID="string_81" HPOS="886" VPOS="468" WIDTH="67" HEIGHT="22" WC="0.91" CONTENT="Stän-"/>
						</TextLine>
						<TextLine ID="line_11" HPOS="193" VPOS="502" WIDTH="760" HEIGHT="30">
							<String ID="string_82" HPOS="193" VPOS="502" WIDTH="74" HEIGHT="22" WC="0.93" CONTENT="derna"/><SP WIDTH="29" VPOS="502" HPOS="267"/>
							<String ID="string_83" HPOS="296" VPOS="503" WIDTH="63" HEIGHT="28" WC="0.91" CONTENT="förty"/><SP WIDTH="29" VPOS="503" HPOS="359"/>
							<String ID="string_84" HPOS="388" VPOS="503" WIDTH="36" HEIGHT="22" WC="0.86" CONTENT="uti"/><SP WIDTH="29" VPOS="503" HPOS="424"/>
							<String ID="string_85" HPOS="453" VPOS="511" WIDTH="30" HEIGHT="14" WC="0.96" CONTENT="en"/><SP WIDTH="26" VPOS="511" HPOS="483"/>
							<String ID="string_86" HPOS="509" VPOS="503" WIDTH="100" HEIGHT="22" WC="0.96" CONTENT="särskild"/><SP WIDTH="26" VPOS="503" HPOS="609"/>
							<String ID="string_87" HPOS="635" VPOS="503" WIDTH="110" HEIGHT="29" WC="0.96" CONTENT="paragraf"/><SP WIDTH="26" VPOS="503" HPOS="745"/>
							<String ID="string_88" HPOS="771" VPOS="503" WIDTH="73" HEIGHT="22" WC="0.96" CONTENT="infört"/><SP WIDTH="27" VPOS="503" HPOS="844"/>
							<String ID="string_89" HPOS="871" VPOS="502" WIDTH="82" HEIGHT="23" WC="0.96" CONTENT="orden:"/>
						</TextLine>
						<TextLine ID="line_12" HPOS="194" VPOS="536" WIDTH="648" HEIGHT="30">
							<String ID="string_90" HPOS="194" VPOS="536" WIDTH="97" HEIGHT="29" WC="0.88" CONTENT="»Denna"/><SP WIDTH="18" VPOS="536" HPOS="291"/>
							<String ID="string_91" HPOS="309" VPOS="536" WIDTH="137" HEIGHT="30" WC="0.96" CONTENT="förordning"/><SP WIDTH="23" VPOS="536" HPOS="446"/>
							<String ID="string_92" HPOS="469" VPOS="537" WIDTH="79" HEIGHT="22" WC="0.96" CONTENT="träder"/><SP WIDTH="15" VPOS="537" HPOS="548"/>
							<String ID="string_93" HPOS="563" VPOS="538" WIDTH="9" HEIGHT="21" WC="0.96" CONTENT="i"/><SP WIDTH="14" VPOS="538" HPOS="572"/>
							<String ID="string_94" HPOS="586" VPOS="537" WIDTH="111" HEIGHT="29" WC="0.95" CONTENT="gällande"/><SP WIDTH="18" VPOS="537" HPOS="697"/>
							<String ID="string_95" HPOS="715" VPOS="537" WIDTH="64" HEIGHT="22" WC="0.96" CONTENT="kraft"/><SP WIDTH="18" VPOS="537" HPOS="779"/>
							<String ID="string_96" HPOS="797" VPOS="537" WIDTH="45" HEIGHT="22" WC="0.96" CONTENT="den"/>
						</TextLine>
					</TextBlock>
					<TextBlock ID="block_2" HPOS="192" VPOS="571" WIDTH="762" HEIGHT="98">
						<TextLine ID="line_13" HPOS="277" VPOS="571" WIDTH="677" HEIGHT="30">
							<String ID="string_97" HPOS="277" VPOS="571" WIDTH="18" HEIGHT="28" WC="0.69" CONTENT="€,"/><SP WIDTH="19" VPOS="571" HPOS="295"/>
							<String ID="string_98" HPOS="314" VPOS="571" WIDTH="71" HEIGHT="22" WC="0.96" CONTENT="hafva"/><SP WIDTH="18" VPOS="571" HPOS="385"/>
							<String ID="string_99" HPOS="403" VPOS="572" WIDTH="9" HEIGHT="21" WC="0.96" CONTENT="i"/><SP WIDTH="17" VPOS="572" HPOS="412"/>
							<String ID="string_100" HPOS="429" VPOS="572" WIDTH="11" HEIGHT="21" WC="0.88" CONTENT="1"/><SP WIDTH="21" VPOS="572" HPOS="440"/>
							<String ID="string_101" HPOS="461" VPOS="573" WIDTH="14" HEIGHT="26" WC="0.90" CONTENT="8"/><SP WIDTH="18" VPOS="573" HPOS="475"/>
							<String ID="string_102" HPOS="493" VPOS="572" WIDTH="71" HEIGHT="21" WC="0.93" CONTENT="orden"/><SP WIDTH="19" VPOS="572" HPOS="564"/>
							<String ID="string_103" HPOS="583" VPOS="573" WIDTH="73" HEIGHT="28" WC="0.89" CONTENT=",efter"/><SP WIDTH="14" VPOS="573" HPOS="656"/>
							<String ID="string_104" HPOS="670" VPOS="571" WIDTH="151" HEIGHT="22" WC="0.96" CONTENT="utfärdandet"/><SP WIDTH="19" VPOS="571" HPOS="821"/>
							<String ID="string_105" HPOS="840" VPOS="571" WIDTH="23" HEIGHT="22" WC="0.97" CONTENT="af"/><SP WIDTH="14" VPOS="571" HPOS="863"/>
							<String ID="string_106" HPOS="877" VPOS="571" WIDTH="77" HEIGHT="22" WC="0.96" CONTENT="denna"/>
						</TextLine>
						<TextLine ID="line_14" HPOS="192" VPOS="605" WIDTH="762" HEIGHT="30">
							<String ID="string_107" HPOS="192" VPOS="605" WIDTH="153" HEIGHT="29" WC="0.85" CONTENT="förordning”"/><SP WIDTH="28" VPOS="605" HPOS="345"/>
							<String ID="string_108" HPOS="373" VPOS="606" WIDTH="92" HEIGHT="29" WC="0.92" CONTENT="utbytts"/><SP WIDTH="28" VPOS="606" HPOS="465"/>
							<String ID="string_109" HPOS="493" VPOS="609" WIDTH="61" HEIGHT="19" WC="0.96" CONTENT="emot"/><SP WIDTH="22" VPOS="609" HPOS="554"/>
							<String ID="string_110" HPOS="576" VPOS="606" WIDTH="72" HEIGHT="22" WC="0.96" CONTENT="orden"/><SP WIDTH="20" VPOS="606" HPOS="648"/>
							<String ID="string_111" HPOS="668" VPOS="607" WIDTH="72" HEIGHT="28" WC="0.87" CONTENT=",efter"/><SP WIDTH="18" VPOS="607" HPOS="740"/>
							<String ID="string_112" HPOS="758" VPOS="606" WIDTH="39" HEIGHT="22" WC="0.96" CONTENT="det"/><SP WIDTH="18" VPOS="606" HPOS="797"/>
							<String ID="string_113" HPOS="815" VPOS="606" WIDTH="77" HEIGHT="21" WC="0.93" CONTENT="denna"/><SP WIDTH="18" VPOS="606" HPOS="892"/>
							<String ID="string_114" HPOS="910" VPOS="605" WIDTH="44" HEIGHT="22" WC="0.93" CONTENT="för-"/>
						</TextLine>
						<TextLine ID="line_15" HPOS="194" VPOS="640" WIDTH="437" HEIGHT="29">
							<String ID="string_115" HPOS="194" VPOS="640" WIDTH="101" HEIGHT="29" WC="0.92" CONTENT="ordning"/><SP WIDTH="17" VPOS="640" HPOS="295"/>
							<String ID="string_116" HPOS="312" VPOS="640" WIDTH="65" HEIGHT="22" WC="0.92" CONTENT="trädt"/><SP WIDTH="18" VPOS="640" HPOS="377"/>
							<String ID="string_117" HPOS="395" VPOS="641" WIDTH="8" HEIGHT="21" WC="0.96" CONTENT="i"/><SP WIDTH="17" VPOS="641" HPOS="403"/>
							<String ID="string_118" HPOS="420" VPOS="640" WIDTH="109" HEIGHT="29" WC="0.96" CONTENT="gällande"/><SP WIDTH="19" VPOS="640" HPOS="529"/>
							<String ID="string_119" HPOS="548" VPOS="640" WIDTH="83" HEIGHT="23" WC="0.94" CONTENT="kraft&quot;."/>
						</TextLine>
					</TextBlock>
					<TextBlock ID="block_3" HPOS="194" VPOS="673" WIDTH="761" HEIGHT="99">
						<TextLine ID="line_16" HPOS="263" VPOS="673" WIDTH="691" HEIGHT="31">
							<String ID="string_120" HPOS="263" VPOS="675" WIDTH="12" HEIGHT="21" WC="0.96" CONTENT="I"/><SP WIDTH="19" VPOS="675" HPOS="275"/>
							<String ID="string_121" HPOS="294" VPOS="675" WIDTH="137" HEIGHT="28" WC="0.95" CONTENT="anslutning"/><SP WIDTH="18" VPOS="675" HPOS="431"/>
							<String ID="string_122" HPOS="449" VPOS="675" WIDTH="37" HEIGHT="22" WC="0.96" CONTENT="till"/><SP WIDTH="17" VPOS="675" HPOS="486"/>
							<String ID="string_123" HPOS="503" VPOS="675" WIDTH="45" HEIGHT="22" WC="0.96" CONTENT="den"/><SP WIDTH="12" VPOS="675" HPOS="548"/>
							<String ID="string_124" HPOS="560" VPOS="675" WIDTH="8" HEIGHT="22" WC="0.93" CONTENT="i"/><SP WIDTH="12" VPOS="675" HPOS="568"/>
							<String ID="string_125" HPOS="580" VPOS="674" WIDTH="141" HEIGHT="30" WC="0.92" CONTENT="nyssanförd"/><SP WIDTH="12" VPOS="674" HPOS="721"/>
							<String ID="string_126" HPOS="733" VPOS="675" WIDTH="73" HEIGHT="21" WC="0.92" CONTENT="mätto"/><SP WIDTH="13" VPOS="675" HPOS="806"/>
							<String ID="string_127" HPOS="819" VPOS="673" WIDTH="135" HEIGHT="23" WC="0.92" CONTENT="verkstälda"/>
						</TextLine>
						<TextLine ID="line_17" HPOS="194" VPOS="709" WIDTH="761" HEIGHT="29">
							<String ID="string_128" HPOS="194" VPOS="709" WIDTH="101" HEIGHT="28" WC="0.96" CONTENT="ändring"/><SP WIDTH="18" VPOS="709" HPOS="295"/>
							<String ID="string_129" HPOS="313" VPOS="709" WIDTH="43" HEIGHT="22" WC="0.89" CONTENT="har"/><SP WIDTH="17" VPOS="709" HPOS="356"/>
							<String ID="string_130" HPOS="373" VPOS="709" WIDTH="164" HEIGHT="22" WC="0.93" CONTENT="motsvarande"/><SP WIDTH="19" VPOS="709" HPOS="537"/>
							<String ID="string_131" HPOS="556" VPOS="709" WIDTH="173" HEIGHT="29" WC="0.92" CONTENT="omredigering"/><SP WIDTH="17" VPOS="709" HPOS="729"/>
							<String ID="string_132" HPOS="746" VPOS="709" WIDTH="86" HEIGHT="29" WC="0.91" CONTENT="jemväl"/><SP WIDTH="15" VPOS="709" HPOS="832"/>
							<String ID="string_133" HPOS="847" VPOS="709" WIDTH="23" HEIGHT="21" WC="0.96" CONTENT="af"/><SP WIDTH="13" VPOS="709" HPOS="870"/>
							<String ID="string_134" HPOS="883" VPOS="709" WIDTH="13" HEIGHT="20" WC="0.96" CONTENT="2"/><SP WIDTH="15" VPOS="709" HPOS="896"/>
							<String ID="string_135" HPOS="911" VPOS="709" WIDTH="44" HEIGHT="21" WC="0.96" CONTENT="och"/>
						</TextLine>
						<TextLine ID="line_18" HPOS="194" VPOS="743" WIDTH="202" HEIGHT="29">
							<String ID="string_136" HPOS="194" VPOS="743" WIDTH="14" HEIGHT="22" WC="0.88" CONTENT="3"/><SP WIDTH="20" VPOS="743" HPOS="208"/>
							<String ID="string_137" HPOS="228" VPOS="744" WIDTH="28" HEIGHT="27" WC="0.88" CONTENT="88"/><SP WIDTH="19" VPOS="744" HPOS="256"/>
							<String ID="string_138" HPOS="275" VPOS="743" WIDTH="121" HEIGHT="29" WC="0.92" CONTENT="vidtagits."/>
						</TextLine>
					</TextBlock>
					<TextBlock ID="block_4" HPOS="193" VPOS="777" WIDTH="762" HEIGHT="332">
						<TextLine ID="line_19" HPOS="265" VPOS="777" WIDTH="690" HEIGHT="30">
							<String ID="string_139" HPOS="265" VPOS="778" WIDTH="63" HEIGHT="22" WC="0.96" CONTENT="Sista"/><SP WIDTH="27" VPOS="778" HPOS="328"/>
							<String ID="string_140" HPOS="355" VPOS="780" WIDTH="77" HEIGHT="20" WC="0.96" CONTENT="satsen"/><SP WIDTH="27" VPOS="780" HPOS="432"/>
							<String ID="string_141" HPOS="459" VPOS="778" WIDTH="3" HEIGHT="21" WC="0.9" CONTENT="i"/><SP WIDTH="19" VPOS="778" HPOS="462"/>
							<String ID="string_142" HPOS="481" VPOS="779" WIDTH="13" HEIGHT="20" WC="0.92" CONTENT="2"/><SP WIDTH="20" VPOS="779" HPOS="494"/>
							<String ID="string_143" HPOS="514" VPOS="779" WIDTH="14" HEIGHT="26" WC="0.91" CONTENT="$"/><SP WIDTH="20" VPOS="779" HPOS="528"/>
							<String ID="string_144" HPOS="548" VPOS="779" WIDTH="11" HEIGHT="21" WC="0.92" CONTENT="I"/><SP WIDTH="21" VPOS="779" HPOS="559"/>
							<String ID="string_145" HPOS="580" VPOS="785" WIDTH="67" HEIGHT="15" WC="0.93" CONTENT="mom."/><SP WIDTH="21" VPOS="785" HPOS="647"/>
							<String ID="string_146" HPOS="668" VPOS="791" WIDTH="27" HEIGHT="2" WC="0.92" CONTENT="—"/><SP WIDTH="21" VPOS="791" HPOS="695"/>
							<String ID="string_147" HPOS="716" VPOS="779" WIDTH="73" HEIGHT="28" WC="0.90" CONTENT=",samt"/><SP WIDTH="26" VPOS="779" HPOS="789"/>
							<String ID="string_148" HPOS="815" VPOS="777" WIDTH="53" HEIGHT="22" WC="0.93" CONTENT="med"/><SP WIDTH="26" VPOS="777" HPOS="868"/>
							<String ID="string_149" HPOS="894" VPOS="777" WIDTH="61" HEIGHT="22" WC="0.89" CONTENT="iakt-"/>
						</TextLine>
						<TextLine ID="line_20" HPOS="193" VPOS="811" WIDTH="762" HEIGHT="30">
							<String ID="string_150" HPOS="193" VPOS="812" WIDTH="104" HEIGHT="29" WC="0.96" CONTENT="tagande"/><SP WIDTH="28" VPOS="812" HPOS="297"/>
							<String ID="string_151" HPOS="325" VPOS="812" WIDTH="24" HEIGHT="22" WC="0.89" CONTENT="af"/><SP WIDTH="26" VPOS="812" HPOS="349"/>
							<String ID="string_152" HPOS="375" VPOS="813" WIDTH="178" HEIGHT="28" WC="0.95" CONTENT="bestämningen"/><SP WIDTH="17" VPOS="813" HPOS="553"/>
							<String ID="string_153" HPOS="570" VPOS="813" WIDTH="9" HEIGHT="21" WC="0.96" CONTENT="i"/><SP WIDTH="18" VPOS="813" HPOS="579"/>
							<String ID="string_154" HPOS="597" VPOS="813" WIDTH="16" HEIGHT="21" WC="0.93" CONTENT="4"/><SP WIDTH="19" VPOS="813" HPOS="613"/>
							<String ID="string_155" HPOS="632" VPOS="814" WIDTH="14" HEIGHT="25" WC="0.92" CONTENT="$"/><SP WIDTH="23" VPOS="814" HPOS="646"/>
							<String ID="string_156" HPOS="669" VPOS="812" WIDTH="72" HEIGHT="22" WC="0.93" CONTENT="andra"/><SP WIDTH="24" VPOS="812" HPOS="741"/>
							<String ID="string_157" HPOS="765" VPOS="813" WIDTH="126" HEIGHT="20" WC="0.95" CONTENT="momentet"/><SP WIDTH="21" VPOS="813" HPOS="891"/>
							<String ID="string_158" HPOS="912" VPOS="811" WIDTH="43" HEIGHT="22" WC="0.96" CONTENT="här"/>
						</TextLine>
						<TextLine ID="line_21" HPOS="193" VPOS="846" WIDTH="762" HEIGHT="23">
							<String ID="string_159" HPOS="193" VPOS="846" WIDTH="92" HEIGHT="22" WC="0.91" CONTENT="nedan&quot;"/><SP WIDTH="21" VPOS="846" HPOS="285"/>
							<String ID="string_160" HPOS="306" VPOS="859" WIDTH="33" HEIGHT="3" WC="0.91" CONTENT="—"/><SP WIDTH="18" VPOS="859" HPOS="339"/>
							<String ID="string_161" HPOS="357" VPOS="846" WIDTH="70" HEIGHT="23" WC="0.93" CONTENT="hafva"/><SP WIDTH="28" VPOS="846" HPOS="427"/>
							<String ID="string_162" HPOS="455" VPOS="847" WIDTH="132" HEIGHT="22" WC="0.92" CONTENT="Ständerna"/><SP WIDTH="27" VPOS="847" HPOS="587"/>
							<String ID="string_163" HPOS="614" VPOS="849" WIDTH="79" HEIGHT="20" WC="0.94" CONTENT="ansett"/><SP WIDTH="18" VPOS="849" HPOS="693"/>
							<String ID="string_164" HPOS="711" VPOS="847" WIDTH="80" HEIGHT="21" WC="0.93" CONTENT="kunna"/><SP WIDTH="18" VPOS="847" HPOS="791"/>
							<String ID="string_165" HPOS="809" VPOS="846" WIDTH="74" HEIGHT="21" WC="0.93" CONTENT="såsom"/><SP WIDTH="18" VPOS="846" HPOS="883"/>
							<String ID="string_166" HPOS="901" VPOS="846" WIDTH="54" HEIGHT="21" WC="0.92" CONTENT="obe-"/>
						</TextLine>
						<TextLine ID="line_22" HPOS="194" VPOS="880" WIDTH="761" HEIGHT="30">
							<String ID="string_167" HPOS="194" VPOS="881" WIDTH="75" HEIGHT="28" WC="0.92" CONTENT="höflig"/><SP WIDTH="28" VPOS="881" HPOS="269"/>
							<String ID="string_168" HPOS="297" VPOS="889" WIDTH="27" HEIGHT="14" WC="0.89" CONTENT="ur"/><SP WIDTH="26" VPOS="889" HPOS="324"/>
							<String ID="string_169" HPOS="350" VPOS="881" WIDTH="113" HEIGHT="29" WC="0.89" CONTENT="förslaget"/><SP WIDTH="22" VPOS="881" HPOS="463"/>
							<String ID="string_170" HPOS="485" VPOS="881" WIDTH="134" HEIGHT="28" WC="0.91" CONTENT="utelemnas,"/><SP WIDTH="24" VPOS="881" HPOS="619"/>
							<String ID="string_171" HPOS="643" VPOS="881" WIDTH="62" HEIGHT="22" WC="0.96" CONTENT="helst"/><SP WIDTH="18" VPOS="881" HPOS="705"/>
							<String ID="string_172" HPOS="723" VPOS="881" WIDTH="8" HEIGHT="22" WC="0.93" CONTENT="i"/><SP WIDTH="18" VPOS="881" HPOS="731"/>
							<String ID="string_173" HPOS="749" VPOS="883" WIDTH="97" HEIGHT="19" WC="0.92" CONTENT="motsatt"/><SP WIDTH="20" VPOS="883" HPOS="846"/>
							<String ID="string_174" HPOS="866" VPOS="880" WIDTH="42" HEIGHT="22" WC="0.96" CONTENT="fall"/><SP WIDTH="18" VPOS="880" HPOS="908"/>
							<String ID="string_175" HPOS="926" VPOS="887" WIDTH="29" HEIGHT="14" WC="0.96" CONTENT="en"/>
						</TextLine>
						<TextLine ID="line_23" HPOS="193" VPOS="915" WIDTH="762" HEIGHT="30">
							<String ID="string_176" HPOS="193" VPOS="915" WIDTH="145" HEIGHT="29" WC="0.96" CONTENT="hänvisning"/><SP WIDTH="22" VPOS="915" HPOS="338"/>
							<String ID="string_177" HPOS="360" VPOS="916" WIDTH="8" HEIGHT="21" WC="0.96" CONTENT="i"/><SP WIDTH="19" VPOS="916" HPOS="368"/>
							<String ID="string_178" HPOS="387" VPOS="923" WIDTH="87" HEIGHT="14" WC="0.96" CONTENT="samma"/><SP WIDTH="27" VPOS="923" HPOS="474"/>
							<String ID="string_179" HPOS="501" VPOS="916" WIDTH="60" HEIGHT="29" WC="0.96" CONTENT="syfte"/><SP WIDTH="23" VPOS="916" HPOS="561"/>
							<String ID="string_180" HPOS="584" VPOS="915" WIDTH="37" HEIGHT="22" WC="0.96" CONTENT="till"/><SP WIDTH="23" VPOS="915" HPOS="621"/>
							<String ID="string_181" HPOS="644" VPOS="916" WIDTH="16" HEIGHT="21" WC="0.92" CONTENT="4"/><SP WIDTH="26" VPOS="916" HPOS="660"/>
							<String ID="string_182" HPOS="686" VPOS="917" WIDTH="7" HEIGHT="25" WC="0.86" CONTENT="$"/><SP WIDTH="21" VPOS="917" HPOS="693"/>
							<String ID="string_183" HPOS="714" VPOS="916" WIDTH="11" HEIGHT="21" WC="0.96" CONTENT="1"/><SP WIDTH="20" VPOS="916" HPOS="725"/>
							<String ID="string_184" HPOS="745" VPOS="923" WIDTH="67" HEIGHT="14" WC="0.96" CONTENT="mom."/><SP WIDTH="19" VPOS="923" HPOS="812"/>
							<String ID="string_185" HPOS="831" VPOS="915" WIDTH="72" HEIGHT="22" WC="0.93" CONTENT="borde"/><SP WIDTH="18" VPOS="915" HPOS="903"/>
							<String ID="string_186" HPOS="921" VPOS="915" WIDTH="34" HEIGHT="22" WC="0.93" CONTENT="fo-"/>
						</TextLine>
						<TextLine ID="line_24" HPOS="193" VPOS="949" WIDTH="762" HEIGHT="29">
							<String ID="string_187" HPOS="193" VPOS="957" WIDTH="42" HEIGHT="21" WC="0.95" CONTENT="gas"/><SP WIDTH="28" VPOS="957" HPOS="235"/>
							<String ID="string_188" HPOS="263" VPOS="950" WIDTH="38" HEIGHT="21" WC="0.92" CONTENT="till"/><SP WIDTH="26" VPOS="950" HPOS="301"/>
							<String ID="string_189" HPOS="327" VPOS="950" WIDTH="66" HEIGHT="22" WC="0.96" CONTENT="såväl"/><SP WIDTH="27" VPOS="950" HPOS="393"/>
							<String ID="string_190" HPOS="420" VPOS="951" WIDTH="11" HEIGHT="20" WC="0.96" CONTENT="1"/><SP WIDTH="21" VPOS="951" HPOS="431"/>
							<String ID="string_191" HPOS="452" VPOS="957" WIDTH="49" HEIGHT="15" WC="0.96" CONTENT="som"/><SP WIDTH="19" VPOS="957" HPOS="501"/>
							<String ID="string_192" HPOS="520" VPOS="951" WIDTH="14" HEIGHT="20" WC="0.93" CONTENT="3"/><SP WIDTH="20" VPOS="951" HPOS="534"/>
							<String ID="string_193" HPOS="554" VPOS="951" WIDTH="19" HEIGHT="26" WC="0.79" CONTENT="$."/><SP WIDTH="36" VPOS="951" HPOS="573"/>
							<String ID="string_194" HPOS="609" VPOS="950" WIDTH="88" HEIGHT="22" WC="0.96" CONTENT="Likaså"/><SP WIDTH="18" VPOS="950" HPOS="697"/>
							<String ID="string_195" HPOS="715" VPOS="950" WIDTH="72" HEIGHT="21" WC="0.96" CONTENT="hafva"/><SP WIDTH="18" VPOS="950" HPOS="787"/>
							<String ID="string_196" HPOS="805" VPOS="949" WIDTH="27" HEIGHT="22" WC="0.97" CONTENT="de"/><SP WIDTH="19" VPOS="949" HPOS="832"/>
							<String ID="string_197" HPOS="851" VPOS="951" WIDTH="104" HEIGHT="20" WC="0.96" CONTENT="närmast"/>
						</TextLine>
						<TextLine ID="line_25" HPOS="193" VPOS="983" WIDTH="762" HEIGHT="30">
							<String ID="string_198" HPOS="193" VPOS="984" WIDTH="140" HEIGHT="29" WC="0.96" CONTENT="föregående"/><SP WIDTH="28" VPOS="984" HPOS="333"/>
							<String ID="string_199" HPOS="361" VPOS="985" WIDTH="72" HEIGHT="21" WC="0.93" CONTENT="orden"/><SP WIDTH="28" VPOS="985" HPOS="433"/>
							<String ID="string_200" HPOS="461" VPOS="985" WIDTH="109" HEIGHT="28" WC="0.65" CONTENT=",hvilken"/><SP WIDTH="26" VPOS="985" HPOS="570"/>
							<String ID="string_201" HPOS="596" VPOS="984" WIDTH="103" HEIGHT="22" WC="0.93" CONTENT="härefter"/><SP WIDTH="23" VPOS="984" HPOS="699"/>
							<String ID="string_202" HPOS="722" VPOS="983" WIDTH="136" HEIGHT="22" WC="0.91" CONTENT="utnämnes*"/><SP WIDTH="21" VPOS="983" HPOS="858"/>
							<String ID="string_203" HPOS="879" VPOS="984" WIDTH="76" HEIGHT="21" WC="0.96" CONTENT="såsom"/>
						</TextLine>
						<TextLine ID="line_26" HPOS="194" VPOS="1017" WIDTH="758" HEIGHT="30">
							<String ID="string_204" HPOS="194" VPOS="1019" WIDTH="154" HEIGHT="28" WC="0.90" CONTENT="öfverflödiga"/><SP WIDTH="29" VPOS="1019" HPOS="348"/>
							<String ID="string_205" HPOS="377" VPOS="1019" WIDTH="126" HEIGHT="28" WC="0.94" CONTENT="uteslutits,"/><SP WIDTH="28" VPOS="1019" HPOS="503"/>
							<String ID="string_206" HPOS="531" VPOS="1019" WIDTH="29" HEIGHT="22" WC="0.96" CONTENT="dä"/><SP WIDTH="29" VPOS="1019" HPOS="560"/>
							<String ID="string_207" HPOS="589" VPOS="1020" WIDTH="11" HEIGHT="20" WC="0.96" CONTENT="1"/><SP WIDTH="30" VPOS="1020" HPOS="600"/>
							<String ID="string_208" HPOS="630" VPOS="1020" WIDTH="14" HEIGHT="26" WC="0.72" CONTENT="&amp;"/><SP WIDTH="28" VPOS="1020" HPOS="644"/>
							<String ID="string_209" HPOS="672" VPOS="1019" WIDTH="74" HEIGHT="28" WC="0.96" CONTENT="gäller"/><SP WIDTH="26" VPOS="1019" HPOS="746"/>
							<String ID="string_210" HPOS="772" VPOS="1018" WIDTH="83" HEIGHT="22" WC="0.96" CONTENT="endast"/><SP WIDTH="26" VPOS="1018" HPOS="855"/>
							<String ID="string_211" HPOS="881" VPOS="1017" WIDTH="71" HEIGHT="22" WC="0.96" CONTENT="sådan"/>
						</TextLine>
						<TextLine ID="line_27" HPOS="193" VPOS="1053" WIDTH="760" HEIGHT="28">
							<String ID="string_212" HPOS="193" VPOS="1053" WIDTH="192" HEIGHT="28" WC="0.91" CONTENT="häradshöfding,"/><SP WIDTH="20" VPOS="1053" HPOS="385"/>
							<String ID="string_213" HPOS="405" VPOS="1061" WIDTH="48" HEIGHT="14" WC="0.93" CONTENT="som"/><SP WIDTH="18" VPOS="1061" HPOS="453"/>
							<String ID="string_214" HPOS="471" VPOS="1056" WIDTH="123" HEIGHT="19" WC="0.91" CONTENT="utnämnes"/><SP WIDTH="18" VPOS="1056" HPOS="594"/>
							<String ID="string_215" HPOS="612" VPOS="1054" WIDTH="61" HEIGHT="21" WC="0.93" CONTENT="efter"/><SP WIDTH="17" VPOS="1054" HPOS="673"/>
							<String ID="string_216" HPOS="690" VPOS="1053" WIDTH="179" HEIGHT="28" WC="0.90" CONTENT="förordningens"/><SP WIDTH="13" VPOS="1053" HPOS="869"/>
							<String ID="string_217" HPOS="882" VPOS="1053" WIDTH="71" HEIGHT="21" WC="0.92" CONTENT="utfär-"/>
						</TextLine>
						<TextLine ID="line_28" HPOS="194" VPOS="1087" WIDTH="83" HEIGHT="22">
							<String ID="string_218" HPOS="194" VPOS="1087" WIDTH="83" HEIGHT="22" WC="0.96" CONTENT="dande."/>
						</TextLine>
					</TextBlock>
					<TextBlock ID="block_5" HPOS="193" VPOS="1120" WIDTH="762" HEIGHT="307">
						<TextLine ID="line_29" HPOS="264" VPOS="1120" WIDTH="688" HEIGHT="31">
							<String ID="string_219" HPOS="264" VPOS="1123" WIDTH="64" HEIGHT="21" WC="0.91" CONTENT="Enär"/><SP WIDTH="27" VPOS="1123" HPOS="328"/>
							<String ID="string_220" HPOS="355" VPOS="1122" WIDTH="120" HEIGHT="29" WC="0.93" CONTENT="uttrycket"/><SP WIDTH="17" VPOS="1122" HPOS="475"/>
							<String ID="string_221" HPOS="492" VPOS="1123" WIDTH="9" HEIGHT="21" WC="0.96" CONTENT="i"/><SP WIDTH="18" VPOS="1123" HPOS="501"/>
							<String ID="string_222" HPOS="519" VPOS="1123" WIDTH="14" HEIGHT="20" WC="0.93" CONTENT="3"/><SP WIDTH="29" VPOS="1123" HPOS="533"/>
							<String ID="string_223" HPOS="562" VPOS="1123" WIDTH="12" HEIGHT="27" WC="0.56" CONTENT="$"/><SP WIDTH="30" VPOS="1123" HPOS="574"/>
							<String ID="string_224" HPOS="604" VPOS="1122" WIDTH="51" HEIGHT="29" WC="0.91" CONTENT=",till"/><SP WIDTH="26" VPOS="1122" HPOS="655"/>
							<String ID="string_225" HPOS="681" VPOS="1122" WIDTH="36" HEIGHT="21" WC="0.93" CONTENT="sin"/><SP WIDTH="28" VPOS="1122" HPOS="717"/>
							<String ID="string_226" HPOS="745" VPOS="1122" WIDTH="72" HEIGHT="28" WC="0.92" CONTENT="tjenst"/><SP WIDTH="26" VPOS="1122" HPOS="817"/>
							<String ID="string_227" HPOS="843" VPOS="1120" WIDTH="109" HEIGHT="23" WC="0.86" CONTENT="utnämd*"/>
						</TextLine>
						<TextLine ID="line_30" HPOS="193" VPOS="1156" WIDTH="762" HEIGHT="29">
							<String ID="string_228" HPOS="193" VPOS="1156" WIDTH="80" HEIGHT="22" WC="0.95" CONTENT="kunde"/><SP WIDTH="27" VPOS="1156" HPOS="273"/>
							<String ID="string_229" HPOS="300" VPOS="1158" WIDTH="77" HEIGHT="21" WC="0.96" CONTENT="lemna"/><SP WIDTH="27" VPOS="1158" HPOS="377"/>
							<String ID="string_230" HPOS="404" VPOS="1164" WIDTH="51" HEIGHT="14" WC="0.96" CONTENT="rum"/><SP WIDTH="27" VPOS="1164" HPOS="455"/>
							<String ID="string_231" HPOS="482" VPOS="1157" WIDTH="36" HEIGHT="22" WC="0.96" CONTENT="för"/><SP WIDTH="27" VPOS="1157" HPOS="518"/>
							<String ID="string_232" HPOS="545" VPOS="1157" WIDTH="72" HEIGHT="22" WC="0.96" CONTENT="sådan"/><SP WIDTH="20" VPOS="1157" HPOS="617"/>
							<String ID="string_233" HPOS="637" VPOS="1157" WIDTH="116" HEIGHT="28" WC="0.96" CONTENT="tolkning,"/><SP WIDTH="25" VPOS="1157" HPOS="753"/>
							<String ID="string_234" HPOS="778" VPOS="1158" WIDTH="36" HEIGHT="20" WC="0.96" CONTENT="att"/><SP WIDTH="20" VPOS="1158" HPOS="814"/>
							<String ID="string_235" HPOS="834" VPOS="1156" WIDTH="52" HEIGHT="28" WC="0.96" CONTENT="den,"/><SP WIDTH="19" VPOS="1156" HPOS="886"/>
							<String ID="string_236" HPOS="905" VPOS="1163" WIDTH="50" HEIGHT="15" WC="0.96" CONTENT="som"/>
						</TextLine>
						<TextLine ID="line_31" HPOS="193" VPOS="1190" WIDTH="762" HEIGHT="30">
							<String ID="string_237" HPOS="193" VPOS="1191" WIDTH="60" HEIGHT="21" WC="0.93" CONTENT="efter"/><SP WIDTH="26" VPOS="1191" HPOS="253"/>
							<String ID="string_238" HPOS="279" VPOS="1191" WIDTH="180" HEIGHT="29" WC="0.91" CONTENT="förordningens"/><SP WIDTH="23" VPOS="1191" HPOS="459"/>
							<String ID="string_239" HPOS="482" VPOS="1191" WIDTH="113" HEIGHT="22" WC="0.92" CONTENT="trädande"/><SP WIDTH="19" VPOS="1191" HPOS="595"/>
							<String ID="string_240" HPOS="614" VPOS="1192" WIDTH="8" HEIGHT="21" WC="0.97" CONTENT="i"/><SP WIDTH="18" VPOS="1192" HPOS="622"/>
							<String ID="string_241" HPOS="640" VPOS="1190" WIDTH="111" HEIGHT="29" WC="0.96" CONTENT="gällande"/><SP WIDTH="19" VPOS="1190" HPOS="751"/>
							<String ID="string_242" HPOS="770" VPOS="1190" WIDTH="63" HEIGHT="22" WC="0.93" CONTENT="kraft"/><SP WIDTH="18" VPOS="1190" HPOS="833"/>
							<String ID="string_243" HPOS="851" VPOS="1192" WIDTH="104" HEIGHT="20" WC="0.91" CONTENT="utnämts"/>
						</TextLine>
						<TextLine ID="line_32" HPOS="193" VPOS="1225" WIDTH="762" HEIGHT="28">
							<String ID="string_244" HPOS="193" VPOS="1226" WIDTH="53" HEIGHT="21" WC="0.86" CONTENT="från"/><SP WIDTH="27" VPOS="1226" HPOS="246"/>
							<String ID="string_245" HPOS="273" VPOS="1226" WIDTH="203" HEIGHT="22" WC="0.91" CONTENT="hofrättsassessor"/><SP WIDTH="26" VPOS="1226" HPOS="476"/>
							<String ID="string_246" HPOS="502" VPOS="1226" WIDTH="37" HEIGHT="21" WC="0.93" CONTENT="till"/><SP WIDTH="23" VPOS="1226" HPOS="539"/>
							<String ID="string_247" HPOS="562" VPOS="1225" WIDTH="152" HEIGHT="28" WC="0.92" CONTENT="hofrättsräd,"/><SP WIDTH="19" VPOS="1225" HPOS="714"/>
							<String ID="string_248" HPOS="733" VPOS="1232" WIDTH="55" HEIGHT="14" WC="0.96" CONTENT="vore"/><SP WIDTH="19" VPOS="1232" HPOS="788"/>
							<String ID="string_249" HPOS="807" VPOS="1225" WIDTH="95" HEIGHT="28" WC="0.96" CONTENT="skyldig"/><SP WIDTH="17" VPOS="1225" HPOS="902"/>
							<String ID="string_250" HPOS="919" VPOS="1226" WIDTH="36" HEIGHT="20" WC="0.97" CONTENT="att"/>
						</TextLine>
						<TextLine ID="line_33" HPOS="193" VPOS="1258" WIDTH="762" HEIGHT="31">
							<String ID="string_251" HPOS="193" VPOS="1262" WIDTH="106" HEIGHT="27" WC="0.96" CONTENT="mottaga"/><SP WIDTH="29" VPOS="1262" HPOS="299"/>
							<String ID="string_252" HPOS="328" VPOS="1268" WIDTH="78" HEIGHT="14" WC="0.92" CONTENT="annan"/><SP WIDTH="26" VPOS="1268" HPOS="406"/>
							<String ID="string_253" HPOS="432" VPOS="1260" WIDTH="134" HEIGHT="28" WC="0.96" CONTENT="befattning"/><SP WIDTH="27" VPOS="1260" HPOS="566"/>
							<String ID="string_254" HPOS="593" VPOS="1260" WIDTH="23" HEIGHT="22" WC="0.96" CONTENT="af"/><SP WIDTH="23" VPOS="1260" HPOS="616"/>
							<String ID="string_255" HPOS="639" VPOS="1260" WIDTH="8" HEIGHT="21" WC="0.91" CONTENT="i"/><SP WIDTH="27" VPOS="1260" HPOS="647"/>
							<String ID="string_256" HPOS="674" VPOS="1259" WIDTH="141" HEIGHT="29" WC="0.93" CONTENT="paragrafen"/><SP WIDTH="18" VPOS="1259" HPOS="815"/>
							<String ID="string_257" HPOS="833" VPOS="1258" WIDTH="122" HEIGHT="23" WC="0.92" CONTENT="omordadt"/>
						</TextLine>
						<TextLine ID="line_34" HPOS="194" VPOS="1293" WIDTH="761" HEIGHT="30">
							<String ID="string_258" HPOS="194" VPOS="1294" WIDTH="57" HEIGHT="29" WC="0.94" CONTENT="slag,"/><SP WIDTH="29" VPOS="1294" HPOS="251"/>
							<String ID="string_259" HPOS="280" VPOS="1302" WIDTH="53" HEIGHT="14" WC="0.92" CONTENT="men"/><SP WIDTH="26" VPOS="1302" HPOS="333"/>
							<String ID="string_260" HPOS="359" VPOS="1294" WIDTH="91" HEIGHT="29" WC="0.91" CONTENT="sädant,"/><SP WIDTH="27" VPOS="1294" HPOS="450"/>
							<String ID="string_261" HPOS="477" VPOS="1294" WIDTH="73" HEIGHT="22" WC="0.93" CONTENT="under"/><SP WIDTH="23" VPOS="1294" HPOS="550"/>
							<String ID="string_262" HPOS="573" VPOS="1294" WIDTH="171" HEIGHT="28" WC="0.92" CONTENT="förutsättning"/><SP WIDTH="18" VPOS="1294" HPOS="744"/>
							<String ID="string_263" HPOS="762" VPOS="1296" WIDTH="35" HEIGHT="20" WC="0.96" CONTENT="att"/><SP WIDTH="18" VPOS="1296" HPOS="797"/>
							<String ID="string_264" HPOS="815" VPOS="1301" WIDTH="113" HEIGHT="21" WC="0.96" CONTENT="personen"/><SP WIDTH="18" VPOS="1301" HPOS="928"/>
							<String ID="string_265" HPOS="946" VPOS="1293" WIDTH="9" HEIGHT="21" WC="0.96" CONTENT="i"/>
						</TextLine>
						<TextLine ID="line_35" HPOS="193" VPOS="1327" WIDTH="762" HEIGHT="31">
							<String ID="string_266" HPOS="193" VPOS="1329" WIDTH="69" HEIGHT="29" WC="0.96" CONTENT="fråga"/><SP WIDTH="17" VPOS="1329" HPOS="262"/>
							<String ID="string_267" HPOS="279" VPOS="1329" WIDTH="81" HEIGHT="22" WC="0.96" CONTENT="blifvit"/><SP WIDTH="18" VPOS="1329" HPOS="360"/>
							<String ID="string_268" HPOS="378" VPOS="1329" WIDTH="73" HEIGHT="22" WC="0.96" CONTENT="innan"/><SP WIDTH="18" VPOS="1329" HPOS="451"/>
							<String ID="string_269" HPOS="469" VPOS="1329" WIDTH="183" HEIGHT="29" WC="0.96" CONTENT="författningens"/><SP WIDTH="18" VPOS="1329" HPOS="652"/>
							<String ID="string_270" HPOS="670" VPOS="1328" WIDTH="141" HEIGHT="22" WC="0.96" CONTENT="utfärdande"/><SP WIDTH="19" VPOS="1328" HPOS="811"/>
							<String ID="string_271" HPOS="830" VPOS="1327" WIDTH="125" HEIGHT="23" WC="0.96" CONTENT="förordnad"/>
						</TextLine>
						<TextLine ID="line_36" HPOS="193" VPOS="1362" WIDTH="762" HEIGHT="30">
							<String ID="string_272" HPOS="193" VPOS="1363" WIDTH="38" HEIGHT="21" WC="0.96" CONTENT="till"/><SP WIDTH="18" VPOS="1363" HPOS="231"/>
							<String ID="string_273" HPOS="249" VPOS="1371" WIDTH="108" HEIGHT="20" WC="0.95" CONTENT="assessor,"/><SP WIDTH="19" VPOS="1371" HPOS="357"/>
							<String ID="string_274" HPOS="376" VPOS="1364" WIDTH="52" HEIGHT="21" WC="0.96" CONTENT="icke"/><SP WIDTH="19" VPOS="1364" HPOS="428"/>
							<String ID="string_275" HPOS="447" VPOS="1364" WIDTH="47" HEIGHT="22" WC="0.96" CONTENT="kan"/><SP WIDTH="17" VPOS="1364" HPOS="494"/>
							<String ID="string_276" HPOS="511" VPOS="1371" WIDTH="57" HEIGHT="14" WC="0.95" CONTENT="vara"/><SP WIDTH="18" VPOS="1371" HPOS="568"/>
							<String ID="string_277" HPOS="586" VPOS="1364" WIDTH="53" HEIGHT="22" WC="0.93" CONTENT="med"/><SP WIDTH="19" VPOS="1364" HPOS="639"/>
							<String ID="string_278" HPOS="658" VPOS="1362" WIDTH="141" HEIGHT="30" WC="0.90" CONTENT="stadgandet"/><SP WIDTH="18" VPOS="1362" HPOS="799"/>
							<String ID="string_279" HPOS="817" VPOS="1362" WIDTH="82" HEIGHT="28" WC="0.92" CONTENT="afsedt,"/><SP WIDTH="13" VPOS="1362" HPOS="899"/>
							<String ID="string_280" HPOS="912" VPOS="1362" WIDTH="43" HEIGHT="22" WC="0.96" CONTENT="har"/>
						</TextLine>
						<TextLine ID="line_37" HPOS="193" VPOS="1398" WIDTH="410" HEIGHT="29">
							<String ID="string_281" HPOS="193" VPOS="1398" WIDTH="88" HEIGHT="22" WC="0.63" CONTENT="nämda"/><SP WIDTH="18" VPOS="1398" HPOS="281"/>
							<String ID="string_282" HPOS="299" VPOS="1398" WIDTH="130" HEIGHT="28" WC="0.90" CONTENT="stadgande"/><SP WIDTH="17" VPOS="1398" HPOS="429"/>
							<String ID="string_283" HPOS="446" VPOS="1398" WIDTH="157" HEIGHT="29" WC="0.37" CONTENT="iöriydiipuvs."/>
						</TextLine>
					</TextBlock>
				</ComposedBlock>
			</PrintSpace>
		</Page>
	</Layout>
</alto>
