1048 1631
325 82 30 22 U.
370 82 28 22 B.
413 95 30 3 —
458 82 76 28 Prop.
550 81 46 23 N:o
612 82 13 22 1
799 84 28 20 59

102 149 46 21 dan
164 148 147 21 utfärdandet
326 148 23 21 af
367 150 56 19 1873
438 150 36 19 års
485 148 136 29 förordning
632 147 95 22 vunnits
739 148 118 29 angående

102 185 29 21 de
155 184 104 29 skadliga
282 184 114 28 följderna
419 184 24 21 af
465 184 111 29 flottning
592 184 50 21 utaf
658 184 111 21 obarkadt
784 184 71 21 virke.

102 220 77 28 Sagda
202 219 119 22 föreskrift
342 220 42 21 har
407 220 20 28 ej
453 219 73 22 heller
543 220 42 21 hos
601 219 119 22 Utskottet
735 220 70 21 väckt
819 219 38 22 be-

102 256 135 29 tänklighet,
261 255 156 29 synnerligast
435 263 50 14 som
501 255 102 22 derifrån
618 255 70 22 redan
703 255 9 21 i
728 255 83 28 sjelfva
827 255 30 22 la-

102 299 46 21 gen
172 291 112 22 särskilda
307 291 89 28 vigtiga
416 291 119 28 undantag
551 291 141 28 medgifvits,
709 291 80 21 hvilka
805 299 52 21 syn-

102 327 105 28 barligen
230 330 37 18 äro
288 327 119 28 grundade
423 329 30 26 på
469 327 40 21 det
526 327 149 24 förhållande,
692 329 33 19 att
741 327 36 21 för
792 327 65 21 virke

103 363 23 21 af
150 363 93 22 klenare
266 363 155 22 dimensioner
439 363 28 21 de
491 363 93 21 relativt
599 363 60 28 höga
674 363 123 21 kostnader
813 363 44 21 och

103 399 115 26 förluster,
241 407 47 13 som
310 407 55 13 vore
381 399 109 21 förenade
507 399 53 21 med
576 399 52 21 dess
645 399 143 28 afbarkning,
805 398 51 21 icke

103 435 78 21 kunna
204 435 73 26 bäras,
302 437 58 19 samt
383 437 34 19 att
435 435 94 26 barken,
554 435 40 20 der
614 434 139 29 flottningen
769 434 87 29 tager
845 430 15 37 i

103 471 99 28 anspråk
227 471 81 21 endast
328 478 28 13 en
379 471 90 21 kortare
488 470 41 26 tid,
546 470 8 21 i
570 470 123 21 allmänhet
709 470 51 22 icke
776 470 79 25 lossar,

103 507 43 20 och
168 506 109 29 derjemte
291 509 23 18 åt
324 506 214 22 administrationen
549 506 162 21 öfverlemnats
723 509 32 18 att
765 506 24 21 in
801 513 54 14 casu

102 542 133 28 ytterligare
260 542 85 28 bevilja
367 542 102 29 lindring
492 542 8 21 i
524 542 245 29 afbarkningsplikten.
802 543 54 20 Men

104 577 110 30 derjemte
238 578 41 21 har
302 578 119 25 utskottet,
445 581 55 18 enär
523 578 29 21 de
571 578 164 26 förhållanden,
753 585 49 14 som
818 578 38 21 be-

103 613 65 29 tinga
189 614 75 21 denna
280 613 133 29 skyldighet
428 613 8 22 i
453 613 28 22 de
497 613 117 29 egentliga
629 613 172 29 vattendragen,
819 616 37 19 vä-

103 649 115 29 sentligen
242 650 82 21 saknas
345 649 56 22 eller
423 649 79 22 afvika
521 649 8 22 i
546 649 102 29 saltsjön,
664 657 83 21 genom
764 652 33 18 ett
812 649 43 22 till-

103 685 169 28 läggsmoment
295 685 156 29 uttryckligen
473 685 63 28 gjort
557 685 168 28 afbarkningen
745 685 41 21 här
801 685 55 22 obli-

103 720 103 29 gatorisk
222 721 81 21 endast
318 721 29 21 då
363 721 71 21 sådan
449 721 8 21 i
474 721 98 21 särskild
583 721 204 28 flottningsstadga
798 721 57 21 före-

103 756 111 22 skrifvits.

162 793 36 21 De
207 793 41 21 i15
255 793 42 21 och
305 795 26 18 16
337 793 28 28 3$
372 792 113 29 ingående
491 792 144 22 föreskrifter
642 793 117 28 angående
766 792 91 22 enskild

103 828 111 29 flottning
226 831 59 19 samt
292 829 141 21 förfarandet
441 829 28 20 då
478 829 62 21 olika
548 836 68 21 egare
624 828 111 29 tillhörigt
744 828 111 29 flottgods

103 864 74 21 under
200 865 109 28 flottning
333 867 24 19 så
373 864 219 27 sammanblandats,
609 867 33 18 att
658 867 31 18 ett
705 864 151 28 särskiljande

104 900 24 21 af
144 900 126 22 detsamma
285 900 50 21 icke
351 901 46 20 kan
413 901 46 25 ske,
477 900 205 22 öfverensstämma
692 900 8 21 i
712 900 40 21 allt
767 902 90 19 väsent-

104 935 43 29 ligt
170 936 53 21 med
243 937 62 20 hvad
324 937 78 20 härom
423 936 36 21 för
476 936 143 21 närvarande
638 936 71 28 gäller
728 936 43 21 och
787 935 70 22 hafva

103 971 52 22 icke
173 971 69 29 gifvit
258 972 124 28 anledning
397 972 35 21 till
448 974 71 26 något
535 971 117 22 uttalande
664 971 50 22 från
725 971 130 22 Utskottets

104 1008 55 21 sida.

178 1046 25 19 17
221 1045 42 20 och
281 1046 26 19 18
323 1044 36 29 $$,
375 1043 91 22 hvilkas
477 1043 117 22 allmänna
603 1043 112 22 innebörd
726 1043 70 21 redan
807 1043 50 21 tidi-

103 1087 55 20 gare
174 1079 94 26 berörts,
280 1087 69 21 synas
361 1079 88 29 egnade
461 1081 34 19 att
505 1079 59 28 fylla
576 1087 25 13 en
611 1079 8 21 i
627 1079 114 28 praktiskt
749 1078 108 22 afseende

104 1115 132 28 betydande
258 1115 67 22 lucka
347 1115 34 21 uti
402 1115 177 28 lagstiftningen
601 1115 117 28 angående
740 1114 116 29 flottning,

103 1151 9 21 i
136 1151 40 21 det
198 1152 42 20 här
260 1151 91 22 anvisas
373 1151 75 21 medel
467 1154 34 18 att
517 1151 55 21 råda
587 1151 41 21 bot
644 1153 29 27 på
689 1151 38 21 det
743 1150 115 22 allmänna

104 1186 199 22 missförhållande
320 1190 33 18 att
369 1187 142 21 efterblifvet
525 1187 112 29 flottgods
652 1187 73 21 under
735 1187 78 28 längre
824 1186 34 22 tid

104 1223 35 21 får
154 1222 64 29 ligga
234 1231 55 20 qvar
305 1225 12 19 å
333 1223 109 21 stranden
453 1225 60 19 samt
527 1225 33 19 att
572 1223 93 28 sjunket
676 1223 43 21 och
729 1222 129 29 sjunkande

104 1258 65 22 virke
186 1259 142 28 qvarlemnas
344 1259 8 21 i
368 1261 95 23 vattnet,
476 1259 41 21 der
529 1259 126 21 detsamma
666 1258 49 22 icke
728 1258 59 22 blott
798 1258 61 21 med-

104 1294 36 22 för
155 1294 82 22 hinder
253 1295 42 21 och
311 1295 48 21 fara
370 1295 36 21 för
419 1294 151 22 samfärdseln
582 1296 59 20 samt
654 1294 116 22 försvårar
781 1294 76 25 fisket,

104 1333 56 19 utan
183 1330 75 27 äfven,
278 1330 154 30 synnerligast
447 1330 8 22 i
471 1331 97 21 smalare
585 1330 109 22 rinnande
712 1332 83 23 vatten,
813 1330 46 21 kan

104 1366 82 21 orsaka
201 1366 165 29 uppdämning.

181 1408 212 19 Vattenrättsutskottets
406 1408 117 19 betänkande
536 1408 38 19 N:o
587 1408 16 19 1.

871 795 26 19 15
906 794 51 19 0.16
965 792 36 29 $$.

870 1045 26 19 17
904 1042 97 29 0.188$.
