1048 1631
334 84 29 22 U.
379 84 26 22 B.
421 97 29 3 —
466 83 75 29 Prop.
558 83 46 22 N:o
620 83 13 21 1
803 85 25 19 71

104 152 94 25 kalladt,
222 155 54 18 enär
302 150 163 29 skyldigheten
489 151 34 20 att
546 151 54 26 taga
621 148 37 22 del
676 148 8 21 i
703 148 98 28 dikning
817 148 43 21 och

105 187 116 22 storleken
241 187 24 21 af
284 187 99 21 enhvars
399 185 68 22 andel
483 185 8 21 i
508 185 115 28 företaget
639 184 72 29 enligt
725 183 135 30 propositio-

105 231 57 14 nens
188 231 62 14 mera
276 221 137 23 utvecklade
440 221 175 28 bestämningar
638 220 8 21 i
662 220 125 21 allmänhet
801 219 52 22 icke

104 259 59 22 lärer
188 259 78 21 kunna
288 258 110 21 bedömas
422 257 24 22 af
471 265 77 13 annan
574 261 29 17 än
632 256 85 22 erkänd
744 256 113 21 fackman.

105 295 73 22 Häraf
193 295 42 21 bör
250 295 68 21 äfven
335 294 79 21 kunna
430 295 100 20 emotses
547 293 45 21 den
608 292 73 22 fördel
697 295 34 18 att
748 292 111 29 uppkom-

105 331 83 21 mande
204 329 291 29 meningsskiljaktigheter
510 329 82 21 lättare
608 328 111 29 biläggas,
736 329 29 20 då
780 328 79 21 veder-

104 366 102 22 börande
229 370 38 17 äro
291 365 8 21 i
322 365 91 21 tillfälle
437 367 33 19 att
489 364 135 29 öfverlägga
640 364 73 21 under
729 363 130 29 sakkunnig

104 409 95 22 persons
216 401 145 28 förmedling,
379 403 59 19 samt
453 403 39 25 att,
511 401 41 21 der
571 402 120 27 rättegång
711 399 71 22 likväl
803 407 56 21 upp-

105 440 53 24 står,
175 438 70 21 saken
261 438 46 21 kan
323 437 23 21 af
361 436 100 22 domstol
477 437 55 21 med
549 436 89 22 mindre
650 438 99 26 omgång
760 436 97 28 afgöras,

105 478 54 17 enär
183 474 70 21 redan
274 473 51 22 från
348 474 162 27 rättegångens
536 472 83 29 början
640 480 28 13 en
684 472 23 21 af
728 471 130 28 sakkunnig

106 509 173 22 åstadkommen
302 508 124 29 utredning
449 508 131 29 föreligger.
612 508 68 21 Emot
702 508 33 29 $&:s
761 508 97 21 bestäm-

105 545 57 29 ning
178 545 77 22 derom
272 547 38 24 att,
327 545 70 21 innan
411 546 34 19 ett
455 545 24 20 af
495 543 131 29 sakkunnig
637 544 137 28 tjensteman
785 544 74 28 utlyst

106 581 277 29 dikningssammanträde
402 581 63 28 finge
489 581 81 25 hållas,
588 581 138 28 sakegarene
742 580 71 21 borde
828 581 31 27 på

104 617 114 29 inbjudan
241 617 23 22 af
283 617 196 28 initiativtagaren
496 617 198 21 sammankomma
709 616 35 21 till
759 615 99 29 prelimi-

104 656 42 19 när
161 653 182 28 öfverläggning,
360 653 41 20 har
417 652 63 22 inom
495 652 121 22 Utskottet
633 652 121 26 anmärkts,
771 654 34 19 att
825 654 33 19 ett

105 689 76 29 dylikt
205 689 130 21 förfarande
357 696 54 14 vore
435 688 52 21 icke
506 689 100 20 allenast
622 688 100 29 onödigt,
739 692 54 17 enär
808 695 49 22 par-

104 727 64 19 terna
184 725 69 22 äfven
269 724 145 22 dessförutan
430 724 60 21 hade
506 724 46 21 full
568 724 70 21 frihet
654 727 32 18 att
708 724 55 28 ingå
784 724 73 21 öfver-

103 760 184 28 enskommelser,
312 762 56 19 utan
391 760 44 21 ock
454 759 90 22 mindre
562 760 195 28 ändamålsenligt,
774 759 34 29 ity
824 762 33 19 att

103 804 29 14 en
155 797 65 28 dylik
243 796 150 29 obligatorisk
415 795 186 30 öfverläggning,
626 795 49 22 ifall
691 796 93 28 enighet
802 795 54 22 mel-

102 833 38 21 lan
159 833 138 28 sakegarene
319 832 40 21 der
374 831 51 22 icke
444 832 78 21 kunde
539 832 124 24 förväntas,
679 839 55 14 vore
749 832 106 21 fullkom-

102 868 43 29 ligt
160 868 97 29 förspild
273 868 68 21 möda
357 869 42 20 och
417 868 81 21 endast
509 868 113 21 orsakade
633 868 114 28 dröjsmål.
773 868 83 21 Denna

102 904 151 29 anmärkning
276 905 41 20 har
342 904 23 21 af
385 904 124 21 utskottets
527 904 76 21 flertal
620 906 85 19 ansetts
721 904 72 21 sakna
808 903 47 29 fog,

102 940 97 21 emedan
214 939 174 29 ifrågavarande
404 940 129 28 stadgande
552 947 55 14 vore
624 940 83 28 egnadt
723 940 67 21 länka
806 939 49 22 sak-

102 983 108 21 egarenes
230 976 203 28 uppmärksamhet
451 978 30 26 på
496 975 133 22 fördelarna
645 976 23 21 af
687 976 168 21 öfverenskom-

101 1011 71 22 melse
197 1011 52 22 dem
273 1012 97 21 emellan
393 1012 43 21 och
458 1011 88 29 jemväl
566 1012 129 21 underlätta
711 1012 144 21 densammas

101 1047 113 29 ingående
230 1055 83 21 genom
329 1050 33 19 att
378 1047 85 22 bereda
479 1048 54 21 dem
556 1047 90 22 tillfälle
669 1047 35 22 till
728 1047 127 28 öfverlägg-

100 1083 57 28 ning
173 1083 43 22 och
229 1083 153 29 jemkningar.

172 1118 81 22 Såsom
269 1119 70 22 redan
355 1119 98 29 tidigare
470 1119 141 22 framhållits
628 1123 24 18 är
667 1119 35 22 för
715 1120 142 21 närvarande

101 1155 51 25 den,
180 1162 48 14 som
250 1157 113 27 upptager
387 1155 53 21 dike
464 1162 85 22 genom
576 1163 87 14 annans
680 1156 69 26 mark,
766 1156 8 21 i
790 1156 65 28 fråga

101 1198 37 14 om
155 1190 45 21 den
215 1190 144 29 lämpligaste
376 1190 166 29 sträckningen
558 1191 36 21 för
610 1191 63 21 diket
683 1192 52 21 med
747 1192 108 21 afseende

101 1228 13 20 å
128 1227 52 21 dess
191 1226 103 29 förmåga
305 1228 34 20 att
353 1226 77 22 afleda
446 1229 88 24 vatten,
550 1227 52 21 icke
618 1227 129 22 förbunden
758 1230 33 18 att
801 1230 54 26 taga

100 1262 90 28 hänsyn
206 1270 40 14 ens
262 1262 35 21 till
314 1262 45 22 den
373 1262 135 29 jordegares
525 1262 78 27 behof,
620 1265 14 19 å
648 1264 67 20 hvars
732 1264 64 21 mark
807 1263 47 22 dik-

102 1298 86 28 ningen
214 1298 94 26 utföres,
335 1302 28 18 än
389 1298 90 22 mindre
505 1298 37 22 till
568 1301 77 27 någon
661 1307 92 14 annans.
784 1300 71 21 Detta

100 1333 150 27 förhållande,
266 1334 90 21 hvilket
371 1334 51 22 icke
439 1338 24 18 är
479 1334 88 28 egnadt
582 1337 34 19 att
626 1334 106 23 befordra
742 1335 112 29 planmäs-

100 1368 77 29 sighet
192 1369 40 21 vid
248 1369 103 29 dikning,
368 1370 42 21 har
426 1370 45 22 den
487 1371 55 21 nåd.
558 1378 65 22 prop.
640 1370 93 22 beaktat
747 1371 7 21 i
765 1373 26 27 ty
802 1370 51 22 att
843 1364 13 40 i

175 1411 211 23 Vattenrättsutskotlets
399 1412 118 18 betänkande
530 1412 38 19 N:o
580 1413 16 18 1.

904 1122 12 19 6
933 1120 21 29 &.
