1048 1631
309 127 74 23 Ständ.
399 127 35 23 Sv.
451 140 26 3 —
495 127 62 28 Prop.
574 127 36 22 N:o
624 127 15 22 1.
827 128 26 19 61

164 191 204 29 Syneförrättning
383 191 59 21 skall
457 197 54 15 vara
528 193 76 19 senast
616 190 87 29 fjorton
713 190 71 28 dagar
794 189 63 22 förut

96 225 75 29 utlyst
194 225 51 22 med
267 225 143 29 uppfordran
431 225 35 21 till
489 225 44 21 alla
556 225 57 26 dem,
632 232 47 15 som
694 232 55 14 anse
763 223 93 22 ärendet

95 259 81 22 beröra
192 260 35 21 sin
241 262 52 23 rätt,
310 262 33 19 att
357 259 40 22 vid
420 266 74 22 synen
509 259 89 22 bevaka
617 259 136 26 densamma,
768 258 39 22 vid
823 257 32 23 äf-

94 296 84 27 ventyr
194 296 33 19 att
243 294 66 21 deras
323 296 95 19 utevaro
434 293 50 22 icke
500 293 93 22 hindrar
609 293 173 28 förrättningen.

165 328 42 22 Om
229 327 143 23 förfarandet
395 328 39 21 vid
458 335 74 21 synen
555 327 42 22 och
621 327 60 22 hvad
704 327 79 22 dervid
798 327 57 21 skall

95 363 113 28 iakttagas
224 365 25 19 är
264 362 70 22 skildt
349 363 113 28 stadgadt.

598 391 6 7 a

451 443 48 28 78

165 483 173 28 Föreläggande
354 483 44 22 och
413 483 127 28 utlysning,
557 490 49 15 som
621 483 8 21 i
644 485 12 19 5
672 482 44 22 och
727 484 12 19 6
749 482 29 29 $$
787 484 68 26 sagts,

95 517 60 22 skall
170 517 115 28 kungöras
301 517 8 22 i
324 517 43 22 den
391 517 55 22 eller
468 517 28 22 de
515 517 141 26 kommuner,
672 517 78 22 hvilka
765 516 91 22 beröras

96 551 26 22 af
134 552 163 28 vattendraget
313 551 54 22 eller
383 551 44 22 den
443 551 36 22 del
490 551 71 26 deraf,
572 551 92 22 hvartill
673 551 124 28 företagets
807 557 49 15 ver-

96 587 46 21 kan
158 586 55 22 eller
229 586 150 29 flottningens
396 586 116 21 ordnande
528 586 134 22 inskränker
672 586 41 28 sig,
725 589 24 19 så
759 587 49 25 ock,
819 586 38 22 oni

95 620 115 29 företaget
233 621 74 21 finnes
331 623 51 19 röra
404 622 89 27 någons
516 623 46 18 rätt
577 621 7 20 i
600 627 75 15 annan
694 621 114 25 kommun,
825 620 31 21 äf-

96 662 46 15 ven
157 655 122 24 derstädes,
295 657 58 26 samt
374 655 69 21 skildt
461 654 114 29 delgifvas
590 662 68 21 egare
673 655 26 21 af
712 655 58 26 dam,
785 655 70 25 mark,

96 689 120 26 strömfall,
232 689 138 22 vattenverk
385 689 55 22 eller
456 689 116 28 rättighet,
587 689 95 22 hvarom
697 689 7 22 i
721 692 10 19 1
748 689 51 29 kap.
815 691 41 24 5,8

96 723 44 22 och
157 725 25 20 12
199 723 36 29 8$,
252 725 12 19 2
280 723 51 29 kap.
348 726 13 19 3
377 723 14 29 S
407 725 12 20 2
435 731 75 18 mom.,
526 725 14 20 4
556 724 51 28 kap.
625 726 11 19 7
662 724 4 29 $
683 726 10 19 1
710 731 67 14 mom.
793 723 63 22 och
844 719 16 38 5

97 758 51 28 kap.
165 760 13 19 2
194 758 14 29 8
223 760 81 25 nämts,
321 758 75 22 såvidt
419 758 70 21 sådan
507 761 127 26 rättsegare
651 758 50 22 icke
717 758 54 29 sjelf
784 761 24 18 är
823 760 34 20 sö-

97 792 80 21 kande.

166 827 158 28 Kungörande
340 834 42 21 ege
398 827 59 22 dock
472 827 51 22 icke
542 834 56 21 rum,
614 827 28 22 då
658 827 65 28 fråga
739 827 78 22 endast
833 829 24 19 är

98 868 36 15 om
149 860 103 29 fiskvägs
267 861 130 22 inrättande
412 861 7 21 i
435 868 87 15 annans
540 861 58 22 dam.
624 861 28 29 Ej
668 861 70 22 heller
753 868 53 15 vare
821 868 36 21 sy-

97 895 209 22 nesammanträdes
329 895 150 29 kungörande
495 896 7 21 i
517 895 205 29 flottningsärende
745 895 25 22 af
782 895 75 22 nöden

97 929 7 21 i
120 936 76 15 annan
212 932 29 19 än
257 929 44 22 den
317 929 114 26 kommun,
441 929 40 22 der
493 930 177 21 sammanträdet
681 930 57 22 skall
748 930 108 28 försiggå.

450 1010 49 29 88.

167 1049 46 22 Vid
228 1049 170 29 förrättningen
414 1050 58 21 skall
485 1049 87 29 jemväl
587 1050 134 22 verkställas
736 1050 122 28 värdering

97 1083 37 22 för
148 1083 170 22 bestämmande
334 1084 26 22 af
377 1085 44 21 den
441 1085 134 28 ersättning,
591 1092 49 14 som
655 1085 71 28 enligt
743 1087 10 18 1
765 1085 56 28 kap.
838 1086 20 23 5,

98 1120 12 19 8
127 1117 55 22 eller
198 1120 25 19 12
239 1118 22 29 8,
277 1121 13 18 2
306 1119 52 29 kap.
381 1121 14 19 3
410 1119 21 29 &,
447 1121 13 19 4
475 1119 53 29 kap.
553 1121 12 19 6
581 1119 55 22 eller
652 1121 11 19 7
679 1119 14 29 &
709 1115 54 26 eller
778 1121 13 18 5
806 1119 51 28 kap.

98 1186 118 34 beräknas.

167 1221 34 21 Ar
215 1221 67 29 fräga
297 1229 38 15 om
350 1222 128 29 ersättning
493 1222 37 22 för
548 1223 112 28 egendom
675 1222 54 22 eller
743 1222 116 28 rättighet,

98 1262 49 14 som
170 1255 41 21 här
234 1256 71 22 ofvan
320 1256 7 22 i
344 1258 11 19 7
371 1256 14 29 8
403 1259 10 19 1
430 1264 67 14 mom.
521 1260 83 23 nämts,
627 1257 107 22 förordne
752 1256 108 22 domaren

98 1289 61 26 eller,
175 1290 7 20 i
198 1290 57 26 stad,
271 1293 86 19 rättens
373 1291 138 22 ordförande
528 1292 54 21 eller
598 1292 163 28 ordningsman
775 1293 30 27 på
814 1291 45 22 för-

98 1324 227 28 rättningsmannens
341 1325 100 29 begäran
463 1327 40 20 två
519 1326 59 28 gode
596 1328 54 19 män
664 1328 32 19 att
712 1326 147 21 tillsammans

98 1357 52 22 med
165 1358 253 30 förrättningsmannen
433 1360 44 22 och
493 1360 28 21 de
537 1360 28 22 af
572 1360 85 22 honom
667 1360 123 21 tillkallade
801 1359 59 29 gode

98 1394 53 18 män
166 1392 125 23 verkställa
305 1394 208 28 uppskattningen;
534 1394 44 22 och
594 1402 42 21 ege
648 1394 86 29 jemväl
749 1394 111 22 hvardera

97 1425 134 29 sakegaren,
248 1434 37 15 om
300 1429 77 27 någon
393 1428 26 22 af
433 1428 51 22 dem
500 1428 39 22 det
550 1429 73 28 äskar,
635 1428 60 29 välja
706 1436 29 14 en
745 1428 46 29 god
801 1435 58 15 man.
