1048 1631
217 116 27 20 62
532 116 40 21 N:o
590 117 18 20 1.

188 183 155 28 handengifver
366 185 40 22 den
429 185 101 22 tekniska
552 185 124 27 utredning,
693 191 46 15 som
755 187 24 19 är
795 184 23 22 af
831 184 70 22 nöden
916 184 34 23 för

188 219 150 26 bedömandet,
362 219 107 22 huruvida
491 219 158 28 anläggningen
672 219 67 28 enligt
757 219 36 27 lag
812 219 39 21 bör
869 219 81 22 tillåtas

189 253 39 21 och
243 253 57 21 hvad
314 253 37 21 vid
367 254 124 21 densamma
506 254 55 21 skall
576 254 116 27 iakttagas.

257 287 11 21 I
293 287 79 22 sådant
401 288 100 22 afseende
531 288 81 27 åligger
640 288 238 26 förrättningsmannen
905 289 45 20 sär-

189 321 66 22 skildt
271 323 34 20 att

257 357 25 26 a)
305 356 59 22 öfver
387 357 135 26 strömfallet,
546 363 46 16 som
615 359 25 19 är
655 357 7 21 i
677 357 68 26 fråga,
765 356 40 21 och
821 356 41 21 alla
877 356 7 21 i
900 356 50 21 eller

188 390 59 21 invid
273 390 120 22 detsamma
417 391 110 27 befintliga
549 391 158 27 anläggningar
729 391 106 27 upprätta
857 391 64 20 karta
943 391 7 20 i

189 425 61 20 skala
273 424 23 21 af
313 425 66 21 minst
397 427 82 25 1:500,
496 425 70 22 såvidt
581 426 47 21 icke
644 432 113 21 noggrann
773 425 64 21 karta
853 425 97 21 deröfver

188 459 68 21 redan
272 458 78 28 finnes;

259 493 22 21 b)
299 495 100 25 uppgöra
414 494 60 21 såväl
489 493 129 28 längdprofil
634 494 58 21 öfver
708 493 136 27 strömfallet,
858 494 7 21 i
875 494 74 26 längd-

189 527 61 22 skala
266 528 22 21 af
304 529 76 20 1:500
397 529 38 20 och
446 529 112 27 höjdskala
569 528 23 21 af
604 529 60 20 1:50
676 528 40 21 och
727 527 128 28 angifvande
865 529 84 20 vatten-

189 563 63 25 ytans
275 562 51 27 höjd
349 563 35 20 vid
408 563 40 21 den
472 563 77 27 punkt,
570 563 38 21 der
624 562 135 27 afledningen
776 562 23 21 af
811 564 75 19 vatten
902 561 47 22 från

188 596 60 21 fallet
263 597 55 21 skall
333 597 94 27 vidtaga,
439 597 39 22 och
489 599 98 20 närmast
598 597 99 22 ofvanom
709 597 40 21 och
759 597 106 21 nedanom
875 597 75 21 verket

190 630 110 22 äfvensom
323 631 69 27 öfriga
407 631 33 22 till
455 632 78 21 sakens
555 631 117 28 belysande
695 631 144 27 tilläfventyrs
862 631 88 27 tjenliga

189 665 154 27 höjdpunkter,
359 672 46 15 som
421 667 39 20 ock
475 665 143 28 tvärprofiler,
634 667 7 20 i
657 666 76 27 längd-
749 665 40 22 och
803 665 113 28 höjdskala
930 665 22 21 af

191 700 68 25 1:50,
275 699 115 22 utvisande
400 699 71 22 fallets
481 700 183 27 genomskärning
673 700 36 21 vid
719 699 136 26 forsnacken,
866 701 84 20 vatten-

189 734 84 27 intaget
288 734 40 22 och
344 735 26 20 de
385 735 69 27 öfriga
469 735 84 26 ställen,
570 741 34 15 om
620 735 83 21 hvilkas
720 735 230 26 tvärgenomskärning

190 768 108 21 erfordras
320 769 123 22 kännedom
461 769 33 21 för
512 770 78 21 sakens
611 769 99 26 allsidiga
728 769 117 26 belysande
860 769 39 21 och
914 769 36 21 be-

190 802 115 28 dömande;

259 839 22 26 €)
297 841 108 24 noggrant
428 840 104 25 uppmäta
555 839 41 21 den
620 838 150 22 nedrinnande
789 839 160 20 vattenmassan

190 872 39 21 och
244 873 48 20 med
307 873 88 27 ledning
410 873 23 21 af
445 873 122 27 mätningar
582 873 39 22 och
637 874 70 21 andra
723 873 167 26 observationer,
905 879 45 15 som

189 906 35 21 vid
240 912 67 21 synen
323 907 76 21 kunna
414 909 63 25 göras
494 907 51 22 eller
560 908 62 27 eljest
637 907 111 28 föreligga,
760 907 96 22 beräkna
866 909 84 19 vatten-

190 947 85 15 massan
291 942 35 21 vid
341 942 52 27 hög-
409 943 40 21 och
464 943 182 26 lågvattenstånd.
669 943 24 27 Ej
711 943 36 20 må
763 943 66 20 saken
844 942 106 27 fördröjas

189 975 34 22 för
237 976 161 22 verkställande
414 977 23 21 af
445 977 122 21 omedelbar
577 977 98 27 mätning
687 977 24 21 af
718 977 53 26 hög-
782 976 39 21 och
831 976 119 27 lågvatten-

190 1016 93 21 massan,
299 1011 25 20 så
339 1011 66 21 framt
421 1011 70 22 denna
506 1011 128 22 annorledes
649 1012 44 21 kan
710 1011 25 21 så
750 1011 132 26 tillförlitligt
892 1012 59 20 utre-

190 1045 45 26 das,
258 1051 46 15 som
327 1045 33 21 för
383 1045 168 28 tillgodoseende
570 1046 22 21 af
610 1047 36 20 det
669 1046 121 21 allmännas
810 1045 39 22 och
868 1045 83 21 enskild

190 1081 45 20 rätt
250 1079 36 22 vid
301 1080 250 27 anläggningsvilkorens
567 1081 153 22 fastställande
736 1083 25 18 är
776 1079 23 22 af
813 1080 80 26 nöden;

259 1115 25 26 d)
300 1115 96 21 uträkna
415 1115 40 22 och
474 1115 85 28 angifva
578 1116 40 21 den
634 1115 151 28 lagbestämda
801 1115 150 26 kungsådrans

189 1149 68 21 bredd
273 1149 39 21 och
327 1150 48 26 läge
391 1150 57 26 eller,
465 1156 33 15 om
509 1150 172 27 öppenhållande
693 1149 24 22 af
725 1156 72 14 annan
809 1149 50 21 eller
869 1149 82 21 mindre

190 1185 28 19 än
233 1184 135 27 lagbestämd
388 1185 33 21 del
441 1185 23 21 af
477 1184 59 22 fallet
551 1186 71 20 såsom
638 1184 128 28 kungsådra
781 1183 170 27 ifrågakommer,

189 1218 68 21 sådan
273 1219 138 26 kungsådras
427 1219 67 21 bredd
511 1219 38 21 och
564 1219 58 27 läge;

259 1254 20 25 e)
295 1253 120 21 bestämma
435 1254 184 21 konstruktionen
643 1254 40 21 och
702 1253 80 27 höjden
799 1252 22 21 af
835 1252 54 27 dam,
905 1258 46 16 som

190 1286 55 22 afses
262 1288 33 20 att
309 1287 82 27 byggas
406 1288 7 20 i
429 1288 158 26 vattendraget,
604 1288 40 21 den
656 1288 59 27 höjd,
726 1287 87 21 hvartill
824 1288 127 26 vattenytan

190 1320 98 22 ofvanom
311 1321 130 22 strömfallet
463 1322 33 21 får
518 1322 150 27 uppdämmas,
689 1323 64 25 samt,
773 1322 38 20 der
829 1321 48 21 dam
893 1321 58 21 öfver

188 1356 49 20 hela
253 1356 154 27 vattendraget
423 1358 24 20 är
462 1357 7 21 i
484 1356 61 28 fråga
561 1356 51 22 eller
627 1358 132 20 strömmens
770 1356 95 26 riktning
875 1362 76 21 genom

190 1389 112 23 afedande
321 1390 23 22 af
360 1391 75 21 vatton
453 1392 96 20 kommer
564 1393 34 20 att
613 1392 136 26 väsentligen
765 1390 113 22 förändras
894 1390 57 20 flott-

189 1424 78 27 ningen
290 1425 32 21 till
345 1432 56 20 men,
422 1426 26 21 de
465 1426 148 27 inrättningar
628 1426 34 21 för
677 1425 110 27 flottning,
803 1424 78 22 fiskens
897 1432 54 20 upp-
