1048 1631
225 90 29 20 26
425 88 28 23 U.
469 88 27 23 B.
514 101 27 4 —
557 88 74 36 Prop.
648 88 44 23 N:o
708 88 13 22 1

267 154 49 11 Tom
334 161 83 4 mamma
436 162 52 3 ran
516 162 32 3 man
565 154 36 11 L
619 162 12 3 n
637 154 66 12 aidon
724 155 49 11 LR
786 154 37 12 10003
831 155 42 11 Ilun
892 157 49 9 dt

267 167 49 16 Lag
333 167 88 10 samma
440 167 57 14 vare,
513 167 38 10 om
565 167 33 10 för
611 167 101 14 markon,
724 168 52 9 Irän
786 168 96 9 hvilkon
896 168 54 9 vatt-

195 193 40 19 net
255 190 94 26 inledes,
371 190 70 29 tagits
463 191 36 21 del
517 190 9 21 i
545 191 127 28 dikningen
691 193 76 20 såsom
782 191 9 21 i
807 193 12 20 6
837 191 54 22 eller
906 193 14 20 8
936 191 14 28 &

195 229 85 23 nämts;
298 227 59 20 dock
373 229 38 18 mä
427 227 38 20 det
482 227 95 20 sälunda
591 227 91 28 utgifna
693 227 106 21 afräknas
810 227 51 21 frän
872 229 77 20 ersätt-

196 262 183 29 ningsbeloppet.

545 325 26 18 10
588 323 19 28 &.

268 369 169 29 Skyldigheten
453 372 34 19 att
502 369 134 22 underhälla
653 370 52 21 dike
722 369 76 30 äligge
814 377 97 21 egarene
927 370 24 21 af

197 406 45 21 den
258 406 71 25 mark,
347 405 35 22 för
398 405 95 22 hvilken
503 405 69 29 tagits
585 405 37 22 del
632 405 8 22 i
652 405 75 22 dikets
739 406 144 28 anläggande
895 405 54 22 eller

196 441 130 22 kostnaden
343 441 82 26 derför,
442 441 7 21 i
466 443 52 20 män
535 441 23 22 af
574 442 98 21 enhvars
689 441 148 29 delaktighet.
861 441 90 22 Varder

197 477 65 21 diket
279 477 8 21 i
303 477 59 28 följd
379 477 23 22 af
417 480 54 26 nytt
486 477 64 22 dikes
567 477 148 29 upptagande
731 477 36 21 för
781 479 88 26 någons
886 477 64 22 mark

196 513 135 28 obehöfligt,
349 514 102 27 upphöre
468 514 57 21 hans
542 513 134 29 skyldighet
691 515 33 19 att
741 513 91 29 deltaga
847 513 8 21 i
869 513 81 21 under-

196 548 77 22 hället.

544 611 25 20 11
587 609 20 29 8.

269 659 64 21 Enas
347 659 45 20 icke
403 659 36 20 vid
455 659 68 26 utlyst
539 659 274 26 dikningssammanträde
825 664 91 21 egarene
926 660 25 25 af

198 694 62 28 kärr,
283 700 71 16 mosse
373 695 52 21 eller
446 700 77 15 annan
538 695 157 21 vattendränkt
710 695 71 24 mark,
798 695 65 21 hvari
878 695 72 21 skilda

197 730 124 27 lägenheter
335 730 68 27 hafva
418 730 57 21 hvar
489 731 36 20 sin
541 731 39 24 del,
598 737 35 14 om
650 732 133 25 gemensamt
793 731 121 21 utdikande
927 731 28 26 af

198 766 93 22 marken
313 764 37 28 för
371 766 50 21 dess
437 765 72 28 odling
524 766 52 21 eller
589 766 140 27 förbättring,
742 766 38 21 och
796 766 103 26 erbjuder
914 767 35 26 sig

196 802 38 21 vid
257 802 177 21 sammanträdet
453 801 73 28 någon
546 802 27 27 af
586 802 56 25 dem,
659 803 55 20 utan
729 803 32 20 att
775 808 98 21 gensaga
887 803 65 26 göres

197 836 28 27 af
243 844 65 21 egare
328 836 33 23 till
381 839 68 20 minst
469 838 82 26 hälften
568 838 28 26 af
608 838 42 21 den
666 838 169 21 vattendränkta
851 837 98 27 marken,

197 874 32 21 att
252 873 77 27 utföra
349 873 126 27 dikningen,
496 879 35 21 ege
551 873 46 21 han
612 873 117 21 verkställa
745 873 81 22 arbetet
841 873 50 22 med
905 873 46 22 rätt

197 910 32 21 att
245 909 54 27 efter
314 909 50 22 dess
379 909 139 27 slutförande
526 909 72 26 nyttja
609 909 26 21 de
646 909 82 27 öfriges
739 909 106 22 omräden
856 909 27 27 af
891 915 60 16 mar-

196 945 42 21 ken
261 947 29 20 ett
312 945 65 21 hvart
401 945 72 22 under
492 944 26 22 sä
534 944 52 28 lång
602 945 39 26 tid,
658 945 20 26 ej
693 945 60 27 öfver
772 943 75 28 femtio
867 943 36 28 är,
919 946 32 21 att
971 947 2 4 '

197 981 124 27 afkomsten
339 979 95 29 pröfvas
452 981 86 21 betäcka
553 981 59 21 hvad
627 981 30 26 af
668 981 103 26 samtliga
786 981 119 21 kostnader
921 981 30 21 be-

198 1017 61 26 löper
274 1018 34 25 sig
320 1016 34 28 pä
369 1017 129 22 detsamma.

269 1051 49 21 Vill
340 1059 75 14 annan
432 1051 105 29 delegare
553 1052 91 21 ansluta
660 1051 35 28 sig
710 1051 36 21 till
761 1051 119 29 företaget,
896 1058 55 15 vare

198 1087 36 28 sig
252 1089 9 20 i
278 1087 141 28 förhållande
443 1089 32 21 till
497 1089 107 21 storleken
624 1089 29 26 af
664 1089 55 21 hvar
743 1087 106 23 dikandes
863 1089 89 21 andel
940 1083 16 37 i

198 1124 95 22 marken
307 1123 56 22 eller
379 1124 81 21 endast
476 1123 35 22 för
523 1123 41 22 sitt
580 1123 98 26 omräde,
697 1124 120 27 (utesluin.)
834 1125 63 27 hafve
907 1125 45 19 rätt

198 1159 84 26 dertill,
299 1167 35 15 om
350 1160 44 22 han
410 1161 37 21 vid
463 1160 280 28 dikningssammanträdet
759 1160 76 22 derom
845 1160 105 21 anmäler.

198 1196 48 27 Lag
262 1202 89 16 samma
371 1202 59 18 vare,
447 1202 36 16 om
506 1196 99 27 delegare
628 1195 31 23 dä
678 1196 117 27 förklarar
810 1197 34 26 sig
859 1196 93 21 allenast

199 1232 53 26 vilja
268 1233 54 26 efter
337 1232 98 27 slutförd
451 1232 92 27 dikning
557 1232 38 27 för
610 1234 38 20 sitt
665 1232 91 22 område
771 1234 52 25 taga
835 1232 34 21 del
879 1232 8 21 i
896 1232 56 21 kost-

198 1268 103 21 naderna
305 1276 8 18 ;
323 1274 53 15 vare
387 1268 53 22 dock
451 1268 48 26 den,
507 1274 48 15 som
566 1268 70 27 utfört
648 1268 123 26 dikningen,
781 1268 70 21 sedan
858 1268 94 26 obetaget

198 1304 33 20 att
244 1303 83 27 fordra
343 1303 136 28 upplåtande
489 1304 85 26 jemväl
588 1304 29 26 af
628 1302 74 23 sådan
717 1304 121 26 deltagares
853 1302 98 26 område,

198 1344 35 16 om
250 1339 70 22 denne
335 1340 44 21 icke
395 1340 58 21 inom
470 1340 62 21 nittio
543 1340 73 26 dagar
626 1339 55 27 efter
691 1339 128 27 anfordran
829 1339 82 27 gäldar
921 1337 31 23 åt-

198 1375 109 21 minstone
322 1375 59 21 hvad
397 1376 50 20 dess
462 1376 65 20 andel
542 1376 66 26 enligt
622 1375 213 27 kostnadsförslaget
850 1376 71 25 utgör.

273 1416 213 19 Vattenrättsutskottets
499 1416 117 18 betänkande
629 1414 37 20 N:o
679 1415 14 19 1.
