1048 1631
193 103 13 20 2
382 102 85 23 Ständ.
484 102 39 23 Sv.
538 115 29 3 —
582 102 75 29 Prop.
674 102 42 23 N:o
733 102 22 22 2.

192 173 53 22 med
269 173 154 30 konstgjorda
443 174 207 29 gödslingsämnen
669 173 44 23 och
725 174 102 22 beredda
839 175 115 21 foderme-

193 208 38 21 del
255 211 60 19 samt
338 209 170 27 utsädesvaror,
532 209 129 29 hvarjemte
686 208 133 23 Ständerna
840 209 38 21 till
895 216 58 21 upp-

193 243 97 28 lysning
308 243 129 22 meddelats
471 243 88 28 förslag
582 243 38 22 till
638 243 142 29 kungörelse
805 243 148 22 beträffande

193 277 182 29 tillämpningen
393 277 23 22 af
434 277 151 22 omförmälda
604 277 144 29 förordning.

262 311 48 22 Vid
337 311 45 22 den
407 312 152 29 granskning,
588 319 49 15 som
665 315 82 25 egnats
774 312 113 29 förslaget
917 311 37 22 till

192 345 146 30 förordning,
374 346 71 22 hafva
473 346 130 22 Ständerna
634 349 78 19 ansett
739 347 83 21 endast
848 345 103 30 följande

193 380 127 29 ändringar
332 380 49 22 deri
393 381 133 28 påkallade:

262 415 46 22 Det
326 415 8 21 i
353 415 14 21 3
387 417 12 25 &
419 415 112 29 stadgade
559 415 144 22 förfarandet
727 423 69 20 synes
821 415 132 22 Ständerna

193 449 80 22 alltför
298 449 142 28 inveckladt,
466 452 56 19 utan
548 452 34 19 att
600 450 62 21 dock
679 457 57 14 vara
754 449 141 29 tillräckligt
913 450 39 21 be-

192 483 140 29 tryggande,
351 488 56 17 enär
429 485 41 20 det
493 485 8 20 i
525 485 140 28 paragrafen
693 484 123 22 omnämda
848 485 104 28 garanti-

192 517 98 22 beviset.
304 518 75 21 under
403 521 119 26 transport
546 519 24 21 af
592 527 75 14 varan
692 519 123 28 lätteligen
840 519 47 21 kan
906 519 44 21 för-

192 552 100 28 komma,
311 552 60 22 huru
390 553 89 28 stadigt
497 553 40 22 det
555 557 29 18 än
603 553 63 22 varit
684 553 89 22 fästadt
791 553 41 22 vid
845 553 107 28 förpack-

192 587 95 28 ningen.
324 587 139 29 Tillräcklig
484 587 109 22 säkerhet
611 589 84 20 vinnes
715 587 74 29 enligt
808 587 143 22 Ständernas

192 621 95 28 mening
299 629 84 21 genom
396 621 39 22 det
447 622 55 22 vida
514 623 94 20 enklare
620 622 197 29 tillvägagående,
829 624 35 19 att
872 621 80 29 hvarje

192 655 163 30 förpackning,
380 656 77 23 derest
475 657 20 28 ej
519 657 148 21 annorlunda
685 657 103 25 aftalats,
808 657 72 21 förses
899 656 52 21 med

192 689 89 29 tydligt
304 690 43 22 och
365 691 120 29 varaktigt
507 691 86 26 märke,
611 691 92 22 hvilket
729 691 69 22 bör
787 685 16 39 i
819 691 134 28 garantibe-

192 724 61 22 viset
271 727 121 26 upptagas.

261 759 37 21 Då
321 759 35 22 uti
383 760 11 20 1
417 767 67 14 mom.
508 759 22 22 af
552 760 14 21 6
586 761 13 26 &
618 761 79 27 någon
723 759 89 28 påföljd
834 759 51 22 icke
909 759 42 22 fin-

191 800 41 14 nes
251 795 76 20 utsatt
344 794 37 21 för
398 793 45 22 den
455 794 111 21 händelse
579 796 86 27 köpare
683 794 140 21 försummar
841 796 36 19 att
889 794 63 21 inom

192 827 45 22 den
261 828 9 21 i
294 828 139 29 paragrafen
458 828 140 22 föreskrifna
621 829 37 21 tid
682 829 23 21 af
735 829 31 20 10
795 828 73 29 dagar
893 828 59 21 efter

192 861 39 22 det
255 861 48 22 han
328 863 109 28 mottagit
461 870 73 14 varan
558 863 49 22 låta
631 863 70 22 derur
720 865 55 26 taga
796 862 8 21 i
825 864 126 20 momentet

192 897 125 21 omnämda
347 897 58 28 prof,
433 905 53 13 men
513 897 147 22 innebörden
692 897 23 22 af
744 897 73 28 sagda
847 899 104 20 moment

191 931 178 29 otvifvelaktigt
394 935 25 18 är
443 931 52 26 den,
521 934 35 19 att
580 932 94 29 köpare,
700 939 49 14 som
771 931 60 22 låter
852 931 45 22 den
915 934 36 18 ut-

191 967 62 20 satta
278 965 65 22 tiden
361 966 154 29 tilländalöpa
533 969 57 19 utan
613 969 35 19 att
673 966 71 21 hafva
761 966 54 21 låtit
833 973 27 14 ur
878 973 73 15 varan

190 1002 57 26 taga
271 1001 58 28 prof,
352 1000 97 22 förlorat
470 1001 36 21 sin
524 1003 47 19 rätt
589 1003 35 19 att
642 1001 49 21 tala
710 1001 13 21 å
741 1001 78 28 köpet,
839 1001 25 21 så
881 1000 70 22 framt

190 1035 21 28 ej
231 1035 147 21 annorlunda
400 1035 214 22 öfverenskommits
633 1035 57 22 eller
708 1035 102 28 säljaren
831 1035 52 21 haft
902 1037 49 20 vet-

191 1069 57 28 skap
276 1077 37 14 om
340 1069 159 29 oriktigheten
523 1070 8 21 i
555 1070 125 29 uppgiften
703 1077 37 14 om
758 1076 83 15 varans
860 1069 91 22 beskaf-

190 1103 89 26 fenhet,
302 1103 42 22 har
367 1104 36 21 till
427 1104 14 21 6
469 1105 13 26 $
506 1105 11 20 1
541 1112 67 14 mom.
635 1105 79 28 fogats
742 1106 35 19 ett
803 1103 86 29 tillägg
915 1103 36 22 uti

191 1137 85 29 antydt
295 1138 115 22 afseende.

259 1172 53 22 Den
338 1173 7 21 i
398 1174 13 26 8$
432 1174 10 20 1
472 1180 67 14 mom.
568 1173 118 29 ingående
713 1172 173 29 hänvisningen
910 1172 38 22 till

190 1206 42 27 2$
250 1208 13 20 3
283 1214 70 16 mom.
373 1208 43 21 har
437 1210 82 19 rättats
544 1208 38 21 till
602 1208 26 20 "2
650 1209 13 25 $
683 1208 14 20 2
720 1206 79 22 mom.

260 1242 47 21 För
329 1242 45 21 den
395 1242 35 21 uti
453 1242 14 21 9
486 1243 13 25 &
517 1242 124 22 omnämda
661 1242 109 22 förseelse
791 1241 72 22 hafva
881 1241 70 22 Stän-

190 1274 73 23 derna
291 1277 20 27 ej
341 1279 77 19 ansett
439 1276 51 22 skäl
514 1277 128 21 förefinnas
668 1278 35 20 att
729 1278 89 19 utsätta
839 1275 112 22 särskildt

189 1310 166 22 minimistraff.

259 1345 48 21 För
330 1345 72 29 öfrigt
427 1344 71 22 hafva
525 1346 73 27 några
623 1344 172 22 redaktionella
823 1345 127 29 ändringar

188 1378 116 30 vidtagits
323 1380 65 20 såväl
407 1380 8 21 i
433 1379 44 21 den
496 1380 99 21 svenska
614 1387 50 14 som
682 1380 9 20 i
709 1379 45 21 den
770 1379 78 22 finska
861 1382 87 20 texten.
