1048 1631
235 114 28 20 38
551 113 41 21 N:o
612 115 16 19 1.

207 181 84 28 afsäger
307 182 32 28 sig
355 181 60 23 såväl
428 182 140 28 lägenhetens
580 182 63 21 andel
654 182 7 21 i
671 181 108 28 företaget
794 188 45 15 som
851 182 121 27 ersättning

209 217 6 21 i
231 217 37 21 fall
284 217 23 21 af
321 217 48 22 dess
385 217 155 27 nedläggande.

566 270 24 19 18
606 269 18 27 &.

277 303 242 27 Sjösänkningsföretag
534 303 35 21 må
584 303 125 27 nedläggas,
726 309 34 15 om
773 303 34 21 för
816 303 71 21 beslut
898 303 73 21 derom

209 337 36 22 vid
267 339 100 25 stämma,
387 337 52 22 eller
454 337 61 28 eljest
531 337 128 27 skriftligen,
675 337 94 27 afgifvits
785 338 77 25 röster,
878 337 93 21 motsva-

208 372 68 21 rande
299 373 38 20 två
359 372 130 27 tredjedelar
504 372 7 21 i
527 371 93 28 bolaget,
644 372 39 21 och
707 371 79 22 sådant
806 371 42 21 kan
865 371 37 21 ske
917 372 53 20 utan

208 408 71 20 större
298 407 123 27 olägenhet;
439 407 54 21 dock
509 407 54 21 skall
579 407 55 21 först
650 406 100 22 tillstånd
765 406 33 21 till
813 406 158 27 nedläggandet

208 441 102 22 utverkas
327 441 38 22 och
381 441 41 22 den
438 441 68 21 skada
520 443 103 24 ersättas,
640 447 45 15 som
703 441 122 26 derigenom
840 440 73 22 vållas.

276 475 35 21 Då
331 475 68 27 dylikt
419 475 98 22 tillstånd
533 476 70 25 sökes,
620 476 43 21 kan
679 475 46 26 ock,
743 481 34 15 om
792 475 47 21 skäl
855 477 44 24 äro,
915 475 55 21 före-

210 509 97 27 skrifvas,
325 511 33 20 att
374 509 84 22 arbetet
474 510 39 21 bör
529 509 119 22 tillsvidare
663 509 105 22 inställas.

565 565 25 19 14
606 563 18 27 8.

277 596 47 22 Har
347 597 78 27 någon,
449 603 44 16 som
513 597 47 21 icke
583 597 90 27 deltagit
688 597 7 21 i
711 597 107 27 sänkning
841 597 22 20 af
879 597 38 27 sjö,
936 603 35 20 ge-

208 637 49 15 nom
275 631 126 21 densamma
416 631 77 21 vunnit
503 631 130 27 tillandning
645 631 51 22 eller
714 631 131 27 förbättring
857 630 22 22 af
887 632 84 20 vatten-

211 665 80 22 dränkt
314 666 68 26 mark,
406 672 51 15 vare
480 665 83 28 skyldig
582 667 33 20 att
632 666 87 27 erlägga
735 666 40 21 den
793 665 62 22 andel
871 665 22 21 af
907 665 64 22 sänk-

209 699 193 27 ningskostnaden,
426 700 84 21 hvilken
535 700 69 21 skulle
623 700 75 27 belöpt
716 701 32 26 sig
763 701 29 26 på
807 700 77 21 honom
901 700 70 21 såsom

209 734 112 27 deltagare
340 734 7 21 i
365 734 93 27 bolaget,
482 735 51 21 eller
556 735 57 21 afstå
636 735 188 27 nyttjanderätten
849 734 31 21 till
903 735 67 20 sådan

209 769 67 26 mark,
301 769 71 21 såsom
387 769 7 21 i
411 771 12 19 3
438 769 50 27 kap.
514 771 22 18 11
555 770 11 23 8
582 771 70 23 sagts;
677 769 54 21 dock
755 769 115 21 tillkomme
893 775 77 20 egaren

208 803 54 20 utan
275 803 122 26 ersättning
407 803 65 27 nödig
482 804 40 26 väg
533 803 59 21 öfver
604 803 40 21 den
656 803 93 22 sålunda
759 803 106 28 upplåtna
875 803 96 21 marken.

278 837 47 21 Har
347 837 204 27 sänkningsföretag
573 837 180 28 hufvudsakligen
777 837 66 22 afsett
868 839 33 19 att
923 837 48 21 från

210 870 190 23 öfverflödsvatten
421 872 66 21 befria
507 878 81 21 egorna
603 872 64 27 kring
682 872 84 21 mindre
782 872 133 27 vattendrag,
933 872 38 21 och

210 907 63 20 ernås
295 907 133 21 omedelbart
446 913 76 21 genom
538 907 135 27 sänkningen
691 906 135 22 såbeskaffad
841 906 130 27 förbättring

211 941 12 20 å
239 941 68 27 mark,
324 941 33 21 för
372 941 84 22 hvilken
473 942 46 21 icke
535 942 66 27 tagits
617 941 34 22 del
666 942 7 21 i
684 941 114 28 företaget,
809 947 50 16 vare
871 941 100 22 markens

211 982 65 20 egare
292 977 39 20 ock
347 976 78 27 pliktig
440 978 33 19 att
488 977 6 20 i
510 977 48 20 mån
576 976 23 21 af
612 975 171 28 förbättringens
799 976 71 26 värde,
887 976 54 21 dock
952 976 17 27 ej

212 1011 85 21 utöfver
320 1011 71 21 dettas
413 1011 85 27 belopp,
521 1011 91 27 bidraga
636 1010 31 21 till
683 1010 160 22 kostnadernas
859 1011 111 26 gäldande.

567 1065 23 19 15
606 1064 18 26 8.

278 1093 31 25 Är
332 1097 54 22 efter
409 1097 92 22 slutförd
523 1097 108 27 sänkning
646 1097 193 27 upprätthållande
855 1096 22 21 af
891 1097 80 21 anstalt

210 1131 33 22 för
262 1133 97 20 vattnets
376 1131 111 22 afledande
503 1131 23 22 af
540 1132 76 27 nöden,
634 1134 50 25 tage
700 1131 85 24 enhvar,
802 1137 45 16 som
863 1131 108 27 begagnar

210 1166 51 22 eller
281 1166 61 28 eljest
365 1166 39 21 har
420 1168 61 26 nytta
497 1166 23 21 af
534 1167 116 26 anstalten,
668 1166 34 21 del
717 1166 5 21 i
740 1166 48 21 dess
804 1166 117 26 underhåll,
937 1166 34 21 så-

210 1206 45 16 som
279 1207 34 15 om
338 1200 49 22 dike
409 1202 66 26 sagts.
507 1200 82 22 Varder
606 1201 91 27 ändring
713 1200 23 21 af
749 1200 68 21 sådan
833 1200 86 27 ledning
933 1200 38 27 på-

210 1235 73 21 kallad
307 1234 66 25 deraf,
395 1236 32 20 att
443 1234 60 22 äfven
520 1235 68 21 andre
604 1237 27 19 än
648 1235 145 27 anläggarene
808 1234 97 27 begagna
921 1234 50 21 den-

210 1274 89 22 samma,
315 1269 90 21 bekoste
421 1270 25 20 de
462 1270 56 20 förre
535 1270 69 20 allena
616 1269 119 26 ändringen
747 1269 39 21 och
797 1275 62 15 svare
869 1268 32 22 för
913 1268 61 22 deraf

210 1303 113 21 föranledd
340 1304 80 26 ökning
435 1304 6 20 i
457 1304 254 21 underhållskostnaden.

568 1357 22 19 16
608 1355 18 27 8.

280 1389 155 28 Stadgandona
449 1390 8 21 i
473 1391 18 25 7,
509 1391 10 20 8
537 1390 39 21 och
592 1391 11 20 9
621 1390 25 27 88
658 1389 109 27 tillämpas
775 1388 78 28 iemväl
865 1389 12 19 ä
888 1391 84 19 vatten-

210 1424 59 26 verk,
291 1424 35 22 vid
342 1424 64 21 hvars
422 1424 135 27 anläggande
572 1424 150 25 föreskrifvits,
739 1425 34 20 att
789 1424 74 21 verket
877 1423 40 21 bör
932 1430 41 14 un-

209 1458 126 22 danskaffas
351 1458 34 22 för
400 1458 190 28 vattenafledning.
