1048 1631
185 126 13 20 8
407 125 29 24 U.
454 126 27 22 B.
497 139 26 3 —
541 126 75 29 Prop.
632 127 45 22 N:o
693 127 37 22 14.

187 194 141 28 skipningens
347 195 70 28 tjenst.
447 195 53 22 Men
521 195 29 28 på
568 195 38 21 det
621 198 31 19 att
668 196 69 21 denna
754 195 135 22 uteslutande
904 198 43 19 rät-

185 228 72 28 tighet
273 228 34 21 för
323 229 222 28 sakförareförenings
562 229 138 22 medlemmar
715 232 31 19 att
761 229 133 29 tillhandagå
909 230 38 21 all-

187 262 115 21 mänheten
326 262 47 21 med
397 263 176 28 fullmäktigskap
589 263 37 22 vid
643 265 57 20 vissa
711 264 118 21 domstolar
846 264 48 21 icke
912 263 34 22 mä

185 296 134 21 missbrukas
339 297 33 20 till
393 297 84 28 oskälig
497 297 129 28 debitering,
649 301 106 25 upptager
769 298 104 27 förslaget
887 297 59 22 stad-

184 331 73 27 gande
281 331 74 21 derom
371 334 31 18 att
417 331 133 28 fullmäktigs
566 331 86 28 arvode,
670 332 37 21 der
723 333 18 27 ej
759 333 54 20 visst
828 332 51 21 aftal
895 332 51 21 blif-

187 366 33 20 vit
233 365 79 28 gjordt,
328 365 38 21 bör
382 365 127 21 bestämmas
526 365 55 21 efter
596 368 55 19 taxa.

257 399 116 22 Gentemot
387 400 169 27 anmärkningen
572 402 31 19 att
618 399 27 22 de
656 399 99 29 åsyftade
765 400 180 28 förbättringarna

186 434 6 20 i
209 433 218 22 sakförareväsendet
442 433 182 28 hufvudsakligen
640 434 69 21 skulle
724 433 174 28 tillgodokomma
909 441 37 14 en-

186 467 49 22 dast
257 467 28 22 de
309 468 66 27 högre
398 468 150 27 domstolarna,
572 468 76 21 medan
672 468 96 21 deremot
790 468 26 21 de
832 469 57 27 lägre
905 469 40 21 och

187 502 126 28 isynnerhet
337 502 171 21 häradsrätterna
530 502 73 21 blefve
626 502 59 22 deraf
701 503 110 25 oberörda,
828 503 38 20 bör
880 503 66 21 fram-

185 536 67 21 hållas
277 539 32 18 att
329 536 128 28 stadgandet
473 537 5 20 i
496 538 10 19 1
524 544 62 14 mom.
604 538 9 19 1
630 537 11 28 $
657 537 23 21 af
695 545 27 12 nu
739 537 146 28 föreliggande
901 537 45 21 för-

186 570 46 28 slag
249 570 32 21 till
297 570 128 28 förordning
440 570 110 28 angående
566 571 259 28 rättegångsfullmäktige
841 571 40 21 och
897 571 48 21 sak-

185 604 203 28 förareföreningar,
414 605 82 20 hvilket
520 608 94 18 moment
640 605 32 21 till
695 605 117 21 innehållet
834 605 111 21 öfverens-

186 640 102 19 stämmer
304 639 47 20 med
368 639 150 21 motsvarande
535 639 134 28 bestämning
684 640 5 20 i
706 639 152 28 förordningen
870 639 22 21 af
903 639 41 21 den

185 673 27 20 23
230 672 125 22 November
371 674 61 25 1898,
447 674 44 27 just
505 673 57 21 afser
578 676 32 18 att
624 673 64 21 äfven
700 673 23 21 åt
733 673 211 22 underdomstolarna

186 707 6 20 i
208 707 117 20 allmänhet
347 708 103 27 inrymma
467 715 25 13 en
508 709 68 19 större
592 707 129 28 befogenhet
736 710 31 18 att
782 707 47 21 från
846 707 100 22 fullmäk-

184 741 88 28 tigskap
288 741 79 21 afhålla
384 749 107 20 personer,
507 741 73 21 hvilka
597 741 95 21 befinnas
708 741 31 21 till
755 741 66 21 sådan
837 741 108 22 verksam-

185 775 37 21 het
245 775 82 21 mindre
343 775 117 28 skickliga;
476 775 111 21 hvarutom
604 777 13 19 3
634 775 11 28 8
662 776 5 20 i
684 775 103 26 förslaget
800 776 144 28 uttryckligen

185 809 112 28 inskärper
329 809 131 21 domstolens
489 809 122 28 skyldighet
643 812 31 18 att
706 809 76 28 pröfva
812 809 131 28 fullmäktigs

185 843 130 28 lämplighet.
346 839 6 36 =
353 843 103 21 Deremot
484 843 37 21 har
544 843 36 21 det
603 843 24 21 sä
650 843 85 28 mycket
758 843 81 22 mindre
863 844 81 21 kunnat

184 877 156 28 ifrägakomma
369 880 31 18 att
423 877 36 21 vid
483 877 121 21 införandet
629 877 23 21 af
672 877 98 28 partiella
793 877 152 29 förbältringar

185 911 27 28 pä
245 911 226 22 —sakförareväsendets
509 911 86 21 område
630 911 86 28 vidtaga
753 911 24 22 sä
815 911 129 28 —vidtgäende

184 945 158 29 förändringar,
364 949 31 18 att
411 946 76 21 endast
501 945 101 28 juridiskt
618 946 87 21 bildade
721 953 101 21 personer
837 947 55 27 finge
907 954 38 13 an-

184 980 49 21 litas
249 981 72 20 såsom
337 981 135 28 fullmäktige
487 981 63 20 äfven
568 980 35 21 vid
616 981 168 26 underrätterna,
795 988 44 13 som
851 981 92 21 komitén

184 1014 35 21 för
241 1015 95 21 revision
360 1014 23 21 af
403 1015 163 27 lagstiftningen
582 1015 113 28 angäende
710 1015 235 28 rättegängsväsendet,

185 1049 27 28 pä
233 1049 70 28 grund
327 1049 22 21 af
372 1049 41 21 den
436 1049 95 21 rädande
556 1049 79 21 bristen
660 1049 28 28 pä
709 1049 71 21 dertill
795 1049 149 28 gvalificerade

184 1091 111 20 personer,
317 1083 48 22 icke
384 1091 38 13 ens
437 1084 6 20 i
459 1083 37 21 det
511 1083 23 21 af
549 1083 93 21 komit6n
660 1083 125 22 utarbetade
800 1083 85 28 slutliga
901 1084 45 21 för-

184 1118 70 27 slaget
277 1117 112 29 angäende
411 1117 241 28 rättegängsväsendets
675 1117 134 28 ombildning
827 1121 70 18 ansett
911 1119 35 27 sig

184 1152 73 22 kunna
272 1153 107 28 tillstyrka
395 1160 25 14 en
435 1152 65 22 sådan
513 1153 143 27 begränsning
670 1152 131 21 beträffande
812 1152 133 28 rättegängs-

184 1186 135 29 fullmäktige
336 1187 35 21 vid
389 1187 116 21 sistnämda
522 1186 123 22 domstolar.

253 1220 12 21 I
281 1221 59 21 detta
356 1221 152 27 sammanhang
523 1221 39 21 har
577 1220 114 22 Utskottet
701 1220 100 28 slutligen
813 1221 57 21 velat
880 1221 65 21 fram-

183 1254 64 28 hålla,
263 1257 32 19 att
310 1254 35 22 vid
363 1254 148 22 utarbetandet
527 1255 23 21 af
566 1262 28 14 nu
610 1254 148 29 föreliggande
774 1254 77 29 nådiga
868 1263 77 21 propo-

183 1290 64 20 sition
270 1289 104 21 särskilda
390 1289 23 21 af
427 1289 153 28 Lagutskottet
596 1290 36 20 vid
649 1290 54 21 1897
720 1289 35 21 års
770 1289 103 27 landtdag
889 1290 56 20 före-

183 1324 75 28 slagna
283 1326 55 19 samt
355 1323 23 21 af
393 1323 159 29 Ridderskapet
567 1324 41 21 och
623 1324 72 21 Adeln
710 1324 65 28 jemte
791 1323 154 28 Borgarestån-

183 1358 38 21 det
236 1359 6 20 i
259 1358 125 21 hufvudsak
399 1358 116 28 godkända
530 1358 114 28 ändringar
659 1359 6 20 i
681 1358 42 21 den
739 1358 32 20 till
787 1357 119 22 Ständerna
917 1358 30 22 då

182 1392 81 22 aflätna
280 1392 160 28 propositionen
457 1392 5 20 i
478 1394 72 19 ämnet
566 1393 76 20 vunnit
658 1392 127 21 beaktande.

253 1472 134 22 Lagutskottets
400 1472 109 18 betänkande
522 1471 38 17 N:o
574 1473 12 16 6
