<?xml version="1.0" encoding="UTF-8"?>
<alto xmlns="http://www.loc.gov/standards/alto/ns-v3#" xmlns:xlink="http://www.w3.org/1999/xlink" xmlns:xsi="http://www.w3.org/2001/XMLSchema-instance" xsi:schemaLocation="http://www.loc.gov/standards/alto/ns-v3# http://www.loc.gov/alto/v3/alto-3-0.xsd">
	<Description>
		<MeasurementUnit>pixel</MeasurementUnit>
		<sourceImageInformation>
			<fileName>/tmp/tess_0fygvjps_input.PNG</fileName>
		</sourceImageInformation>
		<OCRProcessing ID="OCR_0">
			<ocrProcessingStep>
				<processingSoftware>
					<softwareName>tesseract 5.3.4</softwareName>
				</processingSoftware>
			</ocrProcessingStep>
		</OCRProcessing>
	</Description>
	<Layout>
		<Page WIDTH="1048" HEIGHT="1631" PHYSICAL_IMG_NR="0" ID="page_0">
			<PrintSpace HPOS="0" VPOS="0" WIDTH="1048" HEIGHT="1631">
				<ComposedBlock ID="cblock_0" HPOS="455" VPOS="86" WIDTH="103" HEIGHT="22">
					<TextBlock ID="block_0" HPOS="455" VPOS="86" WIDTH="103" HEIGHT="22">
						<TextLine ID="line_0" HPOS="455" VPOS="86" WIDTH="103" HEIGHT="22">
							<String ID="string_0" HPOS="455" VPOS="86" WIDTH="53" HEIGHT="22" WC="0.96" CONTENT="N:o"/><SP WIDTH="17" VPOS="86" HPOS="508"/>
							<String ID="string_1" HPOS="525" VPOS="86" WIDTH="33" HEIGHT="22" WC="0.92" CONTENT="9."/>
						</TextLine>
					</TextBlock>
				</ComposedBlock>
				<ComposedBlock ID="cblock_1" HPOS="265" VPOS="280" WIDTH="621" HEIGHT="216">
					<TextBlock ID="block_1" HPOS="265" VPOS="280" WIDTH="621" HEIGHT="216">
						<TextLine ID="line_1" HPOS="333" VPOS="280" WIDTH="553" HEIGHT="33">
							<String ID="string_2" HPOS="333" VPOS="280" WIDTH="74" HEIGHT="25" WC="0.96" CONTENT="Hans"/><SP WIDTH="19" VPOS="280" HPOS="407"/>
							<String ID="string_3" HPOS="426" VPOS="280" WIDTH="184" HEIGHT="32" WC="0.95" CONTENT="Kejserliga"/><SP WIDTH="19" VPOS="280" HPOS="610"/>
							<String ID="string_4" HPOS="629" VPOS="281" WIDTH="162" HEIGHT="31" WC="0.96" CONTENT="Majestäts"/><SP WIDTH="14" VPOS="281" HPOS="791"/>
							<String ID="string_5" HPOS="805" VPOS="280" WIDTH="81" HEIGHT="33" WC="0.96" CONTENT="nådiga"/>
						</TextLine>
						<TextLine ID="line_2" HPOS="265" VPOS="326" WIDTH="620" HEIGHT="32">
							<String ID="string_6" HPOS="265" VPOS="326" WIDTH="138" HEIGHT="32" WC="0.96" CONTENT="proposition"/><SP WIDTH="19" VPOS="326" HPOS="403"/>
							<String ID="string_7" HPOS="422" VPOS="326" WIDTH="34" HEIGHT="25" WC="0.96" CONTENT="till"/><SP WIDTH="19" VPOS="326" HPOS="456"/>
							<String ID="string_8" HPOS="475" VPOS="326" WIDTH="104" HEIGHT="25" WC="0.93" CONTENT="Finlands"/><SP WIDTH="20" VPOS="326" HPOS="579"/>
							<String ID="string_9" HPOS="599" VPOS="327" WIDTH="102" HEIGHT="31" WC="0.91" CONTENT="Ständer,"/><SP WIDTH="10" VPOS="327" HPOS="701"/>
							<String ID="string_10" HPOS="711" VPOS="326" WIDTH="114" HEIGHT="32" WC="0.96" CONTENT="angående"/><SP WIDTH="19" VPOS="326" HPOS="825"/>
							<String ID="string_11" HPOS="844" VPOS="327" WIDTH="41" HEIGHT="24" WC="0.96" CONTENT="den"/>
						</TextLine>
						<TextLine ID="line_3" HPOS="265" VPOS="372" WIDTH="620" HEIGHT="32">
							<String ID="string_12" HPOS="265" VPOS="372" WIDTH="68" HEIGHT="31" WC="0.53" CONTENT="skatt,"/><SP WIDTH="28" VPOS="372" HPOS="333"/>
							<String ID="string_13" HPOS="361" VPOS="379" WIDTH="45" HEIGHT="18" WC="0.96" CONTENT="som"/><SP WIDTH="27" VPOS="379" HPOS="406"/>
							<String ID="string_14" HPOS="433" VPOS="373" WIDTH="38" HEIGHT="24" WC="0.96" CONTENT="för"/><SP WIDTH="29" VPOS="373" HPOS="471"/>
							<String ID="string_15" HPOS="500" VPOS="373" WIDTH="148" HEIGHT="31" WC="0.90" CONTENT="tillverkning"/><SP WIDTH="22" VPOS="373" HPOS="648"/>
							<String ID="string_16" HPOS="670" VPOS="373" WIDTH="26" HEIGHT="24" WC="0.95" CONTENT="af"/><SP WIDTH="17" VPOS="373" HPOS="696"/>
							<String ID="string_17" HPOS="713" VPOS="373" WIDTH="93" HEIGHT="24" WC="0.95" CONTENT="bränvin"/><SP WIDTH="19" VPOS="373" HPOS="806"/>
							<String ID="string_18" HPOS="825" VPOS="372" WIDTH="60" HEIGHT="25" WC="0.97" CONTENT="skall"/>
						</TextLine>
						<TextLine ID="line_4" HPOS="269" VPOS="418" WIDTH="616" HEIGHT="32">
							<String ID="string_19" HPOS="269" VPOS="418" WIDTH="114" HEIGHT="32" WC="0.95" CONTENT="erläggas,"/><SP WIDTH="29" VPOS="418" HPOS="383"/>
							<String ID="string_20" HPOS="412" VPOS="421" WIDTH="55" HEIGHT="22" WC="0.96" CONTENT="samt"/><SP WIDTH="28" VPOS="421" HPOS="467"/>
							<String ID="string_21" HPOS="495" VPOS="426" WIDTH="34" HEIGHT="17" WC="0.96" CONTENT="om"/><SP WIDTH="28" VPOS="426" HPOS="529"/>
							<String ID="string_22" HPOS="557" VPOS="419" WIDTH="69" HEIGHT="31" WC="0.93" CONTENT="sagda"/><SP WIDTH="25" VPOS="419" HPOS="626"/>
							<String ID="string_23" HPOS="651" VPOS="419" WIDTH="73" HEIGHT="24" WC="0.93" CONTENT="skatts"/><SP WIDTH="19" VPOS="419" HPOS="724"/>
							<String ID="string_24" HPOS="743" VPOS="419" WIDTH="142" HEIGHT="24" WC="0.95" CONTENT="användande"/>
						</TextLine>
						<TextLine ID="line_5" HPOS="265" VPOS="461" WIDTH="193" HEIGHT="35">
							<String ID="string_25" HPOS="265" VPOS="465" WIDTH="40" HEIGHT="24" WC="0.96" CONTENT="och"/><SP WIDTH="19" VPOS="465" HPOS="305"/>
							<String ID="string_26" HPOS="324" VPOS="461" WIDTH="134" HEIGHT="35" WC="0.96" CONTENT="fördelning."/>
						</TextLine>
					</TextBlock>
				</ComposedBlock>
				<ComposedBlock ID="cblock_2" HPOS="125" VPOS="532" WIDTH="761" HEIGHT="441">
					<TextBlock ID="block_2" HPOS="125" VPOS="532" WIDTH="761" HEIGHT="296">
						<TextLine ID="line_6" HPOS="197" VPOS="532" WIDTH="689" HEIGHT="29">
							<String ID="string_27" HPOS="197" VPOS="532" WIDTH="64" HEIGHT="21" WC="0.92" CONTENT="Enär"/><SP WIDTH="15" VPOS="532" HPOS="261"/>
							<String ID="string_28" HPOS="276" VPOS="532" WIDTH="207" HEIGHT="28" WC="0.91" CONTENT="bestämningarna"/><SP WIDTH="18" VPOS="532" HPOS="483"/>
							<String ID="string_29" HPOS="501" VPOS="533" WIDTH="121" HEIGHT="28" WC="0.96" CONTENT="angående"/><SP WIDTH="17" VPOS="533" HPOS="622"/>
							<String ID="string_30" HPOS="639" VPOS="533" WIDTH="44" HEIGHT="20" WC="0.96" CONTENT="den"/><SP WIDTH="16" VPOS="533" HPOS="683"/>
							<String ID="string_31" HPOS="699" VPOS="532" WIDTH="69" HEIGHT="28" WC="0.96" CONTENT="skatt,"/><SP WIDTH="17" VPOS="532" HPOS="768"/>
							<String ID="string_32" HPOS="785" VPOS="539" WIDTH="49" HEIGHT="14" WC="0.96" CONTENT="som"/><SP WIDTH="14" VPOS="539" HPOS="834"/>
							<String ID="string_33" HPOS="848" VPOS="532" WIDTH="38" HEIGHT="21" WC="0.96" CONTENT="för"/>
						</TextLine>
						<TextLine ID="line_7" HPOS="126" VPOS="566" WIDTH="760" HEIGHT="29">
							<String ID="string_34" HPOS="126" VPOS="566" WIDTH="157" HEIGHT="29" WC="0.96" CONTENT="tillverkning"/><SP WIDTH="15" VPOS="566" HPOS="283"/>
							<String ID="string_35" HPOS="298" VPOS="566" WIDTH="26" HEIGHT="21" WC="0.96" CONTENT="af"/><SP WIDTH="15" VPOS="566" HPOS="324"/>
							<String ID="string_36" HPOS="339" VPOS="566" WIDTH="100" HEIGHT="21" WC="0.96" CONTENT="bränvin"/><SP WIDTH="16" VPOS="566" HPOS="439"/>
							<String ID="string_37" HPOS="455" VPOS="566" WIDTH="61" HEIGHT="21" WC="0.96" CONTENT="skall"/><SP WIDTH="16" VPOS="566" HPOS="516"/>
							<String ID="string_38" HPOS="532" VPOS="567" WIDTH="115" HEIGHT="28" WC="0.96" CONTENT="erläggas,"/><SP WIDTH="17" VPOS="567" HPOS="647"/>
							<String ID="string_39" HPOS="664" VPOS="569" WIDTH="60" HEIGHT="19" WC="0.96" CONTENT="samt"/><SP WIDTH="11" VPOS="569" HPOS="724"/>
							<String ID="string_40" HPOS="735" VPOS="574" WIDTH="37" HEIGHT="14" WC="0.93" CONTENT="om"/><SP WIDTH="11" VPOS="574" HPOS="772"/>
							<String ID="string_41" HPOS="783" VPOS="566" WIDTH="103" HEIGHT="21" WC="0.90" CONTENT="använd-"/>
						</TextLine>
						<TextLine ID="line_8" HPOS="126" VPOS="600" WIDTH="760" HEIGHT="29">
							<String ID="string_42" HPOS="126" VPOS="601" WIDTH="90" HEIGHT="28" WC="0.96" CONTENT="ningen"/><SP WIDTH="15" VPOS="601" HPOS="216"/>
							<String ID="string_43" HPOS="231" VPOS="601" WIDTH="44" HEIGHT="20" WC="0.96" CONTENT="och"/><SP WIDTH="16" VPOS="601" HPOS="275"/>
							<String ID="string_44" HPOS="291" VPOS="601" WIDTH="164" HEIGHT="28" WC="0.96" CONTENT="fördelningen"/><SP WIDTH="20" VPOS="601" HPOS="455"/>
							<String ID="string_45" HPOS="475" VPOS="601" WIDTH="27" HEIGHT="20" WC="0.96" CONTENT="af"/><SP WIDTH="19" VPOS="601" HPOS="502"/>
							<String ID="string_46" HPOS="521" VPOS="601" WIDTH="77" HEIGHT="21" WC="0.96" CONTENT="denna"/><SP WIDTH="23" VPOS="601" HPOS="598"/>
							<String ID="string_47" HPOS="621" VPOS="601" WIDTH="69" HEIGHT="28" WC="0.96" CONTENT="skatt,"/><SP WIDTH="17" VPOS="601" HPOS="690"/>
							<String ID="string_48" HPOS="707" VPOS="601" WIDTH="74" HEIGHT="28" WC="0.93" CONTENT="enligt"/><SP WIDTH="15" VPOS="601" HPOS="781"/>
							<String ID="string_49" HPOS="796" VPOS="600" WIDTH="90" HEIGHT="22" WC="0.92" CONTENT="förord-"/>
						</TextLine>
						<TextLine ID="line_9" HPOS="127" VPOS="635" WIDTH="759" HEIGHT="28">
							<String ID="string_50" HPOS="127" VPOS="635" WIDTH="89" HEIGHT="28" WC="0.96" CONTENT="ningen"/><SP WIDTH="16" VPOS="635" HPOS="216"/>
							<String ID="string_51" HPOS="232" VPOS="635" WIDTH="26" HEIGHT="21" WC="0.96" CONTENT="af"/><SP WIDTH="17" VPOS="635" HPOS="258"/>
							<String ID="string_52" HPOS="275" VPOS="635" WIDTH="45" HEIGHT="21" WC="0.96" CONTENT="den"/><SP WIDTH="24" VPOS="635" HPOS="320"/>
							<String ID="string_53" HPOS="344" VPOS="637" WIDTH="25" HEIGHT="20" WC="0.96" CONTENT="25"/><SP WIDTH="24" VPOS="637" HPOS="369"/>
							<String ID="string_54" HPOS="393" VPOS="635" WIDTH="134" HEIGHT="22" WC="0.96" CONTENT="November"/><SP WIDTH="25" VPOS="635" HPOS="527"/>
							<String ID="string_55" HPOS="552" VPOS="638" WIDTH="60" HEIGHT="25" WC="0.96" CONTENT="1897,"/><SP WIDTH="25" VPOS="638" HPOS="612"/>
							<String ID="string_56" HPOS="637" VPOS="639" WIDTH="38" HEIGHT="18" WC="0.93" CONTENT="äro"/><SP WIDTH="27" VPOS="639" HPOS="675"/>
							<String ID="string_57" HPOS="702" VPOS="635" WIDTH="126" HEIGHT="22" WC="0.91" CONTENT="faststälda"/><SP WIDTH="22" VPOS="635" HPOS="828"/>
							<String ID="string_58" HPOS="850" VPOS="636" WIDTH="36" HEIGHT="20" WC="0.96" CONTENT="att"/>
						</TextLine>
						<TextLine ID="line_10" HPOS="126" VPOS="669" WIDTH="760" HEIGHT="28">
							<String ID="string_59" HPOS="126" VPOS="669" WIDTH="64" HEIGHT="28" WC="0.96" CONTENT="gälla"/><SP WIDTH="16" VPOS="669" HPOS="190"/>
							<String ID="string_60" HPOS="206" VPOS="669" WIDTH="83" HEIGHT="21" WC="0.96" CONTENT="endast"/><SP WIDTH="15" VPOS="669" HPOS="289"/>
							<String ID="string_61" HPOS="304" VPOS="669" WIDTH="37" HEIGHT="21" WC="0.96" CONTENT="till"/><SP WIDTH="16" VPOS="669" HPOS="341"/>
							<String ID="string_62" HPOS="357" VPOS="669" WIDTH="43" HEIGHT="22" WC="0.96" CONTENT="och"/><SP WIDTH="15" VPOS="669" HPOS="400"/>
							<String ID="string_63" HPOS="415" VPOS="669" WIDTH="54" HEIGHT="22" WC="0.96" CONTENT="med"/><SP WIDTH="16" VPOS="669" HPOS="469"/>
							<String ID="string_64" HPOS="485" VPOS="670" WIDTH="26" HEIGHT="20" WC="0.96" CONTENT="år"/><SP WIDTH="18" VPOS="670" HPOS="511"/>
							<String ID="string_65" HPOS="529" VPOS="672" WIDTH="60" HEIGHT="25" WC="0.96" CONTENT="1900,"/><SP WIDTH="21" VPOS="672" HPOS="589"/>
							<String ID="string_66" HPOS="610" VPOS="670" WIDTH="43" HEIGHT="21" WC="0.96" CONTENT="vill"/><SP WIDTH="18" VPOS="670" HPOS="653"/>
							<String ID="string_67" HPOS="671" VPOS="670" WIDTH="66" HEIGHT="21" WC="0.96" CONTENT="Hans"/><SP WIDTH="16" VPOS="670" HPOS="737"/>
							<String ID="string_68" HPOS="753" VPOS="669" WIDTH="133" HEIGHT="28" WC="0.95" CONTENT="Kejserliga"/>
						</TextLine>
						<TextLine ID="line_11" HPOS="126" VPOS="703" WIDTH="759" HEIGHT="29">
							<String ID="string_69" HPOS="126" VPOS="703" WIDTH="112" HEIGHT="29" WC="0.74" CONTENT="Majestät"/><SP WIDTH="15" VPOS="703" HPOS="238"/>
							<String ID="string_70" HPOS="253" VPOS="703" WIDTH="96" HEIGHT="22" WC="0.94" CONTENT="härmed"/><SP WIDTH="22" VPOS="703" HPOS="349"/>
							<String ID="string_71" HPOS="371" VPOS="703" WIDTH="38" HEIGHT="22" WC="0.92" CONTENT="till"/><SP WIDTH="23" VPOS="703" HPOS="409"/>
							<String ID="string_72" HPOS="432" VPOS="703" WIDTH="134" HEIGHT="22" WC="0.91" CONTENT="Ständerna"/><SP WIDTH="18" VPOS="703" HPOS="566"/>
							<String ID="string_73" HPOS="584" VPOS="704" WIDTH="145" HEIGHT="21" WC="0.92" CONTENT="öfverlemna"/><SP WIDTH="16" VPOS="704" HPOS="729"/>
							<String ID="string_74" HPOS="745" VPOS="706" WIDTH="34" HEIGHT="19" WC="0.95" CONTENT="att"/><SP WIDTH="15" VPOS="706" HPOS="779"/>
							<String ID="string_75" HPOS="794" VPOS="703" WIDTH="91" HEIGHT="22" WC="0.96" CONTENT="besluta"/>
						</TextLine>
						<TextLine ID="line_12" HPOS="127" VPOS="737" WIDTH="759" HEIGHT="30">
							<String ID="string_76" HPOS="127" VPOS="737" WIDTH="121" HEIGHT="29" WC="0.88" CONTENT="angående"/><SP WIDTH="23" VPOS="737" HPOS="248"/>
							<String ID="string_77" HPOS="271" VPOS="737" WIDTH="219" HEIGHT="22" WC="0.88" CONTENT="bränvinsskattens"/><SP WIDTH="16" VPOS="737" HPOS="490"/>
							<String ID="string_78" HPOS="506" VPOS="738" WIDTH="87" HEIGHT="29" WC="0.96" CONTENT="belopp"/><SP WIDTH="16" VPOS="738" HPOS="593"/>
							<String ID="string_79" HPOS="609" VPOS="740" WIDTH="61" HEIGHT="19" WC="0.93" CONTENT="samt"/><SP WIDTH="15" VPOS="740" HPOS="670"/>
							<String ID="string_80" HPOS="685" VPOS="738" WIDTH="145" HEIGHT="21" WC="0.91" CONTENT="densammas"/><SP WIDTH="16" VPOS="738" HPOS="830"/>
							<String ID="string_81" HPOS="846" VPOS="745" WIDTH="40" HEIGHT="13" WC="0.89" CONTENT="an-"/>
						</TextLine>
						<TextLine ID="line_13" HPOS="125" VPOS="772" WIDTH="760" HEIGHT="29">
							<String ID="string_82" HPOS="125" VPOS="772" WIDTH="126" HEIGHT="21" WC="0.96" CONTENT="vändande"/><SP WIDTH="17" VPOS="772" HPOS="251"/>
							<String ID="string_83" HPOS="268" VPOS="772" WIDTH="43" HEIGHT="21" WC="0.96" CONTENT="och"/><SP WIDTH="16" VPOS="772" HPOS="311"/>
							<String ID="string_84" HPOS="327" VPOS="772" WIDTH="135" HEIGHT="29" WC="0.96" CONTENT="fördelning"/><SP WIDTH="15" VPOS="772" HPOS="462"/>
							<String ID="string_85" HPOS="477" VPOS="772" WIDTH="77" HEIGHT="21" WC="0.93" CONTENT="under"/><SP WIDTH="18" VPOS="772" HPOS="554"/>
							<String ID="string_86" HPOS="572" VPOS="772" WIDTH="213" HEIGHT="29" WC="0.92" CONTENT="budgetsperioden"/><SP WIDTH="18" VPOS="772" HPOS="785"/>
							<String ID="string_87" HPOS="803" VPOS="774" WIDTH="82" HEIGHT="19" WC="0.90" CONTENT="1901—"/>
						</TextLine>
						<TextLine ID="line_14" HPOS="129" VPOS="809" WIDTH="61" HEIGHT="19">
							<String ID="string_88" HPOS="129" VPOS="809" WIDTH="61" HEIGHT="19" WC="0.96" CONTENT="1904."/>
						</TextLine>
					</TextBlock>
					<TextBlock ID="block_3" HPOS="126" VPOS="841" WIDTH="760" HEIGHT="132">
						<TextLine ID="line_15" HPOS="195" VPOS="841" WIDTH="690" HEIGHT="28">
							<String ID="string_89" HPOS="195" VPOS="841" WIDTH="164" HEIGHT="21" WC="0.96" CONTENT="Inkomsterna"/><SP WIDTH="15" VPOS="841" HPOS="359"/>
							<String ID="string_90" HPOS="374" VPOS="841" WIDTH="27" HEIGHT="21" WC="0.93" CONTENT="af"/><SP WIDTH="14" VPOS="841" HPOS="401"/>
							<String ID="string_91" HPOS="415" VPOS="841" WIDTH="124" HEIGHT="21" WC="0.91" CONTENT="bränvins-"/><SP WIDTH="16" VPOS="841" HPOS="539"/>
							<String ID="string_92" HPOS="555" VPOS="841" WIDTH="44" HEIGHT="21" WC="0.93" CONTENT="och"/><SP WIDTH="18" VPOS="841" HPOS="599"/>
							<String ID="string_93" HPOS="617" VPOS="841" WIDTH="268" HEIGHT="28" WC="0.91" CONTENT="utskänkningsskatten"/>
						</TextLine>
						<TextLine ID="line_16" HPOS="129" VPOS="875" WIDTH="757" HEIGHT="21">
							<String ID="string_94" HPOS="129" VPOS="875" WIDTH="120" HEIGHT="21" WC="0.95" CONTENT="äfvensom"/><SP WIDTH="18" VPOS="875" HPOS="249"/>
							<String ID="string_95" HPOS="267" VPOS="875" WIDTH="158" HEIGHT="21" WC="0.96" CONTENT="kostnaderna"/><SP WIDTH="15" VPOS="875" HPOS="425"/>
							<String ID="string_96" HPOS="440" VPOS="875" WIDTH="37" HEIGHT="21" WC="0.96" CONTENT="för"/><SP WIDTH="16" VPOS="875" HPOS="477"/>
							<String ID="string_97" HPOS="493" VPOS="875" WIDTH="135" HEIGHT="21" WC="0.96" CONTENT="kontrollen"/><SP WIDTH="16" VPOS="875" HPOS="628"/>
							<String ID="string_98" HPOS="644" VPOS="876" WIDTH="66" HEIGHT="20" WC="0.92" CONTENT="öfver"/><SP WIDTH="16" VPOS="876" HPOS="710"/>
							<String ID="string_99" HPOS="726" VPOS="875" WIDTH="160" HEIGHT="21" WC="0.91" CONTENT="bränvinstill-"/>
						</TextLine>
						<TextLine ID="line_17" HPOS="126" VPOS="909" WIDTH="752" HEIGHT="29">
							<String ID="string_100" HPOS="126" VPOS="909" WIDTH="148" HEIGHT="28" WC="0.91" CONTENT="verkningen"/><SP WIDTH="23" VPOS="909" HPOS="274"/>
							<String ID="string_101" HPOS="297" VPOS="910" WIDTH="43" HEIGHT="21" WC="0.96" CONTENT="och"/><SP WIDTH="16" VPOS="910" HPOS="340"/>
							<String ID="string_102" HPOS="356" VPOS="910" WIDTH="28" HEIGHT="21" WC="0.96" CONTENT="de"/><SP WIDTH="16" VPOS="910" HPOS="384"/>
							<String ID="string_103" HPOS="400" VPOS="910" WIDTH="93" HEIGHT="28" WC="0.95" CONTENT="belopp,"/><SP WIDTH="24" VPOS="910" HPOS="493"/>
							<String ID="string_104" HPOS="517" VPOS="917" WIDTH="50" HEIGHT="14" WC="0.96" CONTENT="som"/><SP WIDTH="17" VPOS="917" HPOS="567"/>
							<String ID="string_105" HPOS="584" VPOS="910" WIDTH="26" HEIGHT="21" WC="0.96" CONTENT="af"/><SP WIDTH="14" VPOS="910" HPOS="610"/>
							<String ID="string_106" HPOS="624" VPOS="910" WIDTH="93" HEIGHT="21" WC="0.92" CONTENT="skatten"/><SP WIDTH="15" VPOS="910" HPOS="717"/>
							<String ID="string_107" HPOS="732" VPOS="909" WIDTH="146" HEIGHT="22" WC="0.90" CONTENT="restituerats"/>
						</TextLine>
						<TextLine ID="line_18" HPOS="126" VPOS="944" WIDTH="743" HEIGHT="29">
							<String ID="string_108" HPOS="126" VPOS="944" WIDTH="76" HEIGHT="21" WC="0.96" CONTENT="under"/><SP WIDTH="16" VPOS="944" HPOS="202"/>
							<String ID="string_109" HPOS="218" VPOS="945" WIDTH="55" HEIGHT="20" WC="0.93" CONTENT="åren"/><SP WIDTH="18" VPOS="945" HPOS="273"/>
							<String ID="string_110" HPOS="291" VPOS="946" WIDTH="139" HEIGHT="20" WC="0.92" CONTENT="1896—1898"/><SP WIDTH="17" VPOS="946" HPOS="430"/>
							<String ID="string_111" HPOS="447" VPOS="945" WIDTH="94" HEIGHT="28" WC="0.96" CONTENT="framgå"/><SP WIDTH="15" VPOS="945" HPOS="541"/>
							<String ID="string_112" HPOS="556" VPOS="952" WIDTH="28" HEIGHT="13" WC="0.96" CONTENT="ur"/><SP WIDTH="15" VPOS="952" HPOS="584"/>
							<String ID="string_113" HPOS="599" VPOS="945" WIDTH="173" HEIGHT="21" WC="0.96" CONTENT="nedanstående"/><SP WIDTH="15" VPOS="945" HPOS="772"/>
							<String ID="string_114" HPOS="787" VPOS="944" WIDTH="82" HEIGHT="21" WC="0.96" CONTENT="tabell:"/>
						</TextLine>
					</TextBlock>
				</ComposedBlock>
				<GraphicalElement ID="cblock_3" HPOS="122" VPOS="997" WIDTH="764" HEIGHT="15"></GraphicalElement >
				<Illustration ID="cblock_4" HPOS="458" VPOS="1086" WIDTH="188" HEIGHT="195"></Illustration>
				<ComposedBlock ID="cblock_5" HPOS="122" VPOS="1026" WIDTH="762" HEIGHT="297">
					<TextBlock ID="block_4" HPOS="122" VPOS="1026" WIDTH="762" HEIGHT="297">
						<TextLine ID="line_19" HPOS="351" VPOS="1026" WIDTH="533" HEIGHT="32">
							<String ID="string_115" HPOS="351" VPOS="1026" WIDTH="160" HEIGHT="32" WC="0.95" CONTENT="Inkomst."/><SP WIDTH="217" VPOS="1026" HPOS="511"/>
							<String ID="string_116" HPOS="728" VPOS="1030" WIDTH="99" HEIGHT="23" WC="0.90" CONTENT="Utgift."/><SP WIDTH="55" VPOS="1030" HPOS="827"/>
							<String ID="string_117" HPOS="882" VPOS="1029" WIDTH="2" HEIGHT="9" WC="0.95" CONTENT="|"/>
						</TextLine>
						<TextLine ID="line_20" HPOS="522" VPOS="1074" WIDTH="323" HEIGHT="27">
							<String ID="string_118" HPOS="522" VPOS="1074" WIDTH="43" HEIGHT="1" WC="0.65" CONTENT="&lt;"/><SP WIDTH="105" VPOS="1074" HPOS="565"/>
							<String ID="string_119" HPOS="670" VPOS="1074" WIDTH="104" HEIGHT="7" WC="0.41" CONTENT="N."/><SP WIDTH="59" VPOS="1074" HPOS="774"/>
							<String ID="string_120" HPOS="833" VPOS="1088" WIDTH="12" HEIGHT="13" WC="0.68" CONTENT="-"/>
						</TextLine>
						<TextLine ID="line_21" HPOS="197" VPOS="1101" WIDTH="647" HEIGHT="26">
							<String ID="string_121" HPOS="197" VPOS="1111" WIDTH="1" HEIGHT="3" WC="0.92" CONTENT="|"/><SP WIDTH="173" VPOS="1111" HPOS="198"/>
							<String ID="string_122" HPOS="371" VPOS="1101" WIDTH="13" HEIGHT="26" WC="0.86" CONTENT="E"/><SP WIDTH="340" VPOS="1101" HPOS="384"/>
							<String ID="string_123" HPOS="724" VPOS="1121" WIDTH="12" HEIGHT="5" WC="0.11" CONTENT="="/><SP WIDTH="96" VPOS="1121" HPOS="736"/>
							<String ID="string_124" HPOS="832" VPOS="1103" WIDTH="12" HEIGHT="22" WC="0.87" CONTENT="i"/>
						</TextLine>
						<TextLine ID="line_22" HPOS="150" VPOS="1124" WIDTH="695" HEIGHT="19">
							<String ID="string_125" HPOS="150" VPOS="1129" WIDTH="6" HEIGHT="4" WC="0.79" CONTENT="År:"/><SP WIDTH="41" VPOS="1129" HPOS="156"/>
							<String ID="string_126" HPOS="197" VPOS="1126" WIDTH="1" HEIGHT="16" WC="0.91" CONTENT="|"/><SP WIDTH="59" VPOS="1126" HPOS="198"/>
							<String ID="string_127" HPOS="257" VPOS="1127" WIDTH="12" HEIGHT="14" WC="0.47" CONTENT="E"/><SP WIDTH="103" VPOS="1127" HPOS="269"/>
							<String ID="string_128" HPOS="372" VPOS="1124" WIDTH="13" HEIGHT="19" WC="0.79" CONTENT="="/><SP WIDTH="339" VPOS="1124" HPOS="385"/>
							<String ID="string_129" HPOS="724" VPOS="1126" WIDTH="12" HEIGHT="17" WC="0.72" CONTENT="4"/><SP WIDTH="97" VPOS="1126" HPOS="736"/>
							<String ID="string_130" HPOS="833" VPOS="1126" WIDTH="12" HEIGHT="11" WC="0.83" CONTENT="E"/>
						</TextLine>
						<TextLine ID="line_23" HPOS="145" VPOS="1131" WIDTH="697" HEIGHT="46">
							<String ID="string_131" HPOS="145" VPOS="1131" WIDTH="32" HEIGHT="46" WC="0.78" CONTENT="Är."/><SP WIDTH="80" VPOS="1131" HPOS="177"/>
							<String ID="string_132" HPOS="257" VPOS="1142" WIDTH="12" HEIGHT="19" WC="0.93" CONTENT="E"/><SP WIDTH="102" VPOS="1142" HPOS="269"/>
							<String ID="string_133" HPOS="371" VPOS="1139" WIDTH="14" HEIGHT="19" WC="0.92" CONTENT="E"/><SP WIDTH="322" VPOS="1139" HPOS="385"/>
							<String ID="string_134" HPOS="707" VPOS="1136" WIDTH="135" HEIGHT="30" WC="0.34" CONTENT="EAN:"/>
						</TextLine>
						<TextLine ID="line_24" HPOS="122" VPOS="1155" WIDTH="723" HEIGHT="30">
							<String ID="string_135" HPOS="122" VPOS="1156" WIDTH="1" HEIGHT="15" WC="0.92" CONTENT="|"/><SP WIDTH="134" VPOS="1156" HPOS="123"/>
							<String ID="string_136" HPOS="257" VPOS="1164" WIDTH="12" HEIGHT="14" WC="0.54" CONTENT="å"/><SP WIDTH="103" VPOS="1164" HPOS="269"/>
							<String ID="string_137" HPOS="372" VPOS="1160" WIDTH="13" HEIGHT="20" WC="0.28" CONTENT="E"/><SP WIDTH="173" VPOS="1160" HPOS="385"/>
							<String ID="string_138" HPOS="558" VPOS="1155" WIDTH="9" HEIGHT="24" WC="0.92" CONTENT="E"/><SP WIDTH="140" VPOS="1155" HPOS="567"/>
							<String ID="string_139" HPOS="707" VPOS="1159" WIDTH="26" HEIGHT="21" WC="0.59" CONTENT="E"/><SP WIDTH="82" VPOS="1159" HPOS="733"/>
							<String ID="string_140" HPOS="815" VPOS="1166" WIDTH="30" HEIGHT="19" WC="0.60" CONTENT="si"/>
						</TextLine>
						<TextLine ID="line_25" HPOS="257" VPOS="1180" WIDTH="570" HEIGHT="12">
							<String ID="string_141" HPOS="257" VPOS="1180" WIDTH="8" HEIGHT="8" WC="0.94" CONTENT="E"/><SP WIDTH="107" VPOS="1180" HPOS="265"/>
							<String ID="string_142" HPOS="372" VPOS="1182" WIDTH="13" HEIGHT="5" WC="0.57" CONTENT="A"/><SP WIDTH="173" VPOS="1182" HPOS="385"/>
							<String ID="string_143" HPOS="558" VPOS="1180" WIDTH="12" HEIGHT="9" WC="0.96" CONTENT="2"/><SP WIDTH="137" VPOS="1180" HPOS="570"/>
							<String ID="string_144" HPOS="707" VPOS="1180" WIDTH="30" HEIGHT="10" WC="0.61" CONTENT="52"/><SP WIDTH="78" VPOS="1180" HPOS="737"/>
							<String ID="string_145" HPOS="815" VPOS="1186" WIDTH="12" HEIGHT="6" WC="0.63" CONTENT="5"/>
						</TextLine>
						<TextLine ID="line_26" HPOS="257" VPOS="1189" WIDTH="588" HEIGHT="19">
							<String ID="string_146" HPOS="257" VPOS="1191" WIDTH="8" HEIGHT="14" WC="0.80" CONTENT="i"/><SP WIDTH="104" VPOS="1191" HPOS="265"/>
							<String ID="string_147" HPOS="369" VPOS="1189" WIDTH="12" HEIGHT="19" WC="0.90" CONTENT="E"/><SP WIDTH="177" VPOS="1189" HPOS="381"/>
							<String ID="string_148" HPOS="558" VPOS="1191" WIDTH="13" HEIGHT="13" WC="0.83" CONTENT="2"/><SP WIDTH="136" VPOS="1191" HPOS="571"/>
							<String ID="string_149" HPOS="707" VPOS="1190" WIDTH="26" HEIGHT="18" WC="0.38" CONTENT="2?"/><SP WIDTH="82" VPOS="1190" HPOS="733"/>
							<String ID="string_150" HPOS="815" VPOS="1192" WIDTH="30" HEIGHT="10" WC="0.45" CONTENT="E"/>
						</TextLine>
						<TextLine ID="line_27" HPOS="257" VPOS="1203" WIDTH="589" HEIGHT="13">
							<String ID="string_151" HPOS="257" VPOS="1207" WIDTH="12" HEIGHT="9" WC="0.86" CONTENT="E"/><SP WIDTH="103" VPOS="1207" HPOS="269"/>
							<String ID="string_152" HPOS="372" VPOS="1210" WIDTH="9" HEIGHT="6" WC="0.51" CONTENT="ä"/><SP WIDTH="95" VPOS="1210" HPOS="381"/>
							<String ID="string_153" HPOS="476" VPOS="1203" WIDTH="13" HEIGHT="9" WC="0.53" CONTENT="x"/><SP WIDTH="69" VPOS="1203" HPOS="489"/>
							<String ID="string_154" HPOS="558" VPOS="1206" WIDTH="4" HEIGHT="3" WC="0.91" CONTENT=":"/><SP WIDTH="145" VPOS="1206" HPOS="562"/>
							<String ID="string_155" HPOS="707" VPOS="1204" WIDTH="9" HEIGHT="8" WC="0.59" CONTENT="E"/><SP WIDTH="117" VPOS="1204" HPOS="716"/>
							<String ID="string_156" HPOS="833" VPOS="1204" WIDTH="13" HEIGHT="11" WC="0.68" CONTENT="a"/>
						</TextLine>
						<TextLine ID="line_28" HPOS="256" VPOS="1212" WIDTH="589" HEIGHT="20">
							<String ID="string_157" HPOS="256" VPOS="1218" WIDTH="9" HEIGHT="8" WC="0.56" CONTENT="3"/><SP WIDTH="108" VPOS="1218" HPOS="265"/>
							<String ID="string_158" HPOS="373" VPOS="1218" WIDTH="8" HEIGHT="6" WC="0.41" CONTENT="3"/><SP WIDTH="95" VPOS="1218" HPOS="381"/>
							<String ID="string_159" HPOS="476" VPOS="1214" WIDTH="9" HEIGHT="8" WC="0.59" CONTENT="ZE"/><SP WIDTH="48" VPOS="1214" HPOS="485"/>
							<String ID="string_160" HPOS="533" VPOS="1226" WIDTH="1" HEIGHT="4" WC="0.91" CONTENT="|"/><SP WIDTH="173" VPOS="1226" HPOS="534"/>
							<String ID="string_161" HPOS="707" VPOS="1214" WIDTH="30" HEIGHT="18" WC="0.57" CONTENT="Ea"/><SP WIDTH="96" VPOS="1214" HPOS="737"/>
							<String ID="string_162" HPOS="833" VPOS="1212" WIDTH="12" HEIGHT="19" WC="0.43" CONTENT="Ea"/>
						</TextLine>
						<TextLine ID="line_29" HPOS="122" VPOS="1224" WIDTH="724" HEIGHT="24">
							<String ID="string_163" HPOS="122" VPOS="1239" WIDTH="1" HEIGHT="4" WC="0.89" CONTENT="|"/><SP WIDTH="133" VPOS="1239" HPOS="123"/>
							<String ID="string_164" HPOS="256" VPOS="1227" WIDTH="11" HEIGHT="15" WC="0.85" CONTENT="F"/><SP WIDTH="104" VPOS="1227" HPOS="267"/>
							<String ID="string_165" HPOS="371" VPOS="1226" WIDTH="14" HEIGHT="19" WC="0.84" CONTENT="E"/><SP WIDTH="90" VPOS="1226" HPOS="385"/>
							<String ID="string_166" HPOS="475" VPOS="1224" WIDTH="12" HEIGHT="24" WC="0.81" CONTENT="53"/><SP WIDTH="46" VPOS="1224" HPOS="487"/>
							<String ID="string_167" HPOS="533" VPOS="1232" WIDTH="2" HEIGHT="5" WC="0.91" CONTENT="|"/><SP WIDTH="189" VPOS="1232" HPOS="535"/>
							<String ID="string_168" HPOS="724" VPOS="1229" WIDTH="13" HEIGHT="12" WC="0.71" CONTENT="s"/><SP WIDTH="96" VPOS="1229" HPOS="737"/>
							<String ID="string_169" HPOS="833" VPOS="1232" WIDTH="13" HEIGHT="15" WC="0.81" CONTENT="z"/>
						</TextLine>
						<TextLine ID="line_30" HPOS="371" VPOS="1234" WIDTH="471" HEIGHT="42">
							<String ID="string_170" HPOS="371" VPOS="1246" WIDTH="12" HEIGHT="15" WC="0.52" CONTENT="3"/><SP WIDTH="89" VPOS="1246" HPOS="383"/>
							<String ID="string_171" HPOS="472" VPOS="1234" WIDTH="17" HEIGHT="37" WC="0.50" CONTENT="EA"/><SP WIDTH="44" VPOS="1234" HPOS="489"/>
							<String ID="string_172" HPOS="533" VPOS="1238" WIDTH="2" HEIGHT="38" WC="0.89" CONTENT="|"/><SP WIDTH="298" VPOS="1238" HPOS="535"/>
							<String ID="string_173" HPOS="833" VPOS="1249" WIDTH="9" HEIGHT="17" WC="0.95" CONTENT="E"/>
						</TextLine>
						<TextLine ID="line_31" HPOS="196" VPOS="1291" WIDTH="338" HEIGHT="32">
							<String ID="string_174" HPOS="196" VPOS="1291" WIDTH="2" HEIGHT="15" WC="0.88" CONTENT="|"/><SP WIDTH="334" VPOS="1291" HPOS="198"/>
							<String ID="string_175" HPOS="532" VPOS="1292" WIDTH="2" HEIGHT="31" WC="0.90" CONTENT="|"/>
						</TextLine>
					</TextBlock>
				</ComposedBlock>
				<ComposedBlock ID="cblock_6" HPOS="121" VPOS="1227" WIDTH="760" HEIGHT="168">
					<TextBlock ID="block_5" HPOS="121" VPOS="1227" WIDTH="760" HEIGHT="168">
						<TextLine ID="line_32" HPOS="774" VPOS="1227" WIDTH="1" HEIGHT="19">
							<String ID="string_176" HPOS="774" VPOS="1227" WIDTH="1" HEIGHT="19" WC="0.94" CONTENT="|"/>
						</TextLine>
						<TextLine ID="line_33" HPOS="121" VPOS="1291" WIDTH="734" HEIGHT="47">
							<String ID="string_177" HPOS="121" VPOS="1308" WIDTH="1" HEIGHT="3" WC="0.69" CONTENT="I"/><SP WIDTH="201" VPOS="1308" HPOS="122"/>
							<String ID="string_178" HPOS="323" VPOS="1293" WIDTH="2" HEIGHT="30" WC="0.78" CONTENT="|"/><SP WIDTH="73" VPOS="1293" HPOS="325"/>
							<String ID="string_179" HPOS="398" VPOS="1304" WIDTH="1" HEIGHT="24" WC="0.92" CONTENT="|"/><SP WIDTH="134" VPOS="1304" HPOS="399"/>
							<String ID="string_180" HPOS="533" VPOS="1324" WIDTH="1" HEIGHT="3" WC="0.93" CONTENT="|"/><SP WIDTH="102" VPOS="1324" HPOS="534"/>
							<String ID="string_181" HPOS="636" VPOS="1292" WIDTH="1" HEIGHT="46" WC="0.83" CONTENT="|"/><SP WIDTH="107" VPOS="1292" HPOS="637"/>
							<String ID="string_182" HPOS="744" VPOS="1297" WIDTH="2" HEIGHT="14" WC="0.83" CONTENT="|"/><SP WIDTH="27" VPOS="1297" HPOS="746"/>
							<String ID="string_183" HPOS="773" VPOS="1295" WIDTH="2" HEIGHT="26" WC="0.58" CONTENT="|"/><SP WIDTH="79" VPOS="1295" HPOS="775"/>
							<String ID="string_184" HPOS="854" VPOS="1291" WIDTH="1" HEIGHT="35" WC="0.88" CONTENT="|"/>
						</TextLine>
						<TextLine ID="line_34" HPOS="132" VPOS="1326" WIDTH="749" HEIGHT="36">
							<String ID="string_185" HPOS="132" VPOS="1336" WIDTH="55" HEIGHT="17" WC="0.84" CONTENT="1896"/><SP WIDTH="-6" VPOS="1336" HPOS="187"/>
							<String ID="string_186" HPOS="181" VPOS="1322" WIDTH="8" HEIGHT="43" WC="0.84" CONTENT="."/><SP WIDTH="11" VPOS="1322" HPOS="189"/>
							<String ID="string_187" HPOS="200" VPOS="1326" WIDTH="124" HEIGHT="35" WC="0.19" CONTENT="|4,519,986/32]"/><SP WIDTH="9" VPOS="1326" HPOS="324"/>
							<String ID="string_188" HPOS="333" VPOS="1333" WIDTH="91" HEIGHT="28" WC="0.57" CONTENT="30,847"/><SP WIDTH="-22" VPOS="1333" HPOS="424"/>
							<String ID="string_189" HPOS="402" VPOS="1322" WIDTH="27" HEIGHT="43" WC="0.57" CONTENT="78]"/><SP WIDTH="8" VPOS="1322" HPOS="429"/>
							<String ID="string_190" HPOS="437" VPOS="1332" WIDTH="97" HEIGHT="25" WC="0.75" CONTENT="79,393|48]"/><SP WIDTH="26" VPOS="1332" HPOS="534"/>
							<String ID="string_191" HPOS="560" VPOS="1336" WIDTH="211" HEIGHT="26" WC="0.40" CONTENT="696,730,891210,535:88"/><SP WIDTH="8" VPOS="1336" HPOS="771"/>
							<String ID="string_192" HPOS="779" VPOS="1332" WIDTH="102" HEIGHT="30" WC="0.59" CONTENT="136,524/42"/>
						</TextLine>
						<TextLine ID="line_35" HPOS="132" VPOS="1351" WIDTH="749" HEIGHT="44">
							<String ID="string_193" HPOS="132" VPOS="1370" WIDTH="55" HEIGHT="17" WC="0.92" CONTENT="1897"/><SP WIDTH="-7" VPOS="1370" HPOS="187"/>
							<String ID="string_194" HPOS="180" VPOS="1359" WIDTH="11" HEIGHT="40" WC="0.76" CONTENT="."/><SP WIDTH="9" VPOS="1359" HPOS="191"/>
							<String ID="string_195" HPOS="200" VPOS="1364" WIDTH="124" HEIGHT="27" WC="0.24" CONTENT="|5,266,666|97)"/><SP WIDTH="9" VPOS="1364" HPOS="324"/>
							<String ID="string_196" HPOS="333" VPOS="1363" WIDTH="95" HEIGHT="32" WC="0.92" CONTENT="32,948"/><SP WIDTH="-24" VPOS="1363" HPOS="428"/>
							<String ID="string_197" HPOS="404" VPOS="1359" WIDTH="28" HEIGHT="40" WC="0.61" CONTENT="41]"/><SP WIDTH="4" VPOS="1359" HPOS="432"/>
							<String ID="string_198" HPOS="436" VPOS="1371" WIDTH="64" HEIGHT="20" WC="0.91" CONTENT="83,340"/><SP WIDTH="7" VPOS="1371" HPOS="500"/>
							<String ID="string_199" HPOS="507" VPOS="1351" WIDTH="27" HEIGHT="43" WC="0.86" CONTENT="M"/><SP WIDTH="25" VPOS="1351" HPOS="534"/>
							<String ID="string_200" HPOS="559" VPOS="1363" WIDTH="322" HEIGHT="29" WC="0.30" CONTENT="841,070/71/224,601/47]121,474/99]"/>
						</TextLine>
					</TextBlock>
				</ComposedBlock>
				<ComposedBlock ID="cblock_7" HPOS="132" VPOS="1398" WIDTH="749" HEIGHT="29">
					<TextBlock ID="block_6" HPOS="132" VPOS="1398" WIDTH="749" HEIGHT="29">
						<TextLine ID="line_36" HPOS="132" VPOS="1398" WIDTH="749" HEIGHT="29">
							<String ID="string_201" HPOS="132" VPOS="1404" WIDTH="44" HEIGHT="17" WC="0.84" CONTENT="1898"/><SP WIDTH="8" VPOS="1404" HPOS="176"/>
							<String ID="string_202" HPOS="184" VPOS="1417" WIDTH="3" HEIGHT="3" WC="0.84" CONTENT="."/><SP WIDTH="13" VPOS="1417" HPOS="187"/>
							<String ID="string_203" HPOS="200" VPOS="1405" WIDTH="120" HEIGHT="20" WC="0.19" CONTENT="|5,692,672/15!"/><SP WIDTH="13" VPOS="1405" HPOS="320"/>
							<String ID="string_204" HPOS="333" VPOS="1398" WIDTH="90" HEIGHT="28" WC="0.88" CONTENT="36,392,93"/><SP WIDTH="13" VPOS="1398" HPOS="423"/>
							<String ID="string_205" HPOS="436" VPOS="1402" WIDTH="98" HEIGHT="25" WC="0.26" CONTENT="93,232;28;"/><SP WIDTH="10" VPOS="1402" HPOS="534"/>
							<String ID="string_206" HPOS="544" VPOS="1404" WIDTH="337" HEIGHT="22" WC="0.49" CONTENT="1,065,214/72|198,686|12:144,204:29)"/>
						</TextLine>
					</TextBlock>
				</ComposedBlock>
				<GraphicalElement ID="cblock_8" HPOS="119" VPOS="1009" WIDTH="7" HEIGHT="416"></GraphicalElement >
				<GraphicalElement ID="cblock_9" HPOS="880" VPOS="1040" WIDTH="8" HEIGHT="385"></GraphicalElement >
				<GraphicalElement ID="cblock_10" HPOS="425" VPOS="1077" WIDTH="6" HEIGHT="350"></GraphicalElement >
				<GraphicalElement ID="cblock_11" HPOS="773" VPOS="1322" WIDTH="2" HEIGHT="87"></GraphicalElement >
			</PrintSpace>
		</Page>
	</Layout>
</alto>
