1048 1631
114 1336 12 20 5
139 1318 25 50 8.

232 88 42 20 100
435 86 28 22 U.
480 86 27 22 B.
524 100 26 3 —
567 86 75 30 Prop.
658 86 45 24 N:o
719 86 13 22 1

200 161 38 16 vi
260 152 53 29 iuko
335 154 78 27 någon
435 160 88 15 annans
544 154 46 20 rätt
611 152 134 29 derigenom
765 153 76 22 trädes
858 152 35 20 för
909 156 46 17 när.

200 187 77 22 Ocksä
295 188 8 21 i
319 188 165 29 förordningen
501 188 44 21 den
563 190 29 19 24
608 188 62 22 Mars
688 190 57 20 1873
761 188 119 29 angäende
895 188 62 22 flott-

200 223 57 29 ning
277 224 24 21 af
323 224 140 28 skogsalster
487 224 153 29 underläggas
660 224 4 21 i
680 224 29 29 85
725 227 58 19 2—5
800 225 117 21 ordnande
933 225 24 21 af

199 259 148 29 flottningen,
364 260 137 21 utfärdande
518 259 24 22 af
557 260 220 29 flottningsstadgar
792 260 53 21 med
861 260 56 22 flere
933 261 24 21 af

200 295 141 29 flottningen
364 295 121 29 päkallade
507 295 194 29 tjensteätgärder
721 299 156 25 guvernörens
894 297 62 20 kom-

200 333 88 26 petens.

272 368 12 21 I
300 367 133 29 anslutning
449 367 77 22 härtill
541 367 129 22 innehåller
685 369 14 20 4
712 368 14 29 &
737 370 13 19 6
761 369 52 28 kap.
825 368 34 21 uti
874 368 81 28 ifräga-

200 403 101 22 varande
318 403 86 29 förslag
420 403 35 22 till
471 404 38 28 lag
526 404 118 28 angäende
656 406 161 24 vattenrätten,
829 406 34 19 att
872 404 44 21 alla
927 405 28 21 de

200 439 107 26 ärenden,
324 439 80 22 hvilka
420 442 59 26 angä
491 440 144 21 utverkande
647 440 24 21 af
683 439 104 22 tillständ
798 440 73 28 enligt
881 440 75 21 denna

200 475 37 28 lag
255 488 27 3 —
299 475 44 21 och
359 475 96 22 sålunda
471 475 70 22 äfven
557 475 90 29 företag
663 475 9 22 i
691 475 102 26 ,mindre
804 476 150 28 vattendrag"

201 524 35 13 —,
258 511 117 21 ordnande
392 511 23 21 af
431 511 109 28 flottning
556 511 54 22 eller
626 512 67 28 eljest
709 511 129 29 ordningen
853 511 40 22 vid
909 515 47 18 vat

200 547 110 28 tendrags
333 547 129 28 nyttjande,
486 547 65 22 skola
575 547 143 28 handläggas
740 547 23 22 af
784 551 145 25 guvernören
947 547 9 22 i

200 583 68 20 länet.
301 582 81 22 Säsom
405 583 71 21 redan
499 583 8 21 i
530 583 81 28 början
632 583 24 21 af
677 583 167 28 utläggningen
859 583 96 22 rörande

201 619 63 20 detta
287 619 52 28 kap.
361 619 100 28 antydts,
484 619 41 21 har
544 619 120 21 Utskottet
680 622 75 18 ansett
771 619 70 21 äfven
856 619 99 22 ärenden

200 655 120 28 angäende
336 657 45 18 rätt
396 655 35 20 till
447 655 64 21 lösen
528 655 73 28 enligt
619 657 25 19 12
662 655 14 28 &
694 657 10 18 1
722 655 59 28 kap.,
799 655 71 21 sädan
881 655 75 22 denna

200 690 75 21 skulle
291 690 8 21 i
315 691 68 28 lagen
399 690 54 29 ingä
469 690 72 29 enligt
556 691 133 21 Utskottets
705 690 92 29 förslag,
809 691 56 21 böra
875 691 80 21 under-

200 727 77 21 kastas
302 734 87 14 samma
408 727 131 21 förfarande
558 734 50 14 sum
625 727 35 26 de,
677 726 8 21 i
701 726 80 22 hvilka
796 731 25 17 är
835 727 65 28 fräga
916 734 37 15 om

199 762 117 22 tillständs
332 763 150 25 utverkande,
498 763 94 21 hvarför
608 763 120 22 Utskottet
739 763 8 20 i
758 765 14 18 4
783 763 14 28 &
808 765 13 19 6
832 763 51 28 kap.
896 763 58 21 efter

200 798 66 21 ordet
282 815 11 10 ,,
296 798 117 27 tillstånd"
431 799 70 21 infört
518 798 70 26 ,eller
603 801 46 19 rätt
664 798 37 21 till
715 799 86 21 lösen".

272 834 112 29 Samtliga
404 835 136 20 nästnämda
556 835 62 28 slags
634 834 102 22 ärenden
751 834 122 22 förutsätta
888 834 65 21 alltid

199 870 36 21 för
256 870 66 21 deras
343 870 173 28 handläggning
536 871 42 20 hos
599 873 146 26 guvernören
768 870 146 21 inlemnande
930 870 24 21 af

199 906 110 21 ansökan.
341 906 54 21 Men
419 906 178 21 vidkommande
621 906 129 22 ordnandet
770 906 24 21 af
813 906 141 29 flottningen

198 949 85 21 genom
299 949 46 21 nya
360 941 127 22 flottleders
502 942 129 21 inrättande
642 942 44 21 och
697 942 72 21 andra
779 942 105 28 ätgärder
895 945 60 18 samt

198 977 146 22 beträffande
365 977 128 29 ordningen
513 977 8 22 i
537 978 71 28 öfrigt
623 978 41 21 vid
680 977 132 29 nyttjandet
827 978 24 21 af
865 980 89 19 vatten-

199 1013 57 28 drag
279 1013 46 22 kan
346 1013 73 29 enligt
439 1015 14 19 4
468 1014 14 28 &
497 1017 121 25 guvernör,
636 1013 30 22 dä
683 1013 39 22 det
737 1013 61 22 visar
814 1013 35 29 sig
865 1013 87 29 nödigt,

198 1049 71 21 äfven
285 1051 13 19 &
313 1049 112 22 embetets
441 1053 87 25 vägnar
548 1052 102 26 upptaga
672 1049 35 21 till
727 1049 142 29 behandling
889 1049 65 22 detta

198 1085 63 28 slags
277 1085 107 25 ärenden,
401 1088 75 19 säsom
492 1085 68 21 äfven
577 1085 28 22 de
621 1085 110 29 liggande
742 1087 29 26 pä
781 1085 58 22 hans
849 1085 105 22 omvärd-

198 1121 52 21 nad.
284 1121 44 21 Till
345 1121 105 26 ärenden,
468 1129 48 14 som
532 1125 51 17 röra
601 1121 130 29 ordningen
747 1121 40 21 vid
809 1121 54 22 slikt
883 1121 70 29 öfrigt

197 1157 124 28 nyttjande
344 1157 24 21 af
391 1160 85 23 vatten,
501 1158 95 21 hvarom
620 1164 57 22 nyss
703 1158 84 25 ordats,
811 1162 25 16 är
851 1160 33 19 att
899 1158 54 21 hän-

198 1192 71 22 föras:
294 1193 143 28 kungsädras
461 1193 183 29 öppenhållande
670 1194 42 20 och
733 1193 193 28 tillgodoseendet
945 1193 8 21 i

198 1228 71 28 öfrigt
291 1229 23 21 af
332 1231 100 19 vattnets
449 1229 137 29 tillräckliga
602 1229 86 28 aflopp,
706 1229 44 21 den
767 1229 113 21 allmänna
897 1236 57 14 sam-

198 1264 103 22 färdseln
316 1264 8 22 i
340 1267 85 23 vatten,
443 1267 58 19 samt
516 1265 131 21 inrättande
659 1264 24 21 af
693 1264 98 22 farleder
802 1264 8 22 i
820 1267 79 19 vatten
910 1265 43 21 och

197 1300 112 21 anstalter
325 1300 76 22 derför
417 1308 29 14 m.
463 1308 28 14 m.

271 1338 74 19 5—14
368 1336 29 29 88
420 1336 114 22 innehålla
555 1340 105 18 närmare
676 1336 143 21 föreskrifter
835 1336 118 28 angående

197 1372 158 28 fullföljandet
363 1372 24 21 af
396 1372 157 28 procedyren
544 1368 13 37 i
565 1372 28 21 de
605 1372 108 25 ärenden,
725 1379 49 14 som
786 1372 7 20 i
804 1374 14 19 4
829 1372 14 29 &
854 1372 98 21 beröras.

273 1414 212 18 Vattenrättsutskottets
497 1414 118 18 betänkande
630 1413 36 19 N:o
680 1414 8 18 1
