1048 1631
333 90 28 22 U.
378 90 26 23 B.
421 103 20 2 --
465 90 71 27 Prop.
553 90 40 21 N:o
610 89 20 21 8.
863 88 13 22 3

88 156 51 22 Med
162 156 64 22 detta
249 155 104 22 medeltal
376 156 75 21 såsom
471 155 73 28 grund
563 155 35 22 för
618 155 151 28 beräkningen
785 162 52 14 vore
853 154 24 22 af

89 192 104 22 skattens
216 191 127 29 förhöjning
365 198 27 15 en
416 191 120 28 tillökning
559 192 6 21 i
587 191 128 22 inkomsten
735 191 24 22 af
775 191 102 26 omkring

91 228 79 27 19,000
186 227 64 22 mark
266 234 35 15 om
313 228 48 21 året
371 228 35 21 att
417 228 91 21 emotse.
533 227 32 22 Då
579 227 122 22 emellertid
712 228 6 21 i
729 227 148 22 förenämnda

89 263 105 22 medeltal
210 264 64 27 ingår
289 263 118 22 resultatet
423 263 24 22 af
463 263 38 22 det
516 263 7 22 i
540 263 142 22 ekonomiskt
698 263 105 22 afseende
820 270 55 22 syn-

88 300 99 27 nerligen
210 307 135 21 gynsamma
368 300 49 21 året
439 299 57 22 1898
513 301 60 20 samt
589 299 43 22 den
648 299 129 28 föreslagna
792 299 83 28 förhöj-

88 335 84 28 ningen
192 335 114 22 måhända
321 335 75 22 kunde
412 335 7 22 i
435 336 74 27 någon
527 337 53 20 mån
596 335 124 22 förminska
739 335 137 28 efterfrågan

88 373 30 27 på
134 371 105 29 spelkort,
256 371 61 22 torde
333 371 166 22 årsinkomsten
515 371 35 22 för
566 371 139 22 statsverket
721 371 24 22 af
760 371 115 28 ifrågava-

88 407 68 22 rande
173 407 122 27 bevillning
311 407 48 22 icke
370 407 78 22 kunna
459 407 78 22 anslås
548 407 67 28 högre
626 409 31 20 än
668 407 33 22 till
713 407 82 28 35,000
806 407 69 22 mark.

160 443 32 22 På
208 443 68 22 ofvan
293 443 94 22 anförda
402 443 96 28 grunder
513 443 36 22 får
559 443 256 28 Bevillningsutskottet,
827 450 48 14 som

88 479 7 21 i
118 479 108 29 språkligt:
247 479 104 22 afseende
371 479 96 28 vidtagit
483 480 72 27 några
571 479 84 22 mindre
671 479 120 28 ändringar
806 479 7 21 i
829 479 46 21 för-

88 515 230 28 fattningsförslagets
334 515 76 22 finska
425 515 55 27 text,
497 515 117 22 vördsamt
630 515 87 27 föreslå,

373 572 32 20 att
420 570 81 22 landets
518 570 122 29 Höglofliga
656 571 93 22 Ständer
759 571 64 20 måtte
833 577 41 14 an-

302 607 51 27 taga
367 613 26 14 en
409 607 24 21 så
448 606 95 28 lydande

373 641 134 29 Förordning
523 647 36 18 om
571 642 41 23 den
624 641 122 29 bevillning,
757 647 48 17 som
817 641 57 23 skall

301 677 104 29 erläggas
421 677 37 24 för
471 677 103 29 spelkort
585 678 69 22 under
664 678 54 23 åren
730 677 144 24 1901—1904.

373 713 106 22 Förutom
499 713 44 22 den
560 721 79 20 genom
655 713 83 28 nådiga
753 713 121 28 kungörel-

301 757 40 14 sen
358 749 24 22 af
397 749 43 22 den
457 750 28 21 22
499 750 55 21 Juni
567 750 56 21 1859
634 749 121 22 faststälda
767 749 106 29 stämpel-

301 785 66 28 afgift
382 785 34 22 för
427 785 104 29 spelkort,
544 786 100 27 erlägges
654 785 34 22 för
698 785 77 29 hvarje
786 785 87 22 kortlek

301 828 27 15 en
345 821 203 28 bevillningsafgift
564 821 24 22 af
602 829 26 15 en
644 822 66 22 mark.

372 857 111 22 Senatens
516 857 279 30 Ekonomiedepartement
823 864 51 21 eger

301 893 101 22 meddela
419 893 26 22 de
461 895 104 20 närmare
581 893 137 22 föreskrifter
731 893 142 23 beträffande

301 929 128 29 uppbörden
438 929 41 22 och
487 929 173 28 redovisningen
669 929 23 22 af
700 929 173 28 ifrågavarande

300 965 127 28 bevillning,
444 972 48 15 som
508 965 80 22 kunna
603 965 75 22 finnas
695 965 148 28 erforderliga.

371 1001 79 22 Denna
459 1001 131 28 förordning
601 1001 72 22 träder
685 1002 6 21 i
700 1001 103 28 gällande
811 1001 62 22 kraft

299 1037 42 22 den
361 1037 8 21 1
387 1037 95 22 Januari
501 1037 56 22 1901
575 1037 39 22 och
631 1037 68 28 gäller
713 1038 33 21 till
758 1038 114 27 utgången

299 1073 24 21 af
338 1074 25 20 år
381 1073 61 22 1904.
459 1086 28 3 —
504 1075 62 20 samt

369 1111 31 20 att
423 1109 123 22 Ständerna
570 1109 48 22 ville
641 1111 68 21 såsom
731 1110 91 22 inkomst
845 1109 28 26 af

298 1145 140 29 bevillningen
454 1145 40 27 för
515 1146 92 27 spelkort
628 1147 67 21 under
715 1148 108 20 närmaste
838 1145 33 28 fi-

298 1181 128 28 nansperiod
441 1182 152 22 1901—1904
609 1182 91 22 beräkna
716 1184 28 20 ett
760 1182 71 28 belopp
847 1182 28 26 af

298 1217 102 26 140,000
415 1218 67 21 mark.

155 1257 138 27 Helsingfors
310 1258 42 22 den
371 1258 26 22 14
413 1259 105 21 Februari
539 1260 62 22 1900.

153 1376 9 22 I
178 1377 196 28 handläggningen
390 1378 24 22 af
430 1378 63 22 detta
510 1379 83 22 ärende
604 1380 59 21 inom
676 1380 114 22 Utskottet
800 1380 71 22 hafva

81 1412 95 28 deltagit
192 1412 148 23 ordföranden
356 1414 121 28 Snellman,
495 1415 154 22 ledamöterne
666 1416 139 29 Schulman,'
815 1416 54 22 San-

81 1448 70 27 mark,
175 1448 112 28 Vegelius,
311 1450 107 28 Ilmanen,
448 1451 140 27 Päivärinta,
618 1448 87 33 Öberg,'
721 1452 148 28 Aejmelaeus,

80 1483 78 22 Idman
175 1484 41 22 och
231 1484 108 23 Forsman
355 1487 61 21 samt
432 1486 175 30 suppleanterne
619 1487 87 29 Ekberg
717 1488 41 22 och
770 1488 99 22 Starcke.

153 1538 208 23 Bevillningsutskottets
374 1539 112 19 vetänkande
499 1540 37 18 N:o
549 1542 16 17 1.
