1048 1631
334 83 29 23 U.
378 84 26 22 B.
421 96 26 4 —
464 83 74 29 Prop.
554 83 46 23 N:o
616 83 13 23 1
803 84 26 20 15

106 150 89 21 derföre
216 151 33 20 att
271 150 164 28 skyldigheten
451 151 34 20 att
501 149 93 29 deltaga
608 150 36 21 uti
660 149 199 29 dikningsföretag

105 186 41 21 bör
169 186 128 21 utsträckas
313 185 36 22 till
371 185 50 26 alla,
442 185 92 22 hvilkas
551 185 65 22 mark
632 193 83 21 genom
732 184 128 29 dikningen

105 221 93 29 bringas
217 221 7 22 i
240 221 82 22 sådant
338 221 73 26 skick,
427 223 34 19 att
477 221 53 22 dess
546 221 158 28 torrläggning
721 221 43 22 och
781 220 79 29 odling

106 257 154 28 möjliggöras,
277 259 33 19 att
322 257 88 22 således
422 257 87 22 enhvar
519 257 73 22 borde
602 264 55 14 vara
667 257 85 28 pligtig
763 259 34 19 att
808 258 52 27 taga

106 293 37 21 del
154 293 34 21 uti
201 293 128 28 dikningen
341 293 41 22 allt
395 293 58 21 efter
469 300 49 14 som
534 293 58 21 hans
608 293 64 21 mark
683 293 122 21 förbättras
817 291 43 22 och

107 329 51 22 dess
169 329 71 22 värde
251 337 84 20 genom
344 329 127 28 dikningen
479 329 95 28 bringas
586 331 34 19 att
628 329 65 28 stiga.
710 329 82 21 Denna
799 328 61 29 prin-

106 365 36 28 cip
150 365 41 22 har
198 365 120 22 Utskottet
325 365 70 22 också
403 365 103 28 godkänt
515 368 77 19 säsom
598 364 225 29 fördelningsgrund,
831 364 29 21 då

106 401 136 28 delegarena
258 401 72 21 önska
348 401 103 28 företaga
467 401 143 28 anläggning
625 401 23 21 af
664 401 59 26 dike,
741 401 117 21 äfvensom

106 441 41 17 när
162 439 83 26 någon,
262 444 49 14 som
327 436 97 29 tidigare
435 439 95 20 motsatt
542 437 35 28 sig
589 436 228 29 dikningsföretaget,
829 436 31 21 ef-

106 474 59 20 teråt
174 473 120 28 begynner
309 475 34 19 att
358 473 51 21 från
425 473 50 21 sina
485 473 91 21 marker
586 473 53 21 leda
648 475 90 19 vattnet
745 472 36 21 uti
789 473 70 20 diket.

178 508 41 22 Uti
240 508 121 22 Utskottet
381 509 40 21 har
444 516 54 14 man
521 509 37 21 till
576 509 89 21 försvar
680 508 36 21 för
731 509 37 21 sin
783 508 77 21 stånd-

106 544 74 28 punkt
189 544 88 26 uttalat,
287 546 33 19 att
329 545 39 20 det
381 552 54 14 vore
447 544 49 22 atti
507 545 79 21 alltför
596 545 47 28 hög
654 545 56 28 grad
721 545 86 20 kränka
816 544 45 21 den

107 580 116 21 enskildes
247 582 50 24 rätt,
315 588 37 14 om
373 588 52 13 man
447 581 65 21 ålade
535 581 85 21 honom
641 583 32 18 att
693 580 9 21 i
718 580 142 21 förhållande

107 616 35 21 till
165 617 106 20 markens
295 617 106 28 stegrade
420 617 71 21 värde
514 617 104 21 utbetala
642 616 125 29 ersättning
791 616 70 21 äfven

108 659 36 14 om
160 652 46 21 han
222 652 23 21 af
261 652 118 21 bristande
397 653 53 25 lust,
467 653 111 28 förmåga,
600 652 75 21 medel
693 659 20 14 o.
734 659 16 14 s.
768 659 22 14 v.
809 651 52 22 icke

106 695 55 14 vore
183 688 8 21 i
211 688 90 21 tillfälle
323 690 33 19 att
375 688 155 29 tillgodogöra
546 688 35 29 sig
598 688 73 21 denna
688 688 95 21 förmån.
825 687 36 22 En

108 724 71 21 sådan
194 724 149 28 uppfattning
358 724 71 21 borde
441 724 72 29 enligt
524 724 49 21 min
586 725 93 28 mening
691 724 51 21 icke
753 723 107 29 tilläggas

110 759 117 29 synnerlig
250 759 57 29 vigt,
331 763 54 18 enär
403 767 84 21 genom
504 762 34 19 ett
554 760 56 21 slikt
626 760 134 29 skyddande
777 759 23 22 af
816 759 45 30 den

108 795 115 22 enskildes
240 795 74 22 fördel
331 795 70 22 andra
416 796 92 21 komme
525 798 34 19 att
570 796 102 28 tillfogas
683 795 77 27 skada,
771 798 26 26 ty
813 795 48 22 der-

106 831 93 28 igenom
221 831 76 22 blefve
317 831 65 22 deras
399 832 218 21 omkostnadsandel
634 833 24 20 sä
673 832 93 28 mycket
781 833 78 20 större.

108 867 124 28 Sjelffallet
255 871 30 22 är,
309 869 34 20 att
363 875 29 14 en
415 868 71 21 sädan
502 868 108 21 sakernas
627 867 98 29 ordning
739 867 51 22 icke
808 874 53 14 vore

108 903 74 28 egnad
199 905 33 19 att
248 903 106 22 befordra
367 903 138 28 jordbruket
520 903 36 22 uti
571 905 52 20 värt
638 903 59 22 land.

178 939 70 21 Hvad
264 939 111 21 beträffar
389 939 45 22 den
445 940 105 28 antydda
564 939 159 28 kränkningen
735 939 23 21 af
769 939 44 21 den
825 946 36 14 en-

108 974 86 22 skildes
217 975 140 28 eganderätt,
378 977 25 20 sä
418 976 30 21 ha
466 975 25 22 vi
505 975 28 29 ju
549 975 216 28 lagbestämmelser,
781 974 80 22 hvilka

107 1012 30 27 pä
152 1011 71 21 andra
244 1011 108 21 omräden
369 1011 157 22 ästadkomma
542 1011 130 28 kränkning
687 1011 8 20 i
710 1011 65 28 längt
790 1011 71 28 högre

108 1046 56 28 grad
180 1049 30 18 än
225 1047 46 21 den
286 1047 24 20 af
325 1047 48 28 mig
389 1047 131 28 föreslagna
538 1047 216 28 lagbestämmelsen
770 1047 91 21 komme

108 1084 33 19 att
161 1082 90 29 tillfoga
265 1082 182 29 jordbrukarena
462 1085 15 19 t.
491 1091 34 13 ex.
543 1083 8 21 i
567 1083 65 28 fräga
648 1090 36 14 om
698 1083 162 28 jordegarenes

108 1118 133 28 skyldighet
259 1120 34 19 att
311 1118 91 29 deltaga
421 1119 35 20 uti
475 1119 289 21 underhällskostnaderna
784 1119 23 21 af
823 1118 38 21 all-

107 1157 84 18 männa
216 1158 77 24 vägar,
320 1154 69 22 äfven
415 1162 37 14 om
473 1155 29 21 de
524 1155 60 21 intet
610 1155 54 21 eller
687 1156 84 28 ytterst
796 1154 65 29 ringa

107 1197 62 21 gagn
189 1190 71 22 hafva
279 1190 23 22 af
317 1194 106 25 vägarna.
456 1191 129 21 Enahanda
601 1195 25 17 är
641 1191 152 21 förhållandet
808 1191 53 21 med

108 1226 45 20 den
167 1225 116 22 enskildes
304 1226 133 29 skyldighet
455 1228 34 20 att
507 1227 94 29 deltaga
618 1227 34 21 uti
668 1226 129 22 inrättande
818 1226 43 22 och

109 1262 178 21 underhållande
314 1262 24 21 af
360 1262 127 22 folkskolor
508 1263 45 21 och
576 1262 178 22 ambulaloriska
778 1262 83 26 skolor,

107 1297 69 22 äfven
192 1305 37 14 om
249 1298 46 21 han
317 1302 28 17 än
361 1298 74 29 aldrig
451 1300 25 20 så
491 1299 120 28 energiskt
626 1300 77 27 påstår
718 1298 36 29 sig
770 1298 23 22 af
809 1298 52 22 dem

106 1334 60 20 intet
196 1341 62 21 gagn
288 1334 76 26 hafva,
387 1334 29 21 dä
432 1334 46 22 han
495 1336 17 19 t.
533 1342 34 14 ex.
587 1334 51 22 icke
656 1336 37 21 vill
710 1334 71 22 sända
811 1334 50 21 sina

107 1369 57 21 barn
176 1369 9 21 i
196 1369 81 22 skolan
293 1370 55 21 eller
363 1370 30 21 dä
407 1370 46 21 han
469 1372 53 26 inga
538 1370 58 22 barn
612 1377 54 21 eger
681 1377 18 14 o.
716 1377 17 14 s.
749 1377 22 14 v.
795 1369 66 29 Skyl-

182 1412 212 19 Vatsenrättsutskotteis
407 1412 118 19 betänkande
538 1413 38 18 N:o
589 1413 15 18 1.
