1048 1631
191 139 27 21 18
415 139 27 22 U.
458 140 25 21 B.
499 152 28 2 —
542 139 72 28 Prop.
629 139 45 23 N:o
691 138 32 22 11.

358 248 157 27 Förordning
531 253 39 18 om
586 248 202 27 stämningsmiän.

551 323 45 28 18.

260 373 189 29 Stämningsman
470 374 84 28 äligger
573 374 139 22 meddelande
727 373 23 22 af
763 374 132 27 stämningar
911 374 39 21 och

191 408 130 22 domstolars
337 408 77 27 beslut,
429 409 25 21 sä
469 409 39 21 ock
524 409 155 22 verkställande
690 407 23 22 af
726 408 99 21 kallelser
835 408 39 22 och
884 409 70 20 andra

190 442 149 28 delgifningar.

259 477 14 20 2
288 483 65 16 mom.
368 477 67 27 enligt
450 477 168 27 propositionen.

548 552 13 21 2
577 551 17 28 &.

259 603 74 27 Enligt
356 603 168 28 propositionen,
540 604 48 21 med
606 604 93 26 ändring
717 603 6 20 i
739 603 41 21 den
797 603 68 22 finska
880 605 71 20 texten

190 637 23 22 af
228 638 67 21 orden
313 637 62 27 »joka
390 638 19 21 ei
424 638 35 21 ole
473 637 119 28 luopunut»
609 638 31 21 till
659 637 63 28 >joka
737 643 28 15 on
781 637 127 27 luopunut».

546 707 46 27 38.

260 757 113 28 Skriftligt
388 759 61 27 intyg
463 758 22 21 af
499 759 176 26 stämningsman,
692 760 59 19 emot
766 758 85 21 hvilken
865 758 17 27 ej
897 758 54 21 före-

191 793 98 21 kommer
301 794 37 26 jäf,
354 799 47 15 som
417 795 6 19 i
439 793 201 27 rättegångsbalken
655 799 37 15 om
708 793 83 21 vitinen
807 795 68 24 säges,
891 793 60 26 gälle,

189 827 38 21 der
247 827 50 21 dess
313 827 101 26 riktighet
432 829 23 19 är
471 827 69 27 styrkt
555 827 23 21 af
590 827 121 26 trovärdigt
727 827 73 26 vittne,
817 827 70 21 såsom
903 826 48 21 fullt

191 861 59 21 bevis
266 863 31 20 att
313 861 145 27 delgifningen
474 861 70 21 blifvit
561 861 24 22 så
601 861 115 25 verkstäld,
733 867 45 15 som
795 861 82 27 intyget
891 861 59 20 inne-

190 895 72 21 håller.

257 1033 10 21 I
289 1033 59 21 detta
363 1033 154 27 sammanhang
532 1033 38 21 har
585 1033 114 22 Utskottet
715 1032 101 27 slutligen
831 1034 71 19 ansett
917 1032 33 26 sig

189 1068 52 21 böra
261 1068 70 20 erinra
356 1074 35 15 om
407 1067 114 22 huruledes
539 1067 118 22 Ständerna
673 1067 37 21 vid
728 1066 53 21 1897
798 1067 35 20 års
848 1066 102 27 landtdag

188 1103 6 20 i
211 1102 37 21 sitt
263 1108 49 15 svar
323 1102 13 21 å
347 1102 40 21 den
399 1102 48 21 dem
458 1101 108 28 förelagda
576 1102 76 27 nådiga
664 1101 165 28 propositionen
841 1100 109 27 angående

188 1136 97 27 partiella
301 1135 149 28 förändringar
466 1137 6 20 i
487 1136 202 28 rättegångsbalken
706 1135 7 21 i
729 1134 170 28 underdånighet
913 1141 36 15 an-

189 1171 64 25 hållit,
269 1171 46 21 icke
330 1170 89 22 allenast
435 1173 32 19 att
481 1171 61 21 Hans
558 1171 122 27 Kejserliga
696 1169 102 27 Majestät
809 1169 80 21 täcktes
901 1171 49 25 taga

188 1206 6 20 i
210 1204 163 28 öfvervägande,
388 1205 105 21 huruvida
507 1205 39 21 och
564 1205 66 21 under
647 1204 76 22 hvilka
734 1203 68 21 vilkor
812 1203 137 21 rättsökande

187 1239 72 21 kunde
281 1239 78 21 tillåtas
383 1242 31 18 att
437 1240 48 20 med
507 1243 76 23 posten
600 1239 30 21 till
646 1239 91 21 domare
752 1238 91 20 insända
858 1236 92 28 skriftlig

188 1273 215 27 stämningsansökan
414 1275 56 19 samt
479 1274 100 21 domaren
590 1274 87 27 åläggas
689 1274 33 19 att
733 1272 100 21 tillsända
841 1271 107 21 sökanden

188 1308 140 26 stämningen,
345 1307 116 27 äfvensom,
478 1308 7 20 i
500 1308 100 21 händelse
616 1314 25 15 en
658 1306 69 22 sådan
741 1306 120 26 anordning
871 1305 79 21 funnes

187 1341 88 27 lämplig
297 1341 39 21 och
359 1342 50 21 dess
433 1342 110 21 införande
564 1342 87 27 möjligt,
668 1343 53 24 taga
739 1340 36 21 det
794 1340 155 27 lagstiftnings-

186 1376 91 21 initiativ
296 1376 39 21 och
356 1376 102 22 förordna
476 1376 31 21 till
526 1376 26 21 de
570 1376 66 27 öfriga
651 1374 109 28 åtgärder,
776 1381 47 15 som
838 1374 33 21 för
886 1374 64 21 ända-

187 1409 75 22 målets
278 1410 107 21 vinnande
400 1410 73 22 kunde
487 1417 51 15 vara
552 1410 23 21 af
587 1410 77 26 nöden,
673 1411 55 20 utan
744 1412 40 18 ock
797 1412 31 18 att
835 1412 62 18 Hans
905 1408 45 22 Ma-

184 1444 66 26 jestät
266 1444 48 21 ville
332 1445 7 20 i
354 1445 65 21 nåder
436 1446 84 26 vidtaga
538 1445 98 27 åtgärder
651 1444 19 27 ej
689 1444 84 20 mindre
789 1443 73 21 derom
873 1444 31 20 att
914 1443 35 20 vid

244 1490 133 22 Lagutskottets
391 1491 110 17 betänkande
514 1490 38 18 N:o
564 1491 17 17 3.
