1048 1631
215 112 27 20 60
529 111 39 21 N:o
587 112 18 20 1.

185 179 86 22 märkes
287 179 60 22 såväl
363 180 12 21 å
391 180 78 21 kartan
485 185 46 16 som
548 180 12 21 å
575 179 154 22 motsvarande
744 178 88 28 profiler
847 179 48 22 med
911 185 36 16 an-

185 213 100 28 gifvande
309 214 22 21 af
352 213 138 28 fixpunktens
512 214 48 27 läge
576 214 6 21 i
598 214 134 21 förhållande
755 213 32 22 till
811 214 26 21 de
857 213 91 28 afvägda

185 249 103 26 linierna
280 245 12 34 ;

255 284 22 26 c)
293 284 33 20 att
341 283 188 27 kostnadsförslag
547 283 33 21 för
596 283 96 26 arbeten,
710 282 89 22 afsedda
816 284 33 19 att
864 281 83 22 utföras

186 317 23 21 af
230 317 96 22 enskilde
349 317 104 28 sakegare
476 323 50 16 vare
550 317 32 27 sig
602 317 44 22 helt
662 317 39 21 och
718 317 66 21 hället
800 317 28 26 pä
844 323 52 20 egen
911 316 36 21 be-

185 351 95 22 kostnad
303 351 51 22 eller
377 352 48 21 med
448 352 120 21 understöd
588 351 23 22 af
627 353 79 24 staten,
723 353 110 25 uppgöras
849 350 97 26 sälunda,

186 387 33 20 att
235 386 84 21 antalet
335 387 132 26 dagsverken
484 387 33 21 för
533 386 58 21 olika
608 386 88 21 arbeten
713 385 100 28 framgår,
830 392 48 15 men
894 387 33 19 att
940 385 7 20 i

185 420 217 27 kostnadsförslaget,
426 421 37 21 der
486 421 86 21 arbetet
594 420 55 22 skall
672 420 85 21 utföras
776 420 49 21 med
841 420 107 21 allmänna

186 455 75 26 medel,
285 457 108 25 upptagas
416 455 57 22 blott
495 455 214 28 arbetsgvantiteter,
731 455 120 27 enhetspris
867 454 39 22 och
922 454 26 22 de

186 490 28 26 pä
229 489 71 27 grund
315 489 66 22 häraf
394 490 123 21 beräknade
533 490 107 27 beloppen
657 490 22 21 af
688 489 149 22 kostnaderna
848 489 33 21 för
891 489 56 21 olika

186 523 46 28 slag
248 523 22 22 af
285 524 89 21 arbeten
391 524 108 22 äfvensom
515 524 91 27 utgifter
616 524 34 21 för
660 524 169 27 arbetsledning,
840 523 106 26 tillbehör,

186 558 167 27 arbetsredskap
370 559 39 21 och
425 561 68 19 annat
509 559 77 27 dylikt;

256 593 25 24 d)
301 595 33 19 att
353 593 115 27 gradering
484 593 50 22 eller
551 593 159 27 uppskattning
725 593 34 21 för
773 593 138 22 beräknande
927 592 24 21 af

186 626 119 28 företagets
328 629 63 25 nyttä
413 627 127 22 verkställes
563 627 49 22 med
630 627 85 21 biträde
735 627 22 21 af
771 628 36 20 tvä
822 627 7 21 i
841 627 106 27 jordbruk

186 661 95 21 förfarne
298 661 91 27 ojäfvige
404 664 59 24 män;

257 697 20 25 e)
294 697 33 20 att
343 697 160 21 sammanträde
518 697 34 20 för
567 697 162 21 bestämmande
745 696 23 21 af
781 696 124 27 grunderna
915 695 33 21 för

186 730 91 27 planens
293 731 142 26 uppgörande
451 731 66 21 hälles
533 731 49 21 med
598 731 139 27 sakegarene,
753 731 25 20 sä
793 733 61 18 snart
869 730 79 21 under-

186 765 120 25 sökningen
329 764 122 22 fortskridit
474 766 24 21 sä
520 765 67 27 längt,
608 767 33 20 att
656 765 103 22 bedömas
775 765 48 26 kan,
840 765 7 21 i
862 765 85 20 hvilken

187 799 131 27 omfattning
336 799 40 21 och
395 800 29 26 pä
438 799 56 22 hvad
509 801 45 20 sätt
570 799 107 28 företaget
693 799 206 26 ändamälsenligast
913 800 37 19 ut-

186 833 57 21 föres
260 833 38 21 och
314 833 73 22 hvilka
403 834 61 21 deraf
478 833 63 22 hafva
556 840 66 21 gagn;
639 835 57 20 samt

252 868 27 27 F
301 870 32 19 att
349 867 299 29 förrättningsinstrumentet
663 869 56 21 skall
735 869 59 21 såväl
810 868 85 27 angifva
911 874 36 15 an-

187 902 71 21 vända
281 903 103 26 metoder,
408 903 92 26 formler,
523 903 147 22 koefficienter
685 910 28 15 m.
729 909 27 15 m.
773 909 45 15 som
834 903 39 20 ock
888 903 60 20 inne-

187 936 57 21 hällä
259 937 82 27 tydliga
357 938 152 27 sammandrag
528 937 23 22 af
565 938 43 21 alla
624 938 26 21 de
665 937 152 27 beräkningar,
833 937 29 27 pä
877 937 71 20 hvilka

187 970 103 28 förslaget
313 971 74 22 stöder
407 972 38 27 sig,
464 974 55 19 samt
538 978 52 15 vara
606 973 24 20 sä
645 971 132 28 upprättadt
793 971 38 21 och
847 971 24 21 sä
886 970 63 21 moti-

187 1011 52 15 vera
261 1005 110 27 förslaget,
396 1007 33 20 att
453 1006 60 21 detta
532 1008 54 19 utan
605 1006 110 27 svärighet
731 1006 42 21 kan
789 1005 104 27 granskas
910 1005 38 21 och

187 1039 110 22 hedömas.

544 1071 24 19 16
585 1070 17 26 $.

257 1107 71 22 Sedan
349 1108 78 27 planen
452 1109 31 21 till
507 1109 203 21 ofvanomförmäldt
725 1108 84 27 företag
825 1108 22 21 af
861 1108 88 21 förrätt-

188 1142 157 28 ningsmannen
369 1143 120 27 uppgjorts,
513 1143 91 27 delgifve
618 1143 43 22 han
677 1143 133 27 sakegarene
826 1143 123 21 densamma

188 1177 13 20 å
216 1177 69 27 utlyst
304 1178 161 21 sammanträde
485 1178 39 22 och
540 1185 108 20 uppmane
664 1179 55 25 dem,
736 1178 38 21 der
789 1178 106 26 företaget
910 1177 39 21 fin-

188 1218 37 14 nes
249 1212 96 21 medföra
369 1219 56 20 gagn
449 1212 38 22 och
509 1212 75 26 fördel,
609 1215 33 19 att
662 1219 42 15 ena
719 1212 33 27 sig
767 1218 34 15 om
817 1213 132 26 gemensamt

187 1245 116 22 utförande
320 1246 23 21 af
357 1246 127 26 detsamma;
502 1248 78 20 teckne
596 1248 39 20 ock
636 1241 12 36 i
663 1247 40 21 sitt
718 1246 108 27 protokoll
842 1246 107 21 öfverens-

187 1280 123 26 kommelse,
334 1287 45 15 som
403 1288 51 14 vare
477 1282 31 26 sig
528 1282 23 20 af
568 1282 42 20 alla
629 1282 51 21 eller
696 1282 69 26 nägra
779 1280 67 22 bland
861 1280 89 27 sakega-

187 1320 52 16 rene
254 1314 69 28 ingås,
344 1316 39 20 och
403 1318 50 25 tage
469 1316 62 21 deras
547 1316 134 22 underskrift
697 1317 58 19 samt
770 1316 43 20 låte
829 1315 70 21 denna
914 1315 36 21 be-

187 1350 83 20 vittnas
286 1350 23 21 af
322 1350 37 21 två
375 1350 118 22 tillkallade
509 1350 55 27 gode
579 1352 57 20 män.

257 1383 172 28 Sammanträde,
453 1385 86 18 hvarom
563 1385 40 19 här
626 1384 61 20 ofvan
714 1384 38 20 och
768 1384 6 20 i
793 1385 24 19 15
834 1384 11 27 $
861 1390 62 15 mom.
941 1390 10 13 e

188 1418 78 26 nämts,
282 1418 82 26 utlyses
380 1418 72 22 säsom
469 1418 269 28 dikningssammanträde.
