1048 1631
328 97 29 23 U.
373 97 28 22 B.
417 110 29 2 —
462 96 72 28 Prop.
550 95 45 23 N:o
612 96 12 22 1
778 98 41 18 101

168 165 11 21 I
197 166 10 19 1
224 171 67 14 mom.
309 166 12 19 5
338 163 15 29 &
368 162 149 22 föreskrifves
535 164 75 19 såsom
626 161 69 28 regel,
711 161 8 22 i
736 160 124 30 öfverens-.

97 200 130 22 stämmelse
248 199 53 22 med
317 199 62 21 hvad
395 198 8 21 i
419 200 28 19 29
465 199 43 20 och
525 200 28 19 30
570 197 29 29 88
614 197 8 21 i
640 199 56 20 1868
713 199 36 19 års
765 197 85 21 förord-

96 236 57 29 ning
174 243 36 14 om
229 234 202 28 vattenledningar
450 234 43 21 och
509 233 138 22 vattenverk
664 235 58 19 samt
738 235 13 18 3
771 232 42 21 och
837 234 13 19 4

97 272 29 29 SS
145 272 8 21 i
175 273 56 20 1873
255 273 36 19 års
314 269 135 28 förordning
473 277 37 14 om
535 269 111 28 flottning
669 268 23 21 af
711 268 140 29 skogsalster

97 308 36 21 för
155 307 141 22 närvarande
321 306 99 28 stadgas,
445 308 33 19 att
502 308 118 26 guvernör
640 305 7 20 i
668 305 67 21 dessa
751 304 99 21 ärenden

98 344 64 26 skall,
180 345 24 20 sä
220 345 62 20 snart
293 343 101 21 ansökan
405 341 129 25 inkommit,
546 341 109 22 förordna
665 341 35 21 till
710 341 140 21 förrättande

98 380 24 21 af
140 387 50 21 syn,
208 381 64 24 samt,
289 378 58 21 efter
364 378 39 21 det
418 385 83 21 genom
519 385 75 21 synen
608 381 103 17 närmare
727 375 124 29 utredning

98 423 37 14 om
156 415 112 28 företaget
288 414 109 25 erhällits,
418 413 120 29 förelägga
552 413 173 21 vederbörande
741 413 109 27 sakegare

98 454 33 19 att
146 451 40 22 vid
202 451 82 21 förlust
300 451 23 20 af
333 449 80 23 vidare
424 452 44 19 rätt
479 449 77 22 dertill
566 450 43 21 hos
620 452 144 25 guvernören
775 447 76 22 skrift-

97 488 63 28 ligen
175 487 126 22 framställa
315 486 35 29 jäf
366 486 55 21 eller
436 485 156 29 päminnelser
606 485 7 21 i
626 485 76 22 saken.
727 484 124 29 Sjelffallet

98 531 54 21 eger
172 527 144 25 guvernören
331 523 8 21 i
355 530 88 14 samma
459 522 100 28 ordning
575 521 131 29 handlägga
719 521 87 29 jemväl
822 521 28 20 de

98 560 24 21 af
136 559 175 29 ifrågavarande
327 559 61 28 slags
405 559 100 20 ärenden
522 565 50 14 som
588 558 45 21 han
644 557 91 29 jemlikt
745 559 14 20 4
770 557 15 29 $
795 564 56 21 upp-

97 595 59 29 tagit
170 598 30 26 pä
216 598 51 26 eget
282 595 107 22 initiativ.

169 632 12 21 I
204 634 13 19 2
239 639 67 14 mom.
328 631 23 22 af
370 631 75 21 denna
465 631 109 28 paragraf
593 631 130 28 uppräknas
739 629 112 22 särskilda

98 667 106 26 ärenden,
220 667 79 22 hvilka
315 667 8 21 i
339 667 125 21 allmänhet
479 669 39 19 äro
536 667 24 21 af
574 666 163 22 beskaffenhet
752 667 33 20 att
800 665 51 21 icke

97 703 91 29 påkalla
204 703 101 29 antydda
321 705 126 26 omgångar
462 703 8 21 i
486 703 149 21 förfarandet.

170 740 13 21 5
199 739 14 29 &
229 741 13 19 3
259 747 66 14 mom.
343 739 8 21 i
365 739 44 21 den
419 739 52 21 nåd.
486 746 65 21 prop.
564 738 133 27 innehåller,
709 740 33 19 att
753 737 23 22 af
786 745 65 21 syne-

98 775 44 22 och
165 775 74 28 öfriga
261 775 137 28 handlingar
417 775 64 28 finge
502 777 66 26 tagas
590 774 37 21 del
642 774 42 21 hos
699 776 151 27 guvernören.

98 811 62 21 Enär
175 810 39 21 det
230 810 59 22 dock
305 810 72 29 enligt
387 810 132 22 Utskottets
533 810 94 29 mening
640 810 96 21 sålunda
747 809 19 28 ej
780 809 72 21 sällan

98 846 78 22 blefve
200 848 62 20 svårt
285 846 36 21 för
344 846 109 28 sakegare
476 848 33 19 att
526 848 54 27 taga
595 846 129 21 kännedom
741 853 37 14 om
794 844 58 22 slika

98 882 143 29 handlingar,
264 883 41 20 har
328 882 120 21 Utskottet
471 882 157 28 omredigerat
649 889 86 14 samma
755 888 67 14 mom.
844 880 8 21 i

99 918 61 29 syfte
181 920 33 19 att
233 918 168 28 handlingarna
421 917 135 29 derigenom
572 918 92 21 komme
680 919 33 20 att
728 917 73 21 blifva
817 916 36 21 för

100 954 52 21 dem
168 954 93 21 ärendet
277 957 36 18 rör
328 953 81 22 lättare
425 953 153 29 tillgängliga.

170 989 181 22 Föreskrifterna
367 989 8 21 i
392 991 12 20 6
421 989 14 29 8
451 997 37 14 om
505 989 60 26 dem,
582 989 80 22 hvilka
672 996 42 21 ega
725 996 74 21 synen
809 987 44 22 för-

100 1027 64 24 rätta,
181 1025 64 21 tiden
260 1025 62 22 inom
339 1025 96 21 hvilken
450 1025 123 28 utlysning
589 1025 35 21 till
641 1032 43 21 syn
700 1025 59 21 skall
774 1025 79 28 föregå

100 1061 208 29 syneförrättnigen
330 1063 59 20 samt
410 1061 63 21 hvad
488 1061 154 28 utlysningen
658 1061 57 21 skall
730 1060 121 26 innehålla,

100 1096 78 22 afvika
198 1097 220 28 öfverhufvudtaget
439 1097 19 28 ej
476 1097 74 21 heller
568 1097 51 21 från
634 1097 62 21 hvad
711 1097 8 21 i
737 1099 56 19 1868
810 1097 43 21 och

101 1135 57 19 1873
182 1135 35 19 års
241 1133 160 29 förordningar
424 1133 78 21 derom
520 1133 100 29 stadgas.
652 1133 48 21 Här
715 1133 41 21 har
772 1133 81 21 endast

98 1168 133 30 ytterligare
247 1172 96 26 utsagts,
360 1172 33 18 att
412 1169 4 21 i
433 1170 83 20 ärende
534 1177 37 13 om
582 1169 117 22 ordnande
709 1169 24 21 af
743 1168 110 28 flottning

99 1204 71 22 minst
186 1207 33 19 ett
234 1205 167 21 sammanträde
417 1205 42 21 bör
474 1205 74 21 hållas
560 1205 8 21 i
578 1205 80 29 hvarje
673 1205 35 21 till
724 1204 129 22 vattendra-

100 1243 39 26 get
154 1241 128 28 gränsande
298 1240 116 22 kommun.

172 1276 101 22 Hvilken
295 1277 44 21 den
358 1276 8 22 i
389 1277 64 28 kap:s
472 1279 9 19 1
504 1277 15 29 &
541 1277 156 26 omförmälda,
716 1277 36 21 för
768 1284 85 21 synens

100 1312 168 22 verkställande
285 1313 96 21 afsedda
396 1313 171 29 myndigheten
583 1316 30 23 är,
630 1314 42 20 har
681 1313 71 21 redan
762 1314 91 20 nämnts

101 1348 29 22 dä
151 1348 36 21 för
208 1348 137 29 stadgandet
366 1348 7 22 i
395 1356 86 14 samma
497 1349 15 29 8
529 1349 107 22 ofvanför
652 1348 133 29 redogjorts.
817 1348 36 21 De

100 1384 34 21 uti
150 1392 63 21 prop.
230 1384 8 21 i
254 1387 13 19 6
283 1384 14 30 &
313 1384 94 29 intagna
423 1385 204 29 bestämningarna
643 1392 36 15 om
693 1385 59 21 huru
763 1384 92 22 beskaf-

174 1426 212 19 Vattenrättsutskotlets
399 1427 118 18 betänkande
530 1427 38 19 N:o
580 1428 16 18 1.

885 993 12 19 6
915 991 20 28 &.
