1048 1631
192 119 14 21 2
509 118 41 22 N:o
561 119 20 21 7.

236 187 173 22 Vidkommande
425 187 114 22 enahanda
550 187 91 28 utgifter
652 187 175 28 förslandtdagen
838 187 24 22 är
874 189 54 21 1904

167 222 110 21 äfvensom
305 222 144 22 kostnaderna
476 222 37 28 för!
536 222 79 21 vården
642 222 38 21 och
704 222 135 22 underhållet
861 223 66 22 under

168 257 183 27 budgetperioden
369 257 140 21 1901—1904
525 257 23 21 af
562 257 151 21 ständerhuset
727 259 56 19 samt
796 257 131 22 Ständernas

170 290 59 22 arkiv
250 291 40 21 och
305 291 110 26 bibliotek,
430 291 73 21 kunna
519 291 115 26 desamma,
651 291 48 21 med
715 291 86 28 ledning
817 291 23 22 af
853 291 73 22 bevill-

167 325 153 27 ningsfondens
336 325 145 27 räkenskaper
496 325 60 22 öfver
570 325 151 22 motsvarande
733 325 88 27 utgifter
832 325 33 22 för
875 325 51 22 åren

170 360 149 26 1895—1898,
335 359 106 22 beräknas
457 360 33 21 till
505 361 93 25 460,000
615 360 68 21 mark.

235 394 50 21 Med
301 393 101 22 afseende
417 394 54 21 härå
487 394 39 21 och
543 394 27 21 då
585 394 146 22 kostnaderna
747 394 33 21 för
795 394 132 21 slutförande

166 428 23 21 af
210 428 139 27 tryckningen
376 429 23 21 af
420 429 156 21 ofvanberörda
600 429 60 21 äldre
685 429 242 27 landtdagshandlingar

166 463 62 21 torde
244 463 87 21 komma
347 465 33 19 att
395 463 71 27 uppgå
481 463 33 22 till
530 463 90 27 ungefär
636 463 77 27 35,000
730 463 67 26 mark,
813 463 40 21 har
868 463 59 21 Hans

166 497 123 27 Kejserliga
305 497 100 27 Majestät
421 498 58 21 velat
494 498 7 21 i
517 497 67 22 nåder
600 497 79 22 föreslå
695 497 129 22 Ständerna:

373 563 32 18 att
425 561 31 20 uti
477 560 232 27 anslagsberäkningen
726 560 33 21 för
775 559 50 22 åren
844 561 82 20 1901—

307 596 54 20 1904
383 597 96 25 upptaga
502 602 25 14 en
550 595 143 27 förslagspost
713 595 28 26 på
758 595 91 26 135,000
865 595 62 20 mark

305 629 32 22 till
359 629 133 22 betäckande
515 629 23 22 af
555 630 26 20 de
597 630 32 21 uti
644 630 28 20 82
687 629 11 28 &
714 629 25 21 af
751 629 176 27 Landtdagsord-

305 664 77 27 ningen
404 665 128 20 omnämnda
555 664 110 21 allmänna
687 663 89 27 utgifter
799 663 33 22 för
848 663 78 22 urtima

305 699 130 26 landtdagen
460 699 23 21 år
508 699 54 20 1899
582 701 57 18 samt
656 700 32 19 att
703 698 32 21 uti
751 698 66 27 sagda
832 697 95 28 anslags-

305 733 119 27 beräkning
450 733 80 26 jemväl
556 733 114 21 observera
696 739 25 14 en
747 732 142 27 förslagspost
915 731 12 22 å

305 769 92 20 495,000
421 767 62 22 mark
505 767 33 22 för
562 767 138 22 bestridande
723 767 23 20 af
767 766 111 21 enahanda
894 769 33 19 ut-

306 801 65 28 gifter
386 801 33 22 för
435 801 131 28 landtdagen
581 801 23 22 år
616 802 57 21 1904
685 801 108 21 äfvensom
804 801 33 21 för
847 801 80 21 vården

306 836 39 21 och
360 836 135 22 underhållet
506 837 68 20 under
585 836 144 21 nästnämnda
740 835 155 27 budgetperiod
907 835 22 21 af

307 871 152 21 ständerhuset
475 873 55 18 samt
546 871 131 21 Ständernas
693 870 62 21 arkiv
770 869 40 22 och
823 869 104 22 bibliotek

307 905 110 21 äfvensom
428 905 33 21 för
471 904 135 22 slutförande
616 904 68 22 under
695 904 66 27 sagda
771 904 156 27 budgetperiod

307 939 23 21 af
351 939 40 22 den
414 939 122 28 påbegynta
559 939 140 27 tryckningen
723 939 24 20 af
765 938 107 27 protokoll
888 938 39 21 och

307 974 128 27 handlingar
451 974 48 21 från
515 974 158 27 landtdagarna
689 973 46 22 före
751 973 25 21 år
794 973 59 21 1885.

375 1021 11 21 I
401 1021 72 21 Nåder
488 1021 101 27 godkänd
599 1021 6 20 i
613 1019 164 28 Zarskoje-Selo
793 1019 40 22 den
845 1020 25 21 15
881 1019 46 28 (27)

307 1055 120 22 December
445 1056 60 21 1899.

383 1119 24 21 T.
423 1118 14 21 f.
453 1117 303 23 Minister-Statssekreterare
773 1117 85 22 Plehwe.

297 1439 123 23 Helsingfors,
433 1439 105 23 Kejserliga
550 1439 90 18 Senatens
653 1438 87 24 tryckeri,
753 1439 50 17 1900.
