1048 1631
295 100 84 22 Ständ.
395 99 40 23 Sv.
450 112 27 4 —
493 100 74 28 Prop.
583 100 45 22 N:o
645 100 34 22 11.
853 100 14 21 5

108 167 89 20 mentet
215 165 93 22 erhållit
326 165 79 22 kunde
423 166 124 29 nemligen,
566 166 76 29 enligt
661 165 143 22 Ständernas
820 165 46 22 för-

107 199 120 28 menande,
254 200 77 22 lemna
354 207 51 14 rum
428 200 37 22 för
488 200 73 22 sådan
584 200 116 29 tolkning,
720 202 35 20 att
773 199 93 22 medde-

107 234 71 22 lande
200 234 24 22 af
242 235 146 28 stämningar
405 234 44 23 och
467 234 139 23 domstolars
625 235 77 21 beslut
720 237 61 20 samt
797 234 68 22 verk-

108 269 115 22 ställande
245 269 24 21 af
290 269 109 22 kallelser
417 269 44 22 och
480 269 73 22 andra
571 269 158 28 delgifningar
747 269 119 22 ovilkorli-

107 311 45 21 gen
170 303 73 22 borde
261 303 40 22 ske
320 311 85 21 genom
423 303 192 29 stämningsman.
651 303 44 22 Att
713 303 152 29 stadgandets

107 337 113 22 innebörd
247 337 129 22 emellertid
403 338 52 21 icke
482 341 25 18 är
530 337 79 28 sådan,
631 338 103 28 framgår
752 338 23 21 af
793 337 72 22 bland

108 374 73 20 annat
207 372 112 29 förslaget
337 372 37 21 till
401 373 6 20 7
427 373 13 26 $
462 373 28 20 11
511 372 52 29 kap.
583 372 27 22 R.
629 373 34 26 B.,
682 372 75 29 enligt
774 371 91 23 hvilket

106 407 92 28 lagrum
224 407 105 28 skriftlig
352 407 119 28 stämning
493 407 47 21 kan
558 407 115 28 delgifvas
692 406 131 22 svaranden
841 407 24 21 af

107 441 41 22 två
166 441 136 29 trovärdiga
320 445 60 24 män,
399 441 81 22 hvilka
499 449 48 14 som
566 441 68 28 helst,
653 441 57 22 eller
728 441 8 21 i
749 441 62 22 vissa
823 441 42 21 fall

107 475 38 22 till
172 475 44 22 och
243 475 52 22 med
323 476 24 21 af
371 475 84 22 endast
479 483 36 14 en.
554 475 36 22 Då
614 475 142 29 stadgandet
776 483 88 21 uppen-

107 509 107 29 barligen
243 509 60 22 afser
330 509 99 22 allenast
456 512 35 20 att
518 510 82 22 fastslå
626 509 29 22 de
679 510 185 28 stämningsman

107 543 125 30 åliggande
240 544 166 29 skyldigheter,
414 544 71 22 hafva
493 544 131 23 Ständerna
631 545 38 20 till
675 544 189 22 förekommande

107 579 25 21 af
150 578 73 22 sådan
241 579 216 29 missuppfattning,
476 586 49 15 som
541 587 55 21 nyss
609 579 102 28 antydts,
725 578 140 29 förtydligat

106 615 127 20 momentet
251 613 8 22 i
277 613 73 28 fråga.

174 647 13 22 I
200 647 45 22 den
257 647 76 23 finska
345 649 80 20 texten
438 647 37 22 till
488 648 14 21 2
517 649 13 25 &
543 647 153 22 förekommer
709 651 34 19 ett
752 648 38 28 fel,
804 648 60 22 hvil-

106 682 42 21 ket
160 682 24 21 af
194 681 131 22 Ständerna
335 683 91 20 rättats.
445 681 52 22 Den
508 683 8 20 i
526 682 139 29 paragrafen
674 682 189 22 förekommande

107 718 78 20 satsen
205 716 68 29 joka
291 717 22 21 ei
331 717 36 21 ole
384 717 117 28 luopunut
513 716 294 23 haastomiestoimestaan*
820 717 43 22 bör

106 751 117 28 nemligen
250 751 125 29 rätteligen
403 750 64 29 lyda:
494 751 67 29 ,joka
585 759 29 14 on
638 751 116 29 luopunut
771 751 92 22 haasto-

106 785 217 22 miestoimestaan*.

175 819 36 22 Då
230 820 13 20 3
263 821 14 25 $
295 820 8 21 i
322 819 152 22 förevarande
499 820 88 28 förslag
605 819 82 22 endast
705 820 61 22 afser
784 819 79 22 skrift-

106 854 46 28 ligt
177 854 75 29 intyg,
280 854 73 21 ehuru
377 853 84 22 sädant
484 854 53 21 icke
560 854 133 29 otvetydigt
719 855 102 27 framgär
839 855 24 20 af

107 888 150 29 paragrafens
275 888 154 29 ordalydelse,
448 888 71 22 hafva
538 888 131 22 Ständerna
681 889 79 21 funnit
778 888 85 29 nödigt

106 923 96 21 framför
219 922 66 22 ordet
304 922 94 29 ,intyg*
418 923 77 22 införa
514 923 66 22 ordet
600 923 147 29 ,skriftligt*.

173 957 35 22 Pä
225 957 76 28 grund
320 957 23 22 af
361 957 62 22 hvad
442 957 70 22 ofvan
530 957 139 22 framhällits
687 957 24 22 fä
730 957 132 22 Ständerna

106 991 42 22 hos
166 991 73 22 Eders
258 991 133 30 Kejserliga
408 992 111 29 Majestät
536 992 8 21 i
562 992 187 29 underdänighet
764 992 98 27 anmäla,

380 1063 32 19 att
438 1061 24 21 de
479 1062 10 20 i
507 1061 140 28 förevarande
665 1062 79 27 nådiga
761 1062 99 27 proposi-

312 1095 45 21 tion
385 1096 34 21 till
445 1095 123 22 Ständerna
592 1097 155 26 öfverlemnade
773 1096 88 28 författ-

311 1130 146 28 ningsförslag
480 1131 73 27 blifvit
574 1131 29 27 af
621 1131 122 21 Ständerna
766 1132 97 26 antagna

312 1165 48 21 med
376 1164 70 28 några
463 1165 127 28 ändringar,
608 1166 10 20 i
634 1166 54 27 följd
705 1166 82 27 hvaraf
796 1166 66 27 sagda

311 1199 81 27 förslag
413 1199 83 21 komme
514 1202 32 18 att
564 1200 80 21 erhålla
661 1200 94 28 följande
774 1200 87 28 lydelse:

138 1268 157 29 Förordning
310 1269 125 28 angående
451 1270 95 22 ändrad
562 1270 94 28 lydelse
671 1271 27 22 af
710 1270 122 23 särskilda

265 1304 143 27 paragrafer
422 1304 9 22 i
446 1304 249 28 Rättegångsbalken.

172 1368 143 30 Härigenom
335 1369 95 29 stadgas
449 1372 35 20 att
502 1370 87 29 Kongl.
602 1370 155 23 resolutionen
771 1370 45 22 den
829 1371 30 21 29

103 1402 48 30 Maj
173 1403 64 21 1752
257 1403 60 22 skall
335 1404 106 29 upphöra
459 1406 36 20 att
513 1404 64 29 gälla
595 1408 60 19 samt
674 1406 21 27 1,
716 1406 21 27 2,
752 1405 23 27 4,
791 1405 12 21 7
818 1405 43 22 och
