1048 1631
199 96 11 19 [SA

509 94 43 22 N:o
569 96 19 20 9.

235 162 87 29 -Enuligi
338 162 143 23 Standernas
497 162 41 23 vid
552 165 146 26 landtdagen
712 164 59 26 1897,
782 162 9 21 i
801 161 128 28 anledning

170 197 26 22 af
210 197 66 21 Hans
292 197 133 29 Kejserliga
440 197 122 29 Majestäts
579 197 88 21 aflätna
683 197 86 27 nädiga
784 196 145 28 proposition

168 231 9 22 i
194 234 84 24 ämnet,
295 232 91 21 fattade
397 232 78 21 beslut
486 233 42 21 har
538 231 209 22 bränvinsskatten
758 231 53 21 frän
822 231 44 21 och
877 231 52 20 med

170 267 25 20 är
221 269 54 19 1898
298 268 78 27 utgätt
398 267 53 21 med
474 267 131 28 sjuttiofem
629 266 71 29 penni
720 267 37 20 för
776 265 80 28 hvarje
875 265 54 21 liter

169 301 102 20 bränvin
288 301 26 21 af
328 302 89 21 normal
433 302 87 28 styrka,
538 301 57 22 eller
611 301 84 21 sädant
711 301 106 27 bränvin,
834 307 48 14 som
894 299 35 22 in-

169 335 107 21 nehäller
293 335 82 21 femtio
398 336 178 28 volymprocent
600 335 95 22 alkohol
711 335 40 20 vid
767 335 26 27 +
805 336 24 20 15
845 333 84 29 grader

169 370 14 20 &
199 369 73 21 Celcii
288 372 153 19 termometer.
471 371 65 20 Enär
559 378 28 13 en
610 369 138 28 förhöjning
769 370 25 20 af
808 368 121 22 bränvins-

170 404 95 21 skatten
281 405 30 27 pä
325 405 77 27 grund
419 405 26 20 af
459 405 144 21 Ständernas
626 404 79 21 beslut
720 403 40 22 vid
776 402 153 22 förenämnda

169 439 116 28 landtdag
300 439 72 21 redan
388 439 118 28 vidtagits,
524 439 43 21 har
582 439 66 21 Hans
665 438 134 28 Kejserliga
818 437 111 28 Majestät

170 480 32 13 nu
217 473 53 21 icke
286 473 63 20 velat
373 473 54 21 eska
443 481 28 13 en
486 473 139 28 ytterligare
649 472 138 28 förhöjning
803 472 26 20 af
843 471 86 28 ifräga-

169 507 105 20 varande
285 507 70 27 skatt,
365 515 49 13 som
425 507 69 22 alltså
507 507 88 28 jemväl
611 507 74 21 under
702 506 155 21 omförmälda
875 505 55 22 bud-

170 541 135 28 getsperiod
328 541 91 21 komme
442 543 35 19 att
499 543 57 27 utgä
575 541 53 22 med
652 541 131 28 sjuttiofem
807 540 70 29 penni
893 540 37 21 för

170 575 82 28 hvarje
268 575 53 21 liter
339 576 25 21 ai
378 577 178 28 normalstyrka.

240 610 195 28 Tillverkningen
451 611 26 20 af
491 611 101 21 bränvin
608 611 42 20 har
666 610 74 21 under
750 609 181 22 nedannämnda

171 644 26 21 är
213 644 101 29 utgjort:

825 690 58 17 Liter.

171 714 33 25 Är
223 721 53 19 1896
293 719 29 21 dä
339 721 26 19 27
381 719 136 22 brännerier
532 727 56 14 voro
605 719 7 21 i
627 719 149 21 verksamhet
787 720 143 26 6,076,805,36

184 763 8 8 >
223 755 53 19 1897
304 764 7 7 »
338 756 24 18 31
451 763 8 9 N
556 764 8 7 N
696 763 8 8 N
787 755 142 25 8,311,694,38

222 789 54 20 1898
302 799 9 7 »
337 790 26 19 26
451 798 8 9 5
557 799 7 7 5
696 797 8 9 3
787 789 143 26 6,767,887,09

172 861 43 21 och
231 862 38 21 för
285 863 26 20 är
330 864 51 19 1899
406 862 42 21 har
471 862 36 21 till
532 863 44 20 den
595 865 7 18 1
620 862 130 21 December
766 861 111 22 kontrakt
894 869 37 14 om

171 895 156 29 tillverkning
343 897 26 20 af
384 899 112 26 7,178,000
519 897 54 20 liter
597 897 116 21 afslutats.
745 897 52 20 Den
816 896 115 28 exceptio-

171 930 49 21 nelt
236 930 63 28 höga
315 931 184 28 tillverkningen
515 931 74 21 under
605 932 25 21 är
649 933 53 20 1897
714 939 41 13 var
767 930 124 21 föranledd
907 930 26 21 af

172 964 45 21 den
233 965 136 21 emotsedda
385 965 137 29 förhöjning
538 966 26 21 af
579 965 214 28 bränvinsskatten,
813 972 49 14 som
878 965 54 20 frän

172 999 44 21 och
232 999 53 21 med
303 1001 54 20 1898
373 999 112 22 infördes.

240 1034 308 29 Bränvinsförbrukningen
564 1035 49 20 åter
629 1035 43 20 har
687 1035 101 27 uppgått
803 1033 46 22 till:

277 1098 34 25 Är
328 1105 75 19 1896.
435 1120 3 3 .
471 1121 4 2 .
507 1121 2 3 0
542 1121 4 3 .
578 1120 4 4 .
614 1105 145 25 6,581,106,64
775 1103 54 20 liter

289 1148 8 8 »
328 1139 73 20 1897...
434 1155 3 3 so
470 1156 3 3 co
505 1156 3 3 co
541 1156 3 3 co
613 1139 143 27 7,626,169,03
774 1135 13 35 —
797 1148 8 8 v

290 1182 7 8 »
327 1174 74 20 1898.
469 1190 111 4 0.0.0.
613 1174 143 26 7,836,994,15
797 1182 8 8 »

172 1229 44 21 och
239 1229 76 21 under
337 1230 262 21 Januari-November
626 1232 52 20 1899
703 1230 42 20 har
769 1229 74 28 enligt
858 1229 75 27 lager-

169 1263 154 28 journalerna
338 1264 8 20 i
363 1264 109 21 afseende
481 1264 12 21 å
503 1264 157 28 förbrukning
674 1264 99 28 uttagits
790 1265 143 26 7,075,433,20

171 1297 60 21 liter.
263 1298 56 20 Med
349 1298 97 29 ledning
469 1299 27 20 af
517 1298 66 21 dessa
613 1298 124 28 uppgifter
759 1298 46 20 kan
829 1297 104 21 tillverk-

172 1332 80 28 ningsg
261 1328 133 37 vantiteten
410 1333 37 21 för
463 1333 28 21 de
507 1335 103 19 närmast
627 1332 107 28 följande
750 1332 56 21 åren
821 1332 112 28 uppskat-

172 1369 36 19 tas
224 1366 37 21 till
277 1367 8 20 i
301 1366 111 22 medeltal
428 1367 109 28 omkring
552 1370 114 25 7,000,000
682 1367 13 21 å
708 1368 113 26 7,500,000
831 1366 54 21 liter
897 1373 37 14 om

172 1402 56 20 äret,
259 1401 139 21 Inkumsiten
415 1402 26 21 af
455 1402 207 21 branvinsskatten
673 1403 76 19 under
759 1380 175 53 pästkomman-
