1048 1631
327 91 29 22 U.
371 91 28 22 B.
417 104 26 3 —
460 90 75 30 Prop.
551 90 43 23 N:o
610 91 13 21 1
795 93 27 19 13

420 212 27 21 II
463 213 71 26 Kap.

313 277 35 21 Om
363 277 94 28 flottning
472 277 25 21 af
509 277 133 28 skogsalster.

453 343 49 28 18

174 391 117 28 Naturligt
306 391 137 28 vattendrag
459 393 43 24 må,
515 391 42 21 der
568 391 39 21 det
618 393 24 19 är
650 393 75 26 öppet,
736 391 117 28 begagnas

102 427 36 22 för
161 426 110 29 flottning
295 427 23 21 af
337 426 140 29 skogsalster
496 426 75 21 under
590 426 147 29 iakttagande
754 426 23 21 af
791 427 63 20 hvad

102 463 9 21 i
133 463 75 22 denna
231 462 35 29 lag
289 462 36 23 och
341 462 148 21 annorstädes
507 466 25 17 är
548 462 79 21 derom
643 462 112 29 stadgadt.

452 528 51 29 28

173 576 80 23 Under
274 576 119 29 pågående
417 575 110 30 flottning
551 583 55 14 vare
625 576 82 21 tillåtet
725 578 33 19 att
773 575 8 22 i
797 577 57 20 vatt-

102 614 36 21 net
156 613 61 21 hålla
232 612 141 22 ledbommar
389 613 43 20 och
448 612 35 22 till
499 612 131 22 bomfästen
646 614 12 19 å
674 612 108 21 stranden
795 611 59 22 inslå

102 649 63 28 pålar
188 648 55 22 eller
265 648 105 29 begagna
393 648 172 26 naturföremäl,
583 655 49 14 som
654 648 19 28 ej
695 648 78 21 kunna
790 647 65 22 deraf

103 685 89 25 skadas,
217 686 24 20 så
265 685 43 21 ock
329 686 33 19 att
382 684 52 21 med
454 684 113 29 flottgods
590 684 68 28 lägga
680 684 34 21 till
737 683 41 22 vid
800 684 54 27 (ute-

102 720 77 28 slutn.)
195 720 43 21 och
253 720 36 21 för
305 719 150 30 flottningens
472 720 153 21 bedrifvande
640 720 92 21 beträda
742 720 112 26 stranden,

103 757 52 22 dock
170 757 45 22 icke
230 756 36 22 vid
282 758 63 24 tomt,
362 756 115 29 trädgård,
493 757 65 28 park,
576 755 103 23 badställe
694 756 43 21 och
748 755 106 29 upplags-

103 793 66 28 plats,
186 792 50 27 ifall
251 793 79 21 sådant
346 792 45 21 kan
405 792 38 22 der
457 799 79 21 genom
550 791 197 29 flottningsanstalt
756 791 98 28 förebyg-

102 835 40 22 gas
158 828 51 22 eller
223 828 61 28 eljest
299 828 114 22 undvikas.
851 853 4 5 .

175 864 27 29 Ej
229 867 37 19 mä
291 864 142 22 ledbommar
459 867 25 18 sä
511 865 112 28 utläggas,
650 866 33 19 att
704 864 151 21 samfärdseln

103 901 93 22 hindras
214 901 54 21 eller
283 900 76 22 fisken
373 900 96 22 afhälles
481 900 52 22 från
544 900 98 29 lekplats
654 900 54 21 eller
718 899 135 26 fiskeställe;

104 937 43 21 och
166 937 42 21 bör
227 937 151 28 begagnande
399 936 24 21 af
438 936 58 21 fäste
513 937 44 21 och
572 936 111 29 landning
699 938 26 19 sä
739 935 51 22 vidt
805 939 50 25 gör-

103 972 43 29 ligt
162 976 24 17 är
205 973 40 21 ske
264 975 13 18 å
296 972 71 26 ställe,
393 972 39 21 der
455 972 86 22 minsta
565 972 121 29 olägenhet
708 972 79 26 vällas,
812 972 42 21 och

104 1008 110 29 flottgods
230 1008 41 22 vid
287 1008 78 21 strand
380 1008 51 22 icke
448 1008 130 28 qvarhållas
594 1008 78 29 längre
688 1011 28 18 än
732 1007 86 29 nödigt.

454 1082 13 19 3
483 1080 20 29 8.

175 1129 11 21 I
207 1128 205 29 flottningsstadga
431 1127 36 22 för
482 1127 61 23 visst
558 1128 136 29 vattendrag
710 1128 45 22 kan
769 1127 86 29 jemväl

104 1164 129 29 medgifvas
249 1166 45 20 rätt
309 1166 39 24 att,
365 1166 62 20 emot
443 1164 128 28 ersättning
587 1164 35 22 för
632 1164 131 28 nyttjandet
774 1163 23 21 af
811 1170 45 14 om-

104 1200 60 26 råde,
189 1208 49 14 som
261 1202 120 27 upptages,
406 1202 58 19 samt
487 1200 36 21 för
548 1200 72 22 skada
641 1200 41 21 och
704 1199 152 29 olägenhet,
843 1195 16 39 i

103 1236 161 28 vattendraget
279 1236 43 22 och
338 1238 13 20 å
367 1236 108 21 stranden
492 1236 107 22 derinvid
615 1236 82 21 inrätta
713 1236 85 21 sådana
813 1237 43 19 sta-

104 1272 140 28 digvarande
261 1272 114 26 anstalter,
392 1279 49 14 som
452 1272 36 21 för
499 1272 153 28 flottningens
663 1271 193 29 ändamålsenliga

103 1308 158 25 bedrifvande,
283 1308 210 28 upprätthållandet
513 1308 25 21 af
560 1308 149 21 samfärdseln
730 1307 8 22 i
753 1307 103 22 farleden

104 1344 43 22 och
170 1344 84 22 mellan
277 1344 132 22 stränderna
430 1344 43 21 och
493 1344 138 28 skyddande
647 1344 23 21 af
686 1350 86 15 annans
789 1350 66 21 egen-

104 1380 53 21 dom
173 1380 120 26 erfordras,
310 1382 59 20 samt
385 1380 35 21 för
441 1380 130 21 ändamålet
589 1387 114 21 upprensa
720 1379 137 28 vattendrag

180 1422 212 18 Vattenrättsutskottets
404 1422 118 18 betänkande
536 1422 36 18 N:o
585 1423 15 17 1.
