<?xml version="1.0" encoding="UTF-8"?>
<alto xmlns="http://www.loc.gov/standards/alto/ns-v3#" xmlns:xlink="http://www.w3.org/1999/xlink" xmlns:xsi="http://www.w3.org/2001/XMLSchema-instance" xsi:schemaLocation="http://www.loc.gov/standards/alto/ns-v3# http://www.loc.gov/alto/v3/alto-3-0.xsd">
	<Description>
		<MeasurementUnit>pixel</MeasurementUnit>
		<sourceImageInformation>
			<fileName>/tmp/tess_u_vwri0t_input.PNG</fileName>
		</sourceImageInformation>
		<OCRProcessing ID="OCR_0">
			<ocrProcessingStep>
				<processingSoftware>
					<softwareName>tesseract 5.3.4</softwareName>
				</processingSoftware>
			</ocrProcessingStep>
		</OCRProcessing>
	</Description>
	<Layout>
		<Page WIDTH="1048" HEIGHT="1631" PHYSICAL_IMG_NR="0" ID="page_0">
			<PrintSpace HPOS="0" VPOS="0" WIDTH="1048" HEIGHT="1631">
				<ComposedBlock ID="cblock_0" HPOS="307" VPOS="122" WIDTH="543" HEIGHT="28">
					<TextBlock ID="block_0" HPOS="307" VPOS="122" WIDTH="543" HEIGHT="28">
						<TextLine ID="line_0" HPOS="307" VPOS="122" WIDTH="543" HEIGHT="28">
							<String ID="string_0" HPOS="307" VPOS="122" WIDTH="73" HEIGHT="22" WC="0.90" CONTENT="Ständ."/><SP WIDTH="17" VPOS="122" HPOS="380"/>
							<String ID="string_1" HPOS="397" VPOS="122" WIDTH="35" HEIGHT="22" WC="0.93" CONTENT="Sv."/><SP WIDTH="16" VPOS="122" HPOS="432"/>
							<String ID="string_2" HPOS="448" VPOS="134" WIDTH="27" HEIGHT="4" WC="0.93" CONTENT="—"/><SP WIDTH="17" VPOS="134" HPOS="475"/>
							<String ID="string_3" HPOS="492" VPOS="122" WIDTH="61" HEIGHT="28" WC="0.95" CONTENT="Prop."/><SP WIDTH="17" VPOS="122" HPOS="553"/>
							<String ID="string_4" HPOS="570" VPOS="122" WIDTH="35" HEIGHT="22" WC="0.93" CONTENT="N:o"/><SP WIDTH="15" VPOS="122" HPOS="605"/>
							<String ID="string_5" HPOS="620" VPOS="122" WIDTH="15" HEIGHT="22" WC="0.96" CONTENT="1."/><SP WIDTH="188" VPOS="122" HPOS="635"/>
							<String ID="string_6" HPOS="823" VPOS="124" WIDTH="27" HEIGHT="20" WC="0.96" CONTENT="57"/>
						</TextLine>
					</TextBlock>
				</ComposedBlock>
				<ComposedBlock ID="cblock_1" HPOS="92" VPOS="185" WIDTH="759" HEIGHT="132">
					<TextBlock ID="block_1" HPOS="92" VPOS="185" WIDTH="759" HEIGHT="132">
						<TextLine ID="line_1" HPOS="92" VPOS="185" WIDTH="759" HEIGHT="29">
							<String ID="string_7" HPOS="92" VPOS="185" WIDTH="101" HEIGHT="29" WC="0.93" CONTENT="bättring"/><SP WIDTH="15" VPOS="185" HPOS="193"/>
							<String ID="string_8" HPOS="208" VPOS="187" WIDTH="13" HEIGHT="20" WC="0.91" CONTENT="å"/><SP WIDTH="14" VPOS="187" HPOS="221"/>
							<String ID="string_9" HPOS="235" VPOS="186" WIDTH="70" HEIGHT="25" WC="0.95" CONTENT="mark,"/><SP WIDTH="24" VPOS="186" HPOS="305"/>
							<String ID="string_10" HPOS="329" VPOS="185" WIDTH="36" HEIGHT="22" WC="0.96" CONTENT="för"/><SP WIDTH="22" VPOS="185" HPOS="365"/>
							<String ID="string_11" HPOS="387" VPOS="185" WIDTH="94" HEIGHT="22" WC="0.96" CONTENT="hvilken"/><SP WIDTH="24" VPOS="185" HPOS="481"/>
							<String ID="string_12" HPOS="505" VPOS="185" WIDTH="51" HEIGHT="22" WC="0.96" CONTENT="icke"/><SP WIDTH="15" VPOS="185" HPOS="556"/>
							<String ID="string_13" HPOS="571" VPOS="185" WIDTH="69" HEIGHT="29" WC="0.96" CONTENT="tagits"/><SP WIDTH="16" VPOS="185" HPOS="640"/>
							<String ID="string_14" HPOS="656" VPOS="185" WIDTH="35" HEIGHT="22" WC="0.95" CONTENT="del"/><SP WIDTH="16" VPOS="185" HPOS="691"/>
							<String ID="string_15" HPOS="707" VPOS="186" WIDTH="7" HEIGHT="21" WC="0.96" CONTENT="i"/><SP WIDTH="15" VPOS="186" HPOS="714"/>
							<String ID="string_16" HPOS="729" VPOS="185" WIDTH="122" HEIGHT="28" WC="0.96" CONTENT="företaget,"/>
						</TextLine>
						<TextLine ID="line_2" HPOS="92" VPOS="219" WIDTH="757" HEIGHT="29">
							<String ID="string_17" HPOS="92" VPOS="227" WIDTH="53" HEIGHT="14" WC="0.95" CONTENT="vare"/><SP WIDTH="22" VPOS="227" HPOS="145"/>
							<String ID="string_18" HPOS="167" VPOS="220" WIDTH="104" HEIGHT="21" WC="0.93" CONTENT="markens"/><SP WIDTH="24" VPOS="220" HPOS="271"/>
							<String ID="string_19" HPOS="295" VPOS="227" WIDTH="66" HEIGHT="21" WC="0.93" CONTENT="egare"/><SP WIDTH="20" VPOS="227" HPOS="361"/>
							<String ID="string_20" HPOS="381" VPOS="219" WIDTH="43" HEIGHT="22" WC="0.93" CONTENT="ock"/><SP WIDTH="15" VPOS="219" HPOS="424"/>
							<String ID="string_21" HPOS="439" VPOS="219" WIDTH="84" HEIGHT="29" WC="0.92" CONTENT="pligtig"/><SP WIDTH="17" VPOS="219" HPOS="523"/>
							<String ID="string_22" HPOS="540" VPOS="222" WIDTH="34" HEIGHT="19" WC="0.96" CONTENT="att"/><SP WIDTH="14" VPOS="222" HPOS="574"/>
							<String ID="string_23" HPOS="588" VPOS="220" WIDTH="7" HEIGHT="21" WC="0.96" CONTENT="i"/><SP WIDTH="16" VPOS="220" HPOS="595"/>
							<String ID="string_24" HPOS="611" VPOS="221" WIDTH="53" HEIGHT="20" WC="0.95" CONTENT="mån"/><SP WIDTH="15" VPOS="221" HPOS="664"/>
							<String ID="string_25" HPOS="679" VPOS="219" WIDTH="26" HEIGHT="22" WC="0.90" CONTENT="af"/><SP WIDTH="13" VPOS="219" HPOS="705"/>
							<String ID="string_26" HPOS="718" VPOS="219" WIDTH="131" HEIGHT="22" WC="0.90" CONTENT="förbättrin-"/>
						</TextLine>
						<TextLine ID="line_3" HPOS="92" VPOS="253" WIDTH="758" HEIGHT="30">
							<String ID="string_27" HPOS="92" VPOS="261" WIDTH="56" HEIGHT="21" WC="0.95" CONTENT="gens"/><SP WIDTH="22" VPOS="261" HPOS="148"/>
							<String ID="string_28" HPOS="170" VPOS="255" WIDTH="76" HEIGHT="25" WC="0.96" CONTENT="värde,"/><SP WIDTH="23" VPOS="255" HPOS="246"/>
							<String ID="string_29" HPOS="269" VPOS="254" WIDTH="58" HEIGHT="22" WC="0.96" CONTENT="dock"/><SP WIDTH="23" VPOS="254" HPOS="327"/>
							<String ID="string_30" HPOS="350" VPOS="253" WIDTH="20" HEIGHT="29" WC="0.93" CONTENT="ej"/><SP WIDTH="24" VPOS="253" HPOS="370"/>
							<String ID="string_31" HPOS="394" VPOS="253" WIDTH="92" HEIGHT="22" WC="0.92" CONTENT="utöfver"/><SP WIDTH="24" VPOS="253" HPOS="486"/>
							<String ID="string_32" HPOS="510" VPOS="254" WIDTH="74" HEIGHT="21" WC="0.96" CONTENT="dettas"/><SP WIDTH="18" VPOS="254" HPOS="584"/>
							<String ID="string_33" HPOS="602" VPOS="254" WIDTH="87" HEIGHT="29" WC="0.96" CONTENT="belopp,"/><SP WIDTH="16" VPOS="254" HPOS="689"/>
							<String ID="string_34" HPOS="705" VPOS="254" WIDTH="96" HEIGHT="28" WC="0.96" CONTENT="bidraga"/><SP WIDTH="14" VPOS="254" HPOS="801"/>
							<String ID="string_35" HPOS="815" VPOS="254" WIDTH="35" HEIGHT="21" WC="0.96" CONTENT="till"/>
						</TextLine>
						<TextLine ID="line_4" HPOS="92" VPOS="288" WIDTH="297" HEIGHT="29">
							<String ID="string_36" HPOS="92" VPOS="288" WIDTH="163" HEIGHT="22" WC="0.91" CONTENT="kostnadernas"/><SP WIDTH="16" VPOS="288" HPOS="255"/>
							<String ID="string_37" HPOS="271" VPOS="288" WIDTH="118" HEIGHT="29" WC="0.91" CONTENT="gäldande."/>
						</TextLine>
					</TextBlock>
				</ComposedBlock>
				<ComposedBlock ID="cblock_2" HPOS="91" VPOS="380" WIDTH="758" HEIGHT="342">
					<TextBlock ID="block_2" HPOS="442" VPOS="380" WIDTH="62" HEIGHT="29">
						<TextLine ID="line_5" HPOS="442" VPOS="380" WIDTH="62" HEIGHT="29">
							<String ID="string_38" HPOS="442" VPOS="381" WIDTH="25" HEIGHT="20" WC="0.93" CONTENT="15"/><SP WIDTH="16" VPOS="381" HPOS="467"/>
							<String ID="string_39" HPOS="483" VPOS="380" WIDTH="21" HEIGHT="29" WC="0.87" CONTENT="8."/>
						</TextLine>
					</TextBlock>
					<TextBlock ID="block_3" HPOS="91" VPOS="420" WIDTH="758" HEIGHT="302">
						<TextLine ID="line_6" HPOS="160" VPOS="420" WIDTH="689" HEIGHT="34">
							<String ID="string_40" HPOS="160" VPOS="420" WIDTH="34" HEIGHT="27" WC="0.95" CONTENT="Är"/><SP WIDTH="19" VPOS="420" HPOS="194"/>
							<String ID="string_41" HPOS="213" VPOS="425" WIDTH="58" HEIGHT="22" WC="0.96" CONTENT="efter"/><SP WIDTH="22" VPOS="425" HPOS="271"/>
							<String ID="string_42" HPOS="293" VPOS="425" WIDTH="97" HEIGHT="22" WC="0.96" CONTENT="slutförd"/><SP WIDTH="23" VPOS="425" HPOS="390"/>
							<String ID="string_43" HPOS="413" VPOS="425" WIDTH="115" HEIGHT="29" WC="0.95" CONTENT="sänkning"/><SP WIDTH="23" VPOS="425" HPOS="528"/>
							<String ID="string_44" HPOS="551" VPOS="425" WIDTH="201" HEIGHT="29" WC="0.95" CONTENT="upprätthållande"/><SP WIDTH="20" VPOS="425" HPOS="752"/>
							<String ID="string_45" HPOS="772" VPOS="426" WIDTH="27" HEIGHT="21" WC="0.90" CONTENT="af"/><SP WIDTH="13" VPOS="426" HPOS="799"/>
							<String ID="string_46" HPOS="812" VPOS="433" WIDTH="37" HEIGHT="14" WC="0.90" CONTENT="an-"/>
						</TextLine>
						<TextLine ID="line_7" HPOS="92" VPOS="459" WIDTH="757" HEIGHT="30">
							<String ID="string_47" HPOS="92" VPOS="460" WIDTH="54" HEIGHT="21" WC="0.90" CONTENT="stalt"/><SP WIDTH="22" VPOS="460" HPOS="146"/>
							<String ID="string_48" HPOS="168" VPOS="460" WIDTH="36" HEIGHT="22" WC="0.96" CONTENT="för"/><SP WIDTH="21" VPOS="460" HPOS="204"/>
							<String ID="string_49" HPOS="225" VPOS="462" WIDTH="100" HEIGHT="20" WC="0.93" CONTENT="vattnets"/><SP WIDTH="22" VPOS="462" HPOS="325"/>
							<String ID="string_50" HPOS="347" VPOS="459" WIDTH="120" HEIGHT="22" WC="0.92" CONTENT="afledande"/><SP WIDTH="20" VPOS="459" HPOS="467"/>
							<String ID="string_51" HPOS="487" VPOS="459" WIDTH="26" HEIGHT="22" WC="0.96" CONTENT="af"/><SP WIDTH="13" VPOS="459" HPOS="513"/>
							<String ID="string_52" HPOS="526" VPOS="460" WIDTH="82" HEIGHT="25" WC="0.96" CONTENT="nöden,"/><SP WIDTH="16" VPOS="460" HPOS="608"/>
							<String ID="string_53" HPOS="624" VPOS="463" WIDTH="52" HEIGHT="26" WC="0.93" CONTENT="tage"/><SP WIDTH="16" VPOS="463" HPOS="676"/>
							<String ID="string_54" HPOS="692" VPOS="460" WIDTH="92" HEIGHT="26" WC="0.90" CONTENT="enhvar,"/><SP WIDTH="17" VPOS="460" HPOS="784"/>
							<String ID="string_55" HPOS="801" VPOS="467" WIDTH="48" HEIGHT="15" WC="0.96" CONTENT="som"/>
						</TextLine>
						<TextLine ID="line_8" HPOS="92" VPOS="494" WIDTH="757" HEIGHT="29">
							<String ID="string_56" HPOS="92" VPOS="495" WIDTH="117" HEIGHT="28" WC="0.96" CONTENT="begagnar"/><SP WIDTH="22" VPOS="495" HPOS="209"/>
							<String ID="string_57" HPOS="231" VPOS="495" WIDTH="54" HEIGHT="21" WC="0.95" CONTENT="eller"/><SP WIDTH="22" VPOS="495" HPOS="285"/>
							<String ID="string_58" HPOS="307" VPOS="494" WIDTH="66" HEIGHT="29" WC="0.96" CONTENT="eljest"/><SP WIDTH="22" VPOS="494" HPOS="373"/>
							<String ID="string_59" HPOS="395" VPOS="494" WIDTH="41" HEIGHT="21" WC="0.95" CONTENT="har"/><SP WIDTH="22" VPOS="494" HPOS="436"/>
							<String ID="string_60" HPOS="458" VPOS="497" WIDTH="68" HEIGHT="26" WC="0.96" CONTENT="nytta"/><SP WIDTH="23" VPOS="497" HPOS="526"/>
							<String ID="string_61" HPOS="549" VPOS="495" WIDTH="26" HEIGHT="21" WC="0.96" CONTENT="af"/><SP WIDTH="13" VPOS="495" HPOS="575"/>
							<String ID="string_62" HPOS="588" VPOS="495" WIDTH="119" HEIGHT="26" WC="0.96" CONTENT="anstalten,"/><SP WIDTH="17" VPOS="495" HPOS="707"/>
							<String ID="string_63" HPOS="724" VPOS="495" WIDTH="36" HEIGHT="21" WC="0.96" CONTENT="del"/><SP WIDTH="15" VPOS="495" HPOS="760"/>
							<String ID="string_64" HPOS="775" VPOS="495" WIDTH="7" HEIGHT="21" WC="0.96" CONTENT="i"/><SP WIDTH="16" VPOS="495" HPOS="782"/>
							<String ID="string_65" HPOS="798" VPOS="495" WIDTH="51" HEIGHT="21" WC="0.96" CONTENT="dess"/>
						</TextLine>
						<TextLine ID="line_9" HPOS="92" VPOS="529" WIDTH="757" HEIGHT="29">
							<String ID="string_66" HPOS="92" VPOS="529" WIDTH="126" HEIGHT="26" WC="0.94" CONTENT="underhåll,"/><SP WIDTH="22" VPOS="529" HPOS="218"/>
							<String ID="string_67" HPOS="240" VPOS="531" WIDTH="74" HEIGHT="20" WC="0.95" CONTENT="såsom"/><SP WIDTH="23" VPOS="531" HPOS="314"/>
							<String ID="string_68" HPOS="337" VPOS="536" WIDTH="37" HEIGHT="15" WC="0.96" CONTENT="om"/><SP WIDTH="18" VPOS="536" HPOS="374"/>
							<String ID="string_69" HPOS="392" VPOS="529" WIDTH="53" HEIGHT="21" WC="0.96" CONTENT="dike"/><SP WIDTH="16" VPOS="529" HPOS="445"/>
							<String ID="string_70" HPOS="461" VPOS="531" WIDTH="69" HEIGHT="27" WC="0.68" CONTENT="sagts."/><SP WIDTH="31" VPOS="531" HPOS="530"/>
							<String ID="string_71" HPOS="561" VPOS="529" WIDTH="87" HEIGHT="22" WC="0.92" CONTENT="Varder"/><SP WIDTH="16" VPOS="529" HPOS="648"/>
							<String ID="string_72" HPOS="664" VPOS="529" WIDTH="97" HEIGHT="29" WC="0.96" CONTENT="ändring"/><SP WIDTH="16" VPOS="529" HPOS="761"/>
							<String ID="string_73" HPOS="777" VPOS="529" WIDTH="26" HEIGHT="22" WC="0.93" CONTENT="af"/><SP WIDTH="13" VPOS="529" HPOS="803"/>
							<String ID="string_74" HPOS="816" VPOS="531" WIDTH="33" HEIGHT="20" WC="0.93" CONTENT="sä-"/>
						</TextLine>
						<TextLine ID="line_10" HPOS="92" VPOS="563" WIDTH="757" HEIGHT="29">
							<String ID="string_75" HPOS="92" VPOS="563" WIDTH="45" HEIGHT="22" WC="0.96" CONTENT="dan"/><SP WIDTH="21" VPOS="563" HPOS="137"/>
							<String ID="string_76" HPOS="158" VPOS="563" WIDTH="95" HEIGHT="29" WC="0.95" CONTENT="ledning"/><SP WIDTH="17" VPOS="563" HPOS="253"/>
							<String ID="string_77" HPOS="270" VPOS="563" WIDTH="106" HEIGHT="29" WC="0.96" CONTENT="påkallad"/><SP WIDTH="15" VPOS="563" HPOS="376"/>
							<String ID="string_78" HPOS="391" VPOS="563" WIDTH="71" HEIGHT="26" WC="0.96" CONTENT="deraf,"/><SP WIDTH="16" VPOS="563" HPOS="462"/>
							<String ID="string_79" HPOS="478" VPOS="566" WIDTH="34" HEIGHT="19" WC="0.96" CONTENT="att"/><SP WIDTH="16" VPOS="566" HPOS="512"/>
							<String ID="string_80" HPOS="528" VPOS="563" WIDTH="69" HEIGHT="22" WC="0.96" CONTENT="äfven"/><SP WIDTH="16" VPOS="563" HPOS="597"/>
							<String ID="string_81" HPOS="613" VPOS="563" WIDTH="68" HEIGHT="22" WC="0.96" CONTENT="andre"/><SP WIDTH="16" VPOS="563" HPOS="681"/>
							<String ID="string_82" HPOS="697" VPOS="566" WIDTH="29" HEIGHT="19" WC="0.93" CONTENT="än"/><SP WIDTH="16" VPOS="566" HPOS="726"/>
							<String ID="string_83" HPOS="742" VPOS="564" WIDTH="107" HEIGHT="28" WC="0.91" CONTENT="anlägga-"/>
						</TextLine>
						<TextLine ID="line_11" HPOS="92" VPOS="597" WIDTH="757" HEIGHT="29">
							<String ID="string_84" HPOS="92" VPOS="605" WIDTH="53" HEIGHT="14" WC="0.92" CONTENT="rene"/><SP WIDTH="22" VPOS="605" HPOS="145"/>
							<String ID="string_85" HPOS="167" VPOS="598" WIDTH="105" HEIGHT="28" WC="0.96" CONTENT="begagna"/><SP WIDTH="16" VPOS="598" HPOS="272"/>
							<String ID="string_86" HPOS="288" VPOS="598" WIDTH="136" HEIGHT="25" WC="0.93" CONTENT="densamma,"/><SP WIDTH="16" VPOS="598" HPOS="424"/>
							<String ID="string_87" HPOS="440" VPOS="597" WIDTH="96" HEIGHT="22" WC="0.91" CONTENT="bekoste"/><SP WIDTH="16" VPOS="597" HPOS="536"/>
							<String ID="string_88" HPOS="552" VPOS="598" WIDTH="28" HEIGHT="21" WC="0.96" CONTENT="de"/><SP WIDTH="15" VPOS="598" HPOS="580"/>
							<String ID="string_89" HPOS="595" VPOS="597" WIDTH="61" HEIGHT="22" WC="0.96" CONTENT="förre"/><SP WIDTH="15" VPOS="597" HPOS="656"/>
							<String ID="string_90" HPOS="671" VPOS="597" WIDTH="73" HEIGHT="22" WC="0.93" CONTENT="allena"/><SP WIDTH="15" VPOS="597" HPOS="744"/>
							<String ID="string_91" HPOS="759" VPOS="598" WIDTH="90" HEIGHT="21" WC="0.91" CONTENT="ändrin-"/>
						</TextLine>
						<TextLine ID="line_12" HPOS="92" VPOS="631" WIDTH="757" HEIGHT="30">
							<String ID="string_92" HPOS="92" VPOS="639" WIDTH="45" HEIGHT="21" WC="0.95" CONTENT="gen"/><SP WIDTH="22" VPOS="639" HPOS="137"/>
							<String ID="string_93" HPOS="159" VPOS="632" WIDTH="43" HEIGHT="21" WC="0.93" CONTENT="och"/><SP WIDTH="23" VPOS="632" HPOS="202"/>
							<String ID="string_94" HPOS="225" VPOS="639" WIDTH="64" HEIGHT="15" WC="0.92" CONTENT="svare"/><SP WIDTH="22" VPOS="639" HPOS="289"/>
							<String ID="string_95" HPOS="311" VPOS="632" WIDTH="36" HEIGHT="21" WC="0.96" CONTENT="för"/><SP WIDTH="18" VPOS="632" HPOS="347"/>
							<String ID="string_96" HPOS="365" VPOS="631" WIDTH="66" HEIGHT="22" WC="0.93" CONTENT="deraf"/><SP WIDTH="13" VPOS="631" HPOS="431"/>
							<String ID="string_97" HPOS="444" VPOS="631" WIDTH="121" HEIGHT="22" WC="0.91" CONTENT="föranledd"/><SP WIDTH="17" VPOS="631" HPOS="565"/>
							<String ID="string_98" HPOS="582" VPOS="632" WIDTH="87" HEIGHT="29" WC="0.95" CONTENT="ökning"/><SP WIDTH="16" VPOS="632" HPOS="669"/>
							<String ID="string_99" HPOS="685" VPOS="632" WIDTH="7" HEIGHT="21" WC="0.93" CONTENT="i"/><SP WIDTH="15" VPOS="632" HPOS="692"/>
							<String ID="string_100" HPOS="707" VPOS="632" WIDTH="142" HEIGHT="21" WC="0.90" CONTENT="underhålls-"/>
						</TextLine>
						<TextLine ID="line_13" HPOS="91" VPOS="666" WIDTH="758" HEIGHT="29">
							<String ID="string_101" HPOS="91" VPOS="667" WIDTH="133" HEIGHT="21" WC="0.96" CONTENT="kostnaden."/><SP WIDTH="31" VPOS="667" HPOS="224"/>
							<String ID="string_102" HPOS="255" VPOS="667" WIDTH="90" HEIGHT="21" WC="0.85" CONTENT="Länder"/><SP WIDTH="18" VPOS="667" HPOS="345"/>
							<String ID="string_103" HPOS="363" VPOS="666" WIDTH="127" HEIGHT="29" WC="0.92" CONTENT="ändringen"/><SP WIDTH="15" VPOS="666" HPOS="490"/>
							<String ID="string_104" HPOS="505" VPOS="667" WIDTH="141" HEIGHT="28" WC="0.92" CONTENT="anläggaren"/><SP WIDTH="17" VPOS="667" HPOS="646"/>
							<String ID="string_105" HPOS="663" VPOS="667" WIDTH="33" HEIGHT="20" WC="0.96" CONTENT="till"/><SP WIDTH="16" VPOS="667" HPOS="696"/>
							<String ID="string_106" HPOS="712" VPOS="674" WIDTH="67" HEIGHT="21" WC="0.95" CONTENT="gagn,"/><SP WIDTH="17" VPOS="674" HPOS="779"/>
							<String ID="string_107" HPOS="796" VPOS="669" WIDTH="53" HEIGHT="25" WC="0.96" CONTENT="tage"/>
						</TextLine>
						<TextLine ID="line_14" HPOS="92" VPOS="700" WIDTH="526" HEIGHT="22">
							<String ID="string_108" HPOS="92" VPOS="700" WIDTH="68" HEIGHT="22" WC="0.96" CONTENT="äfven"/><SP WIDTH="16" VPOS="700" HPOS="160"/>
							<String ID="string_109" HPOS="176" VPOS="701" WIDTH="46" HEIGHT="21" WC="0.96" CONTENT="han"/><SP WIDTH="13" VPOS="701" HPOS="222"/>
							<String ID="string_110" HPOS="235" VPOS="701" WIDTH="8" HEIGHT="21" WC="0.96" CONTENT="i"/><SP WIDTH="14" VPOS="701" HPOS="243"/>
							<String ID="string_111" HPOS="257" VPOS="703" WIDTH="53" HEIGHT="19" WC="0.96" CONTENT="mån"/><SP WIDTH="15" VPOS="703" HPOS="310"/>
							<String ID="string_112" HPOS="325" VPOS="700" WIDTH="66" HEIGHT="22" WC="0.96" CONTENT="deraf"/><SP WIDTH="13" VPOS="700" HPOS="391"/>
							<String ID="string_113" HPOS="404" VPOS="701" WIDTH="7" HEIGHT="20" WC="0.96" CONTENT="i"/><SP WIDTH="16" VPOS="701" HPOS="411"/>
							<String ID="string_114" HPOS="427" VPOS="700" WIDTH="133" HEIGHT="22" WC="0.94" CONTENT="densamma"/><SP WIDTH="16" VPOS="700" HPOS="560"/>
							<String ID="string_115" HPOS="576" VPOS="701" WIDTH="42" HEIGHT="21" WC="0.96" CONTENT="del."/>
						</TextLine>
					</TextBlock>
				</ComposedBlock>
				<ComposedBlock ID="cblock_3" HPOS="441" VPOS="793" WIDTH="62" HEIGHT="28">
					<TextBlock ID="block_4" HPOS="441" VPOS="793" WIDTH="62" HEIGHT="28">
						<TextLine ID="line_15" HPOS="441" VPOS="793" WIDTH="62" HEIGHT="28">
							<String ID="string_116" HPOS="441" VPOS="794" WIDTH="26" HEIGHT="20" WC="0.95" CONTENT="16"/><SP WIDTH="16" VPOS="794" HPOS="467"/>
							<String ID="string_117" HPOS="483" VPOS="793" WIDTH="20" HEIGHT="28" WC="0.78" CONTENT="&amp;."/>
						</TextLine>
					</TextBlock>
				</ComposedBlock>
				<ComposedBlock ID="cblock_4" HPOS="90" VPOS="838" WIDTH="759" HEIGHT="303">
					<TextBlock ID="block_5" HPOS="91" VPOS="838" WIDTH="758" HEIGHT="98">
						<TextLine ID="line_16" HPOS="160" VPOS="838" WIDTH="689" HEIGHT="29">
							<String ID="string_118" HPOS="160" VPOS="838" WIDTH="162" HEIGHT="29" WC="0.96" CONTENT="Stadgandena"/><SP WIDTH="14" VPOS="838" HPOS="322"/>
							<String ID="string_119" HPOS="336" VPOS="839" WIDTH="8" HEIGHT="20" WC="0.96" CONTENT="i"/><SP WIDTH="16" VPOS="839" HPOS="344"/>
							<String ID="string_120" HPOS="360" VPOS="841" WIDTH="19" HEIGHT="23" WC="0.96" CONTENT="7,"/><SP WIDTH="16" VPOS="841" HPOS="379"/>
							<String ID="string_121" HPOS="395" VPOS="841" WIDTH="12" HEIGHT="18" WC="0.96" CONTENT="8"/><SP WIDTH="17" VPOS="841" HPOS="407"/>
							<String ID="string_122" HPOS="424" VPOS="838" WIDTH="43" HEIGHT="22" WC="0.97" CONTENT="och"/><SP WIDTH="16" VPOS="838" HPOS="467"/>
							<String ID="string_123" HPOS="483" VPOS="841" WIDTH="12" HEIGHT="18" WC="0.96" CONTENT="9"/><SP WIDTH="16" VPOS="841" HPOS="495"/>
							<String ID="string_124" HPOS="511" VPOS="839" WIDTH="30" HEIGHT="28" WC="0.67" CONTENT="88"/><SP WIDTH="16" VPOS="839" HPOS="541"/>
							<String ID="string_125" HPOS="557" VPOS="839" WIDTH="113" HEIGHT="28" WC="0.93" CONTENT="tillämpas"/><SP WIDTH="11" VPOS="839" HPOS="670"/>
							<String ID="string_126" HPOS="681" VPOS="838" WIDTH="86" HEIGHT="29" WC="0.92" CONTENT="jemväl"/><SP WIDTH="11" VPOS="838" HPOS="767"/>
							<String ID="string_127" HPOS="778" VPOS="840" WIDTH="13" HEIGHT="19" WC="0.92" CONTENT="å"/><SP WIDTH="10" VPOS="840" HPOS="791"/>
							<String ID="string_128" HPOS="801" VPOS="841" WIDTH="48" HEIGHT="19" WC="0.91" CONTENT="vat-"/>
						</TextLine>
						<TextLine ID="line_17" HPOS="91" VPOS="873" WIDTH="758" HEIGHT="28">
							<String ID="string_129" HPOS="91" VPOS="873" WIDTH="102" HEIGHT="26" WC="0.92" CONTENT="tenverk,"/><SP WIDTH="23" VPOS="873" HPOS="193"/>
							<String ID="string_130" HPOS="216" VPOS="873" WIDTH="38" HEIGHT="22" WC="0.93" CONTENT="vid"/><SP WIDTH="23" VPOS="873" HPOS="254"/>
							<String ID="string_131" HPOS="277" VPOS="873" WIDTH="68" HEIGHT="21" WC="0.92" CONTENT="hvars"/><SP WIDTH="22" VPOS="873" HPOS="345"/>
							<String ID="string_132" HPOS="367" VPOS="873" WIDTH="145" HEIGHT="28" WC="0.92" CONTENT="anläggande"/><SP WIDTH="24" VPOS="873" HPOS="512"/>
							<String ID="string_133" HPOS="536" VPOS="873" WIDTH="159" HEIGHT="28" WC="0.93" CONTENT="föreskrifvits,"/><SP WIDTH="25" VPOS="873" HPOS="695"/>
							<String ID="string_134" HPOS="720" VPOS="875" WIDTH="33" HEIGHT="19" WC="0.96" CONTENT="att"/><SP WIDTH="16" VPOS="875" HPOS="753"/>
							<String ID="string_135" HPOS="769" VPOS="873" WIDTH="80" HEIGHT="22" WC="0.96" CONTENT="verket"/>
						</TextLine>
						<TextLine ID="line_18" HPOS="91" VPOS="907" WIDTH="489" HEIGHT="29">
							<String ID="string_136" HPOS="91" VPOS="907" WIDTH="41" HEIGHT="22" WC="0.93" CONTENT="bör"/><SP WIDTH="15" VPOS="907" HPOS="132"/>
							<String ID="string_137" HPOS="147" VPOS="907" WIDTH="161" HEIGHT="22" WC="0.91" CONTENT="undanskaffas"/><SP WIDTH="16" VPOS="907" HPOS="308"/>
							<String ID="string_138" HPOS="324" VPOS="907" WIDTH="36" HEIGHT="22" WC="0.93" CONTENT="för"/><SP WIDTH="16" VPOS="907" HPOS="360"/>
							<String ID="string_139" HPOS="376" VPOS="907" WIDTH="204" HEIGHT="29" WC="0.92" CONTENT="vattenafledning."/>
						</TextLine>
					</TextBlock>
					<TextBlock ID="block_6" HPOS="90" VPOS="941" WIDTH="759" HEIGHT="200">
						<TextLine ID="line_19" HPOS="159" VPOS="941" WIDTH="690" HEIGHT="29">
							<String ID="string_140" HPOS="159" VPOS="941" WIDTH="99" HEIGHT="22" WC="0.92" CONTENT="Hindras"/><SP WIDTH="23" VPOS="941" HPOS="258"/>
							<String ID="string_141" HPOS="281" VPOS="942" WIDTH="149" HEIGHT="28" WC="0.92" CONTENT="sjösänkning"/><SP WIDTH="23" VPOS="942" HPOS="430"/>
							<String ID="string_142" HPOS="453" VPOS="941" WIDTH="26" HEIGHT="22" WC="0.93" CONTENT="af"/><SP WIDTH="17" VPOS="941" HPOS="479"/>
							<String ID="string_143" HPOS="496" VPOS="942" WIDTH="144" HEIGHT="26" WC="0.92" CONTENT="vattenverk,"/><SP WIDTH="17" VPOS="942" HPOS="640"/>
							<String ID="string_144" HPOS="657" VPOS="949" WIDTH="47" HEIGHT="14" WC="0.93" CONTENT="som"/><SP WIDTH="15" VPOS="949" HPOS="704"/>
							<String ID="string_145" HPOS="719" VPOS="942" WIDTH="51" HEIGHT="21" WC="0.93" CONTENT="icke"/><SP WIDTH="15" VPOS="942" HPOS="770"/>
							<String ID="string_146" HPOS="785" VPOS="942" WIDTH="64" HEIGHT="28" WC="0.91" CONTENT="lagli-"/>
						</TextLine>
						<TextLine ID="line_20" HPOS="90" VPOS="976" WIDTH="759" HEIGHT="29">
							<String ID="string_147" HPOS="90" VPOS="983" WIDTH="46" HEIGHT="22" WC="0.93" CONTENT="gen"/><SP WIDTH="22" VPOS="983" HPOS="136"/>
							<String ID="string_148" HPOS="158" VPOS="976" WIDTH="131" HEIGHT="22" WC="0.90" CONTENT="tillkommit"/><SP WIDTH="22" VPOS="976" HPOS="289"/>
							<String ID="string_149" HPOS="311" VPOS="976" WIDTH="54" HEIGHT="21" WC="0.93" CONTENT="eller"/><SP WIDTH="15" VPOS="976" HPOS="365"/>
							<String ID="string_150" HPOS="380" VPOS="976" WIDTH="50" HEIGHT="21" WC="0.92" CONTENT="icke"/><SP WIDTH="16" VPOS="976" HPOS="430"/>
							<String ID="string_151" HPOS="446" VPOS="979" WIDTH="25" HEIGHT="18" WC="0.93" CONTENT="är"/><SP WIDTH="15" VPOS="979" HPOS="471"/>
							<String ID="string_152" HPOS="486" VPOS="976" WIDTH="118" HEIGHT="26" WC="0.91" CONTENT="odalverk,"/><SP WIDTH="16" VPOS="976" HPOS="604"/>
							<String ID="string_153" HPOS="620" VPOS="976" WIDTH="69" HEIGHT="22" WC="0.92" CONTENT="varde"/><SP WIDTH="16" VPOS="976" HPOS="689"/>
							<String ID="string_154" HPOS="705" VPOS="976" WIDTH="38" HEIGHT="22" WC="0.97" CONTENT="det"/><SP WIDTH="16" VPOS="976" HPOS="743"/>
							<String ID="string_155" HPOS="759" VPOS="976" WIDTH="26" HEIGHT="21" WC="0.93" CONTENT="af"/><SP WIDTH="13" VPOS="976" HPOS="785"/>
							<String ID="string_156" HPOS="798" VPOS="983" WIDTH="51" HEIGHT="21" WC="0.92" CONTENT="ega-"/>
						</TextLine>
						<TextLine ID="line_21" HPOS="90" VPOS="1010" WIDTH="759" HEIGHT="29">
							<String ID="string_157" HPOS="90" VPOS="1018" WIDTH="41" HEIGHT="14" WC="0.96" CONTENT="ren"/><SP WIDTH="14" VPOS="1018" HPOS="131"/>
							<String ID="string_158" HPOS="145" VPOS="1013" WIDTH="56" HEIGHT="19" WC="0.96" CONTENT="utan"/><SP WIDTH="15" VPOS="1013" HPOS="201"/>
							<String ID="string_159" HPOS="216" VPOS="1011" WIDTH="125" HEIGHT="28" WC="0.93" CONTENT="ersättning"/><SP WIDTH="15" VPOS="1011" HPOS="341"/>
							<String ID="string_160" HPOS="356" VPOS="1010" WIDTH="185" HEIGHT="21" WC="0.91" CONTENT="undanskaffadt."/><SP WIDTH="26" VPOS="1010" HPOS="541"/>
							<String ID="string_161" HPOS="567" VPOS="1011" WIDTH="49" HEIGHT="21" WC="0.93" CONTENT="Har"/><SP WIDTH="15" VPOS="1011" HPOS="616"/>
							<String ID="string_162" HPOS="631" VPOS="1018" WIDTH="66" HEIGHT="21" WC="0.92" CONTENT="egare"/><SP WIDTH="16" VPOS="1018" HPOS="697"/>
							<String ID="string_163" HPOS="713" VPOS="1010" WIDTH="25" HEIGHT="22" WC="0.93" CONTENT="af"/><SP WIDTH="10" VPOS="1010" HPOS="738"/>
							<String ID="string_164" HPOS="748" VPOS="1010" WIDTH="101" HEIGHT="29" WC="0.93" CONTENT="lagligen"/>
						</TextLine>
						<TextLine ID="line_22" HPOS="90" VPOS="1044" WIDTH="759" HEIGHT="29">
							<String ID="string_165" HPOS="90" VPOS="1045" WIDTH="124" HEIGHT="22" WC="0.91" CONTENT="bestäende"/><SP WIDTH="21" VPOS="1045" HPOS="214"/>
							<String ID="string_166" HPOS="235" VPOS="1045" WIDTH="56" HEIGHT="22" WC="0.93" CONTENT="verk"/><SP WIDTH="22" VPOS="1045" HPOS="291"/>
							<String ID="string_167" HPOS="313" VPOS="1045" WIDTH="59" HEIGHT="28" WC="0.92" CONTENT="bygt"/><SP WIDTH="22" VPOS="1045" HPOS="372"/>
							<String ID="string_168" HPOS="394" VPOS="1044" WIDTH="93" HEIGHT="22" WC="0.91" CONTENT="utöfver"/><SP WIDTH="23" VPOS="1044" HPOS="487"/>
							<String ID="string_169" HPOS="510" VPOS="1044" WIDTH="63" HEIGHT="22" WC="0.91" CONTENT="hvad"/><SP WIDTH="23" VPOS="1044" HPOS="573"/>
							<String ID="string_170" HPOS="596" VPOS="1045" WIDTH="84" HEIGHT="22" WC="0.96" CONTENT="honom"/><SP WIDTH="15" VPOS="1045" HPOS="680"/>
							<String ID="string_171" HPOS="695" VPOS="1047" WIDTH="24" HEIGHT="19" WC="0.93" CONTENT="är"/><SP WIDTH="15" VPOS="1047" HPOS="719"/>
							<String ID="string_172" HPOS="734" VPOS="1045" WIDTH="115" HEIGHT="28" WC="0.92" CONTENT="lofgifvet,"/>
						</TextLine>
						<TextLine ID="line_23" HPOS="91" VPOS="1079" WIDTH="758" HEIGHT="29">
							<String ID="string_173" HPOS="91" VPOS="1079" WIDTH="43" HEIGHT="22" WC="0.93" CONTENT="och"/><SP WIDTH="21" VPOS="1079" HPOS="134"/>
							<String ID="string_174" HPOS="155" VPOS="1081" WIDTH="95" HEIGHT="26" WC="0.89" CONTENT="uppstär"/><SP WIDTH="25" VPOS="1081" HPOS="250"/>
							<String ID="string_175" HPOS="275" VPOS="1079" WIDTH="130" HEIGHT="29" WC="0.92" CONTENT="derigenom"/><SP WIDTH="22" VPOS="1079" HPOS="405"/>
							<String ID="string_176" HPOS="427" VPOS="1079" WIDTH="88" HEIGHT="26" WC="0.91" CONTENT="hinder,"/><SP WIDTH="24" VPOS="1079" HPOS="515"/>
							<String ID="string_177" HPOS="539" VPOS="1079" WIDTH="95" HEIGHT="22" WC="0.91" CONTENT="försätte"/><SP WIDTH="23" VPOS="1079" HPOS="634"/>
							<String ID="string_178" HPOS="657" VPOS="1079" WIDTH="42" HEIGHT="22" WC="0.92" CONTENT="ock"/><SP WIDTH="26" VPOS="1079" HPOS="699"/>
							<String ID="string_179" HPOS="725" VPOS="1079" WIDTH="46" HEIGHT="22" WC="0.96" CONTENT="han"/><SP WIDTH="22" VPOS="1079" HPOS="771"/>
							<String ID="string_180" HPOS="793" VPOS="1081" WIDTH="56" HEIGHT="20" WC="0.96" CONTENT="utan"/>
						</TextLine>
						<TextLine ID="line_24" HPOS="91" VPOS="1113" WIDTH="425" HEIGHT="28">
							<String ID="string_181" HPOS="91" VPOS="1114" WIDTH="126" HEIGHT="27" WC="0.96" CONTENT="ersättning"/><SP WIDTH="14" VPOS="1114" HPOS="217"/>
							<String ID="string_182" HPOS="231" VPOS="1113" WIDTH="80" HEIGHT="22" WC="0.96" CONTENT="verket"/><SP WIDTH="14" VPOS="1113" HPOS="311"/>
							<String ID="string_183" HPOS="325" VPOS="1114" WIDTH="7" HEIGHT="21" WC="0.93" CONTENT="i"/><SP WIDTH="15" VPOS="1114" HPOS="332"/>
							<String ID="string_184" HPOS="347" VPOS="1113" WIDTH="82" HEIGHT="28" WC="0.92" CONTENT="lagligt"/><SP WIDTH="16" VPOS="1113" HPOS="429"/>
							<String ID="string_185" HPOS="445" VPOS="1113" WIDTH="71" HEIGHT="22" WC="0.93" CONTENT="skick."/>
						</TextLine>
					</TextBlock>
				</ComposedBlock>
				<ComposedBlock ID="cblock_5" HPOS="88" VPOS="1204" WIDTH="762" HEIGHT="246">
					<TextBlock ID="block_7" HPOS="441" VPOS="1204" WIDTH="63" HEIGHT="29">
						<TextLine ID="line_25" HPOS="441" VPOS="1204" WIDTH="63" HEIGHT="29">
							<String ID="string_186" HPOS="441" VPOS="1206" WIDTH="26" HEIGHT="19" WC="0.92" CONTENT="17"/><SP WIDTH="17" VPOS="1206" HPOS="467"/>
							<String ID="string_187" HPOS="484" VPOS="1204" WIDTH="20" HEIGHT="29" WC="0.91" CONTENT="8."/>
						</TextLine>
					</TextBlock>
					<TextBlock ID="block_8" HPOS="90" VPOS="1250" WIDTH="760" HEIGHT="91">
						<TextLine ID="line_26" HPOS="158" VPOS="1250" WIDTH="692" HEIGHT="30">
							<String ID="string_188" HPOS="158" VPOS="1251" WIDTH="69" HEIGHT="22" WC="0.93" CONTENT="Hvad"/><SP WIDTH="15" VPOS="1251" HPOS="227"/>
							<String ID="string_189" HPOS="242" VPOS="1258" WIDTH="37" HEIGHT="15" WC="0.93" CONTENT="om"/><SP WIDTH="14" VPOS="1258" HPOS="279"/>
							<String ID="string_190" HPOS="293" VPOS="1251" WIDTH="114" HEIGHT="27" WC="0.90" CONTENT="sänkning"/><SP WIDTH="15" VPOS="1251" HPOS="407"/>
							<String ID="string_191" HPOS="422" VPOS="1250" WIDTH="26" HEIGHT="22" WC="0.93" CONTENT="af"/><SP WIDTH="13" VPOS="1250" HPOS="448"/>
							<String ID="string_192" HPOS="461" VPOS="1250" WIDTH="35" HEIGHT="28" WC="0.92" CONTENT="sjö"/><SP WIDTH="16" VPOS="1250" HPOS="496"/>
							<String ID="string_193" HPOS="512" VPOS="1250" WIDTH="104" HEIGHT="29" WC="0.91" CONTENT="stadgats"/><SP WIDTH="16" VPOS="1250" HPOS="616"/>
							<String ID="string_194" HPOS="632" VPOS="1251" WIDTH="71" HEIGHT="28" WC="0.93" CONTENT="gäller"/><SP WIDTH="10" VPOS="1251" HPOS="703"/>
							<String ID="string_195" HPOS="713" VPOS="1251" WIDTH="69" HEIGHT="22" WC="0.93" CONTENT="äfven"/><SP WIDTH="11" VPOS="1251" HPOS="782"/>
							<String ID="string_196" HPOS="793" VPOS="1258" WIDTH="57" HEIGHT="22" WC="0.90" CONTENT="upp-"/>
						</TextLine>
						<TextLine ID="line_27" HPOS="90" VPOS="1284" WIDTH="759" HEIGHT="30">
							<String ID="string_197" HPOS="90" VPOS="1286" WIDTH="114" HEIGHT="28" WC="0.92" CONTENT="rensning,"/><SP WIDTH="23" VPOS="1286" HPOS="204"/>
							<String ID="string_198" HPOS="227" VPOS="1285" WIDTH="156" HEIGHT="29" WC="0.91" CONTENT="fördjupning,"/><SP WIDTH="23" VPOS="1285" HPOS="383"/>
							<String ID="string_199" HPOS="406" VPOS="1284" WIDTH="142" HEIGHT="29" WC="0.92" CONTENT="utvidgning"/><SP WIDTH="22" VPOS="1284" HPOS="548"/>
							<String ID="string_200" HPOS="570" VPOS="1285" WIDTH="55" HEIGHT="21" WC="0.93" CONTENT="eller"/><SP WIDTH="23" VPOS="1285" HPOS="625"/>
							<String ID="string_201" HPOS="648" VPOS="1286" WIDTH="91" HEIGHT="28" WC="0.91" CONTENT="rätning"/><SP WIDTH="27" VPOS="1286" HPOS="739"/>
							<String ID="string_202" HPOS="766" VPOS="1285" WIDTH="26" HEIGHT="21" WC="0.96" CONTENT="af"/><SP WIDTH="19" VPOS="1285" HPOS="792"/>
							<String ID="string_203" HPOS="811" VPOS="1286" WIDTH="38" HEIGHT="26" WC="0.96" CONTENT="elf,"/>
						</TextLine>
						<TextLine ID="line_28" HPOS="90" VPOS="1320" WIDTH="163" HEIGHT="21">
							<String ID="string_204" HPOS="90" VPOS="1322" WIDTH="70" HEIGHT="19" WC="0.92" CONTENT="ström"/><SP WIDTH="16" VPOS="1322" HPOS="160"/>
							<String ID="string_205" HPOS="176" VPOS="1320" WIDTH="44" HEIGHT="21" WC="0.93" CONTENT="och"/><SP WIDTH="15" VPOS="1320" HPOS="220"/>
							<String ID="string_206" HPOS="235" VPOS="1322" WIDTH="18" HEIGHT="19" WC="0.91" CONTENT="ä."/>
						</TextLine>
					</TextBlock>
					<TextBlock ID="block_9" HPOS="88" VPOS="1353" WIDTH="762" HEIGHT="97">
						<TextLine ID="line_29" HPOS="158" VPOS="1353" WIDTH="691" HEIGHT="30">
							<String ID="string_207" HPOS="158" VPOS="1354" WIDTH="56" HEIGHT="21" WC="0.92" CONTENT="Rätt"/><SP WIDTH="23" VPOS="1354" HPOS="214"/>
							<String ID="string_208" HPOS="237" VPOS="1356" WIDTH="33" HEIGHT="20" WC="0.93" CONTENT="att"/><SP WIDTH="21" VPOS="1356" HPOS="270"/>
							<String ID="string_209" HPOS="291" VPOS="1361" WIDTH="66" HEIGHT="14" WC="0.92" CONTENT="rensa"/><SP WIDTH="24" VPOS="1361" HPOS="357"/>
							<String ID="string_210" HPOS="381" VPOS="1353" WIDTH="83" HEIGHT="22" WC="0.93" CONTENT="sädant"/><SP WIDTH="22" VPOS="1353" HPOS="464"/>
							<String ID="string_211" HPOS="486" VPOS="1353" WIDTH="145" HEIGHT="29" WC="0.96" CONTENT="vattendrag,"/><SP WIDTH="17" VPOS="1353" HPOS="631"/>
							<String ID="string_212" HPOS="648" VPOS="1354" WIDTH="38" HEIGHT="22" WC="0.96" CONTENT="der"/><SP WIDTH="15" VPOS="1354" HPOS="686"/>
							<String ID="string_213" HPOS="701" VPOS="1354" WIDTH="39" HEIGHT="22" WC="0.93" CONTENT="det"/><SP WIDTH="14" VPOS="1354" HPOS="740"/>
							<String ID="string_214" HPOS="754" VPOS="1354" WIDTH="95" HEIGHT="29" WC="0.92" CONTENT="pröfvas"/>
						</TextLine>
						<TextLine ID="line_30" HPOS="89" VPOS="1387" WIDTH="761" HEIGHT="29">
							<String ID="string_215" HPOS="89" VPOS="1395" WIDTH="55" HEIGHT="14" WC="0.96" CONTENT="vara"/><SP WIDTH="15" VPOS="1395" HPOS="144"/>
							<String ID="string_216" HPOS="159" VPOS="1388" WIDTH="26" HEIGHT="21" WC="0.93" CONTENT="af"/><SP WIDTH="12" VPOS="1388" HPOS="185"/>
							<String ID="string_217" HPOS="197" VPOS="1388" WIDTH="76" HEIGHT="22" WC="0.93" CONTENT="nöden"/><SP WIDTH="15" VPOS="1388" HPOS="273"/>
							<String ID="string_218" HPOS="288" VPOS="1388" WIDTH="36" HEIGHT="22" WC="0.93" CONTENT="för"/><SP WIDTH="14" VPOS="1388" HPOS="324"/>
							<String ID="string_219" HPOS="338" VPOS="1387" WIDTH="162" HEIGHT="29" WC="0.91" CONTENT="torrläggning"/><SP WIDTH="11" VPOS="1387" HPOS="500"/>
							<String ID="string_220" HPOS="511" VPOS="1387" WIDTH="27" HEIGHT="21" WC="0.93" CONTENT="af"/><SP WIDTH="8" VPOS="1387" HPOS="538"/>
							<String ID="string_221" HPOS="546" VPOS="1388" WIDTH="162" HEIGHT="22" WC="0.92" CONTENT="vattendränkt"/><SP WIDTH="11" VPOS="1388" HPOS="708"/>
							<String ID="string_222" HPOS="719" VPOS="1389" WIDTH="65" HEIGHT="21" WC="0.96" CONTENT="mark"/><SP WIDTH="11" VPOS="1389" HPOS="784"/>
							<String ID="string_223" HPOS="795" VPOS="1389" WIDTH="55" HEIGHT="21" WC="0.96" CONTENT="eller"/>
						</TextLine>
						<TextLine ID="line_31" HPOS="88" VPOS="1421" WIDTH="759" HEIGHT="29">
							<String ID="string_224" HPOS="88" VPOS="1422" WIDTH="36" HEIGHT="22" WC="0.95" CONTENT="för"/><SP WIDTH="22" VPOS="1422" HPOS="124"/>
							<String ID="string_225" HPOS="146" VPOS="1426" WIDTH="70" HEIGHT="18" WC="0.93" CONTENT="annat"/><SP WIDTH="22" VPOS="1426" HPOS="216"/>
							<String ID="string_226" HPOS="238" VPOS="1422" WIDTH="174" HEIGHT="28" WC="0.95" CONTENT="allmännyttigt"/><SP WIDTH="15" VPOS="1422" HPOS="412"/>
							<String ID="string_227" HPOS="427" VPOS="1421" WIDTH="114" HEIGHT="27" WC="0.96" CONTENT="ändamål,"/><SP WIDTH="16" VPOS="1421" HPOS="541"/>
							<String ID="string_228" HPOS="557" VPOS="1422" WIDTH="136" HEIGHT="22" WC="0.96" CONTENT="tillkommer"/><SP WIDTH="16" VPOS="1422" HPOS="693"/>
							<String ID="string_229" HPOS="709" VPOS="1422" WIDTH="59" HEIGHT="22" WC="0.96" CONTENT="dock"/><SP WIDTH="15" VPOS="1422" HPOS="768"/>
							<String ID="string_230" HPOS="783" VPOS="1422" WIDTH="64" HEIGHT="22" WC="0.96" CONTENT="alltid"/>
						</TextLine>
					</TextBlock>
				</ComposedBlock>
			</PrintSpace>
		</Page>
	</Layout>
</alto>
