1048 1631
301 134 73 23 Ständ.
389 134 36 22 Sv.
441 147 28 3 —
485 134 63 27 Prop.
565 134 35 22 N:o
616 134 14 22 1.
833 136 14 20 3

84 198 127 28 veterligen
233 198 49 21 icke
305 197 62 29 gjort
389 198 36 27 sig
443 197 115 29 gällande,
578 197 76 28 giltigt
670 197 49 22 skäl
734 197 113 22 saknades

84 231 37 22 för
136 239 28 14 en
179 232 173 29 lagförändring
367 232 33 21 uti
411 231 178 29 ifrägavarande
600 231 113 22 afseende.
738 232 107 21 Deremot

84 266 42 21 har
141 267 136 28 stadgandet
295 274 37 14 om
347 266 143 28 kungsädras
507 265 182 29 öppenhällande
705 266 7 21 i
727 266 66 28 fräga
808 273 37 15 om

84 300 70 22 äfven
176 301 87 21 mindre
286 302 37 20 äar
346 301 43 21 och
412 300 72 21 andra
502 300 90 21 mindre
606 300 138 29 vattendrag
759 303 88 19 ansetts

85 335 55 22 böra
155 343 55 14 vara
220 335 131 28 ovilkorligt
362 335 43 22 och
415 335 50 21 icke
477 337 75 19 säsom
562 335 37 22 för
609 335 141 22 närvarande
758 335 88 22 lemnas

84 369 113 22 beroende
220 369 25 22 af
265 377 28 14 en
311 369 71 22 sädan
397 369 7 21 i
419 369 46 22 viss
481 371 54 20 män
552 369 101 28 tillfällig
668 369 177 28 omständighet,

84 411 47 15 som
150 411 37 15 om
204 406 89 20 vattnet
308 404 116 28 begagnas
439 403 36 22 till
490 403 46 22 far-
552 403 44 22 och
610 403 91 22 flottled
717 403 55 22 eller
786 403 59 22 icke.

153 438 181 22 Vidkommande
349 438 184 29 propositionens
551 438 144 28 bestämning
711 440 33 19 att
759 438 86 28 kungs-

84 473 55 21 ådra
154 473 58 21 skall
226 473 73 21 finnas
315 473 20 28 ej
353 473 58 21 blott
425 473 8 20 i
448 475 19 23 &,
483 475 58 19 utan
554 472 86 29 jemväl
655 473 32 21 uti
697 472 80 29 hvarje
787 479 57 22 gren

84 507 26 22 af
123 509 19 24 &,
158 507 41 22 har
214 507 38 22 det
267 510 65 25 synts
348 507 129 22 Ständerna
491 507 119 28 sjelffallet
624 509 40 24 att,
674 507 40 21 der
721 514 57 22 gren
789 506 27 23 af
824 509 19 24 å,

83 541 52 22 med
151 541 90 29 hänsyn
256 542 34 21 till
305 542 28 21 de
346 541 119 29 uppgifter
475 541 134 28 kungsädra
619 541 41 22 har
672 543 33 20 att
716 541 128 29 tillgodose,

83 576 137 22 tillkommer
235 584 29 13 en
279 576 144 29 sjelfständig
431 575 126 29 betydelse,
567 576 130 21 densamma
709 575 68 22 äfven
787 577 56 20 utan

83 611 127 28 uttrycklig
232 611 144 28 bestämning
398 611 80 21 härom
497 612 73 19 mäste
585 610 8 21 i
608 610 107 22 afseende
731 612 13 19 &
759 610 84 28 kungs-

84 645 64 21 ädras
165 645 194 28 öppenlemnande
374 645 111 21 likställas
509 645 52 21 med
577 646 13 20 ä
604 645 8 20 i
627 645 129 21 allmänhet.
786 645 58 21 Der-

84 682 60 19 emot
159 679 72 22 finnes
254 679 49 22 icke
318 681 71 27 nägot
411 679 56 26 skäl,
484 687 50 14 som
557 679 73 22 skulle
649 679 94 29 betinga
757 679 86 28 kungs-

83 713 65 22 ädras
165 714 181 28 öppenhällande
368 714 34 21 uti
419 713 80 29 hvarje
523 713 70 22 äfven
608 714 44 21 den
675 713 168 29 obetydligaste

82 748 136 29 förgrening
232 748 26 22 af
271 750 19 24 ä,
306 750 25 20 sä
341 749 92 28 mycket
443 756 48 14 mer
501 755 51 15 som
564 748 38 21 det
612 748 124 21 allmännas
747 748 96 21 intresse

82 782 20 29 ej
119 783 73 21 sällan
206 783 74 21 bättre
295 783 132 28 tillgodoses
449 790 87 21 genom
553 785 33 19 att
601 783 70 21 sädan
687 782 54 22 ädra
755 783 88 21 lemnas

82 820 76 25 öppen
174 817 57 22 blott
246 817 33 22 uti
295 825 28 14 en
339 819 76 27 ägren,
430 817 84 22 medan
532 817 155 28 tilläfventyrs
702 817 140 28 förefintliga

82 851 70 22 andra
167 859 82 21 grenar
264 851 26 22 af
303 859 85 14 samma
403 854 13 19 å
431 852 135 29 disponeras
581 852 36 21 för
630 851 124 22 industrins
765 851 76 22 behof.

81 888 15 19 t.
113 893 33 14 ex.
163 886 37 22 för
215 888 24 19 sä
261 886 87 22 kalladt
370 886 178 29 stockmagasin,
571 886 55 21 eller
640 885 37 23 för
695 886 63 21 fiske.
789 885 53 22 Med

80 920 108 22 afseende
202 921 56 21 härä
280 921 41 21 har
343 921 176 28 bestämningen
535 928 37 15 om
591 920 131 29 kungsädra
737 920 33 21 uti
785 927 57 21 gren

81 955 25 21 af
119 957 13 19 å
146 955 53 21 från
214 955 137 28 paragrafen
366 955 122 22 uteslutits.

150 989 74 22 Bland
240 989 28 22 de
283 992 84 23 vatten,
383 990 34 21 uti
439 989 80 22 hvilka
536 989 131 28 kungsådra
683 989 57 22 skall
755 989 88 21 lemnas

82 1027 81 26 öppen,
178 1024 131 29 uppräknar
324 1024 171 29 propositionen
511 1024 7 21 i
532 1023 72 22 likhet
614 1023 52 22 med
677 1023 165 28 förordningen

81 1058 26 21 af
122 1058 45 21 den
185 1060 27 19 23
227 1058 60 22 Mars
304 1061 55 18 1868
375 1065 36 15 om
426 1058 202 28 vattenledningar
649 1058 42 21 och
706 1057 137 22 vattenverk

78 1092 87 29 jemväl
182 1093 64 21 sund.
277 1093 132 22 Emellertid
425 1100 68 21 synes
509 1093 194 28 tillgodoseendet
719 1092 26 22 af
757 1092 85 28 kungs-

82 1127 82 21 ådrans
179 1127 92 29 uppgift
286 1128 7 20 i
309 1127 166 29 vattendragen
491 1127 95 29 betinga
608 1127 70 22 sådan
697 1127 64 21 ådras
783 1126 59 22 före-

81 1162 75 21 komst
170 1162 59 21 blott
243 1162 7 21 i
266 1162 28 21 de
309 1162 65 25 sund,
390 1162 79 21 hvilka
484 1164 31 26 på
530 1162 76 28 grund
622 1162 25 21 af
662 1162 37 21 sitt
717 1162 52 27 läge
787 1160 55 22 eller

81 1196 70 21 andra
166 1196 159 22 förhållanden
343 1196 161 22 företrädesvis
529 1199 82 25 utgöra
626 1196 37 22 led
686 1196 36 22 för
741 1197 102 20 vattnets

80 1230 61 29 lopp,
158 1230 148 22 samfärdseln
323 1231 54 21 eller
391 1231 86 21 fiskens
488 1231 121 28 vandring.
634 1230 149 22 Beträffande
793 1230 50 21 der-

81 1267 60 19 emot
165 1266 28 20 de
215 1266 7 20 i
237 1265 77 21 landet
337 1266 43 21 och
402 1265 108 21 särskildt
531 1266 8 20 i
558 1265 51 21 dess
632 1264 109 29 skärgård
764 1264 79 22 talrikt

80 1298 185 22 förekommande
292 1300 65 25 sund,
384 1300 79 21 hvilka
489 1300 34 20 uti
545 1300 93 21 berördt
663 1299 106 21 afseende
791 1298 52 22 icke

80 1333 69 22 hafva
171 1336 77 26 någon
271 1334 102 28 egentlig
397 1334 126 28 betydelse,
548 1334 88 21 fordrar
660 1334 56 20 intet
742 1332 101 28 verkligt

80 1368 72 21 behof
172 1368 141 28 kungsådras
336 1368 204 28 öppenlemnande.
580 1368 52 21 Med
655 1368 109 21 afseende
787 1366 56 22 härå

79 1402 70 21 hafva
179 1402 127 22 Ständerna
331 1405 74 19 ansett
433 1402 178 28 bestämningen
638 1410 36 14 om
700 1401 143 29 kungsådras

79 1436 181 29 öppenhållande
283 1437 7 20 i
312 1436 67 29 fråga
401 1444 36 14 om
460 1437 61 21 sund
546 1436 55 22 böra
624 1436 47 22 afse
694 1436 59 22 blott
775 1435 69 21 först-
