1048 1631
329 122 26 22 U.
371 122 24 21 B.
412 134 27 3 —
455 122 72 27 Prop.
544 121 43 23 N:o
603 121 20 23 3.
793 124 28 21 11

97 193 122 22 omnämdt
236 193 51 29 slag
305 193 118 22 öfverföra
440 193 192 28 häradshöfding,
651 193 94 22 hvadan
763 193 46 22 han
825 193 34 20 så-

96 227 66 22 ledes
192 228 76 21 skulle
299 227 79 22 kunna
409 227 82 29 flyttas
518 227 39 22 till
584 235 29 14 en
639 227 50 22 helt
717 235 78 14 annan
822 227 37 22 del

97 263 26 21 af
149 262 81 22 landet
253 266 29 18 än
304 261 45 22 den
371 261 40 22 der
437 261 46 23 han
512 262 101 29 tidigare
641 261 107 22 innehaft
776 262 82 29 tjenst;

96 296 47 23 och
170 297 43 22 har
239 297 37 21 till
294 296 188 22 förekommande
501 297 69 21 häraf
588 296 131 29 föreslagits
737 295 122 22 införande

97 331 26 22 af
141 331 140 29 exempelvis
301 330 72 22 sådan
391 331 157 28 bestämning,
565 333 35 19 att
612 331 183 28 häradshöfding
807 331 52 21 icke

97 365 80 22 kunde
196 365 115 29 förflyttas
329 367 64 20 utom
412 365 44 22 den
474 365 103 22 hofrätts
595 365 264 29 jurisdiktionsområde,

96 400 137 22 hvarunder
250 400 59 21 hans
331 399 100 29 tidigare
450 400 134 28 befattning
602 399 58 30 lydt.
696 400 54 21 Men
769 399 91 22 oafsedt

98 437 37 19 att
162 435 75 28 enligt
264 434 45 21 den
337 434 124 22 tillärnade
491 442 47 21 nya
568 434 292 29 domstolorganisationen

98 469 245 22 underdomstolarnes
362 469 64 21 antal
444 469 9 21 i
471 469 88 28 landet,
575 469 156 21 inberäknadt
744 468 115 27 städerna,

97 503 78 22 skulle
194 503 73 22 blifva
286 503 107 28 omkring
417 503 55 28 120,
491 505 63 20 emot
574 504 30 21 62
624 503 122 28 domsagor
764 504 29 27 på
811 503 49 21 lan-

96 538 43 21 det
166 538 74 29 enligt
266 545 33 14 nu
325 537 109 28 gällande
456 537 129 30 indelning,
605 538 90 21 hvilket
713 537 146 22 förhållande

97 572 73 22 redan
189 573 9 20 i
216 572 43 22 och
277 573 36 21 för
331 572 36 29 sig
387 572 40 22 bör
445 579 67 15 anses
531 572 113 22 innebära
662 572 93 29 garanti
773 572 36 21 för
826 574 35 19 att

98 607 95 22 domare
212 607 51 21 icke
282 607 90 21 komme
391 609 36 19 att
444 607 119 28 förflyttas
583 607 37 21 till
638 607 94 27 trakter,
748 607 67 28 långt
828 606 32 21 af-

99 641 83 29 lägsna
208 641 52 22 från
287 641 66 22 deras
380 641 61 22 förra
459 641 205 27 verksamhetsort,
683 641 73 22 skulle
775 649 29 13 en
823 641 38 20 be-

97 676 122 28 stämning
245 675 74 22 sädan
341 683 48 14 som
407 675 45 22 den
471 676 70 21 ofvan
562 676 131 27 föreslagna
711 676 80 21 kunna
809 675 51 21 icke

100 710 101 22 allenast
227 709 85 22 bereda
339 710 145 29 svärigheter
511 710 41 22 vid
579 710 180 29 förflyttningen
786 709 23 22 af
832 709 28 22 de

98 744 104 28 domare,
229 745 93 21 hvilkas
346 745 272 21 verksamhetsomräden
636 752 54 14 vore
709 745 100 28 belägna
827 744 34 21 in-

100 779 41 22 vid
162 783 101 25 gränsen
286 779 36 21 för
345 779 130 22 hofrättens
497 779 127 27 domkrets,
646 781 56 20 utan
725 779 67 22 äfven
815 778 46 21 för-

99 814 71 21 svära
194 821 28 14 en
243 813 110 22 framtida
380 814 157 28 omreglering
560 813 23 22 af
605 813 67 22 dessa
697 813 162 29 jurisdiktions

100 848 119 21 omräden.
255 847 49 22 Och
323 847 35 28 dä,
377 848 74 29 enligt
469 848 135 22 Utskottets
622 848 77 28 tanke,
718 848 51 21 icke
788 847 72 22 heller

100 883 79 28 någon
199 890 76 14 annan
294 882 159 29 begränsning
471 883 8 20 i
498 883 154 21 förevarande
669 882 106 22 afseende
788 882 72 28 lämp-

100 917 63 28 ligen
191 917 47 21 kan
265 917 94 28 stadgas
387 920 60 18 samt
473 917 40 21 det
540 917 118 22 dessutom
675 917 184 28 uppenbarligen

100 951 44 22 bör
168 959 67 14 anses
259 951 65 29 ligga
348 951 8 22 i
379 951 280 29 författningsförslagets
683 951 67 28 anda,
767 953 35 20 att
819 950 41 22 vid

99 985 47 22 den
173 985 120 22 blifvande
320 986 114 21 reformen
461 986 52 21 icke
535 987 79 28 någon
634 985 91 22 domare
744 985 116 28 förflyttas

101 1020 38 21 till
166 1020 130 29 aflägsnare
324 1023 42 24 ort,
395 1024 29 17 än
453 1020 193 29 oundgängligen
667 1020 83 29 nödigt
769 1024 30 23 är,
818 1019 43 22 har

100 1055 124 21 Utskottet
242 1055 98 21 beslutit
357 1055 93 21 förorda
468 1055 114 28 förslaget
599 1057 57 19 utan
674 1054 130 29 uttrycklig
821 1054 40 21 be-

98 1089 132 28 gränsning
247 1089 9 21 i
275 1089 69 22 ofvan
363 1089 106 29 angifvet
487 1090 69 27 syfte.

170 1123 79 29 Något
276 1123 135 29 stadgande,
439 1131 49 14 som
506 1123 42 22 vid
567 1123 236 22 domstolsreformens
821 1129 39 22 ge-

101 1158 152 22 nomförande
278 1158 74 22 skulle
370 1158 37 22 för
425 1158 28 22 de
472 1158 102 28 domare,
593 1158 92 22 hvilkas
703 1158 101 28 tidigare
823 1157 37 21 be-

100 1192 132 29 fattningar
250 1192 121 29 indragits,
390 1193 89 28 reglera
498 1193 41 21 det
557 1192 109 22 inbördes
684 1192 128 22 företrädet
824 1191 37 21 till

99 1226 136 22 erhållande
255 1227 23 21 af
296 1227 149 28 nyinrättade
464 1228 105 28 tjenster,
588 1228 68 28 ingår
673 1227 51 22 icke
743 1227 8 21 i
769 1226 92 22 författ-

100 1261 189 29 ningsförslaget.
331 1262 54 21 Men
413 1270 29 13 en
469 1262 68 28 dylik
564 1262 148 28 bestämning
739 1261 42 22 har
809 1260 51 22 icke

100 1295 74 22 heller
201 1298 66 26 synts
286 1296 122 22 Utskottet
426 1304 56 14 vara
501 1296 25 22 af
546 1296 109 22 behofvet
672 1296 116 28 påkallad.
825 1295 36 28 Ty

101 1330 8 21 i
136 1330 28 21 de
192 1330 42 22 fall
261 1330 30 22 då
318 1330 29 22 de
373 1330 152 29 nyinrättade
554 1331 127 28 tjensterna
709 1331 89 21 komme
826 1331 35 19 att

101 1364 103 22 besättas
223 1367 57 19 utan
299 1367 35 19 att
352 1365 63 21 förut
433 1365 72 22 hafva
523 1366 64 20 varit
610 1364 185 30 lediganslagna,
817 1364 44 28 lig-

99 1406 44 21 ger
170 1398 40 22 det
235 1399 8 21 i
271 1399 83 22 sakens
381 1402 70 19 natur
469 1402 36 19 att
523 1399 53 27 den,
595 1407 48 14 som
661 1399 138 29 grundlags-
817 1398 43 22 och

100 1433 229 29 författningsenligt
345 1437 26 18 är
392 1434 134 28 berättigad
540 1436 35 19 att
587 1434 95 22 framför
695 1434 71 21 andra
779 1432 81 22 dervid

171 1476 132 23 Lagutskottets
316 1477 111 17 betänkande
440 1477 37 17 N:o
490 1478 15 16 1.
