1048 1631
212 90 26 19 16
410 87 26 23 U.
452 88 27 22 B.
495 100 29 4 —
540 88 75 28 Prop.
631 88 45 22 N:o
691 88 14 22 1

181 153 112 30 digheven
316 156 34 20 att
373 154 92 29 deltaga
489 153 68 30 följor
579 154 49 22 holt
652 154 77 22 onkelt
751 154 70 26 deraf,
840 156 34 19 att
890 154 46 22 han

181 194 25 17 är
220 190 9 21 i
244 189 92 22 tillfälle
352 192 35 19 att
401 190 106 29 begagna
523 190 36 29 sig
575 190 24 21 af
614 190 73 26 dessa,
705 190 43 21 och
761 189 79 30 dylika
853 188 83 23 besvär

182 233 54 14 anse
252 225 25 22 vi
293 226 75 29 aldrig
384 228 74 19 såsom
476 233 29 14 en
522 226 92 27 ,alltför
629 228 48 19 stor
691 226 144 28 kränkning"
853 226 24 21 af
890 226 45 21 den

181 261 116 22 enskildes
314 264 52 24 rätt,
383 269 37 14 om
436 262 60 21 blott
511 262 50 26 alla,
578 262 80 22 hvilka
673 265 39 18 äro
728 262 8 21 i
751 262 90 22 tillfälle
855 263 33 20 att
898 262 37 21 be-

180 305 77 21 gagna
281 297 35 29 sig
341 298 23 21 af
387 298 110 26 fördelen,
515 298 59 21 efter
589 298 50 21 sina
655 298 159 21 förhållanden
828 300 55 26 taga
898 297 37 22 del

181 333 34 21 uti
236 333 61 26 dem,
318 336 57 19 utan
395 336 101 19 tvärtom
511 334 106 21 betrakta
632 334 25 21 vi
673 334 53 21 dem
742 335 75 20 såsom
833 333 102 22 medbor-

180 369 89 28 gerliga
285 369 91 29 pligter,
393 369 80 22 hvilka
486 369 71 29 ingen
568 377 54 21 eger
632 371 46 20 rätt
689 371 34 20 att
733 369 149 28 undandraga
892 369 42 28 sig,

181 408 54 18 enär
256 405 135 28 därigenom
412 405 44 22 alla
473 405 86 29 öfrigas
575 405 136 29 rättigheter
727 406 43 21 och
785 405 100 22 fördelar
900 405 36 22 för

181 441 94 28 mycket
297 441 79 22 blefve
399 442 103 21 kränkta.
534 442 36 21 Då
590 442 28 21 de
635 441 25 22 af
675 441 48 29 mig
738 441 99 22 nämnda
853 441 82 22 förhål-

181 477 100 21 landena
296 485 67 14 anses
381 479 74 20 såsom
473 477 183 29 allmännyttiga,
673 479 40 20 bör
728 478 31 22 då
772 479 45 21 icke
827 478 106 27 jordbru-

180 514 46 21 kets
249 515 122 26 utveckling
399 521 66 15 anses
487 513 75 23 såsom
586 516 28 20 ett
635 513 99 23 sådant?
762 514 47 21 Bör
824 514 44 21 icke
883 514 50 21 dess

181 550 75 21 sunda
271 551 122 26 utveckling
405 550 34 27 på
454 551 40 21 allt
509 552 44 20 sätt
570 551 116 27 främjas?

252 584 47 29 Jag
309 585 46 22 kan
366 585 51 22 icke
428 585 120 22 underlåta
559 587 33 20 att
602 585 90 28 påpeka
702 585 109 21 hurusom
820 584 114 21 allaredan

181 620 35 21 uti
233 623 58 19 1734
307 623 36 19 års
359 621 38 28 lag
413 621 146 29 afloppsdike
572 621 92 21 tillades
675 628 29 13 en
715 623 25 19 så
751 623 46 19 stor
807 620 126 29 betydelse,

181 658 34 19 att
240 656 54 26 ,det
314 657 43 21 bör
376 657 79 28 läggas
473 657 23 21 af
511 657 72 22 oskift
598 657 85 21 mark".
715 657 55 20 Icke
785 656 73 21 heller
872 655 63 22 inne-

181 692 72 21 håller
277 693 40 21 det
337 700 32 14 nu
391 693 107 28 gällande
519 692 304 29 landtmäterireglementet,
844 693 25 20 så
884 691 51 21 vidt

182 727 40 22 det
241 731 25 18 är
282 728 49 29 mig
345 729 92 26 bekant,
455 729 143 21 beträffande
614 728 123 29 gradering
753 730 70 26 några
838 727 97 22 bestäm-

181 763 84 23 melser
281 764 86 26 derom,
383 767 33 18 att
432 765 45 21 den
493 765 70 21 ofvan
574 764 100 29 belägna
684 764 100 26 marken,
796 763 53 22 med
860 763 75 22 anled-

180 799 58 28 ning
254 799 25 21 af
294 800 147 29 svårigheten
457 802 33 19 att
505 800 72 21 ordna
586 802 102 19 vattnets
699 800 85 28 aflopp,
796 799 71 22 borde
879 801 56 19 åsät-

181 837 35 19 tas
232 835 64 28 lägre
312 836 77 26 värde,
407 836 76 21 derest
498 836 50 21 icke
565 836 114 21 särskilda
694 835 149 22 naturhinder
859 835 75 21 dertill

181 871 65 28 gifva
262 871 133 29 anledning.

255 907 48 29 Jag
318 908 99 21 nämnde
434 908 70 21 redan
519 908 99 29 tidigare
634 910 35 19 att
687 908 79 28 lagens
777 907 156 28 formulering,

181 945 30 26 på
227 945 46 20 sätt
288 943 120 22 Utskottet
423 944 125 28 föreslagit,
564 944 105 21 kommer
679 945 34 20 att
726 943 100 29 skadligt
839 943 96 22 inverka

181 981 30 27 på
227 979 122 29 odlingens
360 979 163 29 befrämjande.
548 980 46 21 Det
606 980 67 21 torde
683 987 56 14 vara
746 981 29 27 på
786 979 36 22 sin
831 979 60 29 plats
902 981 34 19 att

181 1015 41 21 här
243 1019 61 18 ännu
323 1019 90 22 nämna,
430 1016 61 21 hvad
507 1023 29 14 en
551 1016 111 21 utländsk
677 1015 117 29 specialist
808 1017 73 27 yttrar
897 1022 37 14 om

181 1051 152 29 ifrågavande
354 1052 41 21 sak
418 1051 34 22 uti
475 1052 44 21 den
535 1052 51 21 nåd.
603 1051 180 30 propositionen.
815 1051 120 22 Utskottet

183 1088 40 20 har
245 1087 68 22 neml.
336 1087 61 22 varit
418 1087 8 22 i
446 1087 90 22 tillfälle
552 1095 83 21 genom
653 1095 29 14 en
698 1087 52 22 dess
766 1087 101 21 ledamot
880 1089 54 26 taga

181 1123 131 21 kännedom
329 1131 37 14 om
383 1123 199 29 öfveringeniören
597 1124 34 21 uti
642 1123 87 29 Kungl.
741 1123 194 28 Landtbrukssty-

181 1159 75 21 relsen
272 1159 8 21 i
297 1159 96 29 Sverige
409 1160 24 20 L.
450 1160 90 21 Roséns
552 1160 109 28 yttrande
672 1159 144 21 beträffande
828 1159 45 21 den
882 1158 51 22 nåd.

181 1195 180 28 propositionen.
390 1196 53 21 Han
460 1200 65 24 säger
542 1196 105 21 sålunda:

255 1249 10 11 »
269 1232 82 22 Ehuru
366 1234 142 21 erkännande
523 1232 70 23 måste
608 1234 87 20 lemnas
709 1232 24 22 ät
749 1233 42 21 den
805 1232 64 22 kloka
881 1232 54 21 hän-

181 1274 43 20 syn
239 1269 34 21 till
284 1269 42 21 den
333 1269 170 27 jordbrukande
514 1270 159 20 allmänhetens
683 1268 139 22 ekonomiska
831 1267 105 28 förmåga

181 1304 38 21 och
235 1303 24 23 åt
275 1305 27 21 de
315 1306 117 25 garantier
442 1306 45 20 mot
495 1305 130 27 förhastade
636 1305 52 21 eller
698 1304 148 27 äfventyrliga
857 1305 79 20 vatten-

180 1340 137 28 aflednings-
341 1341 38 21 och
402 1341 194 27 dikningsföretag,
620 1347 50 15 som
689 1341 8 21 i
720 1340 141 27 lagförslaget
878 1340 56 26 före-

180 1374 98 28 komma,
295 1377 44 21 kan
355 1377 35 21 det
405 1377 66 21 likväl
486 1376 148 28 ifrågasättas
650 1376 114 22 huruvida
779 1376 50 22 dess
844 1376 91 21 bestäm-

255 1417 216 19 Vattenrättsutskoltets
482 1418 117 18 betänkande
611 1418 39 18 N:o
663 1417 16 19 1.
822 1416 19 13 -
