1048 1631
298 118 26 22 U.
339 118 28 20 B.
382 130 28 3 —
425 118 72 26 Prop.
528 118 42 22 N:o
586 118 20 21 2.
760 118 27 21 13

486 187 16 28 8
518 189 20 19 4.

265 227 83 21 Finnes
371 227 36 20 vid
429 227 69 20 skedd
520 228 163 27 undersökning
709 227 28 28 af
755 234 60 20 vara,

197 269 44 14 som
256 264 27 19 är
298 262 87 27 försäld
400 262 47 20 med
463 262 42 20 den
521 262 8 20 i
545 264 13 18 1
574 262 16 27 $
605 262 98 21 nämnda
717 261 98 28 garanti,

198 299 31 18 att
249 297 46 20 dess
319 296 134 21 verksamma
480 296 166 21 beståndsdelar
669 299 38 18 äro
731 296 86 21 mindre

198 333 28 18 än
246 331 57 20 hvad
319 331 77 20 beviset
414 330 132 25 innehåller,
566 338 50 13 vare
635 331 79 27 aftalet
733 330 84 21 ändock

198 365 77 21 ansedt
289 366 72 20 såsom
377 365 114 28 behörigen
504 365 126 28 fullgjordt,
640 366 70 20 derest
722 365 95 27 afvikel-

198 407 37 13 sen
250 399 47 21 icke
313 401 26 19 är
355 401 68 19 större
439 401 29 19 än
484 399 59 21 hvad
562 400 28 27 af
608 399 104 22 Senatens
728 399 89 21 Ekono-

200 434 189 28 miedepartement
405 434 74 27 blifvit
494 435 73 20 såsom
583 434 79 28 lagligt
677 434 140 27 analysspel-

200 476 47 13 rum
263 469 122 27 faststäldt.

271 503 74 27 Gifves
367 503 106 28 garantin
496 504 83 20 mellan
595 503 57 20 vissa
667 505 99 26 gränser,
783 503 34 20 må

200 538 53 20 intet
268 537 75 21 vidare
359 538 177 27 analysspelrum
552 537 167 28 ifrågakomma.

490 613 14 26 $
521 613 21 20 5.

272 654 191 31 Öfverenskomma
475 659 86 26 säljare
574 658 38 21 och
620 658 80 27 köpare
711 660 32 19 att
749 658 71 27 priset

200 693 36 27 för
247 693 177 28 gödslingsämne
436 693 58 20 skall
507 693 102 28 erläggas
620 693 54 27 efter
687 693 41 20 den
740 692 81 27 mängd

202 727 27 28 af
242 727 135 21 verksamma
389 727 166 21 beståndsdelar
567 727 53 21 eller
631 727 36 27 för
679 727 141 20 utsädesvara

202 762 54 27 efter
272 762 34 20 det
319 761 125 28 procenttal
462 764 55 22 rent,
534 761 91 28 grobart
641 761 42 28 frö,
699 768 70 13 varan
786 761 35 20 vid

201 796 91 21 skeende
303 796 162 27 undersökning
479 795 97 28 befinnes
588 795 119 26 innehålla,
718 802 35 21 ege
764 795 57 20 hvad

202 830 69 28 i2$
287 837 32 14 om
339 831 89 27 uppgift
443 831 9 19 i
467 831 64 20 dessa
556 830 114 27 afseenden
694 830 90 27 stadgas
801 829 21 28 ej

202 865 149 28 tillämpning.

493 923 16 27 $
525 923 22 20 6.

275 963 87 26 Önskar
373 968 83 27 köpare
465 968 28 27 af
497 968 185 28 gödslingsämne,
691 967 132 28 fodermedel

203 1008 54 21 eller
275 1008 144 21 utsädesvara
441 1010 81 19 utröna
546 1008 110 21 huruvida
671 1015 69 14 varan
756 1010 27 18 är
799 1007 28 27 af

203 1043 120 27 uppgifven
346 1043 153 27 beskaffenhet,
519 1043 53 24 låte,
588 1043 38 20 der
646 1043 21 27 ej
682 1041 142 22 annorlunda

204 1077 99 27 aftalats,
326 1077 59 20 inom
408 1077 29 20 tio
454 1077 73 28 dagar
543 1077 55 27 efter
614 1077 34 20 det
664 1077 44 20 han
725 1076 100 27 mottagit

203 1118 76 18 varan,
299 1111 58 28 prof
379 1111 67 21 derur
461 1113 64 26 tagas
542 1111 29 27 af
580 1118 89 21 person,
685 1111 87 20 hvilken
789 1110 36 21 till

204 1145 61 28 dylik
289 1145 135 29 förrättning
447 1145 74 28 blifvit
546 1145 171 28 allmänneligen
737 1145 88 27 bemyn-

204 1180 74 28 digad,
289 1180 37 21 och
343 1181 71 27 åligge
428 1180 68 21 denne
509 1182 33 19 att
556 1180 160 28 ofördröjligen
729 1179 96 21 insända

202 1214 87 28 profvet
307 1215 9 20 i
332 1215 101 27 afseende
449 1215 13 20 å
481 1214 165 29 undersökning
666 1215 33 20 till
718 1214 107 21 kontroll-

205 1249 90 21 anstalt.
328 1249 52 21 Gör
399 1249 118 28 köparen
538 1249 43 21 det
600 1249 30 27 ej,
646 1248 79 28 hafve
743 1248 83 21 sedan

205 1283 78 27 ingen
307 1285 54 19 rätt
385 1286 38 18 att
446 1284 57 20 tala
523 1284 15 20 å
558 1283 84 28 köpet,
665 1283 117 27 såframt
802 1283 24 27 ej

205 1318 124 27 säljaren
359 1318 66 20 hade
459 1317 112 28 vetskap
602 1324 37 14 om
668 1318 159 27 uppgiftens

206 1352 155 27 oriktighet.

274 1381 35 26 Är
327 1386 100 28 säljaren
445 1387 32 27 på
493 1388 63 19 orten
572 1386 70 21 bosatt
657 1386 52 20 eller
725 1386 42 20 har
784 1385 44 21 han

206 1421 35 27 för
257 1420 96 28 köparen
373 1421 112 27 uppgifvit
505 1420 81 22 ombud
606 1420 36 28 för
663 1420 32 28 sig
710 1420 119 24 derstädes,

136 1465 184 18 Ekonomiutskottets
332 1466 111 18 betänkande
455 1465 38 18 N:o
505 1466 17 17 3.
