1048 1631
334 102 29 22 U.
379 102 27 22 B.
422 115 29 3 —
468 101 72 29 Prop.
556 102 45 22 N:o
617 102 13 22 1
798 103 27 21 21

424 170 33 20 att
479 166 129 25 Ständerna
630 169 48 22 ville
701 170 33 21 till
757 169 102 22 utskottet

353 204 163 22 återremittera
532 205 143 22 betänkandet
690 206 9 20 i
709 205 56 27 syfte
776 206 32 20 att
820 205 42 21 III

354 240 91 27 kapitlet
469 239 68 22 måtte
559 241 137 26 formuleras
719 241 8 21 i
750 241 108 26 öfverens-

353 276 126 21 stämmelse
494 276 50 21 med
560 275 168 22 nedanstående.

418 335 59 28 Kap.
495 335 42 20 III.

372 393 46 22 Om
440 393 146 28 dikning.

387 456 19 23 1,
424 454 13 21 2
454 454 42 21 och
513 456 14 19 3
543 454 35 28 8$.

284 513 18 26 (T
319 513 102 28 enlighet
437 513 53 21 med
505 513 171 28 betänkandet).

453 581 14 19 4
483 579 20 28 8.

181 627 80 21 Såsom
277 627 167 21 betänkandets
458 629 13 18 4
484 627 21 28 &,
517 628 64 20 utom
593 628 33 19 att
636 634 27 13 ur
673 626 71 21 slutet
754 626 24 21 af
789 626 70 21 andra

108 665 125 19 momentet
249 662 69 21 orden
337 662 68 26 ,eller
420 663 41 20 bro
478 662 68 29 eljest
560 663 101 21 tarfvas*
680 662 117 21 uteslutas.

250 724 11 19 5
281 722 19 28 &.
333 721 72 28 (delar
420 729 27 14 ur
462 721 29 22 U.
508 721 26 22 B.
553 724 12 19 5
583 722 43 21 och
642 724 12 19 8
671 722 43 28 88).

179 763 47 22 Vill
255 763 120 28 jordegare
407 763 98 28 anlägga
537 763 53 21 dike
617 763 43 21 och
690 770 76 14 annan
796 762 64 21 deraf

107 801 41 20 har
164 807 68 21 gagn,
249 799 28 21 då
293 807 53 13 vare
363 799 75 21 denna
448 799 85 28 pligtig
548 801 33 19 att
591 799 8 21 i
610 799 127 28 dikningen
747 801 54 26 taga
812 798 47 25 del;

107 836 60 21 dock
194 837 36 19 må
253 835 57 21 hans
333 835 237 28 bidragsskyldighet,
595 835 51 21 icke
672 834 126 29 öfverstiga
815 834 45 21 den

106 873 74 27 nytta,
202 879 48 13 som
271 871 64 21 diket
354 871 96 21 bereder
465 871 58 21 hans
540 871 65 21 mark
620 878 83 21 genom
720 873 33 19 att
771 869 89 29 möjlig-

107 911 56 24 göra
179 907 51 21 dess
246 906 164 29 torrläggning.

311 975 12 18 6
339 972 20 29 8.
393 972 36 28 (U.
447 973 25 20 B.
492 975 11 18 7
520 972 15 29 $
552 975 12 18 2
581 973 84 27 mom).

179 1013 106 35 Åsämjas
301 1019 19 29 ej
339 1020 34 26 de,
390 1019 80 22 hvilka
486 1019 23 22 af
526 1020 64 21 diket
606 1019 69 22 hafva
689 1027 69 21 gagn,
776 1027 36 13 om
829 1019 32 21 di-

107 1057 51 20 kets
175 1055 83 26 storlel,
275 1063 41 20 ege
334 1073 3 3 .
356 1073 3 3 .
379 1073 3 3 .
401 1055 79 28 (slutet
493 1055 7 21 i
512 1056 103 28 enlighet
626 1055 52 22 med
688 1055 171 27 betänkandet).

369 1121 48 29 78.
451 1121 36 28 (U.
505 1121 27 21 B.
551 1123 12 19 5
580 1121 29 29 89).

180 1168 42 22 Om
246 1169 235 21 öfverenskommelse
497 1169 20 28 ej
536 1169 35 21 fås
587 1169 35 21 till
639 1168 72 26 stånd,
728 1168 133 22 föranstalte

108 1204 44 22 den
179 1212 48 14 som
254 1204 61 22 velat
344 1204 99 29 anlägga
469 1204 61 26 dike,
559 1207 33 19 att
617 1212 82 21 genom
731 1203 130 29 sakkunnig

107 1240 139 28 tjensteman
272 1240 40 22 vid
337 1240 73 29 utlyst
429 1240 286 28 dikningssammanträde,
738 1240 71 21 sedan
824 1247 37 14 ve-

107 1276 142 21 derbörande
272 1276 78 21 blifvit
373 1276 72 21 hörda
474 1276 65 22 säväl
563 1284 37 14 om
628 1276 74 21 dikets
730 1275 132 29 sträckning

108 1312 43 20 och
170 1312 85 21 storlek
279 1319 48 14 som
351 1312 43 21 ock
411 1319 37 14 om
465 1312 139 28 deltagande
621 1312 7 21 i
645 1312 51 21 dess
711 1311 150 29 anläggande,

110 1351 112 25 uppgöres
246 1348 55 28 plan
324 1348 36 21 för
385 1347 100 22 arbetets
501 1348 124 21 utförande
639 1348 70 28 jemte
726 1347 86 28 förslag
828 1347 35 21 till

107 1383 53 21 dess
176 1382 131 30 fördelning
323 1384 43 20 och
382 1383 128 29 beräkning
527 1383 25 21 af
567 1383 134 21 kostnaden.

184 1424 210 19 Vattenrättsutskottets
407 1425 118 19 betänkande
538 1425 39 19 N:o
590 1425 15 19 1.
