<?xml version="1.0" encoding="UTF-8"?>
<alto xmlns="http://www.loc.gov/standards/alto/ns-v3#" xmlns:xlink="http://www.w3.org/1999/xlink" xmlns:xsi="http://www.w3.org/2001/XMLSchema-instance" xsi:schemaLocation="http://www.loc.gov/standards/alto/ns-v3# http://www.loc.gov/alto/v3/alto-3-0.xsd">
	<Description>
		<MeasurementUnit>pixel</MeasurementUnit>
		<sourceImageInformation>
			<fileName>/tmp/tess_kasq6kbr_input.PNG</fileName>
		</sourceImageInformation>
		<OCRProcessing ID="OCR_0">
			<ocrProcessingStep>
				<processingSoftware>
					<softwareName>tesseract 5.3.4</softwareName>
				</processingSoftware>
			</ocrProcessingStep>
		</OCRProcessing>
	</Description>
	<Layout>
		<Page WIDTH="1048" HEIGHT="1631" PHYSICAL_IMG_NR="0" ID="page_0">
			<PrintSpace HPOS="0" VPOS="0" WIDTH="1048" HEIGHT="1631">
				<ComposedBlock ID="cblock_0" HPOS="232" VPOS="87" WIDTH="499" HEIGHT="28">
					<TextBlock ID="block_0" HPOS="232" VPOS="87" WIDTH="499" HEIGHT="28">
						<TextLine ID="line_0" HPOS="232" VPOS="87" WIDTH="499" HEIGHT="28">
							<String ID="string_0" HPOS="232" VPOS="90" WIDTH="13" HEIGHT="19" WC="0.96" CONTENT="2"/><SP WIDTH="189" VPOS="90" HPOS="245"/>
							<String ID="string_1" HPOS="434" VPOS="87" WIDTH="28" HEIGHT="23" WC="0.89" CONTENT="U."/><SP WIDTH="17" VPOS="87" HPOS="462"/>
							<String ID="string_2" HPOS="479" VPOS="87" WIDTH="27" HEIGHT="23" WC="0.91" CONTENT="B."/><SP WIDTH="17" VPOS="87" HPOS="506"/>
							<String ID="string_3" HPOS="523" VPOS="100" WIDTH="27" HEIGHT="3" WC="0.91" CONTENT="—"/><SP WIDTH="17" VPOS="100" HPOS="550"/>
							<String ID="string_4" HPOS="567" VPOS="87" WIDTH="75" HEIGHT="28" WC="0.95" CONTENT="Prop."/><SP WIDTH="16" VPOS="87" HPOS="642"/>
							<String ID="string_5" HPOS="658" VPOS="87" WIDTH="45" HEIGHT="23" WC="0.90" CONTENT="N:o"/><SP WIDTH="16" VPOS="87" HPOS="703"/>
							<String ID="string_6" HPOS="719" VPOS="87" WIDTH="12" HEIGHT="21" WC="0.94" CONTENT="1"/>
						</TextLine>
					</TextBlock>
				</ComposedBlock>
				<ComposedBlock ID="cblock_1" HPOS="201" VPOS="152" WIDTH="760" HEIGHT="1278">
					<TextBlock ID="block_1" HPOS="201" VPOS="152" WIDTH="759" HEIGHT="531">
						<TextLine ID="line_1" HPOS="202" VPOS="152" WIDTH="757" HEIGHT="29">
							<String ID="string_7" HPOS="202" VPOS="153" WIDTH="77" HEIGHT="22" WC="0.95" CONTENT="skilda"/><SP WIDTH="15" VPOS="153" HPOS="279"/>
							<String ID="string_8" HPOS="294" VPOS="153" WIDTH="169" HEIGHT="27" WC="0.8" CONTENT="betänkanden,"/><SP WIDTH="16" VPOS="153" HPOS="463"/>
							<String ID="string_9" HPOS="479" VPOS="153" WIDTH="24" HEIGHT="22" WC="0.93" CONTENT="af"/><SP WIDTH="15" VPOS="153" HPOS="503"/>
							<String ID="string_10" HPOS="518" VPOS="153" WIDTH="80" HEIGHT="22" WC="0.96" CONTENT="hvilka"/><SP WIDTH="12" VPOS="153" HPOS="598"/>
							<String ID="string_11" HPOS="610" VPOS="153" WIDTH="38" HEIGHT="22" WC="0.96" CONTENT="dot"/><SP WIDTH="10" VPOS="153" HPOS="648"/>
							<String ID="string_12" HPOS="658" VPOS="153" WIDTH="79" HEIGHT="26" WC="0.93" CONTENT="första,"/><SP WIDTH="11" VPOS="153" HPOS="737"/>
							<String ID="string_13" HPOS="748" VPOS="152" WIDTH="154" HEIGHT="29" WC="0.91" CONTENT="dagtecknadt"/><SP WIDTH="11" VPOS="152" HPOS="902"/>
							<String ID="string_14" HPOS="913" VPOS="152" WIDTH="46" HEIGHT="21" WC="0.96" CONTENT="den"/>
						</TextLine>
						<TextLine ID="line_2" HPOS="202" VPOS="187" WIDTH="756" HEIGHT="30">
							<String ID="string_15" HPOS="202" VPOS="192" WIDTH="27" HEIGHT="19" WC="0.96" CONTENT="27"/><SP WIDTH="26" VPOS="192" HPOS="229"/>
							<String ID="string_16" HPOS="255" VPOS="189" WIDTH="46" HEIGHT="28" WC="0.96" CONTENT="Maj"/><SP WIDTH="28" VPOS="189" HPOS="301"/>
							<String ID="string_17" HPOS="329" VPOS="191" WIDTH="64" HEIGHT="24" WC="0.95" CONTENT="1893,"/><SP WIDTH="16" VPOS="191" HPOS="393"/>
							<String ID="string_18" HPOS="409" VPOS="189" WIDTH="144" HEIGHT="22" WC="0.96" CONTENT="behandlade"/><SP WIDTH="17" VPOS="189" HPOS="553"/>
							<String ID="string_19" HPOS="570" VPOS="188" WIDTH="45" HEIGHT="22" WC="0.93" CONTENT="den"/><SP WIDTH="13" VPOS="188" HPOS="615"/>
							<String ID="string_20" HPOS="628" VPOS="196" WIDTH="17" HEIGHT="13" WC="0.92" CONTENT="s."/><SP WIDTH="17" VPOS="196" HPOS="645"/>
							<String ID="string_21" HPOS="662" VPOS="189" WIDTH="21" HEIGHT="21" WC="0.91" CONTENT="k."/><SP WIDTH="18" VPOS="189" HPOS="683"/>
							<String ID="string_22" HPOS="701" VPOS="187" WIDTH="119" HEIGHT="23" WC="0.93" CONTENT="defensiva"/><SP WIDTH="16" VPOS="187" HPOS="820"/>
							<String ID="string_23" HPOS="836" VPOS="189" WIDTH="122" HEIGHT="20" WC="0.92" CONTENT="vattenrät-"/>
						</TextLine>
						<TextLine ID="line_3" HPOS="202" VPOS="223" WIDTH="756" HEIGHT="30">
							<String ID="string_24" HPOS="202" VPOS="228" WIDTH="40" HEIGHT="18" WC="0.96" CONTENT="ten"/><SP WIDTH="21" VPOS="228" HPOS="242"/>
							<String ID="string_25" HPOS="263" VPOS="225" WIDTH="44" HEIGHT="22" WC="0.96" CONTENT="och"/><SP WIDTH="24" VPOS="225" HPOS="307"/>
							<String ID="string_26" HPOS="331" VPOS="225" WIDTH="8" HEIGHT="21" WC="0.95" CONTENT="i"/><SP WIDTH="20" VPOS="225" HPOS="339"/>
							<String ID="string_27" HPOS="359" VPOS="227" WIDTH="33" HEIGHT="19" WC="0.93" CONTENT="ett"/><SP WIDTH="17" VPOS="227" HPOS="392"/>
							<String ID="string_28" HPOS="409" VPOS="225" WIDTH="99" HEIGHT="28" WC="0.91" CONTENT=",förslag"/><SP WIDTH="16" VPOS="225" HPOS="508"/>
							<String ID="string_29" HPOS="524" VPOS="224" WIDTH="36" HEIGHT="21" WC="0.96" CONTENT="till"/><SP WIDTH="15" VPOS="224" HPOS="560"/>
							<String ID="string_30" HPOS="575" VPOS="224" WIDTH="136" HEIGHT="29" WC="0.96" CONTENT="förordning"/><SP WIDTH="16" VPOS="224" HPOS="711"/>
							<String ID="string_31" HPOS="727" VPOS="224" WIDTH="117" HEIGHT="29" WC="0.96" CONTENT="angående"/><SP WIDTH="17" VPOS="224" HPOS="844"/>
							<String ID="string_32" HPOS="861" VPOS="223" WIDTH="97" HEIGHT="29" WC="0.96" CONTENT="dikning"/>
						</TextLine>
						<TextLine ID="line_4" HPOS="203" VPOS="259" WIDTH="755" HEIGHT="30">
							<String ID="string_33" HPOS="203" VPOS="261" WIDTH="43" HEIGHT="21" WC="0.96" CONTENT="och"/><SP WIDTH="27" VPOS="261" HPOS="246"/>
							<String ID="string_34" HPOS="273" VPOS="269" WIDTH="77" HEIGHT="13" WC="0.91" CONTENT="annan"/><SP WIDTH="22" VPOS="269" HPOS="350"/>
							<String ID="string_35" HPOS="372" VPOS="261" WIDTH="119" HEIGHT="28" WC="0.91" CONTENT="afledning"/><SP WIDTH="21" VPOS="261" HPOS="491"/>
							<String ID="string_36" HPOS="512" VPOS="260" WIDTH="24" HEIGHT="22" WC="0.96" CONTENT="af"/><SP WIDTH="17" VPOS="260" HPOS="536"/>
							<String ID="string_37" HPOS="553" VPOS="262" WIDTH="93" HEIGHT="20" WC="0.77" CONTENT="vatten&quot;"/><SP WIDTH="18" VPOS="262" HPOS="646"/>
							<String ID="string_38" HPOS="664" VPOS="263" WIDTH="88" HEIGHT="26" WC="0.96" CONTENT="upptog"/><SP WIDTH="16" VPOS="263" HPOS="752"/>
							<String ID="string_39" HPOS="768" VPOS="259" WIDTH="143" HEIGHT="29" WC="0.93" CONTENT="stadganden"/><SP WIDTH="16" VPOS="259" HPOS="911"/>
							<String ID="string_40" HPOS="927" VPOS="260" WIDTH="31" HEIGHT="21" WC="0.92" CONTENT="af-"/>
						</TextLine>
						<TextLine ID="line_5" HPOS="204" VPOS="295" WIDTH="755" HEIGHT="30">
							<String ID="string_41" HPOS="204" VPOS="297" WIDTH="85" HEIGHT="21" WC="0.96" CONTENT="seende"/><SP WIDTH="14" VPOS="297" HPOS="289"/>
							<String ID="string_42" HPOS="303" VPOS="299" WIDTH="34" HEIGHT="19" WC="0.96" CONTENT="att"/><SP WIDTH="16" VPOS="299" HPOS="337"/>
							<String ID="string_43" HPOS="353" VPOS="297" WIDTH="136" HEIGHT="28" WC="0.96" CONTENT="möjliggöra"/><SP WIDTH="16" VPOS="297" HPOS="489"/>
							<String ID="string_44" HPOS="505" VPOS="297" WIDTH="106" HEIGHT="28" WC="0.96" CONTENT="åtgärder"/><SP WIDTH="16" VPOS="297" HPOS="611"/>
							<String ID="string_45" HPOS="627" VPOS="296" WIDTH="35" HEIGHT="21" WC="0.93" CONTENT="till"/><SP WIDTH="15" VPOS="296" HPOS="662"/>
							<String ID="string_46" HPOS="677" VPOS="295" WIDTH="200" HEIGHT="22" WC="0.92" CONTENT="undanskaffande"/><SP WIDTH="12" VPOS="295" HPOS="877"/>
							<String ID="string_47" HPOS="889" VPOS="295" WIDTH="23" HEIGHT="22" WC="0.96" CONTENT="af"/><SP WIDTH="10" VPOS="295" HPOS="912"/>
							<String ID="string_48" HPOS="922" VPOS="295" WIDTH="37" HEIGHT="22" WC="0.96" CONTENT="för"/>
						</TextLine>
						<TextLine ID="line_6" HPOS="201" VPOS="331" WIDTH="757" HEIGHT="30">
							<String ID="string_49" HPOS="201" VPOS="332" WIDTH="96" HEIGHT="29" WC="0.96" CONTENT="jordens"/><SP WIDTH="12" VPOS="332" HPOS="297"/>
							<String ID="string_50" HPOS="309" VPOS="332" WIDTH="80" HEIGHT="29" WC="0.93" CONTENT="odling"/><SP WIDTH="11" VPOS="332" HPOS="389"/>
							<String ID="string_51" HPOS="400" VPOS="332" WIDTH="126" HEIGHT="28" WC="0.90" CONTENT="hinderligt"/><SP WIDTH="10" VPOS="332" HPOS="526"/>
							<String ID="string_52" HPOS="536" VPOS="334" WIDTH="80" HEIGHT="19" WC="0.96" CONTENT="vatten"/><SP WIDTH="11" VPOS="334" HPOS="616"/>
							<String ID="string_53" HPOS="627" VPOS="339" WIDTH="83" HEIGHT="21" WC="0.95" CONTENT="genom"/><SP WIDTH="12" VPOS="339" HPOS="710"/>
							<String ID="string_54" HPOS="722" VPOS="331" WIDTH="103" HEIGHT="28" WC="0.93" CONTENT="dikning,"/><SP WIDTH="12" VPOS="331" HPOS="825"/>
							<String ID="string_55" HPOS="837" VPOS="331" WIDTH="121" HEIGHT="21" WC="0.91" CONTENT="afledande"/>
						</TextLine>
						<TextLine ID="line_7" HPOS="204" VPOS="367" WIDTH="754" HEIGHT="29">
							<String ID="string_56" HPOS="204" VPOS="368" WIDTH="23" HEIGHT="21" WC="0.96" CONTENT="af"/><SP WIDTH="20" VPOS="368" HPOS="227"/>
							<String ID="string_57" HPOS="247" VPOS="371" WIDTH="81" HEIGHT="18" WC="0.96" CONTENT="vatten"/><SP WIDTH="21" VPOS="371" HPOS="328"/>
							<String ID="string_58" HPOS="349" VPOS="368" WIDTH="52" HEIGHT="21" WC="0.96" CONTENT="från"/><SP WIDTH="23" VPOS="368" HPOS="401"/>
							<String ID="string_59" HPOS="424" VPOS="368" WIDTH="57" HEIGHT="21" WC="0.96" CONTENT="sank"/><SP WIDTH="23" VPOS="368" HPOS="481"/>
							<String ID="string_60" HPOS="504" VPOS="369" WIDTH="72" HEIGHT="25" WC="0.96" CONTENT="mark,"/><SP WIDTH="21" VPOS="369" HPOS="576"/>
							<String ID="string_61" HPOS="597" VPOS="368" WIDTH="114" HEIGHT="28" WC="0.96" CONTENT="sänkning"/><SP WIDTH="16" VPOS="368" HPOS="711"/>
							<String ID="string_62" HPOS="727" VPOS="367" WIDTH="24" HEIGHT="22" WC="0.95" CONTENT="af"/><SP WIDTH="16" VPOS="367" HPOS="751"/>
							<String ID="string_63" HPOS="767" VPOS="367" WIDTH="34" HEIGHT="28" WC="0.96" CONTENT="sjö"/><SP WIDTH="16" VPOS="367" HPOS="801"/>
							<String ID="string_64" HPOS="817" VPOS="367" WIDTH="55" HEIGHT="21" WC="0.96" CONTENT="eller"/><SP WIDTH="15" VPOS="367" HPOS="872"/>
							<String ID="string_65" HPOS="887" VPOS="369" WIDTH="71" HEIGHT="19" WC="0.96" CONTENT="ström"/>
						</TextLine>
						<TextLine ID="line_8" HPOS="204" VPOS="403" WIDTH="754" HEIGHT="29">
							<String ID="string_66" HPOS="204" VPOS="406" WIDTH="60" HEIGHT="19" WC="0.93" CONTENT="samt"/><SP WIDTH="15" VPOS="406" HPOS="264"/>
							<String ID="string_67" HPOS="279" VPOS="404" WIDTH="136" HEIGHT="28" WC="0.90" CONTENT="invallning."/><SP WIDTH="32" VPOS="404" HPOS="415"/>
							<String ID="string_68" HPOS="447" VPOS="404" WIDTH="122" HEIGHT="21" WC="0.91" CONTENT="Komiténs"/><SP WIDTH="17" VPOS="404" HPOS="569"/>
							<String ID="string_69" HPOS="586" VPOS="403" WIDTH="70" HEIGHT="22" WC="0.96" CONTENT="andra"/><SP WIDTH="16" VPOS="403" HPOS="656"/>
							<String ID="string_70" HPOS="672" VPOS="403" WIDTH="151" HEIGHT="26" WC="0.96" CONTENT="betänkande,"/><SP WIDTH="17" VPOS="403" HPOS="823"/>
							<String ID="string_71" HPOS="840" VPOS="403" WIDTH="23" HEIGHT="21" WC="0.96" CONTENT="af"/><SP WIDTH="11" VPOS="403" HPOS="863"/>
							<String ID="string_72" HPOS="874" VPOS="403" WIDTH="45" HEIGHT="20" WC="0.96" CONTENT="den"/><SP WIDTH="12" VPOS="403" HPOS="919"/>
							<String ID="string_73" HPOS="931" VPOS="404" WIDTH="27" HEIGHT="19" WC="0.96" CONTENT="13"/>
						</TextLine>
						<TextLine ID="line_9" HPOS="203" VPOS="438" WIDTH="756" HEIGHT="30">
							<String ID="string_74" HPOS="203" VPOS="439" WIDTH="57" HEIGHT="22" WC="0.96" CONTENT="Juni"/><SP WIDTH="19" VPOS="439" HPOS="260"/>
							<String ID="string_75" HPOS="279" VPOS="442" WIDTH="64" HEIGHT="23" WC="0.93" CONTENT="1895,"/><SP WIDTH="17" VPOS="442" HPOS="343"/>
							<String ID="string_76" HPOS="360" VPOS="440" WIDTH="111" HEIGHT="21" WC="0.92" CONTENT="hänförde"/><SP WIDTH="17" VPOS="440" HPOS="471"/>
							<String ID="string_77" HPOS="488" VPOS="439" WIDTH="35" HEIGHT="29" WC="0.96" CONTENT="sig"/><SP WIDTH="17" VPOS="439" HPOS="523"/>
							<String ID="string_78" HPOS="540" VPOS="442" WIDTH="47" HEIGHT="20" WC="0.96" CONTENT="åter"/><SP WIDTH="15" VPOS="442" HPOS="587"/>
							<String ID="string_79" HPOS="602" VPOS="439" WIDTH="36" HEIGHT="22" WC="0.96" CONTENT="till"/><SP WIDTH="16" VPOS="439" HPOS="638"/>
							<String ID="string_80" HPOS="654" VPOS="439" WIDTH="45" HEIGHT="22" WC="0.93" CONTENT="den"/><SP WIDTH="16" VPOS="439" HPOS="699"/>
							<String ID="string_81" HPOS="715" VPOS="447" WIDTH="16" HEIGHT="14" WC="0.92" CONTENT="s."/><SP WIDTH="17" VPOS="447" HPOS="731"/>
							<String ID="string_82" HPOS="748" VPOS="439" WIDTH="21" HEIGHT="21" WC="0.93" CONTENT="k."/><SP WIDTH="13" VPOS="439" HPOS="769"/>
							<String ID="string_83" HPOS="782" VPOS="438" WIDTH="113" HEIGHT="22" WC="0.93" CONTENT="lukrativa"/><SP WIDTH="16" VPOS="438" HPOS="895"/>
							<String ID="string_84" HPOS="911" VPOS="441" WIDTH="48" HEIGHT="19" WC="0.91" CONTENT="vat-"/>
						</TextLine>
						<TextLine ID="line_10" HPOS="204" VPOS="474" WIDTH="755" HEIGHT="30">
							<String ID="string_85" HPOS="204" VPOS="478" WIDTH="121" HEIGHT="23" WC="0.91" CONTENT="tenrätten,"/><SP WIDTH="20" VPOS="478" HPOS="325"/>
							<String ID="string_86" HPOS="345" VPOS="475" WIDTH="55" HEIGHT="22" WC="0.96" CONTENT="eller"/><SP WIDTH="15" VPOS="475" HPOS="400"/>
							<String ID="string_87" HPOS="415" VPOS="476" WIDTH="108" HEIGHT="28" WC="0.96" CONTENT="frågorna"/><SP WIDTH="15" VPOS="476" HPOS="523"/>
							<String ID="string_88" HPOS="538" VPOS="483" WIDTH="38" HEIGHT="14" WC="0.95" CONTENT="om"/><SP WIDTH="16" VPOS="483" HPOS="576"/>
							<String ID="string_89" HPOS="592" VPOS="477" WIDTH="101" HEIGHT="20" WC="0.93" CONTENT="vattnets"/><SP WIDTH="16" VPOS="477" HPOS="693"/>
							<String ID="string_90" HPOS="709" VPOS="474" WIDTH="198" HEIGHT="29" WC="0.91" CONTENT="tillgodogörande"/><SP WIDTH="16" VPOS="474" HPOS="907"/>
							<String ID="string_91" HPOS="923" VPOS="474" WIDTH="36" HEIGHT="21" WC="0.96" CONTENT="för"/>
						</TextLine>
						<TextLine ID="line_11" HPOS="204" VPOS="509" WIDTH="755" HEIGHT="30">
							<String ID="string_92" HPOS="204" VPOS="511" WIDTH="96" HEIGHT="22" WC="0.95" CONTENT="allmänt"/><SP WIDTH="21" VPOS="511" HPOS="300"/>
							<String ID="string_93" HPOS="321" VPOS="511" WIDTH="56" HEIGHT="22" WC="0.93" CONTENT="eller"/><SP WIDTH="19" VPOS="511" HPOS="377"/>
							<String ID="string_94" HPOS="396" VPOS="511" WIDTH="101" HEIGHT="22" WC="0.92" CONTENT="enskildt"/><SP WIDTH="20" VPOS="511" HPOS="497"/>
							<String ID="string_95" HPOS="517" VPOS="511" WIDTH="91" HEIGHT="28" WC="0.95" CONTENT="nyttiga"/><SP WIDTH="16" VPOS="511" HPOS="608"/>
							<String ID="string_96" HPOS="624" VPOS="511" WIDTH="112" HEIGHT="26" WC="0.96" CONTENT="ändamål,"/><SP WIDTH="17" VPOS="511" HPOS="736"/>
							<String ID="string_97" HPOS="753" VPOS="511" WIDTH="43" HEIGHT="20" WC="0.95" CONTENT="och"/><SP WIDTH="16" VPOS="511" HPOS="796"/>
							<String ID="string_98" HPOS="812" VPOS="509" WIDTH="107" HEIGHT="29" WC="0.95" CONTENT="åtföljdes"/><SP WIDTH="17" VPOS="509" HPOS="919"/>
							<String ID="string_99" HPOS="936" VPOS="510" WIDTH="23" HEIGHT="21" WC="0.96" CONTENT="af"/>
						</TextLine>
						<TextLine ID="line_12" HPOS="204" VPOS="545" WIDTH="754" HEIGHT="30">
							<String ID="string_100" HPOS="204" VPOS="550" WIDTH="86" HEIGHT="18" WC="0.96" CONTENT="tvänne"/><SP WIDTH="12" VPOS="550" HPOS="290"/>
							<String ID="string_101" HPOS="302" VPOS="547" WIDTH="75" HEIGHT="21" WC="0.96" CONTENT="skilda"/><SP WIDTH="11" VPOS="547" HPOS="377"/>
							<String ID="string_102" HPOS="388" VPOS="547" WIDTH="131" HEIGHT="28" WC="0.96" CONTENT="lagförslag,"/><SP WIDTH="13" VPOS="547" HPOS="519"/>
							<String ID="string_103" HPOS="532" VPOS="547" WIDTH="39" HEIGHT="21" WC="0.96" CONTENT="det"/><SP WIDTH="11" VPOS="547" HPOS="571"/>
							<String ID="string_104" HPOS="582" VPOS="555" WIDTH="42" HEIGHT="13" WC="0.93" CONTENT="ena"/><SP WIDTH="14" VPOS="555" HPOS="624"/>
							<String ID="string_105" HPOS="638" VPOS="547" WIDTH="132" HEIGHT="28" WC="0.86" CONTENT=",,angående"/><SP WIDTH="11" VPOS="547" HPOS="770"/>
							<String ID="string_106" HPOS="781" VPOS="545" WIDTH="177" HEIGHT="28" WC="0.91" CONTENT="vattendragens"/>
						</TextLine>
						<TextLine ID="line_13" HPOS="204" VPOS="581" WIDTH="755" HEIGHT="30">
							<String ID="string_107" HPOS="204" VPOS="582" WIDTH="137" HEIGHT="29" WC="0.84" CONTENT="nyttjande&quot;"/><SP WIDTH="26" VPOS="582" HPOS="341"/>
							<String ID="string_108" HPOS="367" VPOS="583" WIDTH="43" HEIGHT="21" WC="0.93" CONTENT="och"/><SP WIDTH="22" VPOS="583" HPOS="410"/>
							<String ID="string_109" HPOS="432" VPOS="583" WIDTH="158" HEIGHT="21" WC="0.93" CONTENT="innefattande"/><SP WIDTH="22" VPOS="583" HPOS="590"/>
							<String ID="string_110" HPOS="612" VPOS="582" WIDTH="87" HEIGHT="29" WC="0.91" CONTENT="jemväl"/><SP WIDTH="26" VPOS="582" HPOS="699"/>
							<String ID="string_111" HPOS="725" VPOS="581" WIDTH="171" HEIGHT="28" WC="0.95" CONTENT="bestämningar"/><SP WIDTH="25" VPOS="581" HPOS="896"/>
							<String ID="string_112" HPOS="921" VPOS="589" WIDTH="38" HEIGHT="14" WC="0.96" CONTENT="om"/>
						</TextLine>
						<TextLine ID="line_14" HPOS="202" VPOS="617" WIDTH="758" HEIGHT="29">
							<String ID="string_113" HPOS="202" VPOS="618" WIDTH="135" HEIGHT="28" WC="0.92" CONTENT="jordegares"/><SP WIDTH="25" VPOS="618" HPOS="337"/>
							<String ID="string_114" HPOS="362" VPOS="621" WIDTH="45" HEIGHT="18" WC="0.96" CONTENT="rätt"/><SP WIDTH="23" VPOS="621" HPOS="407"/>
							<String ID="string_115" HPOS="430" VPOS="618" WIDTH="65" HEIGHT="22" WC="0.93" CONTENT="öfver"/><SP WIDTH="22" VPOS="618" HPOS="495"/>
							<String ID="string_116" HPOS="517" VPOS="620" WIDTH="90" HEIGHT="19" WC="0.92" CONTENT="vattnet"/><SP WIDTH="24" VPOS="620" HPOS="607"/>
							<String ID="string_117" HPOS="631" VPOS="620" WIDTH="13" HEIGHT="19" WC="0.92" CONTENT="&amp;"/><SP WIDTH="18" VPOS="620" HPOS="644"/>
							<String ID="string_118" HPOS="662" VPOS="618" WIDTH="57" HEIGHT="21" WC="0.96" CONTENT="hans"/><SP WIDTH="16" VPOS="618" HPOS="719"/>
							<String ID="string_119" HPOS="735" VPOS="617" WIDTH="82" HEIGHT="29" WC="0.96" CONTENT="grund,"/><SP WIDTH="18" VPOS="617" HPOS="817"/>
							<String ID="string_120" HPOS="835" VPOS="617" WIDTH="38" HEIGHT="21" WC="0.96" CONTENT="det"/><SP WIDTH="16" VPOS="617" HPOS="873"/>
							<String ID="string_121" HPOS="889" VPOS="617" WIDTH="71" HEIGHT="21" WC="0.96" CONTENT="andra"/>
						</TextLine>
						<TextLine ID="line_15" HPOS="206" VPOS="654" WIDTH="475" HEIGHT="29">
							<String ID="string_122" HPOS="206" VPOS="654" WIDTH="133" HEIGHT="28" WC="0.75" CONTENT="vangäende"/><SP WIDTH="17" VPOS="654" HPOS="339"/>
							<String ID="string_123" HPOS="356" VPOS="654" WIDTH="109" HEIGHT="29" WC="0.96" CONTENT="flottning"/><SP WIDTH="17" VPOS="654" HPOS="465"/>
							<String ID="string_124" HPOS="482" VPOS="654" WIDTH="23" HEIGHT="21" WC="0.93" CONTENT="af"/><SP WIDTH="16" VPOS="654" HPOS="505"/>
							<String ID="string_125" HPOS="521" VPOS="654" WIDTH="160" HEIGHT="28" WC="0.84" CONTENT="skogsalster*."/>
						</TextLine>
					</TextBlock>
					<TextBlock ID="block_2" HPOS="205" VPOS="688" WIDTH="756" HEIGHT="423">
						<TextLine ID="line_16" HPOS="277" VPOS="688" WIDTH="682" HEIGHT="30">
							<String ID="string_126" HPOS="277" VPOS="690" WIDTH="56" HEIGHT="21" WC="0.96" CONTENT="Som"/><SP WIDTH="15" VPOS="690" HPOS="333"/>
							<String ID="string_127" HPOS="348" VPOS="690" WIDTH="97" HEIGHT="21" WC="0.93" CONTENT="berörda"/><SP WIDTH="16" VPOS="690" HPOS="445"/>
							<String ID="string_128" HPOS="461" VPOS="689" WIDTH="87" HEIGHT="22" WC="0.93" CONTENT="komité"/><SP WIDTH="16" VPOS="689" HPOS="548"/>
							<String ID="string_129" HPOS="564" VPOS="689" WIDTH="127" HEIGHT="22" WC="0.96" CONTENT="emellertid"/><SP WIDTH="16" VPOS="689" HPOS="691"/>
							<String ID="string_130" HPOS="707" VPOS="691" WIDTH="28" HEIGHT="27" WC="0.96" CONTENT="pä"/><SP WIDTH="16" VPOS="691" HPOS="735"/>
							<String ID="string_131" HPOS="751" VPOS="689" WIDTH="56" HEIGHT="26" WC="0.97" CONTENT="skäl,"/><SP WIDTH="16" VPOS="689" HPOS="807"/>
							<String ID="string_132" HPOS="823" VPOS="696" WIDTH="49" HEIGHT="14" WC="0.96" CONTENT="som"/><SP WIDTH="10" VPOS="696" HPOS="872"/>
							<String ID="string_133" HPOS="882" VPOS="688" WIDTH="77" HEIGHT="22" WC="0.96" CONTENT="finnas"/>
						</TextLine>
						<TextLine ID="line_17" HPOS="205" VPOS="724" WIDTH="754" HEIGHT="29">
							<String ID="string_134" HPOS="205" VPOS="725" WIDTH="98" HEIGHT="22" WC="0.89" CONTENT="anförda"/><SP WIDTH="20" VPOS="725" HPOS="303"/>
							<String ID="string_135" HPOS="323" VPOS="725" WIDTH="8" HEIGHT="22" WC="0.96" CONTENT="i"/><SP WIDTH="23" VPOS="725" HPOS="331"/>
							<String ID="string_136" HPOS="354" VPOS="725" WIDTH="52" HEIGHT="22" WC="0.96" CONTENT="dess"/><SP WIDTH="25" VPOS="725" HPOS="406"/>
							<String ID="string_137" HPOS="431" VPOS="733" WIDTH="78" HEIGHT="14" WC="0.93" CONTENT="senare"/><SP WIDTH="21" VPOS="733" HPOS="509"/>
							<String ID="string_138" HPOS="530" VPOS="725" WIDTH="151" HEIGHT="26" WC="0.91" CONTENT="betänkande,"/><SP WIDTH="18" VPOS="725" HPOS="681"/>
							<String ID="string_139" HPOS="699" VPOS="727" WIDTH="71" HEIGHT="26" WC="0.92" CONTENT="ansäg"/><SP WIDTH="17" VPOS="727" HPOS="770"/>
							<String ID="string_140" HPOS="787" VPOS="724" WIDTH="35" HEIGHT="29" WC="0.93" CONTENT="sig"/><SP WIDTH="15" VPOS="724" HPOS="822"/>
							<String ID="string_141" HPOS="837" VPOS="724" WIDTH="51" HEIGHT="21" WC="0.92" CONTENT="icke"/><SP WIDTH="15" VPOS="724" HPOS="888"/>
							<String ID="string_142" HPOS="903" VPOS="724" WIDTH="56" HEIGHT="21" WC="0.92" CONTENT="böra"/>
						</TextLine>
						<TextLine ID="line_18" HPOS="205" VPOS="760" WIDTH="756" HEIGHT="29">
							<String ID="string_143" HPOS="205" VPOS="761" WIDTH="80" HEIGHT="22" WC="0.92" CONTENT="skrida"/><SP WIDTH="16" VPOS="761" HPOS="285"/>
							<String ID="string_144" HPOS="301" VPOS="761" WIDTH="35" HEIGHT="22" WC="0.93" CONTENT="till"/><SP WIDTH="17" VPOS="761" HPOS="336"/>
							<String ID="string_145" HPOS="353" VPOS="761" WIDTH="159" HEIGHT="28" WC="0.92" CONTENT="omarbetning"/><SP WIDTH="16" VPOS="761" HPOS="512"/>
							<String ID="string_146" HPOS="528" VPOS="761" WIDTH="23" HEIGHT="21" WC="0.93" CONTENT="af"/><SP WIDTH="16" VPOS="761" HPOS="551"/>
							<String ID="string_147" HPOS="567" VPOS="761" WIDTH="181" HEIGHT="28" WC="0.92" CONTENT="fiskeristadgan"/><SP WIDTH="16" VPOS="761" HPOS="748"/>
							<String ID="string_148" HPOS="764" VPOS="761" WIDTH="23" HEIGHT="20" WC="0.96" CONTENT="af"/><SP WIDTH="16" VPOS="761" HPOS="787"/>
							<String ID="string_149" HPOS="803" VPOS="762" WIDTH="13" HEIGHT="19" WC="0.97" CONTENT="4"/><SP WIDTH="15" VPOS="762" HPOS="816"/>
							<String ID="string_150" HPOS="831" VPOS="760" WIDTH="130" HEIGHT="21" WC="0.96" CONTENT="December"/>
						</TextLine>
						<TextLine ID="line_19" HPOS="207" VPOS="796" WIDTH="753" HEIGHT="29">
							<String ID="string_151" HPOS="207" VPOS="799" WIDTH="64" HEIGHT="24" WC="0.96" CONTENT="1865,"/><SP WIDTH="17" VPOS="799" HPOS="271"/>
							<String ID="string_152" HPOS="288" VPOS="804" WIDTH="54" HEIGHT="14" WC="0.93" CONTENT="men"/><SP WIDTH="16" VPOS="804" HPOS="342"/>
							<String ID="string_153" HPOS="358" VPOS="796" WIDTH="20" HEIGHT="29" WC="0.90" CONTENT="ej"/><SP WIDTH="18" VPOS="796" HPOS="378"/>
							<String ID="string_154" HPOS="396" VPOS="797" WIDTH="89" HEIGHT="21" WC="0.93" CONTENT="mindre"/><SP WIDTH="16" VPOS="797" HPOS="485"/>
							<String ID="string_155" HPOS="501" VPOS="797" WIDTH="71" HEIGHT="28" WC="0.91" CONTENT="sagda"/><SP WIDTH="16" VPOS="797" HPOS="572"/>
							<String ID="string_156" HPOS="588" VPOS="797" WIDTH="82" HEIGHT="28" WC="0.91" CONTENT="stadga"/><SP WIDTH="15" VPOS="797" HPOS="670"/>
							<String ID="string_157" HPOS="685" VPOS="799" WIDTH="29" HEIGHT="18" WC="0.93" CONTENT="än"/><SP WIDTH="12" VPOS="799" HPOS="714"/>
							<String ID="string_158" HPOS="726" VPOS="796" WIDTH="69" HEIGHT="21" WC="0.92" CONTENT="äfven"/><SP WIDTH="11" VPOS="796" HPOS="795"/>
							<String ID="string_159" HPOS="806" VPOS="796" WIDTH="154" HEIGHT="28" WC="0.88" CONTENT="eganderätts-"/>
						</TextLine>
						<TextLine ID="line_20" HPOS="205" VPOS="831" WIDTH="754" HEIGHT="29">
							<String ID="string_160" HPOS="205" VPOS="833" WIDTH="175" HEIGHT="21" WC="0.92" CONTENT="förhällandena"/><SP WIDTH="15" VPOS="833" HPOS="380"/>
							<String ID="string_161" HPOS="395" VPOS="833" WIDTH="145" HEIGHT="21" WC="0.93" CONTENT="beträffande"/><SP WIDTH="15" VPOS="833" HPOS="540"/>
							<String ID="string_162" HPOS="555" VPOS="832" WIDTH="147" HEIGHT="26" WC="0.92" CONTENT="fiskevatten,"/><SP WIDTH="18" VPOS="832" HPOS="702"/>
							<String ID="string_163" HPOS="720" VPOS="832" WIDTH="27" HEIGHT="21" WC="0.96" CONTENT="de"/><SP WIDTH="13" VPOS="832" HPOS="747"/>
							<String ID="string_164" HPOS="760" VPOS="839" WIDTH="49" HEIGHT="14" WC="0.92" CONTENT="som"/><SP WIDTH="11" VPOS="839" HPOS="809"/>
							<String ID="string_165" HPOS="820" VPOS="833" WIDTH="59" HEIGHT="27" WC="0.92" CONTENT="angä"/><SP WIDTH="11" VPOS="833" HPOS="879"/>
							<String ID="string_166" HPOS="890" VPOS="831" WIDTH="69" HEIGHT="22" WC="0.92" CONTENT="skifte"/>
						</TextLine>
						<TextLine ID="line_21" HPOS="205" VPOS="867" WIDTH="754" HEIGHT="30">
							<String ID="string_167" HPOS="205" VPOS="868" WIDTH="24" HEIGHT="21" WC="0.91" CONTENT="af"/><SP WIDTH="23" VPOS="868" HPOS="229"/>
							<String ID="string_168" HPOS="252" VPOS="868" WIDTH="143" HEIGHT="22" WC="0.91" CONTENT="fiskevatten"/><SP WIDTH="22" VPOS="868" HPOS="395"/>
							<String ID="string_169" HPOS="417" VPOS="868" WIDTH="48" HEIGHT="21" WC="0.92" CONTENT="deri"/><SP WIDTH="16" VPOS="868" HPOS="465"/>
							<String ID="string_170" HPOS="481" VPOS="868" WIDTH="142" HEIGHT="29" WC="0.91" CONTENT="inbegripna,"/><SP WIDTH="17" VPOS="868" HPOS="623"/>
							<String ID="string_171" HPOS="640" VPOS="870" WIDTH="87" HEIGHT="19" WC="0.92" CONTENT="ansetts"/><SP WIDTH="15" VPOS="870" HPOS="727"/>
							<String ID="string_172" HPOS="742" VPOS="867" WIDTH="91" HEIGHT="29" WC="0.90" CONTENT="päkalla"/><SP WIDTH="15" VPOS="867" HPOS="833"/>
							<String ID="string_173" HPOS="848" VPOS="867" WIDTH="111" HEIGHT="28" WC="0.92" CONTENT="lagstifta-"/>
						</TextLine>
						<TextLine ID="line_22" HPOS="205" VPOS="903" WIDTH="755" HEIGHT="30">
							<String ID="string_174" HPOS="205" VPOS="911" WIDTH="53" HEIGHT="14" WC="0.91" CONTENT="rens"/><SP WIDTH="17" VPOS="911" HPOS="258"/>
							<String ID="string_175" HPOS="275" VPOS="904" WIDTH="210" HEIGHT="29" WC="0.93" CONTENT="uppmärksamhet,"/><SP WIDTH="16" VPOS="904" HPOS="485"/>
							<String ID="string_176" HPOS="501" VPOS="905" WIDTH="118" HEIGHT="28" WC="0.92" CONTENT="uppdrogs"/><SP WIDTH="17" VPOS="905" HPOS="619"/>
							<String ID="string_177" HPOS="636" VPOS="905" WIDTH="45" HEIGHT="20" WC="0.96" CONTENT="den"/><SP WIDTH="16" VPOS="905" HPOS="681"/>
							<String ID="string_178" HPOS="697" VPOS="906" WIDTH="12" HEIGHT="19" WC="0.96" CONTENT="3"/><SP WIDTH="16" VPOS="906" HPOS="709"/>
							<String ID="string_179" HPOS="725" VPOS="903" WIDTH="127" HEIGHT="22" WC="0.96" CONTENT="December"/><SP WIDTH="12" VPOS="903" HPOS="852"/>
							<String ID="string_180" HPOS="864" VPOS="905" WIDTH="56" HEIGHT="20" WC="0.96" CONTENT="1895"/><SP WIDTH="17" VPOS="905" HPOS="920"/>
							<String ID="string_181" HPOS="937" VPOS="905" WIDTH="23" HEIGHT="19" WC="0.96" CONTENT="ät"/>
						</TextLine>
						<TextLine ID="line_23" HPOS="206" VPOS="939" WIDTH="754" HEIGHT="30">
							<String ID="string_182" HPOS="206" VPOS="947" WIDTH="28" HEIGHT="14" WC="0.96" CONTENT="en"/><SP WIDTH="15" VPOS="947" HPOS="234"/>
							<String ID="string_183" HPOS="249" VPOS="947" WIDTH="34" HEIGHT="21" WC="0.93" CONTENT="ny"/><SP WIDTH="17" VPOS="947" HPOS="283"/>
							<String ID="string_184" HPOS="300" VPOS="940" WIDTH="86" HEIGHT="22" WC="0.90" CONTENT="komitö"/><SP WIDTH="17" VPOS="940" HPOS="386"/>
							<String ID="string_185" HPOS="403" VPOS="943" WIDTH="32" HEIGHT="18" WC="0.97" CONTENT="att"/><SP WIDTH="15" VPOS="943" HPOS="435"/>
							<String ID="string_186" HPOS="450" VPOS="940" WIDTH="104" HEIGHT="21" WC="0.96" CONTENT="utarbeta"/><SP WIDTH="16" VPOS="940" HPOS="554"/>
							<String ID="string_187" HPOS="570" VPOS="940" WIDTH="86" HEIGHT="29" WC="0.96" CONTENT="förslag"/><SP WIDTH="16" VPOS="940" HPOS="656"/>
							<String ID="string_188" HPOS="672" VPOS="940" WIDTH="36" HEIGHT="21" WC="0.93" CONTENT="till"/><SP WIDTH="17" VPOS="940" HPOS="708"/>
							<String ID="string_189" HPOS="725" VPOS="939" WIDTH="162" HEIGHT="28" WC="0.92" CONTENT="fiskeristadga"/><SP WIDTH="14" VPOS="939" HPOS="887"/>
							<String ID="string_190" HPOS="901" VPOS="942" WIDTH="59" HEIGHT="19" WC="0.96" CONTENT="samt"/>
						</TextLine>
						<TextLine ID="line_24" HPOS="205" VPOS="975" WIDTH="753" HEIGHT="29">
							<String ID="string_191" HPOS="205" VPOS="975" WIDTH="35" HEIGHT="22" WC="0.93" CONTENT="till"/><SP WIDTH="17" VPOS="975" HPOS="240"/>
							<String ID="string_192" HPOS="257" VPOS="976" WIDTH="114" HEIGHT="28" WC="0.90" CONTENT="ätgärder,"/><SP WIDTH="17" VPOS="976" HPOS="371"/>
							<String ID="string_193" HPOS="388" VPOS="983" WIDTH="49" HEIGHT="14" WC="0.96" CONTENT="som"/><SP WIDTH="16" VPOS="983" HPOS="437"/>
							<String ID="string_194" HPOS="453" VPOS="976" WIDTH="77" HEIGHT="21" WC="0.93" CONTENT="kunde"/><SP WIDTH="16" VPOS="976" HPOS="530"/>
							<String ID="string_195" HPOS="546" VPOS="975" WIDTH="106" HEIGHT="22" WC="0.92" CONTENT="befinnas"/><SP WIDTH="16" VPOS="975" HPOS="652"/>
							<String ID="string_196" HPOS="668" VPOS="983" WIDTH="55" HEIGHT="14" WC="0.96" CONTENT="vara"/><SP WIDTH="16" VPOS="983" HPOS="723"/>
							<String ID="string_197" HPOS="739" VPOS="975" WIDTH="33" HEIGHT="21" WC="0.93" CONTENT="till"/><SP WIDTH="17" VPOS="975" HPOS="772"/>
							<String ID="string_198" HPOS="789" VPOS="982" WIDTH="62" HEIGHT="21" WC="0.92" CONTENT="gagn"/><SP WIDTH="16" VPOS="982" HPOS="851"/>
							<String ID="string_199" HPOS="867" VPOS="975" WIDTH="35" HEIGHT="21" WC="0.92" CONTENT="för"/><SP WIDTH="11" VPOS="975" HPOS="902"/>
							<String ID="string_200" HPOS="913" VPOS="975" WIDTH="45" HEIGHT="21" WC="0.92" CONTENT="lan-"/>
						</TextLine>
						<TextLine ID="line_25" HPOS="206" VPOS="1011" WIDTH="754" HEIGHT="29">
							<String ID="string_201" HPOS="206" VPOS="1011" WIDTH="51" HEIGHT="22" WC="0.93" CONTENT="dets"/><SP WIDTH="17" VPOS="1011" HPOS="257"/>
							<String ID="string_202" HPOS="274" VPOS="1012" WIDTH="169" HEIGHT="28" WC="0.92" CONTENT="fiskerinäring,"/><SP WIDTH="17" VPOS="1012" HPOS="443"/>
							<String ID="string_203" HPOS="460" VPOS="1011" WIDTH="116" HEIGHT="22" WC="0.96" CONTENT="hvarefter"/><SP WIDTH="16" VPOS="1011" HPOS="576"/>
							<String ID="string_204" HPOS="592" VPOS="1012" WIDTH="72" HEIGHT="28" WC="0.91" CONTENT="sagda"/><SP WIDTH="15" VPOS="1012" HPOS="664"/>
							<String ID="string_205" HPOS="679" VPOS="1011" WIDTH="86" HEIGHT="22" WC="0.91" CONTENT="komité"/><SP WIDTH="16" VPOS="1011" HPOS="765"/>
							<String ID="string_206" HPOS="781" VPOS="1011" WIDTH="130" HEIGHT="21" WC="0.90" CONTENT="aflemnade"/><SP WIDTH="16" VPOS="1011" HPOS="911"/>
							<String ID="string_207" HPOS="927" VPOS="1013" WIDTH="33" HEIGHT="18" WC="0.96" CONTENT="ett"/>
						</TextLine>
						<TextLine ID="line_26" HPOS="206" VPOS="1046" WIDTH="753" HEIGHT="30">
							<String ID="string_208" HPOS="206" VPOS="1047" WIDTH="45" HEIGHT="21" WC="0.96" CONTENT="den"/><SP WIDTH="17" VPOS="1047" HPOS="251"/>
							<String ID="string_209" HPOS="268" VPOS="1050" WIDTH="13" HEIGHT="19" WC="0.96" CONTENT="6"/><SP WIDTH="16" VPOS="1050" HPOS="281"/>
							<String ID="string_210" HPOS="297" VPOS="1047" WIDTH="68" HEIGHT="29" WC="0.96" CONTENT="April"/><SP WIDTH="17" VPOS="1047" HPOS="365"/>
							<String ID="string_211" HPOS="382" VPOS="1049" WIDTH="56" HEIGHT="20" WC="0.93" CONTENT="1898"/><SP WIDTH="12" VPOS="1049" HPOS="438"/>
							<String ID="string_212" HPOS="450" VPOS="1047" WIDTH="155" HEIGHT="29" WC="0.92" CONTENT="dagtecknadt"/><SP WIDTH="10" VPOS="1047" HPOS="605"/>
							<String ID="string_213" HPOS="615" VPOS="1047" WIDTH="151" HEIGHT="26" WC="0.92" CONTENT="betänkande,"/><SP WIDTH="10" VPOS="1047" HPOS="766"/>
							<String ID="string_214" HPOS="776" VPOS="1046" WIDTH="71" HEIGHT="29" WC="0.92" CONTENT="jemte"/><SP WIDTH="10" VPOS="1046" HPOS="847"/>
							<String ID="string_215" HPOS="857" VPOS="1046" WIDTH="102" HEIGHT="29" WC="0.96" CONTENT="följande"/>
						</TextLine>
						<TextLine ID="line_27" HPOS="206" VPOS="1083" WIDTH="327" HEIGHT="28">
							<String ID="string_216" HPOS="206" VPOS="1083" WIDTH="77" HEIGHT="22" WC="0.92" CONTENT="skilda"/><SP WIDTH="15" VPOS="1083" HPOS="283"/>
							<String ID="string_217" HPOS="298" VPOS="1083" WIDTH="94" HEIGHT="28" WC="0.93" CONTENT="förslag,"/><SP WIDTH="16" VPOS="1083" HPOS="392"/>
							<String ID="string_218" HPOS="408" VPOS="1083" WIDTH="125" HEIGHT="28" WC="0.91" CONTENT="nemligen:"/>
						</TextLine>
					</TextBlock>
					<TextBlock ID="block_3" HPOS="206" VPOS="1117" WIDTH="752" HEIGHT="67">
						<TextLine ID="line_28" HPOS="281" VPOS="1117" WIDTH="677" HEIGHT="31">
							<String ID="string_219" HPOS="281" VPOS="1122" WIDTH="20" HEIGHT="22" WC="0.93" CONTENT="1)"/><SP WIDTH="20" VPOS="1122" HPOS="301"/>
							<String ID="string_220" HPOS="321" VPOS="1119" WIDTH="96" HEIGHT="28" WC="0.92" CONTENT="Förslag"/><SP WIDTH="15" VPOS="1119" HPOS="417"/>
							<String ID="string_221" HPOS="432" VPOS="1119" WIDTH="36" HEIGHT="21" WC="0.96" CONTENT="till"/><SP WIDTH="15" VPOS="1119" HPOS="468"/>
							<String ID="string_222" HPOS="483" VPOS="1119" WIDTH="38" HEIGHT="28" WC="0.93" CONTENT="lag"/><SP WIDTH="16" VPOS="1119" HPOS="521"/>
							<String ID="string_223" HPOS="537" VPOS="1119" WIDTH="119" HEIGHT="29" WC="0.92" CONTENT="angäende"/><SP WIDTH="16" VPOS="1119" HPOS="656"/>
							<String ID="string_224" HPOS="672" VPOS="1126" WIDTH="31" HEIGHT="21" WC="0.93" CONTENT="ny"/><SP WIDTH="16" VPOS="1126" HPOS="703"/>
							<String ID="string_225" HPOS="719" VPOS="1118" WIDTH="88" HEIGHT="29" WC="0.92" CONTENT="lydelse"/><SP WIDTH="17" VPOS="1118" HPOS="807"/>
							<String ID="string_226" HPOS="824" VPOS="1117" WIDTH="23" HEIGHT="22" WC="0.96" CONTENT="af"/><SP WIDTH="18" VPOS="1117" HPOS="847"/>
							<String ID="string_227" HPOS="865" VPOS="1120" WIDTH="25" HEIGHT="19" WC="0.96" CONTENT="12"/><SP WIDTH="17" VPOS="1120" HPOS="890"/>
							<String ID="string_228" HPOS="907" VPOS="1118" WIDTH="51" HEIGHT="28" WC="0.96" CONTENT="kap."/>
						</TextLine>
						<TextLine ID="line_29" HPOS="206" VPOS="1154" WIDTH="686" HEIGHT="30">
							<String ID="string_229" HPOS="206" VPOS="1155" WIDTH="43" HEIGHT="21" WC="0.96" CONTENT="och"/><SP WIDTH="18" VPOS="1155" HPOS="249"/>
							<String ID="string_230" HPOS="267" VPOS="1158" WIDTH="27" HEIGHT="18" WC="0.96" CONTENT="15"/><SP WIDTH="17" VPOS="1158" HPOS="294"/>
							<String ID="string_231" HPOS="311" VPOS="1155" WIDTH="51" HEIGHT="28" WC="0.96" CONTENT="kap."/><SP WIDTH="18" VPOS="1155" HPOS="362"/>
							<String ID="string_232" HPOS="380" VPOS="1157" WIDTH="13" HEIGHT="19" WC="0.93" CONTENT="3"/><SP WIDTH="16" VPOS="1157" HPOS="393"/>
							<String ID="string_233" HPOS="409" VPOS="1155" WIDTH="14" HEIGHT="29" WC="0.58" CONTENT="&amp;"/><SP WIDTH="16" VPOS="1155" HPOS="423"/>
							<String ID="string_234" HPOS="439" VPOS="1155" WIDTH="21" HEIGHT="22" WC="0.92" CONTENT="J."/><SP WIDTH="17" VPOS="1155" HPOS="460"/>
							<String ID="string_235" HPOS="477" VPOS="1155" WIDTH="26" HEIGHT="21" WC="0.92" CONTENT="B."/><SP WIDTH="17" VPOS="1155" HPOS="503"/>
							<String ID="string_236" HPOS="520" VPOS="1157" WIDTH="60" HEIGHT="19" WC="0.96" CONTENT="samt"/><SP WIDTH="16" VPOS="1157" HPOS="580"/>
							<String ID="string_237" HPOS="596" VPOS="1157" WIDTH="26" HEIGHT="19" WC="0.96" CONTENT="17"/><SP WIDTH="18" VPOS="1157" HPOS="622"/>
							<String ID="string_238" HPOS="640" VPOS="1155" WIDTH="44" HEIGHT="21" WC="0.96" CONTENT="och"/><SP WIDTH="17" VPOS="1155" HPOS="684"/>
							<String ID="string_239" HPOS="701" VPOS="1156" WIDTH="26" HEIGHT="20" WC="0.96" CONTENT="18"/><SP WIDTH="17" VPOS="1156" HPOS="727"/>
							<String ID="string_240" HPOS="744" VPOS="1154" WIDTH="51" HEIGHT="28" WC="0.93" CONTENT="kap."/><SP WIDTH="17" VPOS="1154" HPOS="795"/>
							<String ID="string_241" HPOS="812" VPOS="1154" WIDTH="27" HEIGHT="21" WC="0.91" CONTENT="B."/><SP WIDTH="16" VPOS="1154" HPOS="839"/>
							<String ID="string_242" HPOS="855" VPOS="1154" WIDTH="37" HEIGHT="26" WC="0.87" CONTENT="B.;"/>
						</TextLine>
					</TextBlock>
					<TextBlock ID="block_4" HPOS="206" VPOS="1190" WIDTH="754" HEIGHT="100">
						<TextLine ID="line_30" HPOS="280" VPOS="1190" WIDTH="680" HEIGHT="29">
							<String ID="string_243" HPOS="280" VPOS="1192" WIDTH="22" HEIGHT="27" WC="0.96" CONTENT="2)"/><SP WIDTH="24" VPOS="1192" HPOS="302"/>
							<String ID="string_244" HPOS="326" VPOS="1191" WIDTH="87" HEIGHT="28" WC="0.96" CONTENT="förslag"/><SP WIDTH="23" VPOS="1191" HPOS="413"/>
							<String ID="string_245" HPOS="436" VPOS="1191" WIDTH="35" HEIGHT="21" WC="0.93" CONTENT="till"/><SP WIDTH="21" VPOS="1191" HPOS="471"/>
							<String ID="string_246" HPOS="492" VPOS="1191" WIDTH="142" HEIGHT="28" WC="0.92" CONTENT="förordning,"/><SP WIDTH="16" VPOS="1191" HPOS="634"/>
							<String ID="string_247" HPOS="650" VPOS="1190" WIDTH="159" HEIGHT="22" WC="0.90" CONTENT="innefattande"/><SP WIDTH="16" VPOS="1190" HPOS="809"/>
							<String ID="string_248" HPOS="825" VPOS="1190" WIDTH="87" HEIGHT="21" WC="0.92" CONTENT="ändrad"/><SP WIDTH="15" VPOS="1190" HPOS="912"/>
							<String ID="string_249" HPOS="927" VPOS="1190" WIDTH="33" HEIGHT="28" WC="0.91" CONTENT="ly-"/>
						</TextLine>
						<TextLine ID="line_31" HPOS="206" VPOS="1225" WIDTH="754" HEIGHT="30">
							<String ID="string_250" HPOS="206" VPOS="1226" WIDTH="63" HEIGHT="21" WC="0.96" CONTENT="delse"/><SP WIDTH="22" VPOS="1226" HPOS="269"/>
							<String ID="string_251" HPOS="291" VPOS="1226" WIDTH="24" HEIGHT="22" WC="0.96" CONTENT="af"/><SP WIDTH="18" VPOS="1226" HPOS="315"/>
							<String ID="string_252" HPOS="333" VPOS="1228" WIDTH="20" HEIGHT="24" WC="0.95" CONTENT="2,"/><SP WIDTH="23" VPOS="1228" HPOS="353"/>
							<String ID="string_253" HPOS="376" VPOS="1228" WIDTH="13" HEIGHT="19" WC="0.95" CONTENT="3"/><SP WIDTH="21" VPOS="1228" HPOS="389"/>
							<String ID="string_254" HPOS="410" VPOS="1227" WIDTH="42" HEIGHT="21" WC="0.96" CONTENT="och"/><SP WIDTH="22" VPOS="1227" HPOS="452"/>
							<String ID="string_255" HPOS="474" VPOS="1229" WIDTH="12" HEIGHT="18" WC="0.93" CONTENT="5"/><SP WIDTH="17" VPOS="1229" HPOS="486"/>
							<String ID="string_256" HPOS="503" VPOS="1226" WIDTH="29" HEIGHT="29" WC="0.76" CONTENT="$$"/><SP WIDTH="15" VPOS="1226" HPOS="532"/>
							<String ID="string_257" HPOS="547" VPOS="1226" WIDTH="9" HEIGHT="21" WC="0.96" CONTENT="i"/><SP WIDTH="15" VPOS="1226" HPOS="556"/>
							<String ID="string_258" HPOS="571" VPOS="1226" WIDTH="165" HEIGHT="28" WC="0.96" CONTENT="förordningen"/><SP WIDTH="16" VPOS="1226" HPOS="736"/>
							<String ID="string_259" HPOS="752" VPOS="1225" WIDTH="24" HEIGHT="21" WC="0.96" CONTENT="af"/><SP WIDTH="19" VPOS="1225" HPOS="776"/>
							<String ID="string_260" HPOS="795" VPOS="1225" WIDTH="44" HEIGHT="21" WC="0.96" CONTENT="den"/><SP WIDTH="20" VPOS="1225" HPOS="839"/>
							<String ID="string_261" HPOS="859" VPOS="1228" WIDTH="26" HEIGHT="18" WC="0.96" CONTENT="12"/><SP WIDTH="19" VPOS="1228" HPOS="885"/>
							<String ID="string_262" HPOS="904" VPOS="1225" WIDTH="56" HEIGHT="22" WC="0.96" CONTENT="Juni"/>
						</TextLine>
						<TextLine ID="line_32" HPOS="208" VPOS="1262" WIDTH="559" HEIGHT="28">
							<String ID="string_263" HPOS="208" VPOS="1264" WIDTH="64" HEIGHT="24" WC="0.93" CONTENT="1895,"/><SP WIDTH="18" VPOS="1264" HPOS="272"/>
							<String ID="string_264" HPOS="290" VPOS="1262" WIDTH="118" HEIGHT="28" WC="0.92" CONTENT="angäende"/><SP WIDTH="17" VPOS="1262" HPOS="408"/>
							<String ID="string_265" HPOS="425" VPOS="1262" WIDTH="94" HEIGHT="28" WC="0.92" CONTENT="delning"/><SP WIDTH="17" VPOS="1262" HPOS="519"/>
							<String ID="string_266" HPOS="536" VPOS="1262" WIDTH="23" HEIGHT="21" WC="0.93" CONTENT="af"/><SP WIDTH="13" VPOS="1262" HPOS="559"/>
							<String ID="string_267" HPOS="572" VPOS="1262" WIDTH="195" HEIGHT="28" WC="0.92" CONTENT="jordlägenheter;"/>
						</TextLine>
					</TextBlock>
					<TextBlock ID="block_5" HPOS="205" VPOS="1296" WIDTH="756" HEIGHT="99">
						<TextLine ID="line_33" HPOS="281" VPOS="1296" WIDTH="680" HEIGHT="30">
							<String ID="string_268" HPOS="281" VPOS="1299" WIDTH="22" HEIGHT="27" WC="0.96" CONTENT="3)"/><SP WIDTH="16" VPOS="1299" HPOS="303"/>
							<String ID="string_269" HPOS="319" VPOS="1298" WIDTH="86" HEIGHT="28" WC="0.96" CONTENT="förslag"/><SP WIDTH="16" VPOS="1298" HPOS="405"/>
							<String ID="string_270" HPOS="421" VPOS="1298" WIDTH="36" HEIGHT="21" WC="0.93" CONTENT="till"/><SP WIDTH="11" VPOS="1298" HPOS="457"/>
							<String ID="string_271" HPOS="468" VPOS="1298" WIDTH="141" HEIGHT="28" WC="0.95" CONTENT="förordning,"/><SP WIDTH="11" VPOS="1298" HPOS="609"/>
							<String ID="string_272" HPOS="620" VPOS="1297" WIDTH="159" HEIGHT="22" WC="0.96" CONTENT="innefattande"/><SP WIDTH="10" VPOS="1297" HPOS="779"/>
							<String ID="string_273" HPOS="789" VPOS="1296" WIDTH="64" HEIGHT="22" WC="0.93" CONTENT="vissa"/><SP WIDTH="10" VPOS="1296" HPOS="853"/>
							<String ID="string_274" HPOS="863" VPOS="1296" WIDTH="98" HEIGHT="22" WC="0.84" CONTENT="bestäm-"/>
						</TextLine>
						<TextLine ID="line_34" HPOS="205" VPOS="1332" WIDTH="755" HEIGHT="30">
							<String ID="string_275" HPOS="205" VPOS="1334" WIDTH="84" HEIGHT="28" WC="0.91" CONTENT="ningar"/><SP WIDTH="22" VPOS="1334" HPOS="289"/>
							<String ID="string_276" HPOS="311" VPOS="1334" WIDTH="95" HEIGHT="21" WC="0.91" CONTENT="rörande"/><SP WIDTH="16" VPOS="1334" HPOS="406"/>
							<String ID="string_277" HPOS="422" VPOS="1334" WIDTH="137" HEIGHT="28" WC="0.92" CONTENT="uppgäende"/><SP WIDTH="17" VPOS="1334" HPOS="559"/>
							<String ID="string_278" HPOS="576" VPOS="1333" WIDTH="23" HEIGHT="21" WC="0.96" CONTENT="af"/><SP WIDTH="15" VPOS="1333" HPOS="599"/>
							<String ID="string_279" HPOS="614" VPOS="1336" WIDTH="25" HEIGHT="18" WC="0.96" CONTENT="rä"/><SP WIDTH="15" VPOS="1336" HPOS="639"/>
							<String ID="string_280" HPOS="654" VPOS="1333" WIDTH="8" HEIGHT="21" WC="0.95" CONTENT="i"/><SP WIDTH="16" VPOS="1333" HPOS="662"/>
							<String ID="string_281" HPOS="678" VPOS="1333" WIDTH="137" HEIGHT="27" WC="0.96" CONTENT="vattendrag"/><SP WIDTH="16" VPOS="1333" HPOS="815"/>
							<String ID="string_282" HPOS="831" VPOS="1332" WIDTH="43" HEIGHT="22" WC="0.92" CONTENT="och"/><SP WIDTH="16" VPOS="1332" HPOS="874"/>
							<String ID="string_283" HPOS="890" VPOS="1332" WIDTH="70" HEIGHT="22" WC="0.92" CONTENT="skifte"/>
						</TextLine>
						<TextLine ID="line_35" HPOS="206" VPOS="1369" WIDTH="191" HEIGHT="26">
							<String ID="string_284" HPOS="206" VPOS="1369" WIDTH="23" HEIGHT="21" WC="0.93" CONTENT="af"/><SP WIDTH="15" VPOS="1369" HPOS="229"/>
							<String ID="string_285" HPOS="244" VPOS="1369" WIDTH="153" HEIGHT="26" WC="0.88" CONTENT="fiskevatten;"/>
						</TextLine>
					</TextBlock>
					<TextBlock ID="block_6" HPOS="283" VPOS="1411" WIDTH="418" HEIGHT="19">
						<TextLine ID="line_36" HPOS="283" VPOS="1411" WIDTH="418" HEIGHT="19">
							<String ID="string_286" HPOS="283" VPOS="1412" WIDTH="210" HEIGHT="18" WC="0.92" CONTENT="Vattenrättsutskottets"/><SP WIDTH="12" VPOS="1412" HPOS="493"/>
							<String ID="string_287" HPOS="505" VPOS="1411" WIDTH="117" HEIGHT="18" WC="0.91" CONTENT="betänkande"/><SP WIDTH="12" VPOS="1411" HPOS="622"/>
							<String ID="string_288" HPOS="634" VPOS="1411" WIDTH="39" HEIGHT="19" WC="0.94" CONTENT="N:o"/><SP WIDTH="12" VPOS="1411" HPOS="673"/>
							<String ID="string_289" HPOS="685" VPOS="1411" WIDTH="16" HEIGHT="18" WC="0.96" CONTENT="1."/>
						</TextLine>
					</TextBlock>
				</ComposedBlock>
			</PrintSpace>
		</Page>
	</Layout>
</alto>
