1048 1631
324 91 28 22 U.
369 91 26 22 B.
412 104 27 3 —
456 91 73 28 Prop.
546 91 41 22 N:o
603 91 13 22 1
783 94 26 19 97

89 164 52 21 gen,
166 159 24 19 sä
213 157 76 28 åsyfta
310 157 60 21 dock
389 156 28 22 de
433 156 190 29 lagstadganden,
640 164 48 15 som
705 157 72 22 sådan
793 158 49 21 sak-

89 193 90 28 kunnig
200 193 71 28 jemte
293 193 136 21 biträdande
445 193 60 28 gode
521 197 53 17 män
590 193 36 21 för
641 193 142 22 närvarande
799 201 42 21 ega

89 228 41 22 vid
154 236 73 21 synen
248 229 67 21 ställa
331 229 36 28 sig
383 228 35 21 till
433 229 159 25 efterrättelse,
609 236 63 14 mera
685 229 117 21 vinnande
819 229 23 21 af

89 264 124 29 utredning
237 272 37 14 om
297 264 116 22 huruvida
434 265 138 21 vattenverk
594 265 47 20 kan
661 264 41 22 vid
724 265 45 21 den
785 265 56 22 före-

90 300 80 28 slagna
194 300 222 29 strömfallsplatsen,
441 300 52 21 med
515 300 46 21 den
585 302 45 19 rätt
652 307 48 14 som
724 301 118 21 sökanden

91 335 78 22 dertill
189 335 102 27 innehar,
308 335 109 29 anläggas
432 338 56 19 utan
503 338 35 19 att
553 336 74 21 öfver-
643 336 54 21 eller
712 336 130 29 underbyg-

90 379 54 20 gare
161 372 65 21 deraf
241 372 78 21 kunde
335 371 8 22 i
358 373 72 27 nägot
445 371 109 22 afseende
569 371 48 22 lida
632 379 59 18 men,
708 376 28 17 än
747 372 94 28 egentli-

90 415 46 20 gen
160 407 153 22 besvarandet
335 407 23 21 af
373 407 81 28 frågan
470 415 37 13 om
524 407 137 21 strömfallet
676 407 45 22 kan
737 408 105 28 delegare

90 443 98 22 emellan
212 443 87 21 skiftas.
331 443 12 21 I
365 443 74 21 denna
455 442 103 29 riktning
573 443 88 28 fortgär
677 443 68 22 ocksä
761 444 81 21 sädant

91 479 95 22 ärendes
210 479 79 22 vidare
304 479 173 28 handläggning
493 479 52 21 icke
562 479 96 21 allenast
673 479 42 22 hos
731 483 111 25 guvernö-

90 523 42 14 ren
147 515 9 22 i
172 515 102 28 enlighet
289 515 53 21 med
357 514 174 22 föreskrifterna
546 514 8 21 i
571 517 28 19 30
616 515 43 21 och
675 517 26 19 31
719 515 27 29 88
761 515 8 22 i
785 517 56 20 1868

91 553 37 20 års
144 551 142 28 förordning,
303 553 56 19 utan
374 551 69 21 äfven
458 550 41 22 vid
515 551 101 21 domstol
631 551 36 21 för
677 551 45 21 den
732 551 110 22 händelse

93 590 34 18 att
149 587 94 22 ärendet
261 586 93 29 jemlikt
369 587 152 21 nästnämnda
536 587 108 28 paragraf
659 587 24 21 af
697 591 145 24 guvernören

91 623 98 22 förvisas
206 623 33 22 dit
254 625 75 20 säsom
345 622 97 29 tvistigt.

163 659 55 21 Men
237 659 72 21 varda
330 659 28 20 de
374 658 172 29 bestämningar
562 665 37 14 om
616 658 93 29 delning
725 659 23 21 af
764 661 79 19 ström-

92 695 41 21 fall
149 695 43 21 och
208 702 158 21 noggrannare
382 694 101 29 grunder
498 694 84 26 derför,
598 694 79 21 hvilka
692 694 127 22 innehällas
835 695 8 21 i

92 731 169 21 ofvanberörda
278 733 11 19 1
306 737 67 14 mom.
393 731 27 20 14
435 730 14 29 &
464 730 8 21 i
488 730 112 29 förslaget
615 730 34 21 till
661 730 134 29 förordning
805 738 38 14 om

92 767 70 21 bland
186 769 69 19 annat
279 767 69 21 skifte
368 767 24 20 af
412 767 173 21 vattenområde
602 767 42 20 och
660 766 8 21 i
685 769 25 19 11
727 767 14 28 &
757 767 23 20 af
795 769 48 19 vat

92 802 257 29 tenrättslagförslagets
374 804 10 19 1
409 802 59 29 kap.,
493 802 122 21 faststälda
636 804 74 19 säsom
725 802 44 29 lag,
786 802 57 22 före-

92 838 74 29 ligger
181 838 111 22 behofvet
307 838 24 21 af
346 838 173 29 lagstadgande,
537 845 49 14 som
602 838 97 26 anvisar,
716 839 58 20 huru
790 839 53 20 med

92 874 129 29 ansökning
237 882 38 14 om
291 874 44 21 slik
351 873 221 29 strömfallsdelning
588 874 58 21 skall
661 874 101 21 förfaras.

163 910 80 28 Enligt
267 910 62 21 detta
353 910 126 28 stadgande
504 917 54 21 eger
578 913 144 25 guvernören
737 910 53 21 med
806 917 37 14 an-

92 945 96 29 ledning
213 946 23 21 af
259 945 133 22 inkommen
411 946 102 21 ansökan
529 953 38 14 om
583 945 94 29 delning
692 945 24 22 af
731 946 113 21 strömfall

92 981 111 22 förordna
219 982 44 21 den
279 981 143 29 myndighet,
439 989 48 14 som
503 981 43 22 har
562 981 110 28 tillsynen
682 981 65 22 öfver
757 984 86 19 vatten-

94 1017 86 28 draget,
197 1017 54 21 eller
267 1017 95 26 således,
379 1019 30 26 pä
424 1020 45 18 sätt
484 1017 209 28 vidhandengifves
709 1017 8 21 i
735 1019 10 19 1
762 1017 31 29 $i
805 1017 40 22 det

93 1053 35 21 till
153 1053 138 21 Ständernas
313 1053 118 21 utlätande
445 1052 87 29 jemväl
549 1053 169 22 öfverlemnade
735 1053 110 28 förslaget

93 1089 36 21 till
146 1089 134 28 förordning
296 1089 118 28 angäende
430 1089 62 21 hvad
505 1089 41 21 vid
557 1089 175 28 tillämpningen
743 1089 24 21 af
776 1089 69 28 lagen

95 1132 39 14 om
157 1126 154 20 vattenrätten
333 1125 58 20 skall
406 1124 122 29 iakttagas,
544 1125 172 21 vederbörande
732 1125 112 21 distrikts-

92 1160 108 29 ingeniör
222 1163 34 19 att
278 1161 124 21 verkställa
422 1161 174 28 undersökning
612 1161 24 21 af
651 1161 135 21 strömfallet
802 1161 43 21 och

94 1200 104 24 uppgöra
221 1196 86 29 förslag
325 1196 37 22 till
377 1196 101 28 delning,
496 1196 78 22 sävidt
589 1196 73 22 sädan
676 1196 75 22 finnes
766 1196 79 22 kunna

94 1232 46 21 ske.
172 1232 77 22 Sedan
272 1232 45 22 den
340 1232 148 28 erforderliga
509 1232 108 21 tekniska
637 1232 152 28 utredningen
807 1240 38 14 an-

93 1268 89 28 gäende
197 1268 173 22 utförbarheten
386 1268 23 21 af
420 1268 44 21 den
475 1268 129 21 ästundade
616 1268 122 28 delningen
749 1268 96 21 sälunda

93 1304 102 26 vunnits,
219 1304 58 22 skall
298 1308 144 24 guvernören
466 1304 66 21 öfver
548 1304 158 28 ansökningen
721 1304 55 21 höra
793 1304 52 21 dem

93 1347 50 14 som
158 1342 64 19 utom
241 1340 118 22 sökanden
374 1340 71 21 hafva
461 1340 37 21 del
514 1340 8 21 i
539 1340 136 21 strömfallet
691 1342 64 23 samt,
769 1340 77 20 derest

93 1377 78 27 nägon
188 1376 23 21 af
227 1376 52 21 dem
295 1378 116 26 motsäger
426 1376 126 28 delningen
564 1376 56 21 eller
630 1375 81 21 hinder
722 1375 67 29 eljest
799 1378 46 18 mö-

170 1418 211 18 Vattenrättsutskottets
393 1418 117 18 betänkande
523 1418 38 18 N:o
574 1418 15 18 1.
763 1418 10 16 7
