1048 1631
342 92 30 22 U.
388 92 27 23 B.
431 105 30 3 —
477 92 74 29 Prop.
567 92 46 24 N:o
629 93 13 23 1
807 95 28 20 27

184 158 101 22 Sålunda
305 158 111 29 upplåten
435 159 65 21 mark
515 159 40 22 mä
570 160 67 22 likväl
652 160 20 27 ej
687 161 25 20 sä
728 158 89 27 häfdas,
833 162 34 20 att

111 196 51 22 dess
176 196 114 27 växtkraft
305 197 134 26 väsentligen
454 196 102 22 minskas
569 197 51 21 eller
630 196 157 28 utdikningens
797 197 68 21 ända-

111 231 48 23 mål
172 232 99 27 förfelas.

182 267 13 21 I
216 266 153 22 förhållandet
391 267 84 21 mellan
492 265 76 23 skilda
584 267 63 21 delar
664 267 23 21 af
701 267 166 22 vattendränkt

112 303 70 26 mark,
199 309 49 15 som
264 302 99 27 utdikas,
380 310 55 21 eger
451 305 12 20 8
480 303 13 29 &
509 303 51 21 icke
576 303 153 28 tillämpning.

458 377 27 19 12
501 375 20 28 8.

182 422 54 21 Kan
253 421 125 29 utdikning
398 421 23 22 af
440 422 164 21 vattendränkt
619 422 64 21 mark
698 422 91 22 befaras
804 422 61 22 välla

112 457 187 29 öfversvämning
315 457 56 22 eller
386 457 67 29 eljest
468 457 146 29 betydligare
630 457 97 30 höjning
743 458 23 21 af
776 460 88 20 vatten-

111 493 92 22 ständet
217 493 9 22 i
241 493 144 28 vattendrag,
402 493 55 22 eller
473 496 24 19 är
511 493 37 22 för
558 493 133 22 densamma
702 494 97 29 ändring
810 493 55 22 eller

111 529 112 29 utrifning
240 529 23 22 af
279 529 136 22 vattenverk
434 529 24 22 af
473 529 84 26 nöden,
574 529 59 22 skall
648 529 104 22 tillständ
762 530 35 21 till
807 530 58 21 före-

112 567 64 26 taget
190 565 108 22 utverkas
315 567 59 19 samt
384 565 146 21 beträffande
541 565 106 22 vilkoren
657 565 76 22 derför
743 565 120 29 iakttagas,

110 601 63 29 hvad
188 601 9 22 i
212 601 64 28 fräga
293 608 37 14 om
346 601 182 28 strömrensning
542 601 36 21 för
589 601 120 22 enahanda
720 601 40 22 fall
771 601 93 28 stadgas

110 637 8 21 i
134 638 14 20 4
164 637 101 28 kapitlet.

182 672 98 29 Deltaga
299 672 9 21 i
329 673 164 21 vattendränkt
510 673 78 21 marks
608 673 123 28 utdikning
749 675 40 20 två
809 673 56 21 eller

110 708 64 27 flere,
193 708 67 22 lände
281 708 111 22 likaledes
413 711 14 20 4
445 709 52 28 kap.
519 711 26 19 11
566 709 44 22 och
631 711 26 19 12
673 709 29 29 8$
718 711 65 24 samt,
799 708 9 22 i
823 708 42 22 fall

110 751 50 15 som
176 744 70 22 ofvan
261 744 8 22 i
286 747 11 18 1
314 752 68 14 mom.
399 747 83 24 nämts,
496 744 89 29 jomväl
602 747 28 20 10
645 745 15 29 &
675 745 24 22 af
715 745 71 28 sagda
801 744 62 29 kapi-

110 780 31 21 tel
156 780 8 21 i
180 780 135 29 tillämpliga
332 780 63 22 delar
410 781 35 21 till
461 781 158 22 efterrättelse.

184 1418 210 19 Vattenrättsutskottets
407 1418 119 19 betänkande
539 1418 37 20 N:o
590 1419 16 18 1.
