1048 1631
212 90 26 21 14
449 90 30 23 U.
496 92 27 21 B.
539 104 27 3 —
582 91 74 29 Prop.
670 91 41 23 N:o
727 91 18 22 7.

209 158 57 29 såge
281 158 136 29 täigstenen
430 166 47 23 ega
491 159 118 23 företräde
622 160 10 22 i
652 160 159 29 konsinärmigi
832 159 137 29 hänseende,

210 200 53 14 men
279 195 35 20 att
328 193 47 22 han
391 193 51 22 icke
457 194 58 29 egde
529 194 132 22 kännedom
672 194 143 22 beträffande
826 194 143 22 densammas

209 227 140 23 hällbarhet.

279 265 55 22 Med
353 265 127 30 anledning
498 265 67 22 häraf
582 266 44 22 har
644 266 122 22 Utskottet
784 268 77 20 ansett
873 265 36 29 sig
918 266 51 21 icke

210 307 32 14 nu
268 299 57 23 böra
348 300 129 22 framställa
500 301 74 28 nägot
596 301 89 29 förslag
703 301 38 22 till
759 300 118 23 definitivt
893 300 76 21 beslut

210 334 121 28 angående
358 335 40 21 det
424 335 112 28 material,
564 335 67 22 hvari
652 335 186 29 gafvelgruppen
857 334 60 22 skall
934 336 35 20 ut-

209 368 68 22 föras.
313 369 79 29 Nödig
416 369 128 29 utredning
568 369 121 30 angående
707 369 146 29 tälgstenens
871 369 98 21 hällbar-

208 403 47 27 het,
284 403 43 22 och
354 403 52 22 dess
432 403 140 30 lämplighet
594 405 8 21 i
624 405 72 28 öfrigt
713 405 36 20 för
767 403 138 28 ändamälet,
928 403 41 22 bör

208 439 59 20 utan
285 438 84 21 tvifvel
387 438 80 21 kunna
485 438 90 29 vinnas,
595 447 37 14 om
650 439 44 21 ock
706 439 123 21 Utskottet
841 438 20 29 ej
875 445 94 14 numera

209 471 86 22 hinner
312 472 138 23 införskaffa
468 473 140 22 densamma.
644 473 55 22 Men
717 473 64 22 valet
798 472 85 23 mellan
899 472 70 22 brons

209 506 43 21 och
280 506 103 29 tälgsten
409 507 72 22 borde
509 508 20 28 ej
554 508 81 21 träffas
659 508 73 21 innan
753 507 72 22 sådan
843 507 126 28 utredning

209 541 164 28 ävägabragts.
408 541 147 29 Afgörandet
573 542 75 21 skulle
666 541 129 23 emellertid
813 541 69 22 altför
900 541 68 29 länge

208 575 123 29 fördröjas,
350 575 78 22 därest
447 576 39 21 det
504 576 119 22 lämnades
637 576 114 22 beroende
764 576 37 21 till
813 577 68 20 nästa
893 575 75 22 landt-

209 609 52 29 dag.
298 610 55 21 Med
377 610 107 21 afseende
506 610 62 29 härä,
588 611 44 22 och
650 611 30 22 dä
699 611 39 21 det
756 611 51 21 icke
825 617 69 22 synes
912 617 56 14 vara

208 644 148 29 nödvändigt
383 647 35 19 att
445 645 132 22 Ständerna
604 645 130 22 förbehälla
761 645 36 28 sig
825 647 35 19 att
886 644 82 29 själfva

208 678 144 23 härutinnan
371 679 98 28 besluta,
487 679 85 28 kunde,
592 681 74 28 enligt
683 679 134 22 Utskottets
835 679 79 27 tanke,
931 679 37 21 det

209 713 123 22 definitiva
349 714 64 21 valet
435 714 85 21 mellan
540 714 27 21 de
585 714 179 29 ifrägavarande
783 714 80 29 slagen
881 713 24 22 af
922 721 46 14 ma-

208 747 69 22 terial
304 748 37 21 för
372 748 152 22 konstverket
544 749 154 22 öfverlämnas
723 749 24 20 ät
770 748 45 22 den
832 748 36 21 för
885 748 82 28 frågan

209 790 37 14 om
264 782 186 29 gaivelgruppen
469 783 152 22 härförinnan
638 783 100 22 utsedda
755 782 156 29 Bestyrelsen,
924 782 43 22 för-

209 817 77 22 stärkt
313 817 52 21 med
390 820 35 19 ett
449 817 64 22 antal
531 818 115 27 fackmän,
664 817 135 29 förslagsvis
817 825 40 13 sex
875 817 38 21 till
929 824 38 14 an-

208 851 65 28 talet,
293 852 101 21 förutom
412 854 87 19 tvänne
517 853 151 28 suppleanter
685 853 36 21 för
739 851 58 22 dem.
829 851 48 22 Vid
895 851 72 22 öfver-

208 886 108 28 vägande
339 886 23 21 af
384 886 27 21 de
430 886 63 21 olika
511 887 181 28 förfaringssätt,
711 894 50 14 som
778 885 79 22 kunde
875 885 92 22 komma

208 920 8 21 i
234 920 68 29 fräga
328 920 36 22 för
388 921 111 22 utseende
517 922 23 21 af
559 921 28 22 de
605 929 116 21 personer,
741 920 80 22 hvilka
840 920 66 21 skola
924 920 43 22 för-

208 955 80 22 stärka
306 955 86 22 nämda
409 955 140 29 Bestyrelse,
567 955 43 22 har
627 955 124 22 Utskottet
763 957 95 19 stannat
869 954 41 22 vid
923 954 44 22 den

207 989 63 28 äsigt
289 991 35 20 att
342 989 187 29 Statsutskottet,
547 990 53 22 med
618 990 107 22 afseende
744 990 13 21 å
770 989 52 22 dess
834 989 133 28 befattning

206 1023 54 22 med
288 1024 78 28 frägor
391 1024 99 22 rörande
511 1025 170 28 ständerhuset,
699 1024 117 22 mähända
834 1023 133 29 lämpligast

206 1058 80 22 kunde
305 1058 116 22 ombetros
439 1059 53 22 med
511 1059 64 22 detta
593 1059 45 22 val.

277 1093 38 21 En
332 1093 119 22 minoritet
469 1094 8 21 i
495 1094 123 22 Utskottet
635 1093 43 22 har
697 1093 108 22 omfattat
818 1092 45 22 den
876 1093 90 28 äsigten

206 1129 36 19 att
270 1127 151 23 omförmälda
449 1128 125 22 alternativ
601 1129 21 29 ej
650 1127 72 23 borde
747 1128 92 22 komma
861 1127 9 21 i
894 1127 72 29 fråga,

206 1164 59 19 utan
289 1162 164 22 kontsverkets
477 1163 123 22 utförande
627 1164 8 20 i
663 1162 76 28 brons,
763 1162 30 29 pä
817 1164 46 20 sätt
885 1163 81 27 Besty-

206 1196 77 22 relsen
301 1196 128 29 föreslagit,
448 1197 142 23 omedelbart
608 1198 109 21 beslutas.

275 1231 36 21 På
329 1231 28 22 de
375 1232 8 21 i
401 1231 40 22 det
459 1232 141 29 föregående
619 1232 97 22 anförda
733 1231 51 21 skäl
797 1230 35 22 får
845 1231 121 22 Utskottet

206 1265 121 22 vördsamt
345 1266 84 22 föreslå
448 1268 35 20 att
501 1266 132 22 Ständerna
652 1266 55 22 ville
726 1266 97 26 besluta,

483 1334 32 18 att
522 1332 175 28 gafvelgruppen
707 1332 36 27 för
752 1332 152 20 ständerhuset
911 1332 54 20 skall

414 1366 87 28 utföras
519 1366 107 28 antingen
645 1367 10 20 i
670 1366 65 22 brons
750 1366 52 21 eller
816 1366 9 21 i
837 1366 59 27 finsk
914 1366 51 28 tälg-

413 1406 60 20 sten;

276 1446 147 18 Statsutskottets
435 1446 111 18 betänkande
557 1446 39 18 N:o
607 1447 26 17 11.
