<?xml version="1.0" encoding="UTF-8"?>
<alto xmlns="http://www.loc.gov/standards/alto/ns-v3#" xmlns:xlink="http://www.w3.org/1999/xlink" xmlns:xsi="http://www.w3.org/2001/XMLSchema-instance" xsi:schemaLocation="http://www.loc.gov/standards/alto/ns-v3# http://www.loc.gov/alto/v3/alto-3-0.xsd">
	<Description>
		<MeasurementUnit>pixel</MeasurementUnit>
		<sourceImageInformation>
			<fileName>/tmp/tess_5a1rwoh7_input.PNG</fileName>
		</sourceImageInformation>
		<OCRProcessing ID="OCR_0">
			<ocrProcessingStep>
				<processingSoftware>
					<softwareName>tesseract 5.3.4</softwareName>
				</processingSoftware>
			</ocrProcessingStep>
		</OCRProcessing>
	</Description>
	<Layout>
		<Page WIDTH="1048" HEIGHT="1631" PHYSICAL_IMG_NR="0" ID="page_0">
			<PrintSpace HPOS="0" VPOS="0" WIDTH="1048" HEIGHT="1631">
				<ComposedBlock ID="cblock_0" HPOS="409" VPOS="97" WIDTH="122" HEIGHT="23">
					<TextBlock ID="block_0" HPOS="409" VPOS="97" WIDTH="122" HEIGHT="23">
						<TextLine ID="line_0" HPOS="409" VPOS="97" WIDTH="122" HEIGHT="23">
							<String ID="string_0" HPOS="409" VPOS="98" WIDTH="53" HEIGHT="22" WC="0.95" CONTENT="N:o"/><SP WIDTH="17" VPOS="98" HPOS="462"/>
							<String ID="string_1" HPOS="479" VPOS="97" WIDTH="52" HEIGHT="22" WC="0.91" CONTENT="14."/>
						</TextLine>
					</TextBlock>
				</ComposedBlock>
				<ComposedBlock ID="cblock_1" HPOS="229" VPOS="383" WIDTH="624" HEIGHT="126">
					<TextBlock ID="block_1" HPOS="229" VPOS="383" WIDTH="624" HEIGHT="126">
						<TextLine ID="line_1" HPOS="298" VPOS="383" WIDTH="554" HEIGHT="36">
							<String ID="string_2" HPOS="298" VPOS="386" WIDTH="71" HEIGHT="25" WC="0.93" CONTENT="Hans"/><SP WIDTH="23" VPOS="386" HPOS="369"/>
							<String ID="string_3" HPOS="392" VPOS="385" WIDTH="168" HEIGHT="34" WC="0.91" CONTENT="iKejserliga"/><SP WIDTH="31" VPOS="385" HPOS="560"/>
							<String ID="string_4" HPOS="591" VPOS="385" WIDTH="152" HEIGHT="31" WC="0.96" CONTENT="Majestäts"/><SP WIDTH="28" VPOS="385" HPOS="743"/>
							<String ID="string_5" HPOS="771" VPOS="383" WIDTH="81" HEIGHT="32" WC="0.95" CONTENT="nådiga"/>
						</TextLine>
						<TextLine ID="line_2" HPOS="229" VPOS="429" WIDTH="624" HEIGHT="35">
							<String ID="string_6" HPOS="229" VPOS="432" WIDTH="139" HEIGHT="32" WC="0.95" CONTENT="proposition"/><SP WIDTH="35" VPOS="432" HPOS="368"/>
							<String ID="string_7" HPOS="403" VPOS="431" WIDTH="33" HEIGHT="25" WC="0.19" CONTENT="till"/><SP WIDTH="33" VPOS="431" HPOS="436"/>
							<String ID="string_8" HPOS="469" VPOS="431" WIDTH="103" HEIGHT="25" WC="0.93" CONTENT="Finlands"/><SP WIDTH="31" VPOS="431" HPOS="572"/>
							<String ID="string_9" HPOS="603" VPOS="431" WIDTH="102" HEIGHT="31" WC="0.91" CONTENT="Ständer,"/><SP WIDTH="32" VPOS="431" HPOS="705"/>
							<String ID="string_10" HPOS="737" VPOS="429" WIDTH="116" HEIGHT="32" WC="0.96" CONTENT="angående"/>
						</TextLine>
						<TextLine ID="line_3" HPOS="229" VPOS="477" WIDTH="624" HEIGHT="32">
							<String ID="string_11" HPOS="229" VPOS="477" WIDTH="277" HEIGHT="32" WC="0.25" CONTENT="rättegängsfulimäktige"/><SP WIDTH="20" VPOS="477" HPOS="506"/>
							<String ID="string_12" HPOS="526" VPOS="477" WIDTH="39" HEIGHT="24" WC="0.93" CONTENT="och"/><SP WIDTH="20" VPOS="477" HPOS="565"/>
							<String ID="string_13" HPOS="585" VPOS="477" WIDTH="268" HEIGHT="30" WC="0.49" CONTENT="sakförareföreningar."/>
						</TextLine>
					</TextBlock>
				</ComposedBlock>
				<ComposedBlock ID="cblock_2" HPOS="90" VPOS="543" WIDTH="769" HEIGHT="891">
					<TextBlock ID="block_2" HPOS="90" VPOS="543" WIDTH="765" HEIGHT="338">
						<TextLine ID="line_4" HPOS="161" VPOS="543" WIDTH="693" HEIGHT="28">
							<String ID="string_14" HPOS="161" VPOS="545" WIDTH="72" HEIGHT="22" WC="0.96" CONTENT="Sedan"/><SP WIDTH="8" VPOS="545" HPOS="233"/>
							<String ID="string_15" HPOS="241" VPOS="545" WIDTH="104" HEIGHT="22" WC="0.96" CONTENT="Finlands"/><SP WIDTH="8" VPOS="545" HPOS="345"/>
							<String ID="string_16" HPOS="353" VPOS="545" WIDTH="36" HEIGHT="21" WC="0.96" CONTENT="vid"/><SP WIDTH="10" VPOS="545" HPOS="389"/>
							<String ID="string_17" HPOS="399" VPOS="545" WIDTH="53" HEIGHT="21" WC="0.93" CONTENT="1897"/><SP WIDTH="11" VPOS="545" HPOS="452"/>
							<String ID="string_18" HPOS="463" VPOS="545" WIDTH="36" HEIGHT="21" WC="0.92" CONTENT="års"/><SP WIDTH="9" VPOS="545" HPOS="499"/>
							<String ID="string_19" HPOS="508" VPOS="545" WIDTH="104" HEIGHT="26" WC="0.93" CONTENT="landtdag"/><SP WIDTH="9" VPOS="545" HPOS="612"/>
							<String ID="string_20" HPOS="621" VPOS="544" WIDTH="130" HEIGHT="22" WC="0.93" CONTENT="församlade"/><SP WIDTH="9" VPOS="544" HPOS="751"/>
							<String ID="string_21" HPOS="760" VPOS="543" WIDTH="94" HEIGHT="22" WC="0.92" CONTENT="Ständer"/>
						</TextLine>
						<TextLine ID="line_5" HPOS="90" VPOS="578" WIDTH="763" HEIGHT="30">
							<String ID="string_22" HPOS="90" VPOS="581" WIDTH="8" HEIGHT="21" WC="0.92" CONTENT="i"/><SP WIDTH="9" VPOS="581" HPOS="98"/>
							<String ID="string_23" HPOS="107" VPOS="580" WIDTH="87" HEIGHT="28" WC="0.81" CONTENT="afgifvet"/><SP WIDTH="10" VPOS="580" HPOS="194"/>
							<String ID="string_24" HPOS="204" VPOS="586" WIDTH="50" HEIGHT="15" WC="0.96" CONTENT="svar"/><SP WIDTH="10" VPOS="586" HPOS="254"/>
							<String ID="string_25" HPOS="264" VPOS="581" WIDTH="29" HEIGHT="26" WC="0.96" CONTENT="pä"/><SP WIDTH="10" VPOS="581" HPOS="293"/>
							<String ID="string_26" HPOS="303" VPOS="579" WIDTH="62" HEIGHT="22" WC="0.93" CONTENT="Hans"/><SP WIDTH="11" VPOS="579" HPOS="365"/>
							<String ID="string_27" HPOS="376" VPOS="579" WIDTH="119" HEIGHT="28" WC="0.96" CONTENT="Kejserliga"/><SP WIDTH="11" VPOS="579" HPOS="495"/>
							<String ID="string_28" HPOS="506" VPOS="579" WIDTH="114" HEIGHT="27" WC="0.96" CONTENT="Majestäts"/><SP WIDTH="11" VPOS="579" HPOS="620"/>
							<String ID="string_29" HPOS="631" VPOS="579" WIDTH="78" HEIGHT="27" WC="0.96" CONTENT="nådiga"/><SP WIDTH="9" VPOS="579" HPOS="709"/>
							<String ID="string_30" HPOS="718" VPOS="578" WIDTH="135" HEIGHT="28" WC="0.96" CONTENT="proposition"/>
						</TextLine>
						<TextLine ID="line_6" HPOS="94" VPOS="613" WIDTH="760" HEIGHT="29">
							<String ID="string_31" HPOS="94" VPOS="615" WIDTH="112" HEIGHT="27" WC="0.91" CONTENT="angäende"/><SP WIDTH="15" VPOS="615" HPOS="206"/>
							<String ID="string_32" HPOS="221" VPOS="614" WIDTH="209" HEIGHT="27" WC="0.92" CONTENT="rättegängsombud"/><SP WIDTH="15" VPOS="614" HPOS="430"/>
							<String ID="string_33" HPOS="445" VPOS="613" WIDTH="40" HEIGHT="22" WC="0.93" CONTENT="och"/><SP WIDTH="16" VPOS="613" HPOS="485"/>
							<String ID="string_34" HPOS="501" VPOS="613" WIDTH="236" HEIGHT="27" WC="0.92" CONTENT="sakförareföreningar"/><SP WIDTH="15" VPOS="613" HPOS="737"/>
							<String ID="string_35" HPOS="752" VPOS="613" WIDTH="7" HEIGHT="21" WC="0.93" CONTENT="i"/><SP WIDTH="16" VPOS="613" HPOS="759"/>
							<String ID="string_36" HPOS="775" VPOS="613" WIDTH="79" HEIGHT="21" WC="0.93" CONTENT="under-"/>
						</TextLine>
						<TextLine ID="line_7" HPOS="94" VPOS="647" WIDTH="759" HEIGHT="30">
							<String ID="string_37" HPOS="94" VPOS="649" WIDTH="103" HEIGHT="28" WC="0.90" CONTENT="dänighet"/><SP WIDTH="23" VPOS="649" HPOS="197"/>
							<String ID="string_38" HPOS="220" VPOS="649" WIDTH="82" HEIGHT="21" WC="0.90" CONTENT="anmält"/><SP WIDTH="23" VPOS="649" HPOS="302"/>
							<String ID="string_39" HPOS="325" VPOS="650" WIDTH="34" HEIGHT="20" WC="0.96" CONTENT="att"/><SP WIDTH="15" VPOS="650" HPOS="359"/>
							<String ID="string_40" HPOS="374" VPOS="649" WIDTH="35" HEIGHT="20" WC="0.96" CONTENT="vid"/><SP WIDTH="15" VPOS="649" HPOS="409"/>
							<String ID="string_41" HPOS="424" VPOS="648" WIDTH="158" HEIGHT="27" WC="0.96" CONTENT="behandlingen"/><SP WIDTH="17" VPOS="648" HPOS="582"/>
							<String ID="string_42" HPOS="599" VPOS="647" WIDTH="23" HEIGHT="21" WC="0.93" CONTENT="af"/><SP WIDTH="13" VPOS="647" HPOS="622"/>
							<String ID="string_43" HPOS="635" VPOS="648" WIDTH="67" HEIGHT="27" WC="0.92" CONTENT="sagda"/><SP WIDTH="15" VPOS="648" HPOS="702"/>
							<String ID="string_44" HPOS="717" VPOS="647" WIDTH="136" HEIGHT="28" WC="0.96" CONTENT="proposition"/>
						</TextLine>
						<TextLine ID="line_8" HPOS="92" VPOS="681" WIDTH="761" HEIGHT="29">
							<String ID="string_45" HPOS="92" VPOS="684" WIDTH="68" HEIGHT="22" WC="0.92" CONTENT="sädan"/><SP WIDTH="16" VPOS="684" HPOS="160"/>
							<String ID="string_46" HPOS="176" VPOS="683" WIDTH="191" HEIGHT="27" WC="0.91" CONTENT="samstämmighet,"/><SP WIDTH="16" VPOS="683" HPOS="367"/>
							<String ID="string_47" HPOS="383" VPOS="689" WIDTH="46" HEIGHT="16" WC="0.96" CONTENT="som"/><SP WIDTH="16" VPOS="689" HPOS="429"/>
							<String ID="string_48" HPOS="445" VPOS="683" WIDTH="34" HEIGHT="21" WC="0.93" CONTENT="för"/><SP WIDTH="14" VPOS="683" HPOS="479"/>
							<String ID="string_49" HPOS="493" VPOS="683" WIDTH="104" HEIGHT="26" WC="0.91" CONTENT="lagenligt"/><SP WIDTH="15" VPOS="683" HPOS="597"/>
							<String ID="string_50" HPOS="612" VPOS="682" WIDTH="161" HEIGHT="22" WC="0.92" CONTENT="ständerbeslut"/><SP WIDTH="14" VPOS="682" HPOS="773"/>
							<String ID="string_51" HPOS="787" VPOS="681" WIDTH="8" HEIGHT="21" WC="0.93" CONTENT="i"/><SP WIDTH="14" VPOS="681" HPOS="795"/>
							<String ID="string_52" HPOS="809" VPOS="681" WIDTH="44" HEIGHT="21" WC="0.93" CONTENT="frä-"/>
						</TextLine>
						<TextLine ID="line_9" HPOS="92" VPOS="716" WIDTH="762" HEIGHT="29">
							<String ID="string_53" HPOS="92" VPOS="717" WIDTH="43" HEIGHT="28" WC="0.93" CONTENT="gan"/><SP WIDTH="15" VPOS="717" HPOS="135"/>
							<String ID="string_54" HPOS="150" VPOS="724" WIDTH="51" HEIGHT="15" WC="0.93" CONTENT="vore"/><SP WIDTH="16" VPOS="724" HPOS="201"/>
							<String ID="string_55" HPOS="217" VPOS="717" WIDTH="22" HEIGHT="22" WC="0.93" CONTENT="af"/><SP WIDTH="18" VPOS="717" HPOS="239"/>
							<String ID="string_56" HPOS="257" VPOS="717" WIDTH="78" HEIGHT="27" WC="0.92" CONTENT="nöden,"/><SP WIDTH="16" VPOS="717" HPOS="335"/>
							<String ID="string_57" HPOS="351" VPOS="717" WIDTH="46" HEIGHT="22" WC="0.92" CONTENT="icke"/><SP WIDTH="16" VPOS="717" HPOS="397"/>
							<String ID="string_58" HPOS="413" VPOS="718" WIDTH="84" HEIGHT="20" WC="0.93" CONTENT="kunnat"/><SP WIDTH="16" VPOS="718" HPOS="497"/>
							<String ID="string_59" HPOS="513" VPOS="717" WIDTH="70" HEIGHT="26" WC="0.92" CONTENT="ernäs,"/><SP WIDTH="16" VPOS="717" HPOS="583"/>
							<String ID="string_60" HPOS="599" VPOS="717" WIDTH="39" HEIGHT="21" WC="0.96" CONTENT="har"/><SP WIDTH="15" VPOS="717" HPOS="638"/>
							<String ID="string_61" HPOS="653" VPOS="716" WIDTH="61" HEIGHT="22" WC="0.93" CONTENT="Hans"/><SP WIDTH="16" VPOS="716" HPOS="714"/>
							<String ID="string_62" HPOS="730" VPOS="716" WIDTH="102" HEIGHT="27" WC="0.92" CONTENT="Majestät"/><SP WIDTH="15" VPOS="716" HPOS="832"/>
							<String ID="string_63" HPOS="847" VPOS="716" WIDTH="7" HEIGHT="20" WC="0.96" CONTENT="i"/>
						</TextLine>
						<TextLine ID="line_10" HPOS="92" VPOS="751" WIDTH="763" HEIGHT="28">
							<String ID="string_64" HPOS="92" VPOS="752" WIDTH="69" HEIGHT="22" WC="0.92" CONTENT="näder"/><SP WIDTH="21" VPOS="752" HPOS="161"/>
							<String ID="string_65" HPOS="182" VPOS="752" WIDTH="49" HEIGHT="21" WC="0.92" CONTENT="lätit"/><SP WIDTH="19" VPOS="752" HPOS="231"/>
							<String ID="string_66" HPOS="250" VPOS="752" WIDTH="75" HEIGHT="21" WC="0.93" CONTENT="vidare"/><SP WIDTH="16" VPOS="752" HPOS="325"/>
							<String ID="string_67" HPOS="341" VPOS="751" WIDTH="78" HEIGHT="28" WC="0.92" CONTENT="ätgärd"/><SP WIDTH="15" VPOS="751" HPOS="419"/>
							<String ID="string_68" HPOS="434" VPOS="751" WIDTH="7" HEIGHT="21" WC="0.93" CONTENT="i"/><SP WIDTH="16" VPOS="751" HPOS="441"/>
							<String ID="string_69" HPOS="457" VPOS="751" WIDTH="116" HEIGHT="27" WC="0.92" CONTENT="anledning"/><SP WIDTH="16" VPOS="751" HPOS="573"/>
							<String ID="string_70" HPOS="589" VPOS="751" WIDTH="22" HEIGHT="21" WC="0.93" CONTENT="af"/><SP WIDTH="14" VPOS="751" HPOS="611"/>
							<String ID="string_71" HPOS="625" VPOS="751" WIDTH="164" HEIGHT="27" WC="0.92" CONTENT="ifrägavarande"/><SP WIDTH="15" VPOS="751" HPOS="789"/>
							<String ID="string_72" HPOS="804" VPOS="757" WIDTH="51" HEIGHT="20" WC="0.90" CONTENT="pro-"/>
						</TextLine>
						<TextLine ID="line_11" HPOS="93" VPOS="785" WIDTH="762" HEIGHT="29">
							<String ID="string_73" HPOS="93" VPOS="786" WIDTH="95" HEIGHT="28" WC="0.92" CONTENT="position"/><SP WIDTH="23" VPOS="786" HPOS="188"/>
							<String ID="string_74" HPOS="211" VPOS="785" WIDTH="92" HEIGHT="28" WC="0.91" CONTENT="förfalla,"/><SP WIDTH="23" VPOS="785" HPOS="303"/>
							<String ID="string_75" HPOS="326" VPOS="792" WIDTH="49" HEIGHT="15" WC="0.93" CONTENT="men"/><SP WIDTH="16" VPOS="792" HPOS="375"/>
							<String ID="string_76" HPOS="391" VPOS="785" WIDTH="69" HEIGHT="22" WC="0.93" CONTENT="tillika"/><SP WIDTH="16" VPOS="785" HPOS="460"/>
							<String ID="string_77" HPOS="476" VPOS="785" WIDTH="96" HEIGHT="22" WC="0.92" CONTENT="anbefalt"/><SP WIDTH="15" VPOS="785" HPOS="572"/>
							<String ID="string_78" HPOS="587" VPOS="785" WIDTH="93" HEIGHT="22" WC="0.92" CONTENT="Senaten"/><SP WIDTH="17" VPOS="785" HPOS="680"/>
							<String ID="string_79" HPOS="697" VPOS="787" WIDTH="33" HEIGHT="20" WC="0.93" CONTENT="att"/><SP WIDTH="16" VPOS="787" HPOS="730"/>
							<String ID="string_80" HPOS="746" VPOS="785" WIDTH="109" HEIGHT="21" WC="0.91" CONTENT="inkomma"/>
						</TextLine>
						<TextLine ID="line_12" HPOS="92" VPOS="819" WIDTH="763" HEIGHT="28">
							<String ID="string_81" HPOS="92" VPOS="821" WIDTH="50" HEIGHT="21" WC="0.92" CONTENT="med"/><SP WIDTH="22" VPOS="821" HPOS="142"/>
							<String ID="string_82" HPOS="164" VPOS="822" WIDTH="50" HEIGHT="25" WC="0.92" CONTENT="nytt"/><SP WIDTH="22" VPOS="822" HPOS="214"/>
							<String ID="string_83" HPOS="236" VPOS="821" WIDTH="148" HEIGHT="26" WC="0.89" CONTENT="underdänigt"/><SP WIDTH="22" VPOS="821" HPOS="384"/>
							<String ID="string_84" HPOS="406" VPOS="820" WIDTH="81" HEIGHT="27" WC="0.96" CONTENT="förslag"/><SP WIDTH="24" VPOS="820" HPOS="487"/>
							<String ID="string_85" HPOS="511" VPOS="820" WIDTH="32" HEIGHT="21" WC="0.96" CONTENT="till"/><SP WIDTH="18" VPOS="820" HPOS="543"/>
							<String ID="string_86" HPOS="561" VPOS="820" WIDTH="134" HEIGHT="27" WC="0.96" CONTENT="proposition"/><SP WIDTH="16" VPOS="820" HPOS="695"/>
							<String ID="string_87" HPOS="711" VPOS="821" WIDTH="7" HEIGHT="20" WC="0.93" CONTENT="i"/><SP WIDTH="16" VPOS="821" HPOS="718"/>
							<String ID="string_88" HPOS="734" VPOS="821" WIDTH="72" HEIGHT="20" WC="0.92" CONTENT="ämnet"/><SP WIDTH="16" VPOS="821" HPOS="806"/>
							<String ID="string_89" HPOS="822" VPOS="819" WIDTH="33" HEIGHT="21" WC="0.96" CONTENT="för"/>
						</TextLine>
						<TextLine ID="line_13" HPOS="94" VPOS="853" WIDTH="669" HEIGHT="28">
							<String ID="string_90" HPOS="94" VPOS="856" WIDTH="34" HEIGHT="21" WC="0.96" CONTENT="att"/><SP WIDTH="15" VPOS="856" HPOS="128"/>
							<String ID="string_91" HPOS="143" VPOS="855" WIDTH="35" HEIGHT="21" WC="0.96" CONTENT="vid"/><SP WIDTH="16" VPOS="855" HPOS="178"/>
							<String ID="string_92" HPOS="194" VPOS="856" WIDTH="63" HEIGHT="20" WC="0.93" CONTENT="nästa"/><SP WIDTH="15" VPOS="856" HPOS="257"/>
							<String ID="string_93" HPOS="272" VPOS="855" WIDTH="91" HEIGHT="26" WC="0.92" CONTENT="lagtima"/><SP WIDTH="15" VPOS="855" HPOS="363"/>
							<String ID="string_94" HPOS="378" VPOS="855" WIDTH="105" HEIGHT="26" WC="0.92" CONTENT="landtdag"/><SP WIDTH="16" VPOS="855" HPOS="483"/>
							<String ID="string_95" HPOS="499" VPOS="853" WIDTH="122" HEIGHT="23" WC="0.92" CONTENT="Ständerna"/><SP WIDTH="14" VPOS="853" HPOS="621"/>
							<String ID="string_96" HPOS="635" VPOS="854" WIDTH="128" HEIGHT="27" WC="0.92" CONTENT="föreläggas."/>
						</TextLine>
					</TextBlock>
					<TextBlock ID="block_3" HPOS="92" VPOS="888" WIDTH="767" HEIGHT="546">
						<TextLine ID="line_14" HPOS="163" VPOS="888" WIDTH="693" HEIGHT="28">
							<String ID="string_97" HPOS="163" VPOS="889" WIDTH="83" HEIGHT="21" WC="0.96" CONTENT="Genom"/><SP WIDTH="16" VPOS="889" HPOS="246"/>
							<String ID="string_98" HPOS="262" VPOS="889" WIDTH="42" HEIGHT="21" WC="0.96" CONTENT="den"/><SP WIDTH="15" VPOS="889" HPOS="304"/>
							<String ID="string_99" HPOS="319" VPOS="889" WIDTH="8" HEIGHT="21" WC="0.94" CONTENT="i"/><SP WIDTH="16" VPOS="889" HPOS="327"/>
							<String ID="string_100" HPOS="343" VPOS="890" WIDTH="12" HEIGHT="20" WC="0.93" CONTENT="2"/><SP WIDTH="16" VPOS="890" HPOS="355"/>
							<String ID="string_101" HPOS="371" VPOS="889" WIDTH="12" HEIGHT="27" WC="0.93" CONTENT="$"/><SP WIDTH="18" VPOS="889" HPOS="383"/>
							<String ID="string_102" HPOS="401" VPOS="890" WIDTH="25" HEIGHT="20" WC="0.93" CONTENT="15"/><SP WIDTH="16" VPOS="890" HPOS="426"/>
							<String ID="string_103" HPOS="442" VPOS="889" WIDTH="94" HEIGHT="26" WC="0.92" CONTENT="kapitlet"/><SP WIDTH="10" VPOS="889" HPOS="536"/>
							<String ID="string_104" HPOS="546" VPOS="889" WIDTH="219" HEIGHT="26" WC="0.92" CONTENT="Rättegängsbalken,"/><SP WIDTH="12" VPOS="889" HPOS="765"/>
							<String ID="string_105" HPOS="777" VPOS="888" WIDTH="79" HEIGHT="21" WC="0.91" CONTENT="sädant"/>
						</TextLine>
						<TextLine ID="line_15" HPOS="94" VPOS="923" WIDTH="761" HEIGHT="28">
							<String ID="string_106" HPOS="94" VPOS="923" WIDTH="62" HEIGHT="22" WC="0.92" CONTENT="detta"/><SP WIDTH="18" VPOS="923" HPOS="156"/>
							<String ID="string_107" HPOS="174" VPOS="923" WIDTH="85" HEIGHT="27" WC="0.91" CONTENT="lagrum"/><SP WIDTH="18" VPOS="923" HPOS="259"/>
							<String ID="string_108" HPOS="277" VPOS="923" WIDTH="61" HEIGHT="28" WC="0.93" CONTENT="lyder"/><SP WIDTH="15" VPOS="923" HPOS="338"/>
							<String ID="string_109" HPOS="353" VPOS="924" WIDTH="8" HEIGHT="21" WC="0.94" CONTENT="i"/><SP WIDTH="18" VPOS="924" HPOS="361"/>
							<String ID="string_110" HPOS="379" VPOS="923" WIDTH="156" HEIGHT="27" WC="0.96" CONTENT="förordningen"/><SP WIDTH="23" VPOS="923" HPOS="535"/>
							<String ID="string_111" HPOS="558" VPOS="923" WIDTH="40" HEIGHT="21" WC="0.96" CONTENT="den"/><SP WIDTH="16" VPOS="923" HPOS="598"/>
							<String ID="string_112" HPOS="614" VPOS="924" WIDTH="26" HEIGHT="20" WC="0.96" CONTENT="23"/><SP WIDTH="16" VPOS="924" HPOS="640"/>
							<String ID="string_113" HPOS="656" VPOS="923" WIDTH="120" HEIGHT="21" WC="0.96" CONTENT="November"/><SP WIDTH="18" VPOS="923" HPOS="776"/>
							<String ID="string_114" HPOS="794" VPOS="923" WIDTH="61" HEIGHT="26" WC="0.96" CONTENT="1898,"/>
						</TextLine>
						<TextLine ID="line_16" HPOS="92" VPOS="957" WIDTH="764" HEIGHT="28">
							<String ID="string_115" HPOS="92" VPOS="957" WIDTH="86" HEIGHT="22" WC="0.92" CONTENT="införda"/><SP WIDTH="18" VPOS="957" HPOS="178"/>
							<String ID="string_116" HPOS="196" VPOS="958" WIDTH="166" HEIGHT="21" WC="0.90" CONTENT="bestämmelsen"/><SP WIDTH="17" VPOS="958" HPOS="362"/>
							<String ID="string_117" HPOS="379" VPOS="959" WIDTH="33" HEIGHT="20" WC="0.90" CONTENT="att"/><SP WIDTH="24" VPOS="959" HPOS="412"/>
							<String ID="string_118" HPOS="436" VPOS="958" WIDTH="73" HEIGHT="21" WC="0.90" CONTENT="säsom"/><SP WIDTH="23" VPOS="958" HPOS="509"/>
							<String ID="string_119" HPOS="532" VPOS="957" WIDTH="205" HEIGHT="28" WC="0.90" CONTENT="rättegängsombud"/><SP WIDTH="23" VPOS="957" HPOS="737"/>
							<String ID="string_120" HPOS="760" VPOS="957" WIDTH="7" HEIGHT="21" WC="0.93" CONTENT="i"/><SP WIDTH="20" VPOS="957" HPOS="767"/>
							<String ID="string_121" HPOS="787" VPOS="957" WIDTH="69" HEIGHT="21" WC="0.92" CONTENT="öfver-"/>
						</TextLine>
						<TextLine ID="line_17" HPOS="92" VPOS="991" WIDTH="765" HEIGHT="29">
							<String ID="string_122" HPOS="92" VPOS="993" WIDTH="46" HEIGHT="20" WC="0.94" CONTENT="rätt"/><SP WIDTH="23" VPOS="993" HPOS="138"/>
							<String ID="string_123" HPOS="161" VPOS="992" WIDTH="77" HEIGHT="22" WC="0.94" CONTENT="endast"/><SP WIDTH="19" VPOS="992" HPOS="238"/>
							<String ID="string_124" HPOS="257" VPOS="993" WIDTH="42" HEIGHT="21" WC="0.96" CONTENT="den"/><SP WIDTH="20" VPOS="993" HPOS="299"/>
							<String ID="string_125" HPOS="319" VPOS="993" WIDTH="35" HEIGHT="21" WC="0.93" CONTENT="mä"/><SP WIDTH="23" VPOS="993" HPOS="354"/>
							<String ID="string_126" HPOS="377" VPOS="993" WIDTH="134" HEIGHT="26" WC="0.92" CONTENT="godkännas,"/><SP WIDTH="17" VPOS="993" HPOS="511"/>
							<String ID="string_127" HPOS="528" VPOS="993" WIDTH="83" HEIGHT="21" WC="0.92" CONTENT="hvilken"/><SP WIDTH="20" VPOS="993" HPOS="611"/>
							<String ID="string_128" HPOS="631" VPOS="992" WIDTH="96" HEIGHT="28" WC="0.92" CONTENT="fullgjort"/><SP WIDTH="16" VPOS="992" HPOS="727"/>
							<String ID="string_129" HPOS="743" VPOS="991" WIDTH="114" HEIGHT="22" WC="0.92" CONTENT="enahanda"/>
						</TextLine>
						<TextLine ID="line_18" HPOS="92" VPOS="1027" WIDTH="764" HEIGHT="27">
							<String ID="string_130" HPOS="92" VPOS="1027" WIDTH="169" HEIGHT="27" WC="0.89" CONTENT="kunskapsprof,"/><SP WIDTH="31" VPOS="1027" HPOS="261"/>
							<String ID="string_131" HPOS="292" VPOS="1033" WIDTH="45" HEIGHT="16" WC="0.95" CONTENT="som"/><SP WIDTH="33" VPOS="1033" HPOS="337"/>
							<String ID="string_132" HPOS="370" VPOS="1027" WIDTH="34" HEIGHT="22" WC="0.93" CONTENT="för"/><SP WIDTH="29" VPOS="1027" HPOS="404"/>
							<String ID="string_133" HPOS="433" VPOS="1027" WIDTH="101" HEIGHT="27" WC="0.91" CONTENT="utöfning"/><SP WIDTH="31" VPOS="1027" HPOS="534"/>
							<String ID="string_134" HPOS="565" VPOS="1027" WIDTH="22" HEIGHT="21" WC="0.91" CONTENT="af"/><SP WIDTH="27" VPOS="1027" HPOS="587"/>
							<String ID="string_135" HPOS="614" VPOS="1027" WIDTH="170" HEIGHT="22" WC="0.90" CONTENT="domareembete"/><SP WIDTH="33" VPOS="1027" HPOS="784"/>
							<String ID="string_136" HPOS="817" VPOS="1028" WIDTH="39" HEIGHT="19" WC="0.90" CONTENT="äro"/>
						</TextLine>
						<TextLine ID="line_19" HPOS="92" VPOS="1060" WIDTH="767" HEIGHT="29">
							<String ID="string_137" HPOS="92" VPOS="1061" WIDTH="136" HEIGHT="26" WC="0.93" CONTENT="föreskrifna,"/><SP WIDTH="23" VPOS="1061" HPOS="228"/>
							<String ID="string_138" HPOS="251" VPOS="1061" WIDTH="42" HEIGHT="22" WC="0.96" CONTENT="har"/><SP WIDTH="21" VPOS="1061" HPOS="293"/>
							<String ID="string_139" HPOS="314" VPOS="1061" WIDTH="78" HEIGHT="28" WC="0.96" CONTENT="början"/><SP WIDTH="24" VPOS="1061" HPOS="392"/>
							<String ID="string_140" HPOS="416" VPOS="1062" WIDTH="69" HEIGHT="27" WC="0.96" CONTENT="gjorts"/><SP WIDTH="23" VPOS="1062" HPOS="485"/>
							<String ID="string_141" HPOS="508" VPOS="1061" WIDTH="34" HEIGHT="22" WC="0.96" CONTENT="till"/><SP WIDTH="24" VPOS="1061" HPOS="542"/>
							<String ID="string_142" HPOS="566" VPOS="1063" WIDTH="31" HEIGHT="20" WC="0.96" CONTENT="ett"/><SP WIDTH="22" VPOS="1063" HPOS="597"/>
							<String ID="string_143" HPOS="619" VPOS="1061" WIDTH="73" HEIGHT="22" WC="0.96" CONTENT="bättre"/><SP WIDTH="16" VPOS="1061" HPOS="692"/>
							<String ID="string_144" HPOS="708" VPOS="1061" WIDTH="111" HEIGHT="22" WC="0.96" CONTENT="ordnande"/><SP WIDTH="17" VPOS="1061" HPOS="819"/>
							<String ID="string_145" HPOS="836" VPOS="1060" WIDTH="23" HEIGHT="22" WC="0.97" CONTENT="af"/>
						</TextLine>
						<TextLine ID="line_20" HPOS="92" VPOS="1095" WIDTH="765" HEIGHT="28">
							<String ID="string_146" HPOS="92" VPOS="1095" WIDTH="219" HEIGHT="22" WC="0.92" CONTENT="sakförareväsendet"/><SP WIDTH="15" VPOS="1095" HPOS="311"/>
							<String ID="string_147" HPOS="326" VPOS="1096" WIDTH="7" HEIGHT="21" WC="0.96" CONTENT="i"/><SP WIDTH="15" VPOS="1096" HPOS="333"/>
							<String ID="string_148" HPOS="348" VPOS="1096" WIDTH="81" HEIGHT="21" WC="0.96" CONTENT="landet."/><SP WIDTH="24" VPOS="1096" HPOS="429"/>
							<String ID="string_149" HPOS="453" VPOS="1096" WIDTH="133" HEIGHT="27" WC="0.93" CONTENT="Ytterligare"/><SP WIDTH="15" VPOS="1096" HPOS="586"/>
							<String ID="string_150" HPOS="601" VPOS="1095" WIDTH="156" HEIGHT="27" WC="0.92" CONTENT="förbättringar"/><SP WIDTH="10" VPOS="1095" HPOS="757"/>
							<String ID="string_151" HPOS="767" VPOS="1095" WIDTH="30" HEIGHT="27" WC="0.93" CONTENT="pä"/><SP WIDTH="10" VPOS="1095" HPOS="797"/>
							<String ID="string_152" HPOS="807" VPOS="1095" WIDTH="50" HEIGHT="21" WC="0.92" CONTENT="sak-"/>
						</TextLine>
						<TextLine ID="line_21" HPOS="92" VPOS="1129" WIDTH="765" HEIGHT="29">
							<String ID="string_153" HPOS="92" VPOS="1129" WIDTH="189" HEIGHT="23" WC="0.92" CONTENT="förareväsendets"/><SP WIDTH="16" VPOS="1129" HPOS="281"/>
							<String ID="string_154" HPOS="297" VPOS="1131" WIDTH="89" HEIGHT="21" WC="0.92" CONTENT="omräde"/><SP WIDTH="15" VPOS="1131" HPOS="386"/>
							<String ID="string_155" HPOS="401" VPOS="1131" WIDTH="99" HEIGHT="27" WC="0.92" CONTENT="päkallas"/><SP WIDTH="17" VPOS="1131" HPOS="500"/>
							<String ID="string_156" HPOS="517" VPOS="1131" WIDTH="55" HEIGHT="21" WC="0.93" CONTENT="dock"/><SP WIDTH="16" VPOS="1131" HPOS="572"/>
							<String ID="string_157" HPOS="588" VPOS="1130" WIDTH="17" HEIGHT="27" WC="0.91" CONTENT="ej"/><SP WIDTH="12" VPOS="1130" HPOS="605"/>
							<String ID="string_158" HPOS="617" VPOS="1129" WIDTH="55" HEIGHT="22" WC="0.92" CONTENT="blott"/><SP WIDTH="11" VPOS="1129" HPOS="672"/>
							<String ID="string_159" HPOS="683" VPOS="1130" WIDTH="71" HEIGHT="22" WC="0.91" CONTENT="säsom"/><SP WIDTH="12" VPOS="1130" HPOS="754"/>
							<String ID="string_160" HPOS="766" VPOS="1136" WIDTH="26" HEIGHT="15" WC="0.93" CONTENT="en"/><SP WIDTH="12" VPOS="1136" HPOS="792"/>
							<String ID="string_161" HPOS="804" VPOS="1129" WIDTH="53" HEIGHT="22" WC="0.92" CONTENT="nöd-"/>
						</TextLine>
						<TextLine ID="line_22" HPOS="92" VPOS="1164" WIDTH="765" HEIGHT="28">
							<String ID="string_162" HPOS="92" VPOS="1164" WIDTH="80" HEIGHT="28" WC="0.89" CONTENT="vändig"/><SP WIDTH="17" VPOS="1164" HPOS="172"/>
							<String ID="string_163" HPOS="189" VPOS="1164" WIDTH="146" HEIGHT="22" WC="0.91" CONTENT="förberedelse"/><SP WIDTH="16" VPOS="1164" HPOS="335"/>
							<String ID="string_164" HPOS="351" VPOS="1165" WIDTH="32" HEIGHT="21" WC="0.96" CONTENT="till"/><SP WIDTH="17" VPOS="1165" HPOS="383"/>
							<String ID="string_165" HPOS="400" VPOS="1165" WIDTH="41" HEIGHT="21" WC="0.93" CONTENT="den"/><SP WIDTH="16" VPOS="1165" HPOS="441"/>
							<String ID="string_166" HPOS="457" VPOS="1165" WIDTH="138" HEIGHT="21" WC="0.92" CONTENT="förestäende"/><SP WIDTH="17" VPOS="1165" HPOS="595"/>
							<String ID="string_167" HPOS="612" VPOS="1164" WIDTH="105" HEIGHT="22" WC="0.92" CONTENT="reformen"/><SP WIDTH="16" VPOS="1164" HPOS="717"/>
							<String ID="string_168" HPOS="733" VPOS="1164" WIDTH="23" HEIGHT="22" WC="0.93" CONTENT="af"/><SP WIDTH="15" VPOS="1164" HPOS="756"/>
							<String ID="string_169" HPOS="771" VPOS="1164" WIDTH="86" HEIGHT="22" WC="0.92" CONTENT="landets"/>
						</TextLine>
						<TextLine ID="line_23" HPOS="92" VPOS="1198" WIDTH="765" HEIGHT="28">
							<String ID="string_170" HPOS="92" VPOS="1199" WIDTH="229" HEIGHT="27" WC="0.92" CONTENT="rättegängsordning,"/><SP WIDTH="21" VPOS="1199" HPOS="321"/>
							<String ID="string_171" HPOS="342" VPOS="1200" WIDTH="55" HEIGHT="20" WC="0.92" CONTENT="enär"/><SP WIDTH="18" VPOS="1200" HPOS="397"/>
							<String ID="string_172" HPOS="415" VPOS="1199" WIDTH="180" HEIGHT="27" WC="0.92" CONTENT="genomförandet"/><SP WIDTH="16" VPOS="1199" HPOS="595"/>
							<String ID="string_173" HPOS="611" VPOS="1198" WIDTH="22" HEIGHT="21" WC="0.96" CONTENT="af"/><SP WIDTH="14" VPOS="1198" HPOS="633"/>
							<String ID="string_174" HPOS="647" VPOS="1204" WIDTH="25" HEIGHT="16" WC="0.93" CONTENT="en"/><SP WIDTH="15" VPOS="1204" HPOS="672"/>
							<String ID="string_175" HPOS="687" VPOS="1198" WIDTH="69" HEIGHT="22" WC="0.93" CONTENT="sädan"/><SP WIDTH="16" VPOS="1198" HPOS="756"/>
							<String ID="string_176" HPOS="772" VPOS="1198" WIDTH="85" HEIGHT="26" WC="0.97" CONTENT="reform,"/>
						</TextLine>
						<TextLine ID="line_24" HPOS="93" VPOS="1232" WIDTH="766" HEIGHT="28">
							<String ID="string_177" HPOS="93" VPOS="1234" WIDTH="25" HEIGHT="20" WC="0.96" CONTENT="sä"/><SP WIDTH="9" VPOS="1234" HPOS="118"/>
							<String ID="string_178" HPOS="127" VPOS="1233" WIDTH="64" HEIGHT="27" WC="0.96" CONTENT="länge"/><SP WIDTH="15" VPOS="1233" HPOS="191"/>
							<String ID="string_179" HPOS="206" VPOS="1234" WIDTH="33" HEIGHT="20" WC="0.93" CONTENT="ett"/><SP WIDTH="15" VPOS="1234" HPOS="239"/>
							<String ID="string_180" HPOS="254" VPOS="1234" WIDTH="95" HEIGHT="21" WC="0.92" CONTENT="ordnadt"/><SP WIDTH="16" VPOS="1234" HPOS="349"/>
							<String ID="string_181" HPOS="365" VPOS="1233" WIDTH="181" HEIGHT="22" WC="0.91" CONTENT="sakförareväsen"/><SP WIDTH="15" VPOS="1233" HPOS="546"/>
							<String ID="string_182" HPOS="561" VPOS="1234" WIDTH="46" HEIGHT="21" WC="0.92" CONTENT="icke"/><SP WIDTH="15" VPOS="1234" HPOS="607"/>
							<String ID="string_183" HPOS="622" VPOS="1232" WIDTH="73" HEIGHT="28" WC="0.92" CONTENT="finnes,"/><SP WIDTH="16" VPOS="1232" HPOS="695"/>
							<String ID="string_184" HPOS="711" VPOS="1233" WIDTH="111" HEIGHT="27" WC="0.92" CONTENT="knappast"/><SP WIDTH="11" VPOS="1233" HPOS="822"/>
							<String ID="string_185" HPOS="833" VPOS="1234" WIDTH="26" HEIGHT="20" WC="0.97" CONTENT="är"/>
						</TextLine>
						<TextLine ID="line_25" HPOS="92" VPOS="1267" WIDTH="766" HEIGHT="28">
							<String ID="string_186" HPOS="92" VPOS="1267" WIDTH="90" HEIGHT="28" WC="0.96" CONTENT="möjligt,"/><SP WIDTH="17" VPOS="1267" HPOS="182"/>
							<String ID="string_187" HPOS="199" VPOS="1269" WIDTH="53" HEIGHT="20" WC="0.93" CONTENT="utan"/><SP WIDTH="17" VPOS="1269" HPOS="252"/>
							<String ID="string_188" HPOS="269" VPOS="1267" WIDTH="63" HEIGHT="22" WC="0.92" CONTENT="äfven"/><SP WIDTH="16" VPOS="1267" HPOS="332"/>
							<String ID="string_189" HPOS="348" VPOS="1268" WIDTH="7" HEIGHT="20" WC="0.93" CONTENT="i"/><SP WIDTH="16" VPOS="1268" HPOS="355"/>
							<String ID="string_190" HPOS="371" VPOS="1268" WIDTH="49" HEIGHT="27" WC="0.91" CONTENT="likaj"/><SP WIDTH="15" VPOS="1268" HPOS="420"/>
							<String ID="string_191" HPOS="435" VPOS="1268" WIDTH="50" HEIGHT="21" WC="0.93" CONTENT="män"/><SP WIDTH="16" VPOS="1268" HPOS="485"/>
							<String ID="string_192" HPOS="501" VPOS="1267" WIDTH="64" HEIGHT="22" WC="0.91" CONTENT="deraf"/><SP WIDTH="14" VPOS="1267" HPOS="565"/>
							<String ID="string_193" HPOS="579" VPOS="1268" WIDTH="33" HEIGHT="21" WC="0.93" CONTENT="att"/><SP WIDTH="14" VPOS="1268" HPOS="612"/>
							<String ID="string_194" HPOS="626" VPOS="1267" WIDTH="232" HEIGHT="21" WC="0.92" CONTENT="sakförareinstitutio-"/>
						</TextLine>
						<TextLine ID="line_26" HPOS="93" VPOS="1300" WIDTH="766" HEIGHT="29">
							<String ID="string_195" HPOS="93" VPOS="1308" WIDTH="49" HEIGHT="20" WC="0.93" CONTENT="nen,"/><SP WIDTH="20" VPOS="1308" HPOS="142"/>
							<String ID="string_196" HPOS="162" VPOS="1302" WIDTH="84" HEIGHT="21" WC="0.92" CONTENT="hvilken"/><SP WIDTH="16" VPOS="1302" HPOS="246"/>
							<String ID="string_197" HPOS="262" VPOS="1308" WIDTH="93" HEIGHT="16" WC="0.93" CONTENT="numera"/><SP WIDTH="16" VPOS="1308" HPOS="355"/>
							<String ID="string_198" HPOS="371" VPOS="1303" WIDTH="66" HEIGHT="26" WC="0.96" CONTENT="utgör"/><SP WIDTH="15" VPOS="1303" HPOS="437"/>
							<String ID="string_199" HPOS="452" VPOS="1308" WIDTH="27" HEIGHT="15" WC="0.93" CONTENT="en"/><SP WIDTH="16" VPOS="1308" HPOS="479"/>
							<String ID="string_200" HPOS="495" VPOS="1302" WIDTH="121" HEIGHT="26" WC="0.90" CONTENT="oumbärlig"/><SP WIDTH="14" VPOS="1302" HPOS="616"/>
							<String ID="string_201" HPOS="630" VPOS="1300" WIDTH="71" HEIGHT="23" WC="0.93" CONTENT="faktor"/><SP WIDTH="14" VPOS="1300" HPOS="701"/>
							<String ID="string_202" HPOS="715" VPOS="1302" WIDTH="7" HEIGHT="20" WC="0.96" CONTENT="i"/><SP WIDTH="17" VPOS="1302" HPOS="722"/>
							<String ID="string_203" HPOS="739" VPOS="1302" WIDTH="37" HEIGHT="20" WC="0.93" CONTENT="det"/><SP WIDTH="15" VPOS="1302" HPOS="776"/>
							<String ID="string_204" HPOS="791" VPOS="1302" WIDTH="68" HEIGHT="20" WC="0.93" CONTENT="rätts-"/>
						</TextLine>
						<TextLine ID="line_27" HPOS="92" VPOS="1335" WIDTH="767" HEIGHT="29">
							<String ID="string_205" HPOS="92" VPOS="1336" WIDTH="44" HEIGHT="27" WC="0.93" CONTENT="liga"/><SP WIDTH="15" VPOS="1336" HPOS="136"/>
							<String ID="string_206" HPOS="151" VPOS="1336" WIDTH="65" HEIGHT="26" WC="0.92" CONTENT="lifvet,"/><SP WIDTH="16" VPOS="1336" HPOS="216"/>
							<String ID="string_207" HPOS="232" VPOS="1336" WIDTH="7" HEIGHT="21" WC="0.96" CONTENT="i"/><SP WIDTH="15" VPOS="1336" HPOS="239"/>
							<String ID="string_208" HPOS="254" VPOS="1336" WIDTH="94" HEIGHT="22" WC="0.93" CONTENT="Finland"/><SP WIDTH="16" VPOS="1336" HPOS="348"/>
							<String ID="string_209" HPOS="364" VPOS="1336" WIDTH="205" HEIGHT="28" WC="0.92" CONTENT="öfverhufvudtaget"/><SP WIDTH="15" VPOS="1336" HPOS="569"/>
							<String ID="string_210" HPOS="584" VPOS="1335" WIDTH="94" HEIGHT="23" WC="0.96" CONTENT="befinner"/><SP WIDTH="11" VPOS="1335" HPOS="678"/>
							<String ID="string_211" HPOS="689" VPOS="1336" WIDTH="32" HEIGHT="27" WC="0.96" CONTENT="sig"/><SP WIDTH="10" VPOS="1336" HPOS="721"/>
							<String ID="string_212" HPOS="731" VPOS="1336" WIDTH="29" HEIGHT="27" WC="0.96" CONTENT="pä"/><SP WIDTH="11" VPOS="1336" HPOS="760"/>
							<String ID="string_213" HPOS="771" VPOS="1342" WIDTH="26" HEIGHT="15" WC="0.93" CONTENT="en"/><SP WIDTH="11" VPOS="1342" HPOS="797"/>
							<String ID="string_214" HPOS="808" VPOS="1335" WIDTH="51" HEIGHT="27" WC="0.93" CONTENT="föga"/>
						</TextLine>
						<TextLine ID="line_28" HPOS="92" VPOS="1370" WIDTH="766" HEIGHT="28">
							<String ID="string_215" HPOS="92" VPOS="1372" WIDTH="115" HEIGHT="21" WC="0.96" CONTENT="utvecklad"/><SP WIDTH="28" VPOS="1372" HPOS="207"/>
							<String ID="string_216" HPOS="235" VPOS="1372" WIDTH="149" HEIGHT="26" WC="0.93" CONTENT="ståndpunkt;"/><SP WIDTH="32" VPOS="1372" HPOS="384"/>
							<String ID="string_217" HPOS="416" VPOS="1372" WIDTH="117" HEIGHT="21" WC="0.87" CONTENT="hvarutom"/><SP WIDTH="31" VPOS="1372" HPOS="533"/>
							<String ID="string_218" HPOS="564" VPOS="1373" WIDTH="99" HEIGHT="20" WC="0.95" CONTENT="närmare"/><SP WIDTH="25" VPOS="1373" HPOS="663"/>
							<String ID="string_219" HPOS="688" VPOS="1370" WIDTH="170" HEIGHT="27" WC="0.95" CONTENT="bestämningar,"/>
						</TextLine>
						<TextLine ID="line_29" HPOS="93" VPOS="1405" WIDTH="766" HEIGHT="29">
							<String ID="string_220" HPOS="93" VPOS="1406" WIDTH="113" HEIGHT="26" WC="0.92" CONTENT="åsyftande"/><SP WIDTH="16" VPOS="1406" HPOS="206"/>
							<String ID="string_221" HPOS="222" VPOS="1406" WIDTH="109" HEIGHT="28" WC="0.96" CONTENT="reglering"/><SP WIDTH="16" VPOS="1406" HPOS="331"/>
							<String ID="string_222" HPOS="347" VPOS="1406" WIDTH="40" HEIGHT="22" WC="0.96" CONTENT="och"/><SP WIDTH="15" VPOS="1406" HPOS="387"/>
							<String ID="string_223" HPOS="402" VPOS="1406" WIDTH="95" HEIGHT="22" WC="0.96" CONTENT="kontroll"/><SP WIDTH="17" VPOS="1406" HPOS="497"/>
							<String ID="string_224" HPOS="514" VPOS="1406" WIDTH="24" HEIGHT="22" WC="0.92" CONTENT="af"/><SP WIDTH="14" VPOS="1406" HPOS="538"/>
							<String ID="string_225" HPOS="552" VPOS="1406" WIDTH="147" HEIGHT="22" WC="0.91" CONTENT="sakförarenes"/><SP WIDTH="16" VPOS="1406" HPOS="699"/>
							<String ID="string_226" HPOS="715" VPOS="1405" WIDTH="144" HEIGHT="26" WC="0.96" CONTENT="verksamhet,"/>
						</TextLine>
					</TextBlock>
				</ComposedBlock>
			</PrintSpace>
		</Page>
	</Layout>
</alto>
