1048 1631
232 97 43 21 114
425 94 26 24 U.
467 95 28 23 B.
512 108 27 4 —
556 94 74 30 Prop.
646 94 45 23 N:o
707 94 21 23 1.

199 169 42 15 nes
257 164 94 24 ombud,
367 162 44 25 och
427 162 38 22 det
481 162 141 22 derforutom
637 160 78 23 kuude
731 160 50 23 visa
797 160 36 30 sig
849 163 63 20 svårt
922 162 33 21 att

200 198 86 21 erhålla
301 198 38 22 väl
356 197 163 29 qvalificerade
536 198 59 28 gode
611 201 59 22 män,
686 197 42 22 har
739 197 72 22 sådan
821 197 134 29 skyldighet

197 233 94 29 jemlikt
308 234 112 21 flertalets
436 233 63 22 inom
514 233 120 22 Utskottet
649 233 94 28 mening
759 233 52 22 bort
826 233 127 22 utsträckas

200 269 69 22 äfven
285 269 36 22 till
337 270 28 21 de
381 269 75 30 begge
473 269 71 22 andra
558 269 160 29 kategorierna
734 269 23 21 af
773 269 60 28 gode
848 273 59 17 män.
925 283 28 2 —

198 305 77 22 Jemte
292 306 39 21 det
346 306 9 21 i
371 305 102 30 enlighet
488 306 94 21 härmed
598 305 58 22 efter
672 305 64 22 ordet
753 305 156 26 ,förordnats*
922 305 32 21 in-

200 341 93 29 skjutits
319 342 69 26 eller
411 344 105 24 utsetts",
540 342 41 21 har
604 341 117 29 uttrycket
737 358 10 10 ,
751 341 201 28 värderingsman"

199 380 82 19 ersatts
305 378 54 21 med
379 378 60 29 ,god
454 381 66 18 man"
538 380 76 20 såsom
629 385 62 14 mera
708 377 141 22 omfattande
866 377 42 21 och
923 379 30 26 pä

200 413 62 22 detta
280 414 66 22 ställe
362 414 149 29 sakenligare.
529 427 29 3 —
573 414 36 21 En
625 413 116 22 minoritet
756 413 63 22 inom
835 413 119 22 Utskottet

198 449 42 22 har
256 450 104 22 deremot
375 450 77 23 funnit
468 450 150 22 omförmälda
633 449 159 30 utsträckning
808 449 77 22 alltför
894 449 59 22 vidt-

199 486 89 28 gående
305 487 43 20 och
364 487 62 28 förty
441 489 72 19 röstat
529 488 61 20 emot
606 494 29 14 en
650 485 75 30 saklig
741 486 97 28 ändring
855 485 23 22 af
890 493 63 21 para-

198 521 87 28 grafen.
318 522 12 21 I
354 522 113 22 anseende
491 522 36 22 till
550 522 143 21 återstående
717 522 59 29 $$:rs
796 521 101 22 innehåll
912 521 41 22 har

199 557 76 22 denna
290 557 15 30 8
321 560 86 19 ansetts
423 558 56 21 böra
492 558 23 21 få
530 557 36 22 sin
575 558 61 29 plats
646 559 102 20 närmast
759 557 58 22 efter
827 557 45 22 den
883 559 13 20 8
907 557 44 29 S:n.

54 593 39 29 Ny
104 594 46 27 (11)
167 594 20 29 8.
273 593 45 22 Till
341 593 174 30 förebyggande
539 594 23 21 af
582 594 121 21 osäkerhet
722 593 41 22 vid
779 593 135 29 afgörandet
930 593 23 22 af

198 631 69 19 sättet
290 629 59 22 huru
373 630 46 21 den
434 630 34 21 uti
485 632 26 19 12
528 629 13 29 &
559 632 10 19 1
587 630 51 29 kap.
656 629 88 22 strand-
760 629 43 22 och
820 628 133 23 strömfalls-

197 672 68 22 egare
281 665 138 22 tillerkända
435 666 139 29 ömsesidiga
589 665 180 29 lösningsrätten
785 665 58 22 skall
859 665 93 29 bringas

196 701 9 21 i
220 701 178 30 verkställighet
413 703 41 20 har
469 702 121 22 Utskottet
605 702 80 21 härom
699 701 72 22 infört
781 701 172 29 bestämningar

196 737 34 21 uti
254 745 29 14 en
304 737 101 22 särskild
420 738 113 29 paragraf,
550 745 50 14 som
616 737 91 22 erhällit
722 737 61 29 plats
799 737 8 22 i
825 739 10 20 7
853 737 51 28 kap.
921 737 32 21 ef-

196 775 35 19 ter
245 780 78 22 prop:s
347 773 7 30 &
372 776 33 19 10.
432 774 37 21 Då
485 774 44 20 den
545 773 208 29 omständigheten,
767 775 32 20 att
809 775 71 25 några
891 773 61 22 hem-

196 816 54 14 man
265 809 9 21 i
290 817 29 14 en
335 809 32 29 by
382 809 9 22 i
406 809 59 22 brist
479 811 30 27 pä
524 809 139 22 strandtomt
677 808 52 22 icke
745 809 71 21 hafva
831 808 122 29 möjlighet

196 846 33 20 att
249 844 154 29 tillgodogöra
422 845 35 28 sig
475 845 34 22 sin
526 847 43 19 rätt
584 845 37 21 till
637 847 34 19 ett
686 844 109 29 byalaget
809 846 143 27 gemensamt

195 880 114 29 tillhörigt
328 881 119 26 strömfall,
463 881 52 22 icke
531 881 72 22 sällan
618 881 66 22 torde
700 881 56 21 böra
771 880 136 22 tillskrifvas
923 888 29 14 en

195 916 41 22 vid
260 917 131 22 storskiftet
414 917 88 21 mindre
526 916 192 29 ändamälsenligt
741 917 78 21 utförd
835 916 116 29 egoplace-

195 952 58 29 ring,
264 960 69 21 synes
346 955 33 19 ett
387 953 98 28 egobyte
495 953 96 22 emellan
598 961 58 20 resp.
669 953 86 21 strand-
767 953 43 22 och
819 952 133 23 strömfalls-

195 995 68 21 egare
279 996 56 14 vara
350 989 45 21 den
406 989 217 28 egodelningsform,
636 996 49 15 som
696 989 82 22 härvid
790 989 81 21 främst
880 988 71 22 borde

194 1024 93 22 komma
303 1024 36 22 till
355 1025 154 28 användning,
526 1025 60 22 helst
599 1025 27 29 ju
644 1025 108 28 egobytet
763 1025 8 21 i
782 1025 48 22 viss
842 1032 53 14 mon
906 1025 46 21 kan

195 1062 85 20 ersätta
306 1068 29 14 en
367 1068 81 14 annars
481 1061 111 28 möjligen
622 1061 213 28 ifrägakommande
861 1061 90 21 skiftes-

193 1095 117 30 reglering
333 1096 8 21 i
365 1096 52 22 hela
440 1097 190 28 samfälligheten.
663 1096 119 22 Utskottet
801 1097 42 21 har
862 1097 89 21 derföre

194 1132 69 22 äfven
284 1140 84 22 genom
385 1135 33 19 att
433 1132 8 22 i
456 1133 136 29 paragrafen
608 1132 95 29 angifva
718 1133 157 29 nyssnämnda
892 1133 58 21 form

194 1168 24 22 af
233 1169 142 29 egodelning
391 1169 62 21 velat
466 1169 70 22 hafva
554 1170 52 21 dess
625 1169 115 21 företräde
759 1169 110 22 särskildt
885 1169 66 22 fram-

194 1204 78 22 hållet.
304 1205 62 21 Enär
387 1205 127 21 emellertid
535 1208 32 19 ett
589 1205 53 29 laga
663 1205 105 29 egobyte,
785 1205 9 21 i
809 1205 109 22 händelse
935 1207 14 19 t.

193 1248 34 14 ex.
253 1241 24 21 af
301 1241 59 22 brist
383 1244 30 26 på
433 1242 95 28 lämplig
549 1241 117 29 eqivalent
689 1243 12 19 å
722 1242 133 28 någondera
878 1241 72 26 sidan,

192 1276 53 22 icke
269 1277 66 22 alltid
358 1278 45 21 kan
427 1278 34 21 fås
477 1278 36 21 till
529 1278 73 26 stånd,
619 1278 43 21 har
677 1277 120 22 Utskottet
813 1278 69 21 äfven
897 1278 54 21 hän-

193 1312 62 22 visat
270 1312 36 22 till
323 1313 70 22 andra
409 1313 197 29 egodelningssätt
619 1326 27 3 —
662 1313 169 29 egostyckning
845 1314 43 21 och
904 1320 46 22 par-

192 1348 111 29 cellering
323 1362 27 3 —
370 1349 80 22 hvilka
473 1349 32 21 uti
527 1349 175 29 ifrågavarande
727 1349 108 21 afseende
857 1349 27 29 ju
908 1349 42 21 ock

193 1386 38 19 äro
249 1384 148 22 användhara
412 1388 102 26 ntvägar.

269 1426 213 20 Vattenrältsutskottets
495 1427 117 19 betänkande
624 1426 40 19 N:o
675 1427 16 18 1.
