1048 1631
308 117 29 23 U.
353 117 28 22 B.
398 130 27 2 —
441 117 74 28 Prop.
533 117 41 22 N:o
590 117 35 22 14.
832 117 13 20 3

88 189 32 18 att
144 186 62 21 dessa
228 185 50 22 vida
294 186 69 21 oftare
378 187 26 20 än
421 185 58 22 förut
495 185 110 28 nödgades
621 185 64 22 anlita
701 185 144 28 rättskunnigt

88 221 88 21 biträde.

156 255 44 21 För
222 255 117 28 belysande
357 254 23 21 af
395 254 27 21 de
437 254 83 27 brister,
535 254 74 21 hvilka
624 253 86 22 vidläda
725 254 122 21 sakförare-

88 289 103 22 väsendet
207 290 5 20 i
228 289 98 26 Finland,
342 289 66 28 ansäg
422 288 154 29 Lagutskottet
588 288 74 28 nödigt
672 288 97 22 meddela
780 288 66 29 nägra

88 323 62 21 korta
165 323 109 28 uppgifter
293 330 40 19 om,
347 323 54 21 huru
417 322 272 22 sakförareförhällandena
704 324 31 19 uti
751 323 72 26 andra,
839 323 5 20 i

88 357 58 22 detta
158 357 121 21 hänseende
287 365 58 13 mera
355 357 144 21 framskridna
511 357 146 21 kulturländer
667 357 93 21 ordnats.
775 357 71 21 Dessa

88 391 148 22 förhållanden
258 391 112 21 företedde
392 391 125 28 visserligen
541 399 26 13 en
583 391 78 28 mängd
676 391 105 21 olikheter
797 392 5 19 i
819 391 27 21 de

88 425 69 22 skilda
178 425 105 25 länderna,
304 425 102 21 särskildt
424 425 133 21 beträffande
575 425 122 28 detaljerna,
723 433 48 13 men
787 426 59 21 vissa

88 460 105 21 allmänna
216 459 135 28 hufvuddrag
373 459 72 21 kunde
467 459 56 22 dock
550 462 50 18 utan
624 459 108 28 svärighet
747 459 98 29 urskiljas

88 494 70 21 såsom,
177 501 157 20 gemensamma
357 494 34 21 för
413 494 40 21 alla
476 494 52 21 eller
546 493 128 22 åtminstone
696 494 27 21 de
748 494 60 21 flesta
824 493 23 22 af

89 528 63 21 dessa
167 528 78 21 länder.

158 562 74 21 Såsom
257 565 30 18 ett
315 566 132 24 gemensamt
475 562 53 29 drag
555 562 71 21 kunde
653 562 75 21 främst
750 562 97 29 antydas,

89 599 31 19 att
143 598 5 19 i
172 597 98 28 Europas
293 599 58 19 stora
367 597 139 21 kulturstater
520 597 130 28 rättigheten
665 599 30 18 att
711 597 70 21 säsom
797 596 50 21 full-

89 631 81 28 mäktig
185 631 47 21 föra
247 639 81 13 annans
344 631 56 21 talan
418 631 56 21 inför
489 631 27 21 de
532 631 106 21 ordinarie
654 630 150 27 domstolarna,
818 643 28 3 -—

89 665 97 22 frånsedt
215 665 174 21 fredsdomarene
418 665 41 21 och
488 665 27 21 de
538 665 68 28 lägsta
631 665 166 26 underrätterna,
818 678 29 2 —

89 699 82 22 tillkom
194 699 76 22 endast
289 699 56 26 dem,
360 707 45 14 som
422 699 114 28 undergått
552 700 57 21 vissa
624 699 103 28 juridiska
742 699 104 27 examina,

89 734 113 21 hvarutom
225 734 6 20 i
255 733 26 22 de
305 733 60 22 flesta
387 733 75 22 länder
484 733 66 22 äfven
572 733 113 22 fordrades
708 734 60 27 intyg
783 733 63 22 öfver

90 768 96 28 praktisk
208 767 128 29 utbildning,
354 768 90 21 likasom
460 768 41 21 ock
517 768 130 27 inskrifning
662 769 7 20 i
683 775 27 14 en
725 767 120 22 sakförare-

90 803 147 28 korporations
253 802 52 21 eller
320 802 103 21 domstols
439 802 54 27 lista,
509 802 99 21 stundom
620 802 63 21 äfven
697 801 90 29 edgäng.
808 801 39 22 Sä-

90 844 44 14 som
159 837 57 27 regel
239 836 71 21 kunde
332 837 78 27 jemväl
434 844 63 13 anses
513 839 31 18 att
558 837 146 28 legitimation,
719 835 46 22 som
781 835 64 22 bland

90 874 64 18 annat
177 870 110 22 medförde
307 871 122 28 skyldighet
445 873 31 19 att
491 871 28 28 på
534 871 68 28 grund
618 871 23 21 af
656 871 131 21 domstolens
802 870 45 21 för-

90 905 110 21 ordnande
222 906 5 19 i
243 905 58 21 vissa
317 905 37 20 fall
371 905 83 21 biträda
469 905 35 20 för
518 905 72 28 gröfre
607 905 57 21 brott
677 905 106 28 anklagad
799 911 48 22 per-

90 946 44 19 son,
157 939 62 28 gälde
239 939 76 21 endast
330 939 35 21 för
380 940 43 20 viss
440 939 99 26 domstol,
554 939 100 22 stundom
670 939 55 22 dock
741 938 48 22 med
804 940 43 19 rät-

89 973 69 28 tighet
173 976 31 18 att
219 973 43 21 låta
277 974 34 27 sig
326 973 75 22 anlitas
413 973 71 22 såsom
495 973 79 22 ombud
583 973 79 28 jemväl
677 973 36 22 vid
721 981 70 14 annan
799 974 48 19 rätt.

159 1007 65 22 Utom
246 1010 32 18 att
293 1015 54 19 man,
363 1015 76 20 genom
456 1010 32 18 att
503 1007 107 29 uppställa
625 1009 85 26 stränga
726 1007 122 27 fordringar

90 1041 34 21 för
146 1041 129 28 rättigheten
298 1044 31 19 att
352 1041 79 22 erhålla
453 1042 147 27 legitimation,
621 1041 54 22 hade
699 1041 49 22 sökt
767 1041 79 21 afhålla

90 1075 159 29 inkompetenta
272 1083 103 21 personer
398 1075 47 22 från
469 1079 32 18 att
519 1083 55 21 egna
589 1077 33 26 sig
636 1075 23 22 åt
673 1075 174 22 sakförareverk-

90 1110 87 26 samhet,
192 1109 55 22 hade
263 1117 48 14 man
327 1110 65 21 äfven
409 1110 57 21 velat
481 1111 57 27 sörja
554 1110 34 21 för
602 1113 32 18 att
648 1110 137 21 sakförarene
795 1110 53 27 jem-

90 1144 35 22 väl
141 1144 55 22 efter
211 1145 32 20 sin
260 1144 139 28 legitimation
415 1144 65 22 måtte
497 1144 106 22 bibehålla
619 1145 41 21 och
674 1145 123 28 ytterligare
813 1147 34 18 ut-

90 1178 76 22 veckla
188 1178 28 22 de
238 1179 139 28 egenskaper,
399 1179 72 21 hvilka
486 1179 35 21 för
537 1178 112 29 framgång
664 1179 27 28 på
706 1179 71 21 denna
792 1178 55 22 bana

90 1220 52 14 voro
158 1212 142 29 nödvändiga.
331 1214 10 20 I
351 1214 59 20 detta
422 1213 103 21 afseende
538 1213 54 21 hade
603 1213 162 28 lagstiftningen
777 1214 70 20 antin-

89 1254 42 21 gen
155 1247 51 28 bygt
227 1246 28 29 på
277 1247 26 21 de
327 1247 128 28 föreningar,
478 1254 47 14 som
540 1247 142 27 sakförarene,
697 1246 102 22 särskildt
813 1246 35 21 för

90 1282 58 20 vissa
171 1280 107 27 områden,
301 1281 98 28 frivilligt
422 1281 74 28 ingått,
516 1281 51 21 eller
582 1281 40 21 ock
638 1281 55 21 hade
709 1281 138 21 sakförarene

90 1314 67 29 enligt
179 1315 34 27 lag
236 1315 149 28 skyldigkänts
401 1318 32 18 att
448 1315 138 21 domstolsvis
603 1315 63 21 bland
681 1316 46 20 sina
744 1314 102 22 medlem-

90 1356 46 14 mar
159 1352 46 18 utse
225 1352 30 18 ett
279 1350 54 20 visst
351 1350 58 20 antal
424 1349 180 27 förtroendemän,
620 1349 73 21 hvilka
714 1349 85 21 bildade
815 1348 32 22 di-

90 1383 139 28 sciplinärråd
253 1384 51 20 eller
326 1383 202 22 sakförarekamrar.
567 1384 68 21 Dessa
660 1384 122 28 föreningar
797 1383 51 21 eller

91 1418 107 28 kollegier,
214 1418 57 21 olika
287 1418 151 28 organiserade
453 1419 6 20 i
475 1418 106 21 särskilda
592 1418 80 28 länder,
682 1418 54 22 hade
748 1418 99 27 vanligen

161 1464 131 22 Lagutskottets
305 1464 111 18 betänkande
429 1464 36 17 N:o
479 1464 17 17 6.
