1048 1631
184 112 28 20 40
401 109 74 23 Ständ.
491 110 35 23 Sv.
542 124 27 3 —
586 110 62 28 Prop.
665 110 34 22 N:o
714 110 15 22 1.

184 173 128 28 drifvande,
327 173 211 29 upprätthållandet
556 174 27 21 af
596 173 150 22 samfärdseln
760 173 8 22 i
783 173 103 22 farleden
901 173 43 22 och

184 208 85 21 mellan
284 208 135 21 stränderna
434 208 43 22 och
492 208 135 29 skyddande
643 207 27 22 af
682 215 87 14 annans
785 208 112 28 egendom
912 215 32 14 er-

185 242 96 26 fordras,
297 245 59 19 samt
366 242 36 22 för
411 242 128 22 ändamålet
546 249 117 22 upprensa
670 242 161 29 vattendraget
843 242 43 21 och
897 242 47 21 deri

185 276 79 29 bygga
281 276 58 26 dam,
357 277 74 21 såvidt
446 277 81 21 sådant
541 277 46 21 kan
603 277 40 22 ske
659 277 51 21 med
725 276 147 29 iakttagande
883 276 26 22 af
917 277 27 21 de

186 310 7 21 i
211 313 10 18 1
238 310 53 29 kap.
307 313 13 19 5
338 311 14 28 8
368 310 36 23 för
425 311 137 28 utgräfning
584 311 43 22 och
650 311 163 28 dambyggnad
835 311 110 28 stadgade

185 345 81 22 vilkor.

256 374 34 27 Är
305 380 160 28 vattendraget
481 380 26 21 af
520 383 72 19 större
607 380 85 21 allmän
707 380 117 28 betydelse
839 379 36 22 för
885 379 60 22 flott-

185 413 94 29 ningen,
295 414 46 21 kan
357 415 42 21 ock
414 414 156 26 föreskrifvas,
586 417 33 19 att
634 417 88 20 vatten-
738 414 54 21 eller
800 413 145 29 jordområde

186 448 58 21 skall
260 448 101 22 afträdas
377 451 57 19 samt
449 449 137 22 vattenverk
601 449 82 22 ändras
699 449 55 21 eller
768 448 103 23 utrifvas,

541 512 48 29 48.

255 551 12 22 I
282 552 143 29 vattendrag,
448 552 39 21 der
510 552 134 22 samfärdsel
666 552 27 21 af
712 553 77 27 någon
808 551 137 29 betydenhet

186 593 54 21 eger
255 593 51 14 rum
321 586 55 21 eller
398 587 65 26 sluss,
478 586 126 22 värdefullt
625 587 58 21 verk
698 586 55 22 eller
771 593 76 14 annan
862 586 83 28 dyrbar

186 620 143 29 anläggning
344 620 73 22 finnes
433 621 54 22 eller
503 621 143 28 betydligare
657 621 57 21 fiske
725 621 70 25 idkas,
806 622 37 20 må
855 620 18 28 ej
886 620 59 22 flott-

186 654 57 29 ning
258 654 100 29 vidtaga,
374 655 70 22 innan
459 657 69 20 sättet
542 655 44 22 och
601 655 129 28 ordningen
745 655 36 22 för
797 655 50 21 dess
863 655 82 21 bedrif-

186 689 75 21 vande
276 690 30 27 på
321 689 102 22 ansökan
437 689 78 22 blifvit
527 689 105 22 faststäld
644 697 83 21 genom
737 689 208 28 flottningsstadga.

185 722 76 29 Utgör
284 723 80 22 endast
386 724 100 21 enskilds
510 726 46 19 rätt
577 724 83 21 hinder
681 724 36 21 för
732 723 145 29 flottningen,
892 731 53 14 vare

186 757 60 22 dock
263 758 74 21 denne
353 757 106 30 obetaget
470 760 33 19 att
513 758 118 29 medgifva
642 758 109 28 flottning
761 758 8 21 i
779 758 166 28 vattendraget.

255 793 46 21 För
316 793 46 21 viss
378 793 37 21 del
430 793 26 21 af
469 793 101 28 saltsjön,
586 795 25 20 så
626 793 44 22 ock
680 793 37 21 för
727 795 70 19 annat
809 792 137 28 vattendrag

186 829 30 18 än
231 827 7 20 i
256 829 10 18 1
282 833 67 15 mom.
366 829 58 26 sägs,
440 827 70 22 varde
530 827 68 22 äfven
614 827 204 28 flottningsstadga
834 826 111 26 faststäld,

186 861 40 22 der
242 861 39 21 det
296 861 25 21 af
335 861 108 28 sakegare
458 862 102 28 begäres.

541 927 13 19 5
570 925 20 28 8.

256 964 213 29 Flottningsstadga
491 965 58 22 skall
573 972 61 22 noga
658 964 101 29 angifva,
781 965 88 21 hvilket
893 964 53 22 eller

186 998 81 22 hvilka
281 999 138 29 vattendrag
441 999 44 22 den
501 999 65 25 afser,
582 1001 30 27 på
629 999 62 22 hvad
707 1001 46 20 sätt
767 999 43 22 och
826 1001 13 19 å
853 999 94 21 hvilken

186 1033 34 21 tid
235 1033 139 28 flottningen
396 1033 36 22 får
447 1034 40 21 der
509 1034 122 26 bedrifvas,
651 1037 58 18 samt
731 1033 59 22 huru
805 1040 83 21 genom
903 1033 44 21 vir-

186 1067 51 22 kets
253 1067 127 29 sjunkning
399 1068 43 21 och
464 1068 102 29 hopning
584 1068 143 29 uppstående
742 1067 81 22 hinder
838 1067 36 22 för
889 1070 58 19 vatt-

186 1103 51 20 nets
259 1101 138 30 tillräckliga
420 1102 75 29 aflopp
519 1102 119 22 äfvensom
662 1109 76 15 annan
753 1101 121 29 olägenhet
889 1101 58 22 skall

186 1135 143 30 förebyggas
345 1136 43 22 och
410 1136 160 29 undanrödjas,
586 1136 59 23 huru
669 1136 149 22 samfärdseln
838 1136 57 21 skall
911 1135 36 23 be-

186 1173 104 26 tryggas,
302 1171 119 29 befintliga
431 1171 167 29 anläggningar
608 1172 56 21 eller
675 1178 76 14 annan
761 1170 110 29 egendom
880 1170 67 28 skyd-

187 1204 47 26 das,
250 1208 59 18 samt
323 1205 120 22 flottleden
458 1206 8 21 i
481 1206 71 28 öfrigt
566 1206 103 26 inrättas,
685 1208 25 19 så
725 1205 44 22 ock
783 1204 26 22 af
822 1204 68 22 hvem
905 1204 42 22 och

186 1239 63 21 inom
264 1239 95 22 hvilken
374 1240 33 21 tid
423 1240 93 22 stående
532 1240 108 22 anstalter
656 1240 65 22 skola
736 1239 109 29 anläggas
857 1239 43 21 och
910 1246 37 14 an-

187 1273 41 21 dra
250 1274 107 28 åtgärder
379 1274 111 28 vidtagas,
507 1281 48 15 som
577 1274 36 22 för
636 1274 130 22 ändamålet
787 1272 160 26 föreskrifvits,

187 1307 45 22 den
247 1307 131 22 beräknade
393 1308 127 22 kostnaden
538 1308 36 22 för
590 1308 72 26 dessa,
678 1310 59 19 samt
752 1309 13 20 å
779 1308 68 21 hvem
862 1307 86 22 vården

187 1341 44 22 och
246 1342 143 22 underhållet
405 1342 26 22 af
444 1342 83 22 nämda
542 1343 109 21 anstalter
667 1342 138 22 ankommer.

256 1376 142 22 Flottledens
414 1376 128 22 inrättande
558 1376 159 26 öfverlemnas,
733 1376 40 22 der
783 1376 38 21 det
832 1375 20 26 ej
865 1376 25 21 af
898 1376 50 21 kro-

186 1416 45 15 nan
248 1410 139 28 öfvertages,
410 1412 23 20 åt
448 1410 88 22 enskild
559 1418 83 22 person
660 1410 54 22 eller
733 1410 76 28 bolag,
824 1417 49 15 som
887 1409 62 30 pröf-
