1048 1631
327 96 28 22 U.
371 96 28 22 B.
417 109 26 2 —
460 96 76 28 Prop.
552 95 45 23 N:o
614 96 12 21 1
793 98 25 18 77

96 163 88 22 kandes
202 162 107 22 inbördes
326 164 45 19 rätt
385 162 34 21 till
431 161 110 29 uppläten
552 162 65 21 mark
627 165 102 18 närmare
740 161 110 21 bestämts

96 199 42 21 har
156 199 45 21 den
217 198 7 21 i
241 200 13 19 3
271 198 14 29 &
302 198 23 21 af
341 200 12 19 6
371 198 52 28 kap.
440 197 8 22 i
460 197 52 22 nåd.
525 205 64 21 prop.
602 197 94 28 intagna
707 197 144 21 tidsbestäm-

96 234 57 29 ning
164 234 36 21 för
212 234 139 28 erläggande
363 233 24 22 af
397 233 174 22 icke-dikandes
582 233 82 28 bidrag
674 233 124 28 hitflyttats
807 233 43 21 och

97 270 133 21 förbundits
247 270 53 21 med
317 277 28 14 en
361 269 48 22 viss
426 269 133 22 rättverkan
575 269 7 21 i
599 269 40 21 fall
651 269 23 21 af
684 269 165 21 försummelse.

97 306 56 21 Men
169 308 12 19 å
198 306 71 21 andra
286 305 66 22 sidan
368 306 41 21 har
425 305 45 21 den
490 305 111 21 dikandes
620 303 158 30 skyldigheter
798 305 53 21 med

98 341 109 22 afseende
223 344 13 19 å
251 341 86 22 häfden
353 341 24 22 af
393 341 45 22 den
449 341 111 28 upplätna
571 341 101 25 marken,
683 340 7 21 i
701 340 150 22 betraktande

98 377 24 22 af
138 377 39 22 det
192 377 132 22 irrationela
340 379 51 24 sätt,
402 377 88 28 hvarpä
505 377 61 21 kärr-
585 377 43 21 och
646 375 141 29 mossodling
803 375 48 22 ofta

98 413 125 26 bedrifves,
241 413 43 21 och
307 412 152 29 möjligheten
481 414 34 19 att
538 412 95 21 marken
655 415 56 18 utan
726 412 30 21 all
772 411 79 29 odling

80 459 3 5 *
98 449 117 21 lemnades
231 451 34 19 att
283 449 118 28 skoglöpa,
417 448 8 21 i
441 450 34 19 ett
490 447 110 22 särskildt
609 450 102 19 moment
721 450 25 19 sä
756 447 95 30 precise-

98 487 54 24 rats,
170 487 33 19 att
226 485 74 21 bättre
319 484 114 29 garantier
449 487 49 19 mot
513 484 117 22 missbruk
649 484 23 21 af
687 483 164 29 nyttjanderät-

99 523 40 19 ten
154 528 96 15 vunnes.

178 1423 212 19 Vattenrättsutskottets
403 1422 117 19 betänkande
533 1423 36 19 N:o
581 1423 16 18 1.
