1048 1631
108 232 29 19 20
154 230 20 28 8.

114 697 26 19 21
158 695 21 28 8.

228 95 28 19 62
429 94 28 22 U.
473 94 27 22 B.
517 108 27 2 —
562 94 72 29 Prop.
650 95 45 23 N:o
711 95 13 23 1

198 159 85 22 skador
298 160 71 22 oftast
383 167 40 15 äro
438 160 24 22 af
473 161 45 21 den
528 161 168 26 beskaffenhet,
705 164 34 19 att
749 162 66 21 deras
827 162 126 22 utrvdanude

198 195 59 22 efter
273 203 29 14 en
320 196 79 29 längre
415 196 45 22 tids
477 197 91 28 förlopp
584 201 25 17 är
625 197 147 29 synnerligen
787 198 124 29 vanskligt.

272 231 41 22 Uti
330 233 28 20 de
374 232 115 22 allmänna
504 233 102 21 motiven
623 233 35 22 till
672 233 98 29 kapitlet
782 234 41 21 har
834 235 70 20 redan
915 242 37 13 an-

197 267 64 29 tydts
277 270 34 19 att
327 268 44 21 den
392 269 51 20 nåd.
465 276 63 21 prop.
551 269 113 28 tillämpat
685 269 153 28 grundsatsen
854 277 37 14 om
909 270 43 22 vir-

197 303 122 31 kesegares
337 304 135 22 solidariska
488 305 147 28 ansvarighet
650 305 36 21 för
701 305 72 22 skada
784 306 7 21 i
802 306 65 28 långt
877 308 75 19 större

197 339 160 29 utsträckning
373 344 29 17 än
420 342 57 19 1873
493 343 36 19 års
545 341 141 28 förordning.
710 341 80 28 Enligt
805 341 76 22 denna
897 349 55 21 eger

196 375 118 28 nämligen
337 376 70 21 sådan
429 376 147 29 ansvarighet
592 384 50 13 rum
657 377 59 21 blott
731 377 144 21 beträffande
892 377 60 21 dele-

196 418 55 21 gare
267 411 8 21 i
292 412 39 21 det
346 411 144 30 virkesparti,
507 419 49 14 som
569 413 91 21 orsakat
671 413 87 21 skadan
768 413 8 21 i
787 413 71 28 fråga,
867 413 84 22 medan

197 447 73 29 enligt
281 450 29 19 20
323 447 30 30 8i
364 455 63 22 prop.
437 448 97 21 berörda
542 448 147 29 ansvarighet
697 448 8 21 i
713 449 62 28 regel
784 449 107 21 omfattar
900 449 51 28 alla,

196 483 81 22 hvilka
292 483 75 22 under
383 485 48 20 äret
445 484 112 21 verkstält
568 483 109 29 flottning
688 484 7 21 i
707 484 39 21 det
756 485 143 28 vattendrag,
911 485 41 21 der

198 519 72 21 skada
292 519 72 21 timat.
396 519 109 29 Egentlig
526 519 119 29 betydelse
665 520 42 21 har
722 520 58 21 dock
797 520 154 28 grundsatsen

197 555 8 21 i
225 555 66 28 fråga
312 555 53 21 med
386 555 107 21 afseende
515 557 13 20 å
547 555 90 22 enskild
656 555 116 29 flottning,
789 559 54 18 enär
858 556 40 21 vid
914 564 37 21 ge-

197 598 104 15 mensam
322 591 109 28 flottning
452 591 175 29 virkesegarene
647 592 64 21 bilda
731 599 28 14 en
781 592 106 29 förening
908 593 43 21 och

198 627 67 21 deras
282 627 135 21 solidariska
433 627 147 28 ansvarighet
596 627 36 22 för
647 627 78 26 skada,
737 635 49 14 som
797 627 67 22 timar
874 628 8 21 i
892 628 59 29 följd

198 663 24 21 af
237 662 148 29 föreningens
401 663 152 26 verksamhet,
571 667 24 17 är
611 663 129 28 sjelffallen.

269 699 80 28 Enligt
372 701 56 18 1873
450 701 35 19 års
506 699 135 28 förordning
662 699 87 28 åligger
765 699 40 21 det
820 699 131 29 flottnings-

196 734 91 22 förman
309 737 38 23 att,
371 735 40 21 der
432 735 71 21 skada
523 742 83 21 genom
623 734 110 29 flottning
749 735 67 26 skett,
833 735 119 28 sjelfmant

196 771 79 21 derför
290 773 23 17 åt
329 771 126 28 sakegaren
472 771 96 28 erbjuda
584 771 132 28 ersättning.
741 771 12 21 I
763 771 110 21 händelse
889 771 62 28 enig-

195 806 41 22 het
251 806 146 22 beträffande
413 806 167 29 ersättningens
596 806 85 29 belopp
697 806 50 21 icke
764 809 72 24 ernås,
852 807 99 21 bestäm-

196 850 49 13 mes
261 843 64 20 detta
340 842 6 21 i
364 842 71 21 första
450 842 62 21 hand
528 842 24 21 af
567 842 128 29 skiljemän.

269 878 52 21 Den
337 878 52 21 nåd.
406 885 63 22 prop.
487 878 149 21 föreskrifver
646 878 8 21 i
666 880 26 19 21
705 878 14 29 $
729 878 34 21 uti
775 878 175 29 ifrågavarande

197 914 109 22 afseende
323 916 32 19 ett
371 913 8 22 i
395 916 25 19 så
435 916 71 19 måtto
519 913 123 22 afvikande
653 913 137 26 förfarande,
800 916 33 19 att
845 914 44 21 den
901 921 49 14 som

197 950 53 21 lidit
272 950 73 21 skada
364 949 53 29 sjelf
433 957 54 21 eger
502 949 75 22 vända
593 949 35 29 sig
644 949 53 22 med
713 950 99 28 anspråk
827 951 30 27 på
873 953 78 18 ersätt-

195 985 58 29 ning
269 986 35 21 till
320 985 162 28 virkesegaren
498 985 54 21 eller
563 985 142 26 förmannen,
715 985 102 26 hvilken,
830 985 69 22 äfven
911 986 41 21 der

195 1022 47 21 han
264 1022 20 28 ej
308 1022 134 28 godkänner
457 1022 128 27 anspråket,
603 1025 24 18 är
642 1021 94 28 skyldig
752 1024 33 19 att
801 1021 36 22 för
853 1021 39 22 det
907 1021 44 22 for-

196 1058 71 21 drade
285 1058 162 21 skadeståndet
464 1057 65 22 ställa
545 1057 111 22 säkerhet.
682 1057 142 29 Pröfningen
838 1057 24 22 af
873 1060 78 19 ersätt-

195 1093 100 29 ningens
318 1093 84 29 belopp
427 1094 132 21 ankommer
586 1094 128 21 sedermera
739 1095 12 19 å
775 1093 174 28 skiljemännen.

195 1129 150 22 Beträffande
367 1129 80 29 frågan
469 1137 35 14 om
527 1129 111 22 ställande
659 1129 24 21 af
699 1129 106 21 säkerhet
820 1129 36 21 för
872 1129 80 22 skade-

196 1166 80 22 stånds
287 1166 115 28 gäldande
413 1173 66 14 anser
489 1165 119 22 Utskottet
619 1168 33 19 att
663 1173 76 21 prop:s
751 1165 118 22 föreskrift
879 1166 72 21 borde

196 1202 8 21 i
223 1204 79 26 någon
322 1204 54 19 mån
399 1202 104 21 moderas
527 1209 83 21 genom
635 1204 34 19 att
692 1201 259 29 flottningsförmannen

196 1237 97 21 beredes
310 1237 91 21 tillfälle
417 1240 33 18 att
466 1237 140 21 omedelbart
622 1237 139 21 underkasta
777 1239 32 19 ett
821 1237 130 28 uppenbart

196 1273 95 21 alldeles
308 1272 99 29 oskäligt
423 1273 98 28 anspråk
538 1272 178 29 skiljemännens
733 1272 158 29 bepröfvande
907 1272 44 22 för-

195 1308 168 26 beredelsevis;
381 1309 43 21 och
440 1309 41 21 har
497 1311 32 19 ett
539 1309 71 28 härpå
621 1308 107 29 syftande
744 1308 81 28 tillägg
842 1308 35 21 till
888 1315 63 22 para-

195 1344 82 29 grafen
301 1344 78 29 gjorts,
397 1345 7 21 i
420 1344 59 29 följd
497 1344 81 22 hvaraf
594 1344 87 29 jemväl
698 1352 28 13 en
747 1344 98 28 ändring
866 1344 7 21 i
896 1344 55 22 den-

195 1387 100 14 sammas
314 1380 159 29 uppställning
492 1380 118 21 befunnits
626 1380 78 26 nödig.

272 1422 211 19 Vattenrättsutskottets
496 1422 116 18 betänkande
625 1422 37 18 N:o
674 1422 15 18 1.
