1048 1631
316 96 31 22 U.
363 96 27 22 B.
407 108 26 4 —
451 96 75 28 Prop.
541 95 45 23 N:o
602 95 14 22 1
786 97 25 19 17

89 168 74 29 enligt
178 168 130 22 Utskottets
325 167 93 29 mening
434 167 51 22 icke
501 169 72 27 nägot
588 166 56 27 skäl,
661 173 49 16 som
721 166 74 23 skulle
806 166 37 22 be-

89 204 65 29 tinga
177 204 143 29 kungsädras
342 203 184 30 öppenhällande
546 203 35 22 uti
601 203 80 29 hvarje
705 203 70 22 äfven
799 203 44 22 den

90 240 169 29 obetydligaste
275 239 134 30 förgrening
425 239 24 22 af
463 241 20 24 å,
496 241 25 20 sä
532 239 94 29 mycket
636 247 48 14 mer
694 246 50 15 som
756 239 39 22 det
805 239 38 22 all-

90 280 95 17 männäs
202 275 96 22 intresse
314 275 20 29 ej
353 275 72 22 sällan
440 275 74 22 bättre
531 275 163 28 tillgodosäges
711 282 83 21 genom
811 277 33 19 att

90 312 72 21 sådan
178 312 54 21 ådra
248 311 117 22 lemnades
377 315 76 24 öppen
464 311 59 22 blott
534 311 34 21 uti
579 319 29 13 en
619 313 75 26 ägren,
707 311 83 21 medan
800 310 43 21 till-

91 347 118 29 äfventyrs
225 347 142 28 förefintliga
383 347 70 21 andra
469 354 82 21 grenar
566 347 22 21 h.
606 354 19 14 o.
642 347 22 20 h.
680 346 163 29 disponerades

91 383 36 22 för
146 383 126 22 industrins
291 383 78 26 behof,
385 385 16 19 t.
418 391 34 13 ex.
469 383 36 21 för
521 390 17 14 s.
557 383 22 21 k.
596 382 177 29 stockmagasin,
789 382 56 22 eller

91 422 15 19 t.
124 427 19 14 o.
161 427 29 14 m.
208 419 35 21 för
258 418 66 22 fiske.
351 419 55 21 Med
422 419 109 21 afseende
547 418 55 22 härä
617 419 41 20 har
668 418 177 29 bestämningen

92 463 37 14 om
150 454 131 29 kungsädra
301 454 34 21 uti
355 461 58 22 gren
435 454 24 21 af
474 456 13 19 ä
502 454 51 21 från
569 453 136 30 paragrafen
720 453 123 22 uteslutits.

163 491 75 21 Bland
255 491 28 21 de
299 493 86 24 vatten,
402 490 34 22 uti
451 490 81 21 hvilka
545 490 132 29 kungsådra
687 490 59 22 skall
757 490 87 22 lemnas

92 531 82 26 öppen,
197 527 130 28 uppräknar
342 527 45 20 den
403 527 51 21 nåd.
471 534 64 21 prop.
552 526 9 21 i
576 526 74 21 likhet
665 527 53 21 med
735 529 57 19 1868
809 528 35 20 års

92 563 135 28 förordning
241 563 86 28 jemväl
344 563 66 21 sund.
435 562 135 22 Emellertid
581 569 75 22 synes,
669 562 72 29 enligt
751 562 93 22 Utskot-

93 602 44 19 tets
153 598 156 29 uppfattning,
328 599 194 28 tillgodoseendet
538 598 24 21 af
576 598 159 29 kungsådrans
752 597 93 30 uppgift

92 635 8 21 i
117 635 166 28 vattendragen
297 634 94 29 betinga
408 634 71 22 sådan
495 634 66 21 ådras
578 634 125 21 förekomst
718 634 60 21 blott
793 634 8 21 i
817 634 28 21 de

94 671 66 26 sund,
176 671 80 21 hvilka
271 672 30 27 på
316 671 75 28 grund
408 670 23 21 af
447 670 40 21 sitt
502 670 52 29 läge
570 670 56 21 eller
641 670 70 22 andra
724 669 121 22 förhållan-

94 707 45 21 den
154 706 163 22 företrädesvis
336 709 82 26 utgöra
435 706 39 21 led
490 706 37 22 för
541 709 101 19 vattnets
659 706 61 29 lopp,
737 705 108 22 samfärd-

94 742 49 21 seln
160 742 55 21 eller
230 742 87 21 fiskens
333 742 121 29 vandring.
479 742 151 21 Beträffande
641 742 102 21 deremot
754 741 27 22 de
793 741 53 22 mel-

94 779 38 20 lan
147 777 88 22 holmar
251 778 43 21 och
311 777 52 22 skär
379 780 59 19 samt
447 777 179 29 kringliggande
636 777 54 22 land
701 777 78 22 talrikt
790 777 57 22 före-

94 813 137 22 kommande
248 813 66 26 sund,
330 813 81 22 hvilka
426 813 34 22 uti
475 813 95 22 berördt
586 813 107 22 afseende
709 813 51 22 icke
775 813 71 22 hafva

94 852 77 26 någon
185 849 101 29 egentlig
300 849 127 28 betydelse,
438 849 96 26 fordrar,
546 849 73 28 enligt
629 849 129 22 Utskottets
770 849 75 26 tanke,

95 886 57 21 intet
168 885 100 28 verkligt
283 885 71 22 behof
369 885 143 28 kungsådras
530 885 203 28 öppenlemnande.
759 885 12 21 TI
782 885 65 28 fråga

95 929 38 14 om
156 921 79 28 dylika
250 921 60 21 sund
325 920 42 22 bör
382 921 63 28 förty
461 928 95 21 egarens
573 921 194 29 dispositionsrätt
783 920 64 22 öfver

95 959 90 20 vattnet
200 957 51 21 icke
265 957 150 21 underkastas
427 957 45 21 den
482 957 174 28 inskränkning,
668 964 49 14 som
728 956 119 29 principen

96 1001 37 13 om
148 993 132 28 kungsådra
295 993 101 26 innebär,
413 993 156 28 synnerligast
584 1000 50 14 som
649 992 150 29 möjligheten
815 994 33 19 att

95 1029 50 21 fritt
168 1029 91 28 förfoga
282 1029 65 21 öfver
368 1031 90 19 vattnet
476 1028 82 22 härvid
574 1029 48 21 ofta
638 1033 24 16 är
677 1029 24 21 af
716 1028 51 21 icke
783 1028 65 28 ringa

95 1065 120 28 betydelse
231 1064 108 22 särskildt
355 1064 36 21 för
406 1065 172 21 landtmannen.

167 1100 54 21 Med
245 1100 108 21 afseende
377 1102 12 19 å
411 1100 39 21 det
471 1100 71 22 ofvan
563 1100 96 21 anförda
674 1100 41 21 har
730 1100 119 21 Utskottet

96 1138 76 20 ansett
182 1135 175 29 bestämningen
369 1143 37 14 om
416 1136 144 28 kungsådras
572 1136 181 28 öppenhållande
765 1135 7 22 i
784 1135 64 29 fråga

96 1180 37 14 om
150 1172 60 21 sund
229 1172 56 21 böra
304 1172 48 21 afse
368 1172 60 21 blott
443 1172 45 21 den
504 1172 158 21 förstnämnda
677 1172 24 21 af
716 1171 133 22 förberörda

96 1208 135 28 kategorier,
253 1207 95 22 hvilken
368 1208 121 21 Utskottet
509 1210 56 19 trott
584 1208 79 21 kunna
681 1207 114 22 träffande
811 1207 37 21 be-

96 1244 94 21 tecknas
206 1244 53 21 med
275 1243 170 29 benämningen
462 1243 106 27 ledsund,
580 1246 33 18 ett
623 1244 98 28 uttryck,
734 1250 49 14 som
794 1244 55 20 åter-

96 1279 76 22 finnes
195 1279 59 22 både
278 1279 8 21 i
310 1279 28 21 de
359 1279 63 21 äldre
443 1279 95 29 lagarna
560 1280 42 21 och
619 1279 7 21 i
643 1279 38 21 det
697 1279 99 22 svenska
811 1278 38 22 all-

96 1315 161 29 mogespråket
272 1315 8 21 i
295 1317 55 19 våra
365 1315 147 22 kusttrakter.

168 1351 184 22 Vidkommande
377 1351 113 21 strömfall
509 1353 74 20 måste
606 1358 77 22 prop:s
707 1350 143 29 stadganden

96 1387 59 21 efter
178 1387 66 21 deras
269 1387 151 28 ordalydelse,
443 1389 75 19 säsom
539 1386 120 22 Utskottet
676 1386 8 22 i
700 1386 149 28 inledningen

172 1428 211 19 Vattenrättsutskottets
395 1429 118 19 betänkande
527 1429 37 18 N:o
577 1429 15 18 1.
768 1429 11 17 2
