1048 1631
208 132 12 20 2
436 132 28 22 U.
480 132 26 22 B.
523 144 25 4 —
566 132 74 28 Prop.
656 132 45 22 N:o
718 132 21 22 6.

277 200 42 21 Till
335 201 12 20 3
364 208 61 13 mom.
441 200 23 22 af
479 201 141 21 förevarande
637 201 98 28 paragraf
751 201 38 21 har
804 201 156 22 Prestestände!

207 234 46 21 åter
277 233 87 22 beslutit
386 237 31 18 ett
438 235 81 28 tillägg,
543 237 32 19 att
597 235 28 21 dä
646 235 101 21 klockare
761 235 83 28 jemlikt
860 236 54 21 1681
931 235 29 22 år:

207 268 128 29 förordning
349 269 160 21 tillkommande
526 269 88 28 afgifter
630 269 36 22 vid
682 269 182 28 löneregleringen
881 272 60 25 tagas

208 302 124 29 beräkning,
346 303 63 21 dessa
420 303 67 22 borde
498 306 104 26 upptagas
614 304 31 21 till
657 303 61 22 deras
730 303 127 28 dävarande,
869 303 90 29 verklig:

207 337 182 28 penningevärde.

277 371 59 21 Enär
351 371 132 22 beträffande
499 373 12 20 3
528 373 12 26 &
556 374 32 19 tre
604 371 79 22 Ständs
700 371 70 22 beslut
784 371 121 29 föreligger,
921 371 38 22 för-

208 405 50 21 falla
275 405 27 21 de
317 405 154 28 förändringar,
487 413 45 14 som
548 406 23 21 af
586 405 162 22 Presteständet
763 406 44 21 deri
824 405 109 29 vidtagits.

562 487 48 27 48.

277 542 159 29 Ridderskapet
447 543 40 22 och
499 543 69 22 Adeln
578 546 56 19 samt
644 543 181 28 Borgareständet
836 543 65 21 hafva
911 543 47 28 god:

208 576 52 22 känt
277 577 37 21 det
328 578 6 20 i
351 577 144 22 betänkandet
510 577 105 28 ingående
630 577 109 28 förslaget.

278 611 161 22 Presteständet
453 612 39 21 har
508 612 92 27 beslutit,
615 615 31 18 att
662 611 125 29 paragrafen
804 611 65 22 borde
886 611 72 22 omfor

208 645 92 22 muleras
321 645 96 28 sålunda,
437 649 31 18 att
486 647 2 20 i
504 646 158 29 Lappmarken,
677 645 86 22 hvarest
778 646 66 28 priset
859 645 28 29 på
901 653 53 21 span

208 679 42 22 mål
266 681 24 20 är
305 680 84 29 mycket
405 681 65 28 högre
486 682 25 20 än
523 680 291 28 medelmarkegångsprisen,
825 680 132 22 klockarene:

208 713 61 22 löner
283 714 48 22 icke
347 714 83 22 komme
446 718 31 18 att
492 715 72 21 ställas
580 715 58 28 lägre
654 716 25 19 än
696 714 63 21 förut.

278 748 163 22 Bondeståndet
451 749 38 22 har
500 749 54 21 efter
566 749 167 21 »1890—1899>
745 748 70 28 tillagt
825 748 66 21 orden
904 756 53 14 »mer

208 782 39 22 der
262 783 29 28 på
305 786 60 18 orten
381 783 98 28 gällande
495 784 43 28 pris
553 785 37 20 äro
606 783 71 28 högre,
694 783 51 21 böra
760 782 62 22 dessa
838 783 119 28 iakttagas»

278 817 46 22 Vid
347 817 121 28 jemförelse
491 818 23 21 af
536 817 48 22 dei
600 817 244 28 författningsförslaget
859 817 98 28 ingäend

208 850 149 29 stadgandena
379 851 66 22 finner
468 852 112 22 Utskottet
602 851 38 22 det
652 852 125 27 visserligen
793 851 126 29 uppenbart,
934 854 22 19 at

208 885 41 22 den
261 886 6 20 i
279 887 13 20 4
303 886 11 27 $
326 887 91 21 nämnda
427 887 129 28 omsättning
567 887 23 20 af
600 886 89 29 afgifter
699 886 83 29 åsyftar
790 886 75 21 endast
873 889 32 18 att
913 887 41 28 möj

208 919 83 28 liggöra
314 928 25 13 en
364 921 113 28 utredning
497 929 34 13 om
552 920 184 29 penningevärdet
755 921 23 21 af
797 920 91 29 tidigare
907 921 48 20 löne

208 951 109 24 förmåner
332 955 34 20 för
381 957 31 19 att
427 955 58 21 detta
499 955 83 29 jemlikt
603 957 6 20 3
626 955 12 28 &
658 956 4 20 1
675 962 61 14 mom.
747 954 71 22 kunde
829 955 88 21 beaktas
929 955 27 21 vit

209 988 170 22 bestämmandet
394 989 23 22 af
432 989 69 28 lönen,
516 989 90 22 hvarvid
620 989 38 21 det
670 989 115 28 ingalunda
796 996 50 14 vore
857 989 99 28 förbjude

208 1025 32 18 att
256 1023 106 21 fastställa
378 1031 25 13 en
419 1023 66 28 högre
500 1024 42 25 lön,
557 1023 71 22 derest
644 1023 66 28 sagda
727 1023 78 29 belopp
816 1023 47 22 icke
875 1023 79 28 ansåge

208 1057 130 28 tillräckligt.
368 1057 133 29 Stadgandet
523 1059 6 20 i
552 1059 13 20 4
586 1059 15 26 &
622 1057 71 22 kunde
709 1057 66 22 likväl
791 1059 5 20 i
813 1059 71 27 praxis
900 1058 55 21 verk:

208 1090 89 28 derhän,
320 1094 31 19 att
374 1092 110 21 klockare-
507 1092 40 22 och
570 1092 166 28 orgelnistlönen
759 1092 28 28 på
809 1095 62 23 orter,
886 1091 38 22 der
939 1092 14 21 d

209 1125 98 29 verkliga
329 1127 71 28 prisen
423 1126 105 29 betydligt
542 1127 119 27 öfverstiga
676 1126 279 29 medelmarkegångspriser

208 1159 70 22 skulle
294 1160 108 22 nedsättas
418 1161 31 21 till
465 1161 91 28 oskäligt
572 1161 43 28 lågt
632 1160 83 29 belopp.
742 1160 49 22 Med
802 1161 102 21 afseende
915 1160 39 22 här

208 1193 41 22 och
272 1194 27 21 då
319 1194 65 22 äfven
401 1202 24 14 en
442 1195 100 28 riktigare
558 1196 139 28 uppfattning
712 1202 33 14 om
762 1195 26 21 de
804 1195 151 21 löneförmåner

208 1235 47 14 som
278 1228 36 21 vid
337 1228 158 22 fastställandet
519 1230 23 20 af
561 1230 63 20 lönen
640 1229 61 21 skola
717 1229 94 27 beaktas,
827 1229 41 21 kan
885 1230 70 21 vinnar

208 1262 73 22 derest
303 1263 32 21 till
358 1263 68 28 grund
443 1264 34 20 för
491 1263 185 29 penningevärdet
691 1263 22 21 af
728 1263 27 21 de
771 1264 6 20 i
793 1264 128 21 naturalster
936 1271 18 13 er

208 1296 65 28 lagda
289 1297 115 28 afgifterna
420 1300 59 26 tagas
496 1298 27 21 de
539 1298 95 28 verkliga
651 1298 70 28 prisen
737 1298 13 21 å
765 1298 74 28 hvarje
854 1300 39 24 ort,
905 1305 49 14 anse

209 1330 114 22 Utskottet
338 1332 100 28 önskligt,
453 1335 31 19 att
499 1332 164 28 ifrågavarande
677 1332 100 28 paragraf
788 1332 128 28 förtydligas
927 1340 25 14 oc

208 1366 5 20 i
237 1365 72 29 någon
329 1366 48 21 mån
394 1366 118 22 modifieras
529 1368 6 20 i
550 1367 42 21 den
608 1367 23 21 af
646 1366 163 22 Presteståndet
825 1366 41 22 och
881 1366 73 22 Bonde

207 1400 90 21 ståndet
311 1400 118 22 omfattade
443 1401 102 28 riktning,
560 1401 56 21 heisö
631 1400 124 29 derigeuvw
771 1400 65 22 äiven
847 1400 37 22 dot
894 1404 60 25 ogon!

208 1434 44 28 liga
275 1434 122 28 syftemålet
420 1435 48 21 med
484 1435 36 21 det
536 1435 23 21 af
575 1435 112 22 Utskottet
703 1435 90 28 tidigare.
808 1435 122 26 förordade,
945 1442 8 14 a
