1048 1631
192 132 16 19 4
412 130 73 23 Ständ.
501 130 36 24 Sv.
555 144 25 3 —
598 131 61 27 Prop.
677 131 35 22 N:o
726 132 15 21 1.

194 194 84 21 nämda
293 194 50 29 slag
357 194 26 21 af
396 195 65 26 sund,
479 195 78 21 hvilka
572 194 134 22 betecknats
721 194 53 22 med
789 194 168 29 benämningen

195 228 103 22 ledsund.

265 263 80 28 Enligt
361 263 44 21 den
424 263 85 28 nådiga
523 263 172 29 propositionen
711 263 89 22 komme
816 263 141 22 strömfallen

195 300 34 18 att
244 297 8 21 i
267 297 108 22 afseende
387 299 12 20 å
409 297 133 29 kungsådra
554 297 109 22 hänföras
679 297 35 22 till
728 300 85 19 tvenne
822 297 135 28 kategorier,

196 332 45 21 den
259 339 44 14 ena
325 331 141 22 omfattande
486 332 120 26 strömfall,
622 339 50 14 som
687 332 92 21 befinna
794 332 35 28 sig
844 332 7 21 i
867 332 38 21 sitt
920 339 37 14 na-

196 366 84 28 turliga
295 366 110 26 tillstånd,
425 366 44 22 den
486 366 72 22 andra
572 366 120 26 strömfall,
708 367 7 20 i
730 366 79 22 hvilka
823 366 134 22 vattenverk

194 401 57 20 eller
266 400 175 29 vattenledning
454 401 96 28 anlagts.
576 401 45 21 För
632 401 46 21 den
688 401 142 21 förstnämda
840 401 117 28 kategorin

196 435 75 21 skulle
286 442 86 14 samma
388 435 171 28 bestämningar
572 442 48 15 som
630 435 38 22 för
679 435 70 21 andra
760 435 110 21 rinnande
880 437 77 19 vatten

196 469 91 22 komma
311 471 33 19 att
367 469 66 28 gälla.
464 470 45 21 För
532 470 44 21 den
599 469 72 22 andra
694 471 48 20 åter
757 470 74 21 skulle
845 469 112 29 tillämpas

194 503 141 28 stadgandet
353 506 34 19 att
402 504 149 28 kungsådran
566 504 112 21 beräknas
689 504 58 21 efter
758 505 199 27 vattenmängden,

196 537 97 22 sålunda
314 538 123 28 nämligen,
461 540 34 19 att
517 546 29 13 en
569 538 113 29 tredjedel
697 538 26 21 af
737 539 74 21 denna
825 539 42 21 bör
881 539 76 21 kunna

196 579 85 21 genom
296 572 148 28 kungsådran
458 572 82 29 nedgå.

267 607 133 21 Emellertid
415 614 54 15 vore
487 607 71 28 enligt
574 607 140 22 Ständernas
730 607 93 28 mening
837 607 120 22 sistnämda

196 641 130 28 anordning
341 641 50 21 icke
407 649 78 14 ensam
501 641 37 22 för
554 642 41 28 sig,
607 641 70 22 äfven
688 649 37 14 om
736 641 158 29 kungsådrans
905 642 52 21 min-

197 678 36 19 sta
247 675 74 22 bredd
336 675 135 22 bestämmes
489 676 35 21 till
539 676 37 28 sju
590 678 79 24 meter,
685 676 124 28 tillräcklig
824 678 33 19 att
873 676 84 29 afvärja

198 710 45 21 den
265 709 127 29 möjlighet,
415 712 33 19 att
472 710 112 22 strömfall
607 718 84 21 genom
706 711 189 28 dambyggnader
909 711 48 21 från

198 744 113 21 hvardera
326 744 65 21 sidan
413 746 24 20 så
452 744 164 29 hopträngdes,
633 747 34 20 att
686 745 135 28 visserligen
836 752 29 14 en
879 744 78 29 tredje-

198 778 38 22 del
251 778 26 22 af
289 779 196 28 vattenmängden
503 779 77 22 kunde
595 786 84 21 genom
692 779 45 22 den
747 779 134 22 frilemnade
891 779 66 21 ådran

198 813 118 26 nedrinna,
332 820 53 14 men
400 815 34 20 att
449 813 63 22 detta
528 813 74 22 skulle
615 813 41 22 ske
672 814 81 21 endast
769 821 82 21 genom
866 815 33 20 att
913 815 44 20 vat-

200 849 174 20 tenströmmens
397 847 116 29 hastighet
529 848 117 28 stegrades
663 849 7 20 i
686 856 29 13 en
730 848 63 28 grad,
809 855 49 14 som
873 850 84 20 väsent-

199 882 43 28 ligt
264 881 134 22 försvårade
421 883 161 28 kungsädrans
606 883 150 28 användning
773 882 36 22 för
825 883 70 21 andra
910 883 47 21 dess

200 916 111 21 ändamål.
343 916 128 22 Ständerna
497 917 71 22 hafva
592 917 78 22 derför
692 919 75 19 ansett
787 917 170 28 försigtigheter

200 950 77 28 bjuda,
293 953 34 19 att
342 951 39 21 vid
397 951 133 22 införandet
550 951 25 22 af
588 951 177 29 ifrågavarande
779 959 47 20 nya
841 951 116 28 grundsatt

200 985 7 20 i
222 985 316 29 vattenrättslagstiftningen
560 986 50 21 icke
633 988 31 26 gå
686 986 87 28 längre,
789 989 29 18 än
836 988 34 19 att
885 988 72 19 ström:

200 1019 243 28 ningsförhållandena
457 1019 53 22 före
526 1021 183 28 anläggningens
720 1020 122 21 utförande
852 1020 73 22 blifva
935 1020 22 21 de

200 1053 37 22 för
252 1054 148 28 kungsädran
424 1054 176 22 bestämmande.
631 1055 55 21 Men
702 1057 13 19 ä
731 1055 70 21 andra
816 1055 65 21 sidan
895 1062 62 21 synet

200 1095 87 14 samma
302 1089 76 28 grund
393 1088 36 22 för
444 1089 161 28 kungsädrans
624 1089 147 22 beräknande
787 1089 54 22 böra
856 1089 61 28 gälla
931 1089 26 22 äf

200 1130 46 13 ven
260 1123 37 22 för
313 1123 29 21 de
357 1123 119 26 strömfall,
492 1123 40 22 der
548 1123 173 22 vattenkraften
737 1123 50 22 icke
798 1126 61 19 ännu
869 1123 88 22 kommi'

200 1157 36 21 till
251 1157 156 29 användning,
423 1160 33 19 ett
472 1158 113 28 tillfälligt
602 1158 42 22 och
660 1166 48 14 mer
725 1158 53 22 eller
793 1158 88 22 mindre
891 1158 65 22 öfver

202 1192 89 28 gäende
306 1192 150 26 förhällande,
473 1200 49 14 som
537 1193 51 21 icke
604 1192 70 22 borde
690 1192 25 22 fä
726 1192 95 22 inverka
831 1194 30 27 pä
870 1193 87 21 fixeran

201 1226 39 21 det
256 1226 26 21 af
294 1226 159 28 kungsädrans
471 1229 59 19 rätta
541 1227 94 29 omfång
646 1228 7 20 i
664 1227 169 28 vattendraget;
845 1227 43 22 och
896 1226 61 23 hafv:

203 1260 129 22 Ständerna
347 1260 63 29 förty
425 1260 68 29 gifvit
517 1262 39 21 det
574 1269 46 21 nya
639 1262 138 28 stadgandet
793 1269 28 13 en
836 1262 121 27 affattning

202 1302 55 18 som,
274 1302 85 21 genom
373 1296 310 28 vattenmängdsprincipens
699 1296 160 28 utsträckning
874 1296 35 21 till
923 1295 34 21 all:

203 1329 113 21 strömfall
339 1329 43 22 och
404 1330 197 28 beräkningarnas
624 1330 144 22 hänförande
790 1330 35 21 till
848 1330 27 22 de
890 1332 68 20 natur

202 1363 47 28 liga
271 1363 175 23 förhållandena
461 1364 8 21 i
485 1364 57 26 dem,
566 1368 24 18 är
613 1365 75 28 egnad
712 1367 33 19 att
760 1366 29 26 pä
805 1372 84 14 samma
904 1366 53 26 gån;

202 1397 97 29 utvidga
321 1398 192 28 tiliampiigheten
533 1399 26 21 af
572 1400 44 21 den
631 1399 87 29 nådiga
732 1399 183 29 piopositionens
929 1399 28 22 bo

202 1432 143 28 stämningar
361 1432 43 22 och
419 1433 51 21 icke
487 1434 160 28 oväsentligen
662 1433 107 22 förenkla
784 1434 119 21 desamma.
