1048 1631
391 457 279 23 Vattenrättsutskottets
695 457 126 22 utlåtande
847 457 10 22 i

318 493 137 28 anledning
477 493 28 22 af
524 493 217 28 Borgareståndets
759 493 98 29 inbjud-

319 530 62 27 ning
416 529 152 23 beträffande
604 529 132 23 Utskottets
774 529 83 23 betän-

319 565 81 23 kande
415 565 44 23 N:o
478 565 18 22 1.

176 632 79 29 Enligt
281 632 118 22 Utskottet
424 631 198 22 tillhandakomna
648 632 209 29 protokollsutdrag

104 669 70 21 hafva
194 668 169 28 Ridderskapet
379 667 42 22 och
437 667 77 22 Adeln
530 670 60 19 samt
605 668 88 21 Preste-
710 668 42 21 och
768 668 89 21 Bonde-

104 704 103 27 stånden,
234 704 71 21 sedan
329 703 193 29 Borgareständet
547 703 95 22 heslutit
664 703 96 29 inbjuda
786 703 71 29 sagda

105 740 67 21 ständ
188 742 33 19 att
236 739 79 22 förena
331 739 36 29 sig
383 747 37 14 om
437 739 27 21 de
480 739 84 26 beslut,
580 739 64 22 hvari
664 739 193 29 Borgareständet

104 776 40 21 vid
165 775 171 30 behandlingen
357 776 24 21 af
400 775 132 22 Utskottets
548 775 144 22 betänkande
708 775 43 22 N:o
770 779 9 18 1
798 778 59 19 stan-

104 815 40 18 nat
158 811 145 22 beträffande
322 813 25 20 12
365 812 42 21 och
426 813 26 20 14
468 811 29 29 88
515 814 10 19 1
543 812 51 28 kap.
612 811 7 22 i
635 812 67 28 lagen
719 819 36 14 om
770 814 87 19 vatten-

104 851 80 23 rätten,
210 848 65 21 öfver
297 847 97 22 berörda
410 847 75 22 beslut
501 847 67 22 äskat
582 848 131 21 Utskottets
729 847 127 26 utlätande;

104 885 42 20 och
171 884 35 21 fär
228 883 121 22 Utskottet
371 883 8 22 i
403 883 125 29 anledning
551 884 65 21 häraf
636 884 117 21 vördsamt
769 883 89 29 afgifva

104 920 112 29 följande:

175 955 82 22 Sävidt
272 959 36 18 rör
323 956 99 21 nämnda
440 958 25 19 12
492 956 14 28 &
533 955 95 22 innebär
653 956 204 28 Borgareständets

103 992 77 21 beslut
195 991 30 22 bl.
243 999 19 14 a.
279 994 34 19 att
329 991 44 22 den
389 991 24 22 af
428 991 119 22 Utskottet
564 992 35 21 för
615 992 85 21 strand-
717 992 140 21 och”ström-

104 1028 120 28 fallsegare
241 1027 131 29 föreslagna
391 1027 136 22 alternativa
550 1027 149 29 lösningsrätt
710 1027 89 29 skulle
825 1027 32 22 in-

104 1064 110 21 skränkas
231 1063 92 26 derhän,
341 1065 33 20 att
390 1063 71 22 sädan
477 1065 44 20 rätt
537 1063 128 22 tillkomme
679 1064 81 21 endast
771 1064 86 21 strand-

104 1107 74 21 egare,
196 1107 49 14 som
261 1099 48 22 före
322 1100 79 28 lagens
419 1107 36 14 om
471 1102 156 19 vattenrätten
643 1100 109 21 trädande
768 1100 8 21 i
796 1100 62 21 kraft

104 1135 53 22 med
172 1135 107 29 behörigt
295 1135 104 22 tillständ
416 1135 77 29 anlagt
509 1135 56 22 eller
580 1136 107 21 utverkat
703 1135 35 29 sig
754 1135 104 23 tillständ

104 1172 34 21 till
154 1172 143 28 anläggande
313 1172 24 21 af
352 1172 141 21 vattenverk.
516 1172 37 21 Dä
569 1172 96 21 sälunda
680 1172 178 28 lösningsrätten

104 1207 121 29 fränginge
241 1207 20 29 ej
278 1208 60 21 blott
354 1208 105 28 delegare
475 1208 8 21 i
499 1208 120 26 strömfall,
630 1208 90 22 hvilkas
732 1208 64 22 mark
807 1208 50 22 icke

104 1244 101 21 sträcker
221 1243 36 29 sig
272 1243 35 22 till
323 1244 71 26 fallet,
411 1246 55 19 utan
482 1244 70 21 äfven
569 1244 146 28 strandegare
731 1246 75 20 säsom
825 1246 33 20 sä-

104 1280 66 25 dana,
195 1287 54 14 vore
274 1280 39 21 det
333 1280 24 21 af
379 1280 119 22 Utskottet
521 1280 55 22 med
596 1280 189 28 lösningsrättens
801 1279 57 22 infö-

105 1316 70 21 rande
199 1316 106 28 åsyftade
328 1316 105 21 ändamål
457 1316 23 22 af
504 1316 174 28 konsolidering
701 1318 30 26 pä
753 1324 28 13 en
796 1316 62 22 hand

104 1352 50 21 utaf
170 1352 164 28 eganderätten
350 1352 35 22 till
401 1353 79 21 strand
495 1352 41 22 vid
552 1352 112 22 strömfall
675 1352 43 22 och
729 1352 35 21 till
775 1352 84 29 sjelfva

104 1387 65 21 fallet
188 1387 145 29 väsentligen
356 1388 114 22 förfeladt.
502 1388 102 22 Dermed
623 1396 54 14 vore
693 1388 70 22 äfven
778 1388 81 28 frägan

104 1430 37 15 om
163 1423 127 29 skapandet
310 1424 23 20 af
356 1431 160 21 gynsammare
538 1424 116 22 allmänna
668 1423 139 29 betingelser
822 1424 37 21 för
