1048 1631
326 129 28 22 U.
371 129 26 22 B.
415 142 26 2 —
457 129 74 28 Prop.
550 129 41 22 N:o
608 129 22 22 6.
829 130 12 20 3

82 197 159 28 Ridderskapet
256 197 39 22 och
313 197 69 21 Adeln
399 200 54 18 samt
463 193 184 32 Borgareständet
658 197 113 28 godkända
782 197 58 22 stad-

82 231 79 28 gandet
178 231 71 22 blefve
266 232 68 21 bättre
349 231 161 28 förverkligadt.

153 266 110 22 Utskottet
279 266 66 28 vägar
360 265 56 29 förty
433 266 109 21 vördsamt
558 266 83 26 föreslä,

357 331 33 19 att
405 329 126 21 Ständerna
546 329 68 22 måtte
628 329 37 28 för
674 331 13 19 4
698 329 34 27 $i
747 329 92 28 författ-

290 363 170 28 ningsförslaget
473 363 119 28 godkänna
606 363 97 28 följande
720 364 91 27 lydelse:

540 462 49 27 48.

360 529 42 22 Till
415 530 75 27 grund
507 530 37 27 för
559 530 188 27 uppskattningen
762 529 28 28 af
802 529 37 28 af-

288 564 72 27 yifter,
382 571 45 14 som
444 564 9 20 i
469 564 135 21 naturalster
627 564 76 27 utgått,
721 564 55 21 skall
792 564 47 27 läg-

288 605 39 20 gas
348 598 134 28 medelpriset
501 599 30 26 pä
548 600 60 20 orten
624 598 70 21 under
709 598 53 21 ären
778 598 62 21 1890

290 633 94 20 —1899.

439 743 11 19 5
467 743 18 26 8.

153 816 158 29 Ridderskapet
327 816 40 21 och
384 816 69 21 Adeln
471 816 38 21 har
523 817 165 20 äterremitterat
698 816 69 21 denna
780 823 60 21 para-

82 851 50 28 graf
154 851 34 20 för
208 850 155 28 omredigering
379 851 6 20 i
401 851 76 20 sädant
493 851 63 28 syfte,
572 853 32 18 att
620 851 6 20 i
643 850 125 29 paragrafen
784 851 55 20 into-

83 893 38 20 ges
138 885 132 28 bestämning
287 885 78 27 derom,
382 888 31 18 att
428 888 63 25 prest,
507 892 47 13 som
570 885 47 21 icke
634 885 87 21 innehar
737 886 5 19 i
760 885 77 20 manta!

84 922 42 18 satt
150 919 88 21 boställe
261 919 39 21 och
324 919 17 28 cj
365 919 66 21 heller
454 927 49 20 eger
526 927 70 13 annan
612 919 6 20 i
634 919 78 21 mantal
735 921 43 19 satt
793 919 47 28 jord

83 955 56 20 inom
163 953 158 28 församlingen,
343 953 94 28 deltager
453 954 4 20 i
475 953 113 22 klockares
604 953 41 22 och
661 953 112 28 orgelnists
789 953 50 21 aflö-

84 989 51 26 ning
158 987 65 28 enligt
245 995 80 13 samma
347 987 98 28 grunder,
467 995 45 13 som
533 987 66 21 andra
616 995 99 20 personer
731 990 50 18 utan
797 987 43 21 fast

84 1021 110 28 egendom.

154 1055 159 22 Presteständet
329 1056 38 21 har
382 1056 93 26 beslutit,
491 1059 30 18 att
539 1056 127 28 paragrafen
677 1055 65 22 borde
753 1055 86 28 bringas

83 1091 5 20 i
112 1090 222 21 öfverensstämmelse
356 1090 48 21 med
427 1090 41 21 den
492 1090 132 28 förändring,
648 1097 44 14 som
713 1090 22 21 af
750 1089 91 22 Ständet

85 1124 104 28 vidtagits
206 1125 5 20 i
228 1125 12 20 3
257 1125 11 27 $
285 1124 130 21 beträffande
432 1125 73 20 lönens
522 1124 118 28 utgörande
656 1124 76 28 jemväl
749 1125 4 20 i
770 1126 71 19 natur-

83 1158 69 22 alster.

152 1193 182 28 Borgareständet
356 1193 38 21 har
417 1193 165 21 äterremitterat
605 1193 125 28 paragrafen
754 1193 33 21 för
811 1196 30 18 att

83 1227 127 29 förtydligas
235 1227 87 27 derhän,
347 1231 32 17 att
406 1230 63 26 prest,
493 1235 45 13 som
563 1228 47 21 icke
634 1227 88 21 innehar
745 1227 96 27 boställe,

83 1269 48 14 men
154 1262 33 21 väl
208 1269 69 14 annan
301 1262 108 27 fastighet,
431 1262 55 20 skall
501 1262 87 28 deltaga
603 1262 6 20 i
625 1262 131 27 aflöningens
771 1261 69 28 erläg-

82 1296 70 27 gande
168 1296 66 28 enligt
249 1303 80 14 samma
343 1295 94 29 grunder
452 1303 45 13 som
513 1296 184 28 fastighetsegare.

152 1330 162 21 Bondeständet
337 1330 38 21 har
397 1330 93 27 beslutit,
514 1333 32 18 att
567 1331 11 20 5
595 1330 11 28 &
622 1330 68 21 skulle
706 1329 79 21 erhålla
801 1330 41 20 föl-

82 1364 63 28 jande
161 1364 90 28 lydelse:

153 1399 60 21 »Den
225 1400 7 20 i
244 1400 117 27 penningar
372 1399 109 21 bestämda
493 1400 63 20 lönen
568 1399 53 21 skall
634 1399 176 27 sammanskjutas
819 1398 23 21 af

82 1433 54 25 dem,
147 1441 45 13 som
209 1434 4 20 i
230 1434 151 26 församlingen
394 1433 83 27 erlägga
489 1434 95 27 aflöning
594 1434 32 20 till
638 1433 47 21 dess
698 1433 141 28 presterskap,
