1048 1631
96 769 26 19 14
138 767 20 28 &.

220 95 41 19 108
423 92 30 22 U.
469 92 27 22 B.
512 105 28 3 —
557 92 73 29 Prop.
647 92 44 22 N:o
708 92 13 22 1

190 159 73 22 innan
286 159 73 22 sådan
381 159 41 22 der
445 159 100 26 ordnats,
568 159 8 22 i
600 164 13 17 2
628 166 69 15 mom.
716 161 27 20 iv
759 159 15 29 &
789 166 88 15 samma
891 159 54 28 kaps

190 195 98 22 rörande
312 195 157 22 stadfästande
493 195 23 22 af
539 195 93 29 stadgar
655 195 36 21 för
716 195 229 28 flottningsförening

191 231 43 21 och
258 231 8 21 i
292 233 26 19 17
344 231 13 29 &
382 233 12 19 6
411 231 51 29 kap.
480 231 118 29 angående
614 234 127 26 guvernörs
757 231 140 28 befogenhet
912 233 33 19 att

188 266 105 22 inskrida
313 267 37 21 för
374 267 204 22 ästadkommande
594 267 24 21 af
633 266 92 22 rättelse
741 267 144 21 beträffande
901 269 44 19 sär-

190 302 76 22 skilda
287 303 8 20 i
310 303 153 21 nästnämnda
478 303 107 28 paragraf
600 303 97 21 berörda
713 303 177 25 försummelser,
907 305 38 18 äro

190 339 51 25 alla,
265 338 99 22 likasom
388 339 43 21 ock
454 339 56 21 flere
531 339 52 21 med
604 339 53 21 dem
672 338 119 26 likartade,
808 339 24 20 af
848 338 44 21 den
907 338 38 21 be-

190 374 133 21 skaffenhet
343 375 32 21 att
391 375 28 21 de
435 375 57 25 icke,
510 375 28 20 dä
555 375 28 21 de
600 379 37 17 äro
654 374 95 21 föremäl
767 374 36 21 för
819 377 127 26 guvernörs

189 410 183 29 handläggning,
389 411 101 21 erfordra
506 413 33 19 ett
555 413 25 19 sä
594 410 150 29 omständligt
754 410 130 21 förfarande
896 417 49 14 som

191 446 40 21 det
251 445 8 22 i
281 448 13 19 6
311 446 65 29 kap:s
393 448 71 19 5—11
483 446 28 29 88
527 446 127 21 faststälda.
686 445 80 22 Såsom
790 445 103 29 exempel
916 448 30 26 pä

191 482 29 21 de
245 481 126 26 ,likartade
388 482 120 26 ärenden",
525 482 95 21 hvarom
636 482 8 21 i
663 484 26 19 13
705 481 14 29 &
735 485 101 22 nämnes,
853 484 36 19 mä
905 481 42 22 här

191 517 133 22 framhållas
345 517 34 26 de,
395 517 80 22 hvilka
490 517 92 22 beröras
601 517 4 22 i
630 520 4 19 2
651 525 69 14 mom.
738 519 27 20 14
781 517 14 29 &
811 519 12 19 2
839 517 52 28 kap.
908 525 38 13 an-

193 553 90 29 gående
306 553 133 28 beviljande
461 553 24 22 af
507 553 103 29 eftergift
629 553 8 22 i
654 553 133 28 skyldighet
803 556 34 18 att
852 553 94 21 afbarka

192 589 197 28 flottningsvirke,
413 589 7 21 i
444 591 28 20 25
491 589 14 29 $
521 597 87 14 samma
623 589 52 28 kap.
693 596 37 14 om
746 589 199 21 undanskaffande

191 625 24 21 af
234 625 234 28 flottningsanstalter
484 625 7 21 i
506 628 80 19 vatten
597 625 48 22 deri
656 625 111 28 flottning
777 625 100 29 upphört
887 627 60 19 samt

192 661 8 21 i
218 668 79 14 senare
322 661 124 28 meningen
461 661 24 21 af
500 663 13 19 2
530 669 66 13 mom.
616 662 26 20 10
659 661 14 28 &
689 662 14 19 4
719 661 59 28 kap.,
793 661 28 21 dä
837 661 109 28 sakegare

191 697 42 21 hos
250 700 117 25 guvernör
382 697 70 28 begär
468 696 140 22 tillsättande
624 697 24 21 af
659 696 129 29 syssloman
799 697 35 21 för
845 696 102 29 sjösänk-

191 732 168 29 ningsföretag,
380 733 69 21 hvars
469 733 114 28 deltagare
599 733 138 21 försummat
752 735 33 18 att
801 732 71 21 sådan
888 734 58 19 utse.

264 769 52 20 Den
345 768 52 21 nåd.
427 776 62 21 prop.
520 768 127 22 innehåller
672 768 8 21 i
708 770 27 19 14
760 768 15 29 &
803 770 33 19 att
864 775 81 22 guver-

190 807 55 18 nörs
269 804 78 29 utslag
358 804 69 21 -skall
450 811 84 22 genom
549 803 151 30 kungörande
715 803 9 22 i
739 803 73 29 kyrka
828 803 61 26 eller,
906 803 41 21 der

191 839 128 29 förklaring
345 839 8 22 i
378 840 94 21 ärendet
494 842 56 19 utan
572 839 139 29 kungörelse
728 839 131 26 infordrats,
876 839 71 22 skildt

192 875 116 29 delgifvas
325 876 139 28 sakegarene
480 876 52 21 med
548 875 124 28 anvisning
688 883 37 13 om
741 875 64 21 tiden
821 875 41 21 och
878 877 69 19 sättet

192 912 37 21 för
253 911 222 29 ändringssökande;
499 919 53 14 men
572 911 111 29 derjemte
699 911 129 28 medgifver
843 919 104 21 paragra-

192 947 47 26 fen,
264 947 73 29 enligt
360 955 71 21 prop.,
455 950 33 19 att
511 951 145 25 guvernören
677 947 69 22 äfven
752 943 13 37 i
785 947 47 26 fall,
849 950 33 19 att
897 948 51 21 sak-

193 991 68 20 egare
280 983 45 22 fätt
340 983 36 28 sig
392 983 158 29 ansökningen
566 983 147 29 personligen
729 983 118 28 delgifven
863 983 36 22 för
914 986 34 19 att

194 1019 108 21 deröfver
317 1019 74 26 höras,
408 1019 78 21 kunde
501 1019 90 22 besluta
607 1022 33 19 att
655 1019 101 28 utslaget
771 1019 70 28 finge,
859 1019 40 21 der
914 1021 34 19 sä-

195 1055 56 21 dant
267 1054 114 22 befunnes
397 1055 112 28 lämpligt,
526 1055 114 28 delgifvas
657 1054 71 22 sädan
745 1055 108 28 sakegare
864 1062 82 21 genom

194 1090 159 29 kungörande.
384 1090 119 22 Utskottet
518 1091 41 21 har
574 1091 58 21 dock
643 1090 67 21 hällit
720 1090 55 26 före,
787 1092 33 20 att
831 1091 116 28 sakegare,

194 1133 50 15 som
267 1126 148 29 personligen
439 1127 44 21 fätt
506 1127 36 28 sig
565 1126 160 29 ansökningen
748 1126 125 29 delgifven,
896 1126 51 22 icke

192 1162 73 22 borde
290 1164 99 20 utsättas
405 1162 36 22 för
457 1162 102 22 ovisshet
575 1170 35 14 om
628 1164 77 23 sättet,
721 1162 59 21 huru
795 1162 46 21 han
857 1162 91 22 komme

194 1200 33 19 att
251 1198 86 22 erhälla
361 1198 37 22 del
422 1198 23 22 af
465 1198 38 22 det
521 1198 83 31 utslag,
622 1206 51 14 som
689 1198 8 21 i
713 1198 94 22 ärendet
823 1198 125 25 förväntas,

194 1234 43 21 och
259 1237 30 18 än
311 1234 89 21 mindre
420 1234 35 21 för
471 1234 64 21 faran
551 1236 33 19 att
599 1236 30 26 gä
644 1234 109 28 förlustig
769 1234 50 21 sina
834 1233 91 29 fataljer
940 1233 9 21 i

193 1269 110 21 afseende
321 1272 12 18 &
348 1269 101 29 utslaget
464 1270 58 21 blott
538 1269 7 22 i
561 1270 58 28 följd
634 1270 24 21 af
670 1271 33 20 att
713 1273 144 25 guvernören
868 1269 8 21 i
887 1272 62 18 ären-

194 1305 39 21 det
257 1307 57 26 gent
338 1307 61 19 emot
419 1312 85 14 samme
521 1306 109 28 sakegare
646 1304 92 29 ombytt
754 1304 194 29 delgifningssätt.

192 1340 124 22 Utskottet
338 1341 41 21 har
403 1341 76 21 derför
501 1341 51 21 lätit
576 1348 79 14 senare
681 1340 66 22 delen
763 1341 24 21 af
801 1340 148 29 paragrafens

194 1376 74 22 första
284 1377 95 29 mening
394 1379 61 27 utgä.

271 1418 212 20 Vattenrättsutskottets
496 1420 116 18 betänkande
624 1419 40 19 N:o
676 1419 15 18 1.
