1048 1631
332 95 27 22 U.
374 95 27 22 B.
418 108 26 3 —
461 94 74 29 Prop.
550 94 44 23 N:o
610 95 14 21 1
799 97 28 19 83

104 161 137 28 betingades
257 160 24 22 af
291 163 33 19 ett
335 160 170 29 öfvervägande
518 160 146 22 ekonomiskt
673 160 103 22 intresse.
801 160 57 22 Här-

104 200 63 19 emot
183 197 41 21 har
235 197 59 21 dock
310 197 87 20 anförts
413 199 33 18 att
460 196 178 29 bestämningen
648 196 8 21 i
666 196 65 29 fräga
741 196 51 22 icke
803 204 55 14 vore

104 236 56 18 utan
176 233 119 28 betydelse
312 234 74 20 säsom
403 240 29 13 en
447 232 90 22 erinran
554 232 85 26 derom,
656 234 33 19 att
701 233 157 21 vattenverks-

105 276 95 21 egarens
220 268 102 29 lagligen
342 268 147 21 förvärfvade
509 268 105 21 enskilda
631 270 44 19 rätt
689 268 8 21 i
714 268 39 21 det
768 268 90 29 längsta

104 305 72 21 borde
187 304 165 29 upprätthållas
364 306 60 19 samt
434 304 122 28 uppoffras
567 304 58 21 först
636 304 28 21 dä
676 306 32 19 ett
719 304 55 21 vida
785 304 73 21 öfver-

104 341 106 28 vägande
225 340 138 21 allmännare
379 339 97 22 intresse
493 339 82 22 sädant
591 339 111 22 fordrade.

179 375 149 22 Beträffande
344 375 147 29 paragrafens
509 375 97 28 detaljer
616 375 41 21 har
667 375 125 26 Utskottet,
805 378 54 19 enär

106 413 45 20 den
171 412 36 21 för
229 412 136 21 vattenverk
389 413 60 19 mest
464 411 101 21 känbara
581 411 87 21 verkan
683 411 24 21 af
723 414 33 18 ett
771 413 87 20 vatten-

106 448 68 29 drags
198 447 114 28 sänkning
335 447 114 22 måhända
469 447 102 21 inträder
587 447 29 21 dä
631 447 8 21 i
655 447 58 28 följd
728 447 65 22 häraf
814 447 45 21 den

105 483 37 22 för
157 484 80 21 verket
253 482 178 29 tillgodogjorda
446 482 129 29 fallhöjden
590 482 108 27 minskas,
710 485 74 20 ansett
795 483 64 21 detta

105 519 56 22 böra
177 519 108 22 särskildt
301 519 130 21 framhällas
449 521 75 19 säsom
540 526 30 14 en
582 519 23 20 af
617 519 28 21 de
656 519 201 28 omständigheter,

106 555 80 22 hvilka
201 555 55 22 böra
271 555 94 21 beaktas
381 555 42 21 vid
433 555 199 28 uppskattningen
643 555 23 21 af
677 555 91 22 verkets
779 555 79 22 värde-

106 591 139 28 minskning.
278 591 70 21 Ordet
371 591 124 28 ,fallhöjd*
518 591 42 21 har
581 591 61 28 förty
663 591 118 28 inskjutits
801 591 58 21 efter

106 627 66 21 ordet
189 627 86 28 ,läge*.

177 662 206 29 Bestämningarna
397 662 9 21 i
423 665 12 18 5
451 662 20 29 &,
487 662 82 22 hvilka
584 662 51 21 icke
651 662 74 21 direkt
736 662 123 21 äterfinnas

106 699 7 21 i
130 699 106 28 gällande
252 701 51 23 rätt,
312 699 70 21 hafva
397 698 24 21 af
436 698 121 22 Utskottet
572 701 56 18 utan
644 698 149 28 anmärkning
804 698 55 29 god-

106 735 74 21 känts.

178 770 191 29 Hänvisningen
356 765 13 39 i
379 772 13 19 6
398 765 7 39 $
420 770 35 21 till
465 770 159 29 stadgandena
633 777 37 14 om
680 769 97 29 dikning
785 769 76 29 gifver

107 806 40 22 vid
167 806 92 21 handen
280 808 33 19 att
333 806 44 21 den
398 806 36 21 för
450 806 116 29 sänkning
582 806 24 21 af
622 806 137 28 vattendrag
774 805 85 29 nödiga

106 842 99 21 kanalen
220 842 35 21 fär
270 841 79 29 läggas
363 849 84 21 genom
458 849 88 14 annans
558 841 70 26 mark,
640 843 25 20 sä
675 841 55 22 vida
741 841 118 29 afledning

107 877 67 30 eljest
189 877 50 22 icke
255 880 56 19 utan
327 877 88 29 oskälig
431 878 100 21 kostnad
548 877 73 22 skulle
638 878 77 21 kunna
731 877 128 22 ästadkom-

107 921 56 18 mas,
185 915 58 20 samt
261 915 33 20 att
309 913 8 21 i
333 913 65 29 fräga
414 921 37 14 om
467 913 137 29 ledningens
622 913 131 28 sträckning
768 913 91 28 hänsyn

107 949 42 22 bör
172 952 64 26 tagas
257 949 82 26 dertill,
361 952 34 19 att
415 949 135 22 densamma
568 949 36 22 för
617 949 137 28 jordegaren
770 948 90 21 medför

107 985 117 28 möjligast
240 985 65 28 ringa
321 985 126 28 olägenhet.
480 985 186 22 Vidkommande
682 985 125 28 ersättning
823 985 36 20 för

108 1021 71 26 mark,
204 1029 48 14 som
275 1023 113 26 upptages
413 1021 23 21 af
457 1021 132 28 ledningen,
614 1021 43 21 och
672 1021 35 21 för
723 1028 82 21 genom
822 1028 37 13 an-

108 1056 141 29 läggningen
265 1057 96 21 orsakad
378 1057 72 21 skada
466 1059 60 19 samt
541 1057 144 21 beträffande
697 1056 162 29 skyldigheten

108 1095 34 19 att
163 1092 36 21 för
212 1092 149 29 jordegarens
383 1092 98 29 räkning
496 1093 100 28 uppföra
612 1093 43 20 och
670 1092 134 21 underhålla
819 1092 40 21 bro

108 1131 38 19 äro
170 1128 111 22 likaledes
297 1129 28 21 de
342 1128 150 29 stadganden,
509 1135 51 15 som
576 1128 8 21 i
600 1128 117 22 enahanda
736 1127 124 22 afseenden

108 1164 61 29 gälla
184 1164 8 21 i
208 1164 64 28 fräga
288 1172 37 13 om
341 1164 104 28 dikning,
463 1164 138 28 tillämpliga
617 1164 68 21 äfven
700 1164 47 21 här.

180 1200 12 28 8
210 1202 18 19 7.
260 1200 12 21 1
288 1200 65 28 fräga
369 1207 37 14 om
422 1200 128 28 ersättning
568 1200 36 20 för
619 1200 77 25 skada,
708 1206 49 14 som
769 1199 92 21 orsakas

107 1243 84 21 genom
208 1235 113 29 sänkning
343 1236 23 20 af
381 1236 144 28 vattendrag,
543 1235 125 21 innehäller
683 1235 51 21 icke
752 1237 56 19 1868
825 1236 36 20 ärs

108 1272 141 28 förordning,
270 1271 103 21 fränsedt
388 1271 204 21 bestämmelserna
607 1278 36 14 om
660 1271 145 28 godtgörelse
821 1270 38 21 vid

108 1307 114 29 utrifning
243 1308 24 20 af
286 1308 136 20 vattenverk
439 1308 43 20 och
497 1307 136 28 utgräfning
650 1307 22 21 af
688 1306 119 26 strömfall,
823 1308 38 19 nä-

108 1346 41 25 got
172 1343 126 28 stadgande
322 1343 85 26 derom,
429 1345 33 19 att
477 1343 107 28 delegare
600 1342 8 22 i
623 1343 142 28 vattendrag,
782 1342 79 21 hvilka

108 1378 51 22 icke
180 1381 53 26 taga
257 1379 36 21 del
315 1378 8 22 i
345 1379 52 21 dess
418 1378 108 26 fällande,
544 1379 65 21 skola
625 1381 94 19 ersättas
735 1378 36 21 för
787 1385 75 14 annan

108 1414 72 22 skada
196 1415 42 21 och
254 1414 89 26 förlust,
360 1418 29 18 än
405 1414 45 22 den
466 1414 28 21 de
511 1414 75 22 under
602 1414 139 22 arbetstiden
757 1414 53 21 lida.

183 1456 211 18 Valtenrättsutskottets
407 1456 118 18 betänkande
538 1456 37 18 N:o
588 1457 16 17 1.

891 664 13 19 5
921 662 20 29 &.

892 772 13 19 6
916 769 25 29 8.
