1048 1631
321 101 28 23 U.
365 101 28 22 B.
409 114 30 3 —
455 101 75 29 Prop.
546 101 45 22 N:o
608 102 12 21 1
800 104 12 19 5

90 166 116 27 bestämts,
223 166 140 22 fortfarande
378 175 55 14 vara
445 175 28 13 en
484 167 52 22 hela
547 167 60 28 byns
619 175 170 20 gemensamma
800 167 43 22 till-

88 203 112 28 hörighet.
239 203 80 28 Enligt
344 203 45 21 den
416 203 71 21 andra
512 203 124 29 meningen
663 203 73 22 skulle
762 203 81 22 sådant

90 239 112 21 strömfall
222 238 70 22 hafva
310 246 83 21 genom
410 239 81 21 skiftet
507 239 98 21 tillfallit
621 239 45 21 den
680 239 114 28 lägenhet,
810 239 33 21 in-

88 275 41 21 vid
153 275 69 21 hvars
246 275 81 21 strand
348 275 39 20 det
409 275 81 28 ligger.
526 275 36 21 Då
584 283 32 12 nu
633 275 74 21 denna
723 275 120 21 osäkerhet

88 310 145 21 beträffande
257 310 164 29 eganderätten
445 310 35 21 till
505 318 29 13 en
558 311 38 20 del
615 310 112 22 strömfall
741 310 9 21 i
765 310 78 22 landet

88 347 82 20 verkat
192 346 137 21 hämmande
345 348 30 27 på
396 346 65 21 deras
484 346 152 21 användande
657 346 36 21 för
708 346 135 21 industriela

89 383 112 26 ändamål,
219 385 59 19 samt
291 382 87 29 jemväl
392 383 71 20 andra
471 382 173 29 bestämningar
656 383 117 28 angående
781 382 62 29 jord-

89 419 144 28 lägenheters
257 420 44 19 rätt
317 418 35 21 till
368 418 192 21 vattenområden
575 418 117 21 befunnits
709 418 74 21 tarfva
799 417 44 22 för-

89 454 135 29 tydligande
241 457 59 18 samt
323 456 15 19 t.
363 461 19 14 o.
405 461 29 14 m.
452 454 105 28 ändring,
574 453 77 22 såvidt
666 454 80 21 sådant
762 453 19 28 ej
799 453 44 22 för-

90 490 98 21 anledde
203 489 35 22 till
254 489 134 29 minskning
405 489 23 22 af
445 489 91 22 enskild
552 492 51 23 rätt,
615 490 41 21 har
666 497 82 21 genom
759 489 84 28 nådiga

90 525 172 30 propositionen
272 525 45 23 N:o
328 525 27 22 15
366 525 35 22 till
411 525 123 22 ständerna
544 525 161 22 öfverlemnats
714 526 85 28 förslag
808 525 35 22 till

90 561 39 28 lag
152 561 126 28 angående
296 567 35 22 ny
346 561 94 28 lydelse
455 561 29 22 af
497 561 27 22 12
540 561 56 28 kap.
613 561 46 22 och
677 561 14 22 3
710 561 13 28 $
740 561 27 22 15
787 561 56 28 kap.

89 597 60 28 J.B.,
168 597 34 22 uti
216 597 80 22 hvilka
309 597 147 28 naturligtvis
470 599 62 20 måst
543 600 112 26 upptagas
667 597 69 22 äfven
746 597 97 21 bestäm-

90 633 88 29 ningar,
198 640 49 15 som
265 633 52 21 icke
335 635 58 26 angå
410 633 196 26 vattenområden,
623 633 126 28 hvarjemte
766 635 33 19 ett
813 635 30 26 på

90 669 112 21 strömfall
222 669 107 28 syftande
352 669 175 28 betydelsefullt
548 669 127 28 stadgande
695 669 66 28 ingår
775 669 8 20 i
799 670 14 19 4
829 669 14 28 8

90 705 24 21 af
134 705 45 26 det,
195 705 84 28 nådiga
300 705 173 28 propositionen
490 705 44 21 N:o
557 707 28 19 39
607 705 136 21 tillhörande
765 704 78 21 försla-

89 743 40 26 get
148 741 36 21 till
204 741 135 28 förordning
361 741 118 28 angående
499 741 162 28 gränsskilnad
677 741 7 20 i
699 741 143 28 vattendrag.

161 777 45 21 För
228 777 124 21 strömfalls
377 777 152 21 användande
550 777 8 20 i
574 776 126 22 industrins
716 776 71 29 tjänst
802 776 42 21 har

90 812 80 22 vidare
191 815 33 18 ett
239 815 69 18 annat
325 812 82 21 hinder
423 812 113 29 förelegat
552 812 8 21 i
577 813 44 20 den
638 812 204 28 omständigheten,

90 850 34 19 att
146 847 72 29 laglig
235 850 72 26 utväg
323 848 94 21 saknats
433 850 34 19 att
483 848 94 28 afskilja
593 851 32 18 ett
641 848 55 21 flere
711 848 133 28 lägenheter

89 886 144 26 gemensamt
248 883 113 29 tillhörigt
377 884 113 21 strömfall
501 884 52 21 från
565 884 121 21 desamma.
707 884 12 21 I
730 883 113 22 anseende

89 919 76 22 härtill
181 920 41 21 har
238 919 39 22 det
293 921 86 20 ansetts
395 919 82 29 nödigt
493 922 34 19 att
540 919 48 22 låta
605 919 28 22 de
644 919 8 21 i
662 919 181 27 förordningen

89 955 29 22 af
130 955 49 22 den
194 955 28 22 12
237 955 61 22 Juni
315 955 58 22 1895
390 955 95 29 intagna
500 955 203 28 bestämningarna
718 955 125 27 angående

90 991 104 27 delning
214 991 27 22 af
253 991 206 28 jordlägenheter
474 991 105 28 undergå
595 991 96 28 ändring
706 991 7 20 i
730 991 44 20 den
790 990 54 21 rikt-

90 1027 62 28 ning,
170 1034 49 14 som
235 1027 23 21 af
273 1026 58 22 nåd.
347 1032 70 23 prop.
434 1026 45 23 N:o
497 1027 29 21 16
542 1031 103 16 närmare
662 1027 109 28 angifves.

162 1062 77 29 Några
263 1063 70 21 andra
359 1062 86 29 förslag
467 1062 36 21 till
524 1070 47 21 nya
589 1062 176 29 bestämningar,
781 1063 62 21 berö-

90 1099 70 20 rande
177 1098 164 29 eganderätten
357 1098 34 21 till
407 1099 182 25 vattenområde,
607 1100 35 19 stå
656 1098 8 21 i
680 1099 163 28 sammanhang

91 1134 53 22 med
168 1134 28 21 de
222 1134 159 28 förändringar
409 1134 8 21 i
446 1134 184 29 lagstiftningen,
654 1134 79 22 hvilka
755 1134 88 22 fiskeri-

90 1170 128 22 intressena
231 1170 120 21 befunnits
368 1170 87 22 kräfva.
487 1170 46 21 Till
550 1170 28 21 de
595 1170 142 28 stadganden
748 1170 95 22 rörande

90 1206 77 26 fisket,
188 1206 79 21 hvilka
286 1208 65 26 synts
368 1214 55 14 vara
438 1206 8 21 i
462 1206 73 21 behof
550 1206 24 21 af
590 1206 106 26 revision,
712 1206 55 21 höra
782 1209 61 18 näm-

89 1241 63 29 ligen
167 1241 51 24 icke
233 1242 60 21 blott
308 1242 173 21 föreskrifterna
493 1249 38 14 om
544 1244 68 19 sättet
622 1242 36 21 för
668 1242 81 21 fiskets
760 1241 84 22 bedrif-

90 1277 82 26 vande,
197 1284 36 14 om
253 1277 89 22 fiskens
359 1278 110 21 fredande
487 1285 30 15 m.
535 1278 24 21 fl.
578 1278 78 28 dylika
672 1278 172 28 politistadgan-

90 1313 51 27 den,
157 1312 79 22 hvilka
251 1313 44 21 fått
311 1313 60 29 plats
387 1313 9 21 i
411 1313 58 22 nåd.
485 1319 71 22 prop.
573 1313 45 23 N:o
632 1313 29 23 33
672 1313 125 27 angående
809 1319 34 21 ny

88 1348 178 28 fiskeristadga,
289 1351 57 19 utan
365 1348 88 29 jemväl
469 1349 240 29 lagbestämningarna
725 1348 118 29 angående

89 1384 69 21 skifte
185 1384 23 21 af
230 1384 149 24 fiskevatten,
409 1384 33 22 Af
461 1384 68 22 dessa
552 1392 41 21 ger
618 1387 10 19 1
645 1385 15 29 8
677 1387 24 19 17
719 1385 51 28 kap.
787 1384 55 22 B.B.

163 1426 212 18 Vattenrättsutskottets
387 1426 118 18 betänkande
518 1427 39 17 N:o
569 1427 16 17 1.
