<?xml version="1.0" encoding="UTF-8"?>
<alto xmlns="http://www.loc.gov/standards/alto/ns-v3#" xmlns:xlink="http://www.w3.org/1999/xlink" xmlns:xsi="http://www.w3.org/2001/XMLSchema-instance" xsi:schemaLocation="http://www.loc.gov/standards/alto/ns-v3# http://www.loc.gov/alto/v3/alto-3-0.xsd">
	<Description>
		<MeasurementUnit>pixel</MeasurementUnit>
		<sourceImageInformation>
			<fileName>/tmp/tess_3z8gk9xx_input.PNG</fileName>
		</sourceImageInformation>
		<OCRProcessing ID="OCR_0">
			<ocrProcessingStep>
				<processingSoftware>
					<softwareName>tesseract 5.3.4</softwareName>
				</processingSoftware>
			</ocrProcessingStep>
		</OCRProcessing>
	</Description>
	<Layout>
		<Page WIDTH="1048" HEIGHT="1631" PHYSICAL_IMG_NR="0" ID="page_0">
			<PrintSpace HPOS="0" VPOS="0" WIDTH="1048" HEIGHT="1631">
				<ComposedBlock ID="cblock_0" HPOS="221" VPOS="108" WIDTH="391" HEIGHT="21">
					<TextBlock ID="block_0" HPOS="221" VPOS="108" WIDTH="391" HEIGHT="21">
						<TextLine ID="line_0" HPOS="221" VPOS="108" WIDTH="391" HEIGHT="21">
							<String ID="string_0" HPOS="221" VPOS="108" WIDTH="27" HEIGHT="20" WC="0.96" CONTENT="52"/><SP WIDTH="288" VPOS="108" HPOS="248"/>
							<String ID="string_1" HPOS="536" VPOS="108" WIDTH="40" HEIGHT="21" WC="0.93" CONTENT="N:o"/><SP WIDTH="19" VPOS="108" HPOS="576"/>
							<String ID="string_2" HPOS="595" VPOS="110" WIDTH="17" HEIGHT="19" WC="0.95" CONTENT="1."/>
						</TextLine>
					</TextBlock>
				</ComposedBlock>
				<ComposedBlock ID="cblock_1" HPOS="190" VPOS="176" WIDTH="764" HEIGHT="58">
					<TextBlock ID="block_1" HPOS="190" VPOS="176" WIDTH="764" HEIGHT="58">
						<TextLine ID="line_1" HPOS="190" VPOS="176" WIDTH="764" HEIGHT="29">
							<String ID="string_3" HPOS="190" VPOS="176" WIDTH="113" HEIGHT="27" WC="0.93" CONTENT="styrelsen,"/><SP WIDTH="16" VPOS="176" HPOS="303"/>
							<String ID="string_4" HPOS="319" VPOS="176" WIDTH="221" HEIGHT="29" WC="0.92" CONTENT="fiskeriinspektören,"/><SP WIDTH="16" VPOS="176" HPOS="540"/>
							<String ID="string_5" HPOS="556" VPOS="177" WIDTH="142" HEIGHT="22" WC="0.92" CONTENT="länsmannen"/><SP WIDTH="17" VPOS="177" HPOS="698"/>
							<String ID="string_6" HPOS="715" VPOS="178" WIDTH="7" HEIGHT="21" WC="0.96" CONTENT="i"/><SP WIDTH="16" VPOS="178" HPOS="722"/>
							<String ID="string_7" HPOS="738" VPOS="179" WIDTH="62" HEIGHT="20" WC="0.96" CONTENT="orten"/><SP WIDTH="16" VPOS="179" HPOS="800"/>
							<String ID="string_8" HPOS="816" VPOS="179" WIDTH="57" HEIGHT="20" WC="0.93" CONTENT="samt"/><SP WIDTH="14" VPOS="179" HPOS="873"/>
							<String ID="string_9" HPOS="887" VPOS="178" WIDTH="67" HEIGHT="21" WC="0.90" CONTENT="skildt"/>
						</TextLine>
						<TextLine ID="line_2" HPOS="190" VPOS="211" WIDTH="521" HEIGHT="23">
							<String ID="string_10" HPOS="190" VPOS="211" WIDTH="129" HEIGHT="22" WC="0.92" CONTENT="förordnadt"/><SP WIDTH="15" VPOS="211" HPOS="319"/>
							<String ID="string_11" HPOS="334" VPOS="212" WIDTH="79" HEIGHT="21" WC="0.92" CONTENT="krono-"/><SP WIDTH="17" VPOS="212" HPOS="413"/>
							<String ID="string_12" HPOS="430" VPOS="211" WIDTH="51" HEIGHT="22" WC="0.92" CONTENT="eller"/><SP WIDTH="15" VPOS="211" HPOS="481"/>
							<String ID="string_13" HPOS="496" VPOS="212" WIDTH="215" HEIGHT="22" WC="0.89" CONTENT="konsistoriiombud."/>
						</TextLine>
					</TextBlock>
				</ComposedBlock>
				<ComposedBlock ID="cblock_2" HPOS="188" VPOS="275" WIDTH="765" HEIGHT="239">
					<TextBlock ID="block_2" HPOS="548" VPOS="275" WIDTH="48" HEIGHT="26">
						<TextLine ID="line_3" HPOS="548" VPOS="275" WIDTH="48" HEIGHT="26">
							<String ID="string_14" HPOS="548" VPOS="276" WIDTH="12" HEIGHT="20" WC="0.95" CONTENT="6"/><SP WIDTH="17" VPOS="276" HPOS="560"/>
							<String ID="string_15" HPOS="577" VPOS="275" WIDTH="19" HEIGHT="26" WC="0.87" CONTENT="8."/>
						</TextLine>
					</TextBlock>
					<TextBlock ID="block_3" HPOS="188" VPOS="309" WIDTH="765" HEIGHT="205">
						<TextLine ID="line_4" HPOS="260" VPOS="309" WIDTH="693" HEIGHT="33">
							<String ID="string_16" HPOS="260" VPOS="309" WIDTH="112" HEIGHT="26" WC="0.91" CONTENT="Åstundar"/><SP WIDTH="16" VPOS="309" HPOS="372"/>
							<String ID="string_17" HPOS="388" VPOS="315" WIDTH="70" HEIGHT="26" WC="0.96" CONTENT="någon"/><SP WIDTH="17" VPOS="315" HPOS="458"/>
							<String ID="string_18" HPOS="475" VPOS="315" WIDTH="119" HEIGHT="21" WC="0.96" CONTENT="understöd"/><SP WIDTH="16" VPOS="315" HPOS="594"/>
							<String ID="string_19" HPOS="610" VPOS="315" WIDTH="22" HEIGHT="21" WC="0.96" CONTENT="af"/><SP WIDTH="14" VPOS="315" HPOS="632"/>
							<String ID="string_20" HPOS="646" VPOS="317" WIDTH="73" HEIGHT="19" WC="0.96" CONTENT="staten"/><SP WIDTH="14" VPOS="317" HPOS="719"/>
							<String ID="string_21" HPOS="733" VPOS="315" WIDTH="33" HEIGHT="20" WC="0.96" CONTENT="för"/><SP WIDTH="11" VPOS="315" HPOS="766"/>
							<String ID="string_22" HPOS="777" VPOS="315" WIDTH="176" HEIGHT="27" WC="0.90" CONTENT="torrläggnings-,"/>
						</TextLine>
						<TextLine ID="line_5" HPOS="191" VPOS="348" WIDTH="762" HEIGHT="28">
							<String ID="string_23" HPOS="191" VPOS="348" WIDTH="162" HEIGHT="27" WC="0.92" CONTENT="sjösänknings-"/><SP WIDTH="31" VPOS="348" HPOS="353"/>
							<String ID="string_24" HPOS="384" VPOS="349" WIDTH="51" HEIGHT="21" WC="0.88" CONTENT="eller"/><SP WIDTH="29" VPOS="349" HPOS="435"/>
							<String ID="string_25" HPOS="464" VPOS="349" WIDTH="276" HEIGHT="27" WC="0.90" CONTENT="strömrensningsföretag,"/><SP WIDTH="30" VPOS="349" HPOS="740"/>
							<String ID="string_26" HPOS="770" VPOS="349" WIDTH="81" HEIGHT="22" WC="0.92" CONTENT="ansöke"/><SP WIDTH="29" VPOS="349" HPOS="851"/>
							<String ID="string_27" HPOS="880" VPOS="349" WIDTH="73" HEIGHT="21" WC="0.94" CONTENT="derom"/>
						</TextLine>
						<TextLine ID="line_6" HPOS="191" VPOS="382" WIDTH="762" HEIGHT="29">
							<String ID="string_28" HPOS="191" VPOS="382" WIDTH="121" HEIGHT="28" WC="0.96" CONTENT="skriftligen"/><SP WIDTH="14" VPOS="382" HPOS="312"/>
							<String ID="string_29" HPOS="326" VPOS="383" WIDTH="39" HEIGHT="22" WC="0.96" CONTENT="hos"/><SP WIDTH="13" VPOS="383" HPOS="365"/>
							<String ID="string_30" HPOS="378" VPOS="386" WIDTH="135" HEIGHT="25" WC="0.95" CONTENT="guvernören"/><SP WIDTH="11" VPOS="386" HPOS="513"/>
							<String ID="string_31" HPOS="524" VPOS="384" WIDTH="7" HEIGHT="21" WC="0.95" CONTENT="i"/><SP WIDTH="10" VPOS="384" HPOS="531"/>
							<String ID="string_32" HPOS="541" VPOS="384" WIDTH="60" HEIGHT="21" WC="0.96" CONTENT="länet"/><SP WIDTH="11" VPOS="384" HPOS="601"/>
							<String ID="string_33" HPOS="612" VPOS="385" WIDTH="40" HEIGHT="20" WC="0.93" CONTENT="och"/><SP WIDTH="10" VPOS="385" HPOS="652"/>
							<String ID="string_34" HPOS="662" VPOS="384" WIDTH="85" HEIGHT="27" WC="0.92" CONTENT="bilägge"/><SP WIDTH="11" VPOS="384" HPOS="747"/>
							<String ID="string_35" HPOS="758" VPOS="385" WIDTH="147" HEIGHT="26" WC="0.96" CONTENT="ansökningen"/><SP WIDTH="12" VPOS="385" HPOS="905"/>
							<String ID="string_36" HPOS="917" VPOS="384" WIDTH="36" HEIGHT="21" WC="0.96" CONTENT="det"/>
						</TextLine>
						<TextLine ID="line_7" HPOS="191" VPOS="417" WIDTH="762" HEIGHT="29">
							<String ID="string_37" HPOS="191" VPOS="417" WIDTH="79" HEIGHT="27" WC="0.95" CONTENT="utslag,"/><SP WIDTH="16" VPOS="417" HPOS="270"/>
							<String ID="string_38" HPOS="286" VPOS="417" WIDTH="137" HEIGHT="28" WC="0.96" CONTENT="hvarigenom"/><SP WIDTH="17" VPOS="417" HPOS="423"/>
							<String ID="string_39" HPOS="440" VPOS="418" WIDTH="97" HEIGHT="22" WC="0.95" CONTENT="tillstånd"/><SP WIDTH="14" VPOS="418" HPOS="537"/>
							<String ID="string_40" HPOS="551" VPOS="419" WIDTH="33" HEIGHT="21" WC="0.96" CONTENT="till"/><SP WIDTH="14" VPOS="419" HPOS="584"/>
							<String ID="string_41" HPOS="598" VPOS="419" WIDTH="109" HEIGHT="27" WC="0.96" CONTENT="företaget"/><SP WIDTH="15" VPOS="419" HPOS="707"/>
							<String ID="string_42" HPOS="722" VPOS="418" WIDTH="99" HEIGHT="27" WC="0.96" CONTENT="beviljats"/><SP WIDTH="19" VPOS="418" HPOS="821"/>
							<String ID="string_43" HPOS="840" VPOS="419" WIDTH="56" HEIGHT="26" WC="0.96" CONTENT="eller,"/><SP WIDTH="20" VPOS="419" HPOS="896"/>
							<String ID="string_44" HPOS="916" VPOS="419" WIDTH="37" HEIGHT="21" WC="0.96" CONTENT="der"/>
						</TextLine>
						<TextLine ID="line_8" HPOS="192" VPOS="451" WIDTH="761" HEIGHT="28">
							<String ID="string_45" HPOS="192" VPOS="451" WIDTH="99" HEIGHT="22" WC="0.96" CONTENT="tillstånd"/><SP WIDTH="13" VPOS="451" HPOS="291"/>
							<String ID="string_46" HPOS="304" VPOS="452" WIDTH="32" HEIGHT="21" WC="0.96" CONTENT="till"/><SP WIDTH="11" VPOS="452" HPOS="336"/>
							<String ID="string_47" HPOS="347" VPOS="452" WIDTH="107" HEIGHT="27" WC="0.96" CONTENT="företaget"/><SP WIDTH="11" VPOS="452" HPOS="454"/>
							<String ID="string_48" HPOS="465" VPOS="453" WIDTH="17" HEIGHT="26" WC="0.93" CONTENT="ej"/><SP WIDTH="12" VPOS="453" HPOS="482"/>
							<String ID="string_49" HPOS="494" VPOS="452" WIDTH="74" HEIGHT="22" WC="0.93" CONTENT="behöft"/><SP WIDTH="11" VPOS="452" HPOS="568"/>
							<String ID="string_50" HPOS="579" VPOS="453" WIDTH="110" HEIGHT="26" WC="0.93" CONTENT="utverkas,"/><SP WIDTH="11" VPOS="453" HPOS="689"/>
							<String ID="string_51" HPOS="700" VPOS="453" WIDTH="80" HEIGHT="26" WC="0.96" CONTENT="planen"/><SP WIDTH="11" VPOS="453" HPOS="780"/>
							<String ID="string_52" HPOS="791" VPOS="452" WIDTH="33" HEIGHT="21" WC="0.96" CONTENT="för"/><SP WIDTH="11" VPOS="452" HPOS="824"/>
							<String ID="string_53" HPOS="835" VPOS="453" WIDTH="118" HEIGHT="21" WC="0.95" CONTENT="detsamma"/>
						</TextLine>
						<TextLine ID="line_9" HPOS="188" VPOS="486" WIDTH="703" HEIGHT="28">
							<String ID="string_54" HPOS="188" VPOS="486" WIDTH="68" HEIGHT="26" WC="0.96" CONTENT="jemte"/><SP WIDTH="15" VPOS="486" HPOS="256"/>
							<String ID="string_55" HPOS="271" VPOS="486" WIDTH="137" HEIGHT="27" WC="0.95" CONTENT="fullständigt"/><SP WIDTH="16" VPOS="486" HPOS="408"/>
							<String ID="string_56" HPOS="424" VPOS="487" WIDTH="190" HEIGHT="27" WC="0.95" CONTENT="kostnadsförslag,"/><SP WIDTH="17" VPOS="487" HPOS="614"/>
							<String ID="string_57" HPOS="631" VPOS="488" WIDTH="77" HEIGHT="21" WC="0.96" CONTENT="kartor"/><SP WIDTH="17" VPOS="488" HPOS="708"/>
							<String ID="string_58" HPOS="725" VPOS="487" WIDTH="38" HEIGHT="21" WC="0.96" CONTENT="och"/><SP WIDTH="16" VPOS="487" HPOS="763"/>
							<String ID="string_59" HPOS="779" VPOS="487" WIDTH="112" HEIGHT="27" WC="0.96" CONTENT="ritningar."/>
						</TextLine>
					</TextBlock>
				</ComposedBlock>
				<ComposedBlock ID="cblock_3" HPOS="192" VPOS="551" WIDTH="762" HEIGHT="439">
					<TextBlock ID="block_4" HPOS="551" VPOS="551" WIDTH="45" HEIGHT="25">
						<TextLine ID="line_10" HPOS="551" VPOS="551" WIDTH="45" HEIGHT="25">
							<String ID="string_60" HPOS="551" VPOS="551" WIDTH="45" HEIGHT="25" WC="0.29" CONTENT="(E"/>
						</TextLine>
					</TextBlock>
					<TextBlock ID="block_5" HPOS="192" VPOS="587" WIDTH="762" HEIGHT="334">
						<TextLine ID="line_11" HPOS="261" VPOS="587" WIDTH="692" HEIGHT="30">
							<String ID="string_61" HPOS="261" VPOS="587" WIDTH="63" HEIGHT="22" WC="0.89" CONTENT="Afser"/><SP WIDTH="23" VPOS="587" HPOS="324"/>
							<String ID="string_62" HPOS="347" VPOS="589" WIDTH="127" HEIGHT="27" WC="0.89" CONTENT="ansökning,"/><SP WIDTH="24" VPOS="589" HPOS="474"/>
							<String ID="string_63" HPOS="498" VPOS="595" WIDTH="45" HEIGHT="16" WC="0.96" CONTENT="som"/><SP WIDTH="24" VPOS="595" HPOS="543"/>
							<String ID="string_64" HPOS="567" VPOS="589" WIDTH="67" HEIGHT="27" WC="0.96" CONTENT="enligt"/><SP WIDTH="16" VPOS="589" HPOS="634"/>
							<String ID="string_65" HPOS="650" VPOS="591" WIDTH="12" HEIGHT="20" WC="0.92" CONTENT="6"/><SP WIDTH="17" VPOS="591" HPOS="662"/>
							<String ID="string_66" HPOS="679" VPOS="591" WIDTH="10" HEIGHT="26" WC="0.92" CONTENT="$"/><SP WIDTH="20" VPOS="591" HPOS="689"/>
							<String ID="string_67" HPOS="709" VPOS="590" WIDTH="76" HEIGHT="27" WC="0.96" CONTENT="gjorts,"/><SP WIDTH="19" VPOS="590" HPOS="785"/>
							<String ID="string_68" HPOS="804" VPOS="590" WIDTH="76" HEIGHT="21" WC="0.93" CONTENT="endast"/><SP WIDTH="18" VPOS="590" HPOS="880"/>
							<String ID="string_69" HPOS="898" VPOS="590" WIDTH="55" HEIGHT="21" WC="0.93" CONTENT="före-"/>
						</TextLine>
						<TextLine ID="line_12" HPOS="192" VPOS="623" WIDTH="762" HEIGHT="28">
							<String ID="string_70" HPOS="192" VPOS="624" WIDTH="71" HEIGHT="25" WC="0.91" CONTENT="tagets"/><SP WIDTH="24" VPOS="624" HPOS="263"/>
							<String ID="string_71" HPOS="287" VPOS="623" WIDTH="106" HEIGHT="22" WC="0.96" CONTENT="ställande"/><SP WIDTH="23" VPOS="623" HPOS="393"/>
							<String ID="string_72" HPOS="416" VPOS="624" WIDTH="68" HEIGHT="21" WC="0.96" CONTENT="under"/><SP WIDTH="22" VPOS="624" HPOS="484"/>
							<String ID="string_73" HPOS="506" VPOS="624" WIDTH="88" HEIGHT="27" WC="0.96" CONTENT="ledning"/><SP WIDTH="23" VPOS="624" HPOS="594"/>
							<String ID="string_74" HPOS="617" VPOS="625" WIDTH="23" HEIGHT="20" WC="0.93" CONTENT="af"/><SP WIDTH="18" VPOS="625" HPOS="640"/>
							<String ID="string_75" HPOS="658" VPOS="624" WIDTH="166" HEIGHT="27" WC="0.92" CONTENT="öfverstyrelsen"/><SP WIDTH="24" VPOS="624" HPOS="824"/>
							<String ID="string_76" HPOS="848" VPOS="624" WIDTH="33" HEIGHT="21" WC="0.93" CONTENT="för"/><SP WIDTH="23" VPOS="624" HPOS="881"/>
							<String ID="string_77" HPOS="904" VPOS="627" WIDTH="50" HEIGHT="24" WC="0.87" CONTENT="väg-"/>
						</TextLine>
						<TextLine ID="line_13" HPOS="192" VPOS="656" WIDTH="761" HEIGHT="30">
							<String ID="string_78" HPOS="192" VPOS="656" WIDTH="40" HEIGHT="21" WC="0.93" CONTENT="och"/><SP WIDTH="7" VPOS="656" HPOS="232"/>
							<String ID="string_79" HPOS="239" VPOS="658" WIDTH="231" HEIGHT="27" WC="0.92" CONTENT="vattenbyggnaderna"/><SP WIDTH="11" VPOS="658" HPOS="470"/>
							<String ID="string_80" HPOS="481" VPOS="659" WIDTH="51" HEIGHT="21" WC="0.93" CONTENT="eller"/><SP WIDTH="10" VPOS="659" HPOS="532"/>
							<String ID="string_81" HPOS="542" VPOS="659" WIDTH="238" HEIGHT="27" WC="0.93" CONTENT="landtbruksstyrelsen"/><SP WIDTH="11" VPOS="659" HPOS="780"/>
							<String ID="string_82" HPOS="791" VPOS="659" WIDTH="162" HEIGHT="27" WC="0.92" CONTENT="underlydande"/>
						</TextLine>
						<TextLine ID="line_14" HPOS="192" VPOS="691" WIDTH="761" HEIGHT="29">
							<String ID="string_83" HPOS="192" VPOS="691" WIDTH="138" HEIGHT="27" WC="0.91" CONTENT="tjensteman,"/><SP WIDTH="17" VPOS="691" HPOS="330"/>
							<String ID="string_84" HPOS="347" VPOS="691" WIDTH="128" HEIGHT="23" WC="0.91" CONTENT="öfverlemne"/><SP WIDTH="15" VPOS="691" HPOS="475"/>
							<String ID="string_85" HPOS="490" VPOS="695" WIDTH="135" HEIGHT="24" WC="0.92" CONTENT="guvernören"/><SP WIDTH="18" VPOS="695" HPOS="625"/>
							<String ID="string_86" HPOS="643" VPOS="693" WIDTH="91" HEIGHT="21" WC="0.92" CONTENT="ärendet"/><SP WIDTH="11" VPOS="693" HPOS="734"/>
							<String ID="string_87" HPOS="745" VPOS="693" WIDTH="33" HEIGHT="20" WC="0.93" CONTENT="till"/><SP WIDTH="11" VPOS="693" HPOS="778"/>
							<String ID="string_88" HPOS="789" VPOS="693" WIDTH="164" HEIGHT="27" WC="0.93" CONTENT="öfverstyrelsen"/>
						</TextLine>
						<TextLine ID="line_15" HPOS="192" VPOS="726" WIDTH="760" HEIGHT="29">
							<String ID="string_89" HPOS="192" VPOS="726" WIDTH="35" HEIGHT="21" WC="0.93" CONTENT="för"/><SP WIDTH="14" VPOS="726" HPOS="227"/>
							<String ID="string_90" HPOS="241" VPOS="728" WIDTH="52" HEIGHT="25" WC="0.91" CONTENT="väg-"/><SP WIDTH="12" VPOS="728" HPOS="293"/>
							<String ID="string_91" HPOS="305" VPOS="727" WIDTH="38" HEIGHT="21" WC="0.93" CONTENT="och"/><SP WIDTH="12" VPOS="727" HPOS="343"/>
							<String ID="string_92" HPOS="355" VPOS="727" WIDTH="229" HEIGHT="28" WC="0.91" CONTENT="vattenbyggnaderna"/><SP WIDTH="11" VPOS="727" HPOS="584"/>
							<String ID="string_93" HPOS="595" VPOS="728" WIDTH="51" HEIGHT="21" WC="0.93" CONTENT="eller"/><SP WIDTH="11" VPOS="728" HPOS="646"/>
							<String ID="string_94" HPOS="657" VPOS="728" WIDTH="243" HEIGHT="27" WC="0.92" CONTENT="landtbruksstyrelsen,"/><SP WIDTH="8" VPOS="728" HPOS="900"/>
							<String ID="string_95" HPOS="908" VPOS="735" WIDTH="44" HEIGHT="14" WC="0.96" CONTENT="som"/>
						</TextLine>
						<TextLine ID="line_16" HPOS="192" VPOS="760" WIDTH="761" HEIGHT="30">
							<String ID="string_96" HPOS="192" VPOS="767" WIDTH="56" HEIGHT="20" WC="0.91" CONTENT="eger,"/><SP WIDTH="17" VPOS="767" HPOS="248"/>
							<String ID="string_97" HPOS="265" VPOS="760" WIDTH="55" HEIGHT="22" WC="0.93" CONTENT="efter"/><SP WIDTH="15" VPOS="760" HPOS="320"/>
							<String ID="string_98" HPOS="335" VPOS="761" WIDTH="101" HEIGHT="28" WC="0.92" CONTENT="pröfning"/><SP WIDTH="15" VPOS="761" HPOS="436"/>
							<String ID="string_99" HPOS="451" VPOS="761" WIDTH="23" HEIGHT="22" WC="0.97" CONTENT="af"/><SP WIDTH="13" VPOS="761" HPOS="474"/>
							<String ID="string_100" HPOS="487" VPOS="762" WIDTH="118" HEIGHT="27" WC="0.93" CONTENT="företagets"/><SP WIDTH="15" VPOS="762" HPOS="605"/>
							<String ID="string_101" HPOS="620" VPOS="763" WIDTH="46" HEIGHT="27" WC="0.92" CONTENT="vigt"/><SP WIDTH="16" VPOS="763" HPOS="666"/>
							<String ID="string_102" HPOS="682" VPOS="763" WIDTH="39" HEIGHT="21" WC="0.96" CONTENT="och"/><SP WIDTH="17" VPOS="763" HPOS="721"/>
							<String ID="string_103" HPOS="738" VPOS="769" WIDTH="34" HEIGHT="14" WC="0.93" CONTENT="om"/><SP WIDTH="16" VPOS="769" HPOS="772"/>
							<String ID="string_104" HPOS="788" VPOS="763" WIDTH="38" HEIGHT="20" WC="0.91" CONTENT="ske"/><SP WIDTH="15" VPOS="763" HPOS="826"/>
							<String ID="string_105" HPOS="841" VPOS="763" WIDTH="43" HEIGHT="21" WC="0.96" CONTENT="kan"/><SP WIDTH="15" VPOS="763" HPOS="884"/>
							<String ID="string_106" HPOS="899" VPOS="764" WIDTH="54" HEIGHT="20" WC="0.96" CONTENT="utan"/>
						</TextLine>
						<TextLine ID="line_17" HPOS="192" VPOS="795" WIDTH="762" HEIGHT="29">
							<String ID="string_107" HPOS="192" VPOS="795" WIDTH="89" HEIGHT="27" WC="0.96" CONTENT="intrång"/><SP WIDTH="13" VPOS="795" HPOS="281"/>
							<String ID="string_108" HPOS="294" VPOS="795" WIDTH="7" HEIGHT="21" WC="0.93" CONTENT="i"/><SP WIDTH="14" VPOS="795" HPOS="301"/>
							<String ID="string_109" HPOS="315" VPOS="796" WIDTH="77" HEIGHT="21" WC="0.92" CONTENT="nämde"/><SP WIDTH="16" VPOS="796" HPOS="392"/>
							<String ID="string_110" HPOS="408" VPOS="796" WIDTH="141" HEIGHT="27" WC="0.91" CONTENT="tjenstemäns"/><SP WIDTH="16" VPOS="796" HPOS="549"/>
							<String ID="string_111" HPOS="565" VPOS="797" WIDTH="69" HEIGHT="27" WC="0.93" CONTENT="öfriga"/><SP WIDTH="15" VPOS="797" HPOS="634"/>
							<String ID="string_112" HPOS="649" VPOS="797" WIDTH="187" HEIGHT="26" WC="0.18" CONTENT="embetsgöromäl,"/><SP WIDTH="16" VPOS="797" HPOS="836"/>
							<String ID="string_113" HPOS="852" VPOS="797" WIDTH="102" HEIGHT="21" WC="0.96" CONTENT="förordna"/>
						</TextLine>
						<TextLine ID="line_18" HPOS="192" VPOS="829" WIDTH="762" HEIGHT="29">
							<String ID="string_114" HPOS="192" VPOS="829" WIDTH="68" HEIGHT="21" WC="0.96" CONTENT="sådan"/><SP WIDTH="25" VPOS="829" HPOS="260"/>
							<String ID="string_115" HPOS="285" VPOS="831" WIDTH="33" HEIGHT="20" WC="0.93" CONTENT="att"/><SP WIDTH="22" VPOS="831" HPOS="318"/>
							<String ID="string_116" HPOS="340" VPOS="830" WIDTH="122" HEIGHT="21" WC="0.91" CONTENT="handhafva"/><SP WIDTH="22" VPOS="830" HPOS="462"/>
							<String ID="string_117" HPOS="484" VPOS="831" WIDTH="124" HEIGHT="27" WC="0.96" CONTENT="uppdraget"/><SP WIDTH="23" VPOS="831" HPOS="608"/>
							<String ID="string_118" HPOS="631" VPOS="831" WIDTH="39" HEIGHT="21" WC="0.96" CONTENT="och"/><SP WIDTH="24" VPOS="831" HPOS="670"/>
							<String ID="string_119" HPOS="694" VPOS="831" WIDTH="62" HEIGHT="21" WC="0.95" CONTENT="äfven"/><SP WIDTH="24" VPOS="831" HPOS="756"/>
							<String ID="string_120" HPOS="780" VPOS="831" WIDTH="45" HEIGHT="21" WC="0.96" CONTENT="låta"/><SP WIDTH="19" VPOS="831" HPOS="825"/>
							<String ID="string_121" HPOS="844" VPOS="831" WIDTH="22" HEIGHT="21" WC="0.96" CONTENT="af"/><SP WIDTH="14" VPOS="831" HPOS="866"/>
							<String ID="string_122" HPOS="880" VPOS="831" WIDTH="26" HEIGHT="22" WC="0.96" CONTENT="de"/><SP WIDTH="16" VPOS="831" HPOS="906"/>
							<String ID="string_123" HPOS="922" VPOS="831" WIDTH="32" HEIGHT="21" WC="0.96" CONTENT="till"/>
						</TextLine>
						<TextLine ID="line_19" HPOS="193" VPOS="863" WIDTH="760" HEIGHT="30">
							<String ID="string_124" HPOS="193" VPOS="864" WIDTH="86" HEIGHT="21" WC="0.96" CONTENT="verkets"/><SP WIDTH="23" VPOS="864" HPOS="279"/>
							<String ID="string_125" HPOS="302" VPOS="863" WIDTH="126" HEIGHT="28" WC="0.96" CONTENT="förfogande"/><SP WIDTH="21" VPOS="863" HPOS="428"/>
							<String ID="string_126" HPOS="449" VPOS="865" WIDTH="90" HEIGHT="22" WC="0.96" CONTENT="stående"/><SP WIDTH="21" VPOS="865" HPOS="539"/>
							<String ID="string_127" HPOS="560" VPOS="865" WIDTH="74" HEIGHT="22" WC="0.93" CONTENT="förråd"/><SP WIDTH="19" VPOS="865" HPOS="634"/>
							<String ID="string_128" HPOS="653" VPOS="866" WIDTH="98" HEIGHT="21" WC="0.92" CONTENT="utlemna"/><SP WIDTH="15" VPOS="866" HPOS="751"/>
							<String ID="string_129" HPOS="766" VPOS="865" WIDTH="79" HEIGHT="28" WC="0.96" CONTENT="nödiga"/><SP WIDTH="15" VPOS="865" HPOS="845"/>
							<String ID="string_130" HPOS="860" VPOS="866" WIDTH="93" HEIGHT="27" WC="0.96" CONTENT="redskap"/>
						</TextLine>
						<TextLine ID="line_20" HPOS="194" VPOS="897" WIDTH="303" HEIGHT="24">
							<String ID="string_131" HPOS="194" VPOS="897" WIDTH="31" HEIGHT="21" WC="0.96" CONTENT="för"/><SP WIDTH="16" VPOS="897" HPOS="225"/>
							<String ID="string_132" HPOS="241" VPOS="898" WIDTH="96" HEIGHT="21" WC="0.93" CONTENT="arbetets"/><SP WIDTH="16" VPOS="898" HPOS="337"/>
							<String ID="string_133" HPOS="353" VPOS="899" WIDTH="144" HEIGHT="22" WC="0.91" CONTENT="bedrifvande."/>
						</TextLine>
					</TextBlock>
					<TextBlock ID="block_6" HPOS="193" VPOS="932" WIDTH="760" HEIGHT="58">
						<TextLine ID="line_21" HPOS="261" VPOS="932" WIDTH="692" HEIGHT="30">
							<String ID="string_134" HPOS="261" VPOS="933" WIDTH="11" HEIGHT="20" WC="0.96" CONTENT="I"/><SP WIDTH="16" VPOS="933" HPOS="272"/>
							<String ID="string_135" HPOS="288" VPOS="932" WIDTH="69" HEIGHT="28" WC="0.96" CONTENT="öfriga"/><SP WIDTH="14" VPOS="932" HPOS="357"/>
							<String ID="string_136" HPOS="371" VPOS="933" WIDTH="37" HEIGHT="22" WC="0.96" CONTENT="fall"/><SP WIDTH="16" VPOS="933" HPOS="408"/>
							<String ID="string_137" HPOS="424" VPOS="934" WIDTH="101" HEIGHT="21" WC="0.93" CONTENT="insändas"/><SP WIDTH="11" VPOS="934" HPOS="525"/>
							<String ID="string_138" HPOS="536" VPOS="935" WIDTH="291" HEIGHT="27" WC="0.91" CONTENT="ansökningshandlingarne"/><SP WIDTH="7" VPOS="935" HPOS="827"/>
							<String ID="string_139" HPOS="834" VPOS="935" WIDTH="67" HEIGHT="27" WC="0.96" CONTENT="jemte"/><SP WIDTH="12" VPOS="935" HPOS="901"/>
							<String ID="string_140" HPOS="913" VPOS="935" WIDTH="40" HEIGHT="20" WC="0.96" CONTENT="den"/>
						</TextLine>
						<TextLine ID="line_22" HPOS="193" VPOS="967" WIDTH="680" HEIGHT="23">
							<String ID="string_141" HPOS="193" VPOS="967" WIDTH="34" HEIGHT="20" WC="0.96" CONTENT="vid"/><SP WIDTH="16" VPOS="967" HPOS="227"/>
							<String ID="string_142" HPOS="243" VPOS="967" WIDTH="133" HEIGHT="22" WC="0.93" CONTENT="tillståndets"/><SP WIDTH="16" VPOS="967" HPOS="376"/>
							<String ID="string_143" HPOS="392" VPOS="968" WIDTH="134" HEIGHT="21" WC="0.91" CONTENT="utverkande"/><SP WIDTH="16" VPOS="968" HPOS="526"/>
							<String ID="string_144" HPOS="542" VPOS="969" WIDTH="112" HEIGHT="21" WC="0.96" CONTENT="tillkomna"/><SP WIDTH="17" VPOS="969" HPOS="654"/>
							<String ID="string_145" HPOS="671" VPOS="969" WIDTH="39" HEIGHT="21" WC="0.96" CONTENT="akt"/><SP WIDTH="16" VPOS="969" HPOS="710"/>
							<String ID="string_146" HPOS="726" VPOS="969" WIDTH="33" HEIGHT="20" WC="0.95" CONTENT="till"/><SP WIDTH="16" VPOS="969" HPOS="759"/>
							<String ID="string_147" HPOS="775" VPOS="968" WIDTH="98" HEIGHT="22" WC="0.95" CONTENT="Senaten."/>
						</TextLine>
					</TextBlock>
				</ComposedBlock>
				<ComposedBlock ID="cblock_4" HPOS="488" VPOS="1102" WIDTH="175" HEIGHT="21">
					<TextBlock ID="block_7" HPOS="488" VPOS="1102" WIDTH="175" HEIGHT="21">
						<TextLine ID="line_23" HPOS="488" VPOS="1102" WIDTH="175" HEIGHT="21">
							<String ID="string_148" HPOS="488" VPOS="1102" WIDTH="47" HEIGHT="16" WC="0.47" CONTENT="II"/><SP WIDTH="23" VPOS="1102" HPOS="535"/>
							<String ID="string_149" HPOS="558" VPOS="1104" WIDTH="105" HEIGHT="19" WC="0.93" CONTENT="kap."/>
						</TextLine>
					</TextBlock>
				</ComposedBlock>
				<ComposedBlock ID="cblock_5" HPOS="231" VPOS="1157" WIDTH="686" HEIGHT="69">
					<TextBlock ID="block_8" HPOS="231" VPOS="1157" WIDTH="686" HEIGHT="69">
						<TextLine ID="line_24" HPOS="231" VPOS="1157" WIDTH="686" HEIGHT="29">
							<String ID="string_150" HPOS="231" VPOS="1157" WIDTH="34" HEIGHT="21" WC="0.93" CONTENT="Om"/><SP WIDTH="18" VPOS="1157" HPOS="265"/>
							<String ID="string_151" HPOS="283" VPOS="1158" WIDTH="131" HEIGHT="27" WC="0.91" CONTENT="uppgörande"/><SP WIDTH="15" VPOS="1158" HPOS="414"/>
							<String ID="string_152" HPOS="429" VPOS="1159" WIDTH="20" HEIGHT="21" WC="0.96" CONTENT="af"/><SP WIDTH="16" VPOS="1159" HPOS="449"/>
							<String ID="string_153" HPOS="465" VPOS="1159" WIDTH="45" HEIGHT="26" WC="0.96" CONTENT="plan"/><SP WIDTH="16" VPOS="1159" HPOS="510"/>
							<String ID="string_154" HPOS="526" VPOS="1158" WIDTH="28" HEIGHT="22" WC="0.96" CONTENT="till"/><SP WIDTH="17" VPOS="1158" HPOS="554"/>
							<String ID="string_155" HPOS="571" VPOS="1159" WIDTH="87" HEIGHT="27" WC="0.93" CONTENT="dikning,"/><SP WIDTH="15" VPOS="1159" HPOS="658"/>
							<String ID="string_156" HPOS="673" VPOS="1158" WIDTH="142" HEIGHT="28" WC="0.91" CONTENT="torrläggning"/><SP WIDTH="16" VPOS="1158" HPOS="815"/>
							<String ID="string_157" HPOS="831" VPOS="1159" WIDTH="20" HEIGHT="21" WC="0.96" CONTENT="af"/><SP WIDTH="16" VPOS="1159" HPOS="851"/>
							<String ID="string_158" HPOS="867" VPOS="1160" WIDTH="50" HEIGHT="20" WC="0.96" CONTENT="sank"/>
						</TextLine>
						<TextLine ID="line_25" HPOS="343" VPOS="1198" WIDTH="464" HEIGHT="28">
							<String ID="string_159" HPOS="343" VPOS="1198" WIDTH="62" HEIGHT="27" WC="0.93" CONTENT="mark,"/><SP WIDTH="17" VPOS="1198" HPOS="405"/>
							<String ID="string_160" HPOS="422" VPOS="1198" WIDTH="132" HEIGHT="28" WC="0.90" CONTENT="sjösänkning"/><SP WIDTH="17" VPOS="1198" HPOS="554"/>
							<String ID="string_161" HPOS="571" VPOS="1200" WIDTH="48" HEIGHT="20" WC="0.93" CONTENT="eller"/><SP WIDTH="15" VPOS="1200" HPOS="619"/>
							<String ID="string_162" HPOS="634" VPOS="1198" WIDTH="173" HEIGHT="28" WC="0.92" CONTENT="strömrensning."/>
						</TextLine>
					</TextBlock>
				</ComposedBlock>
				<ComposedBlock ID="cblock_6" HPOS="193" VPOS="1267" WIDTH="764" HEIGHT="176">
					<TextBlock ID="block_9" HPOS="550" VPOS="1267" WIDTH="47" HEIGHT="27">
						<TextLine ID="line_26" HPOS="550" VPOS="1267" WIDTH="47" HEIGHT="27">
							<String ID="string_163" HPOS="550" VPOS="1267" WIDTH="47" HEIGHT="27" WC="0.78" CONTENT="88."/>
						</TextLine>
					</TextBlock>
					<TextBlock ID="block_10" HPOS="193" VPOS="1306" WIDTH="764" HEIGHT="137">
						<TextLine ID="line_27" HPOS="263" VPOS="1306" WIDTH="692" HEIGHT="33">
							<String ID="string_164" HPOS="263" VPOS="1306" WIDTH="86" HEIGHT="26" WC="0.88" CONTENT="Önskar"/><SP WIDTH="22" VPOS="1306" HPOS="349"/>
							<String ID="string_165" HPOS="371" VPOS="1312" WIDTH="111" HEIGHT="27" WC="0.88" CONTENT="sakegare,"/><SP WIDTH="24" VPOS="1312" HPOS="482"/>
							<String ID="string_166" HPOS="506" VPOS="1314" WIDTH="33" HEIGHT="19" WC="0.96" CONTENT="att"/><SP WIDTH="19" VPOS="1314" HPOS="539"/>
							<String ID="string_167" HPOS="558" VPOS="1313" WIDTH="51" HEIGHT="26" WC="0.96" CONTENT="plan"/><SP WIDTH="21" VPOS="1313" HPOS="609"/>
							<String ID="string_168" HPOS="630" VPOS="1313" WIDTH="32" HEIGHT="21" WC="0.93" CONTENT="till"/><SP WIDTH="17" VPOS="1313" HPOS="662"/>
							<String ID="string_169" HPOS="679" VPOS="1313" WIDTH="90" HEIGHT="26" WC="0.93" CONTENT="dikning"/><SP WIDTH="16" VPOS="1313" HPOS="769"/>
							<String ID="string_170" HPOS="785" VPOS="1312" WIDTH="51" HEIGHT="22" WC="0.96" CONTENT="eller"/><SP WIDTH="15" VPOS="1312" HPOS="836"/>
							<String ID="string_171" HPOS="851" VPOS="1312" WIDTH="32" HEIGHT="22" WC="0.93" CONTENT="till"/><SP WIDTH="16" VPOS="1312" HPOS="883"/>
							<String ID="string_172" HPOS="899" VPOS="1314" WIDTH="56" HEIGHT="20" WC="0.88" CONTENT="torr-"/>
						</TextLine>
						<TextLine ID="line_28" HPOS="193" VPOS="1345" WIDTH="764" HEIGHT="29">
							<String ID="string_173" HPOS="193" VPOS="1345" WIDTH="102" HEIGHT="27" WC="0.91" CONTENT="läggning"/><SP WIDTH="16" VPOS="1345" HPOS="295"/>
							<String ID="string_174" HPOS="311" VPOS="1346" WIDTH="23" HEIGHT="21" WC="0.93" CONTENT="af"/><SP WIDTH="14" VPOS="1346" HPOS="334"/>
							<String ID="string_175" HPOS="348" VPOS="1346" WIDTH="55" HEIGHT="21" WC="0.92" CONTENT="sank"/><SP WIDTH="16" VPOS="1346" HPOS="403"/>
							<String ID="string_176" HPOS="419" VPOS="1347" WIDTH="66" HEIGHT="26" WC="0.93" CONTENT="mark,"/><SP WIDTH="18" VPOS="1347" HPOS="485"/>
							<String ID="string_177" HPOS="503" VPOS="1347" WIDTH="108" HEIGHT="27" WC="0.92" CONTENT="sänkning"/><SP WIDTH="16" VPOS="1347" HPOS="611"/>
							<String ID="string_178" HPOS="627" VPOS="1347" WIDTH="22" HEIGHT="21" WC="0.93" CONTENT="af"/><SP WIDTH="14" VPOS="1347" HPOS="649"/>
							<String ID="string_179" HPOS="663" VPOS="1347" WIDTH="32" HEIGHT="27" WC="0.92" CONTENT="sjö"/><SP WIDTH="18" VPOS="1347" HPOS="695"/>
							<String ID="string_180" HPOS="713" VPOS="1347" WIDTH="52" HEIGHT="21" WC="0.93" CONTENT="eller"/><SP WIDTH="11" VPOS="1347" HPOS="765"/>
							<String ID="string_181" HPOS="776" VPOS="1347" WIDTH="147" HEIGHT="27" WC="0.92" CONTENT="upprensning"/><SP WIDTH="12" VPOS="1347" HPOS="923"/>
							<String ID="string_182" HPOS="935" VPOS="1347" WIDTH="22" HEIGHT="21" WC="0.96" CONTENT="af"/>
						</TextLine>
						<TextLine ID="line_29" HPOS="194" VPOS="1380" WIDTH="761" HEIGHT="29">
							<String ID="string_183" HPOS="194" VPOS="1380" WIDTH="10" HEIGHT="18" WC="0.84" CONTENT="å"/><SP WIDTH="18" VPOS="1380" HPOS="204"/>
							<String ID="string_184" HPOS="222" VPOS="1382" WIDTH="109" HEIGHT="24" WC="0.47" CONTENT="upngöres"/><SP WIDTH="16" VPOS="1382" HPOS="331"/>
							<String ID="string_185" HPOS="347" VPOS="1380" WIDTH="23" HEIGHT="21" WC="0.93" CONTENT="af"/><SP WIDTH="13" VPOS="1380" HPOS="370"/>
							<String ID="string_186" HPOS="383" VPOS="1381" WIDTH="122" HEIGHT="27" WC="0.93" CONTENT="sakkunnig"/><SP WIDTH="14" VPOS="1381" HPOS="505"/>
							<String ID="string_187" HPOS="519" VPOS="1382" WIDTH="136" HEIGHT="27" WC="0.92" CONTENT="tiensteman,"/><SP WIDTH="18" VPOS="1382" HPOS="655"/>
							<String ID="string_188" HPOS="673" VPOS="1382" WIDTH="84" HEIGHT="21" WC="0.92" CONTENT="ansöke"/><SP WIDTH="15" VPOS="1382" HPOS="757"/>
							<String ID="string_189" HPOS="772" VPOS="1381" WIDTH="73" HEIGHT="21" WC="0.96" CONTENT="derom"/><SP WIDTH="15" VPOS="1381" HPOS="845"/>
							<String ID="string_190" HPOS="860" VPOS="1381" WIDTH="38" HEIGHT="22" WC="0.93" CONTENT="hos"/><SP WIDTH="19" VPOS="1381" HPOS="898"/>
							<String ID="string_191" HPOS="917" VPOS="1388" WIDTH="38" HEIGHT="21" WC="0.92" CONTENT="gu-"/>
						</TextLine>
						<TextLine ID="line_30" HPOS="193" VPOS="1414" WIDTH="762" HEIGHT="29">
							<String ID="string_192" HPOS="193" VPOS="1415" WIDTH="106" HEIGHT="20" WC="0.92" CONTENT="vernören"/><SP WIDTH="16" VPOS="1415" HPOS="299"/>
							<String ID="string_193" HPOS="315" VPOS="1414" WIDTH="6" HEIGHT="21" WC="0.93" CONTENT="i"/><SP WIDTH="16" VPOS="1414" HPOS="321"/>
							<String ID="string_194" HPOS="337" VPOS="1414" WIDTH="66" HEIGHT="27" WC="0.93" CONTENT="länet,"/><SP WIDTH="16" VPOS="1414" HPOS="403"/>
							<String ID="string_195" HPOS="419" VPOS="1414" WIDTH="84" HEIGHT="22" WC="0.93" CONTENT="hvilken"/><SP WIDTH="16" VPOS="1414" HPOS="503"/>
							<String ID="string_196" HPOS="519" VPOS="1415" WIDTH="67" HEIGHT="28" WC="0.93" CONTENT="enligt"/><SP WIDTH="16" VPOS="1415" HPOS="586"/>
							<String ID="string_197" HPOS="602" VPOS="1416" WIDTH="124" HEIGHT="21" WC="0.92" CONTENT="sökandens"/><SP WIDTH="17" VPOS="1416" HPOS="726"/>
							<String ID="string_198" HPOS="743" VPOS="1415" WIDTH="107" HEIGHT="22" WC="0.91" CONTENT="ästundan"/><SP WIDTH="17" VPOS="1415" HPOS="850"/>
							<String ID="string_199" HPOS="867" VPOS="1416" WIDTH="38" HEIGHT="21" WC="0.93" CONTENT="och"/><SP WIDTH="16" VPOS="1416" HPOS="905"/>
							<String ID="string_200" HPOS="921" VPOS="1422" WIDTH="34" HEIGHT="16" WC="0.93" CONTENT="sa-"/>
						</TextLine>
					</TextBlock>
				</ComposedBlock>
			</PrintSpace>
		</Page>
	</Layout>
</alto>
