1048 1631
340 75 22 24 U.
379 76 24 22 B.
419 88 29 3 —
465 75 63 29 Prop.
546 75 36 23 N:o
598 76 22 22 5.
834 76 26 20 11

104 147 50 16 som
170 140 226 22 konkursdomstolen
412 141 7 20 i
435 140 82 22 sådant
532 140 106 22 afseende
655 140 40 22 bör
711 143 56 24 utse,
784 142 58 20 samt
855 141 7 21 i

106 183 78 16 senare
208 177 129 26 händelsen,
362 176 54 22 eller
439 175 29 22 då
489 175 151 28 årsstämning
662 177 73 21 blifvit
750 177 111 25 utfärdad,

106 215 32 19 att
161 213 70 21 förete
255 212 178 22 förbindelserna
456 212 33 21 till
505 212 88 22 inlösen
609 213 7 20 i
632 212 95 22 banken.
759 213 103 21 Nämnda

106 249 133 27 kungörelse
255 249 40 20 bör
312 249 67 20 minst
394 247 38 22 två
448 247 84 28 gånger
547 248 72 22 under
634 247 110 23 hvardera
759 248 23 22 af
796 249 67 21 dessa

105 284 26 22 år
146 284 29 28 på
191 285 99 26 bolagets
314 284 124 21 bekostnad
462 284 92 26 införas,
579 284 96 22 förutom
692 285 6 20 i
715 285 28 21 de
759 284 103 22 officiella

105 321 148 27 tidningarna,
270 321 31 20 uti
317 322 33 19 tre
365 320 113 27 tidningar
494 319 29 28 på
540 320 87 22 landets
643 319 58 22 båda
717 320 74 27 språk.

178 356 32 22 Då
233 357 99 21 konkurs
356 356 124 27 föreligger,
506 358 62 20 utser
588 356 97 22 Senaten
707 357 108 26 därjämte
832 357 31 20 ett

106 393 106 20 särskildt
227 392 90 26 ombud,
338 399 49 14 som
404 398 51 21 eger
471 394 32 19 att
520 392 71 22 tillika
607 393 51 21 med
674 392 188 22 konkursförvalt-

108 429 80 26 ningen
202 428 121 21 öfvervaka
334 429 32 20 att
376 427 101 22 bankens
489 427 119 28 tillgångar
618 430 53 19 utan
683 427 106 28 dröjsmål
800 428 62 21 reali-

107 470 61 15 seras
186 464 41 21 och
243 465 32 20 att
291 463 177 28 obligationerna
483 463 122 28 behörigen
622 464 89 21 inlösas.
743 464 64 21 Detta
818 470 44 15 om-

107 499 58 22 buds
181 500 82 21 arvode
280 499 134 22 bestämmes
431 499 23 22 af
471 499 98 22 Senaten
586 500 42 21 och
644 499 63 28 utgår
722 500 23 21 af
755 500 107 21 konkurs-

106 542 102 15 massans
225 535 80 22 medel.

178 672 8 21 I
203 672 163 27 behandlingen
387 673 23 21 af
427 673 60 22 detta
503 674 85 21 ärende
604 673 68 21 hafva
685 673 90 26 deltagit
791 672 71 21 ordfö-

106 708 86 21 randen
214 715 43 14 von
279 707 148 23 Christierson
451 711 59 20 samt
534 709 151 22 ledamöterne
702 709 101 21 Friherre
819 714 43 15 von

106 743 145 27 Willebrand,
268 744 27 21 af
311 744 109 27 Lindfors,
441 745 91 26 Wallin,
556 745 26 22 A.
605 745 112 26 Bergroth,
740 744 121 25 Melander,

106 779 109 27 Sommer,
238 779 127 28 Carlström,
389 781 111 26 Stenroth,
524 781 26 22 A.
574 781 25 21 N.
621 781 132 26 Colliander,
775 779 86 22 Eklund

105 815 43 22 och
165 815 99 22 Fellman
286 816 116 22 äfvensom
422 817 70 21 delvis
509 817 172 28 suppleanterne
698 816 87 26 Kaitila,
802 815 60 22 Kert-

105 851 48 22 tula
169 852 42 21 och
227 852 123 22 Lindblom.

180 1443 157 21 Bankutskottets
353 1444 121 20 betänkande
489 1444 41 20 N:o
547 1445 17 19 1.
