1048 1631
214 102 12 20 8
529 103 41 21 N:o
589 105 17 19 1.

185 171 25 20 så
224 170 91 28 belägen
331 171 6 21 i
353 170 135 23 förhållande
505 171 34 22 till
554 171 66 27 diket,
637 173 35 20 att
686 172 40 21 den
742 173 97 21 kommer
853 173 7 21 i
875 173 72 27 åtnju-

186 205 66 21 tande
268 205 24 21 af
305 205 98 28 antydda
417 206 89 27 förmån,
523 213 49 14 men
588 207 34 20 att
638 206 40 21 den
693 207 12 20 å
716 207 67 21 andra
799 207 62 21 sidan
877 207 69 21 tillika

186 239 69 22 måste
270 240 25 21 så
310 240 137 27 inskränkas,
464 241 33 20 att
512 240 54 21 hans
582 240 210 27 bidragsskyldighet
802 241 6 21 i
819 241 63 27 ingen
893 241 52 21 hän-

186 273 58 22 delse
267 273 33 22 fär
323 274 116 27 öfverstiga
462 275 40 21 den
526 275 92 21 sälunda
636 281 73 15 vunna
723 275 222 28 värdeförhöjningen,

186 313 34 16 om
243 307 44 22 han
309 309 47 21 icke
379 309 36 21 vill
430 309 7 21 i
452 309 48 22 dess
523 311 71 20 större
614 310 50 20 män
682 309 99 28 begagna
795 310 33 27 sig
843 309 23 22 af
880 309 65 21 diket.

185 341 50 22 Men
259 343 48 21 med
330 343 71 22 denna
423 344 128 21 korrektare
573 343 140 28 formulering
731 344 40 21 har
785 344 99 27 gällande
899 343 46 28 lags

186 377 117 26 grundsats
327 385 33 14 om
383 378 222 27 dikningsskyldighet
621 379 6 20 i
643 378 64 27 öfrigt
722 378 128 27 bibehällits,
867 378 27 21 dä
909 378 36 21 det

186 413 61 25 synts
269 411 123 28 betänkligt
415 414 32 20 att
470 413 114 21 utsträcka
606 413 148 27 skyldigheten
778 415 33 19 att
833 413 86 27 deltaga
938 413 6 20 i

187 445 89 28 dikning
291 447 33 21 till
340 447 42 21 alla
398 447 53 26 dem,
467 447 73 21 hvilka
554 447 64 21 hafva
633 453 55 21 gagn
705 447 22 21 af
741 447 64 26 diket,
823 447 38 21 och
875 447 70 27 nägon

186 486 73 15 annan
282 481 89 27 lämplig
393 481 145 28 begränsning
563 481 23 22 af
610 481 70 22 denna
705 481 121 27 skyldighet
851 483 27 20 än
904 481 40 22 den

186 514 167 27 ifrågavarande
368 516 46 21 icke
429 517 84 20 kunnat
528 515 105 28 päfinnas.
659 515 31 22 På
705 515 240 22 öfverenskommelsens

186 551 41 25 väg
242 550 42 21 kan
302 551 119 20 emellertid
440 551 83 26 mycket
539 550 75 21 vinnas
630 549 34 22 för
679 550 59 21 såväl
754 550 191 21 ästadkommande

187 583 23 22 af
230 590 159 21 gemensamma
412 585 184 26 dikningsföretag
620 591 45 15 som
690 585 175 26 afdikningarnes
884 584 60 27 plan-

186 619 93 26 mässiga
295 619 122 27 utförande,
433 626 34 15 om
482 619 56 22 blott
555 621 31 20 ett
602 620 79 21 sädant
698 619 123 22 förfarande
837 619 108 21 anordnas

186 653 34 21 för
235 653 190 28 ävägabringande
440 654 23 21 af
476 654 72 27 dylika
562 653 92 28 företag,
668 655 33 20 att
713 654 25 21 de
749 654 78 26 nödiga
838 653 107 22 öfverens-

186 688 169 21 kommelsernas
377 688 105 27 ingående
504 688 88 28 främjas
612 689 38 20 och
670 688 141 22 underlättas.
842 688 10 21 I
867 688 78 21 sådant

186 721 56 28 syfte
264 722 40 21 har
324 723 56 21 altså
398 722 148 27 föreskrifvits,
566 723 45 21 dels
628 724 32 20 att
677 723 94 26 dikning,
787 722 76 21 hvaraf
877 722 68 21 andra

186 757 75 21 kunna
279 757 65 21 hafva
359 763 63 21 gagn,
437 757 39 21 bör
491 757 85 27 föregås
592 757 23 22 af
630 757 71 22 desses
716 757 131 27 inbjudande
863 756 32 21 till
910 763 35 20 ge-

187 797 95 16 mensam
303 792 166 27 öfverläggning,
486 794 45 19 dels
547 795 39 24 att,
604 799 33 14 om
654 793 17 26 ej
688 791 214 22 öfverenskommelse
918 791 27 21 då

186 826 97 21 kommer
298 826 33 21 till
346 827 71 26 stånd,
434 827 261 26 dikningssammanträde
710 826 48 21 med
774 826 46 21 dem
833 825 46 26 bör,
892 825 53 22 efter

186 860 89 27 behörig
298 861 116 27 utlysning,
434 861 67 21 hållas
521 861 23 21 af
557 861 122 27 sakkunnig
694 861 129 27 tjensteman
840 860 38 21 och
894 860 50 27 plan

186 894 34 21 för
242 895 85 22 arbetet
347 895 67 28 jemte
435 895 119 28 beräkning
577 896 23 21 af
620 896 121 21 kostnaden
761 895 37 21 och
818 895 80 26 förslag
913 895 32 20 till

187 929 128 27 dikningens
331 929 119 28 fördelning
466 930 22 21 af
501 930 78 21 honom
596 931 116 26 uppgöras.

255 963 33 22 En
312 964 111 27 ovilkorlig
445 964 121 27 skyldighet
586 964 33 21 för
640 965 98 26 delegare
754 965 6 20 i
776 966 69 19 större
861 966 84 19 vatten-

187 997 80 22 dränkt
283 999 61 20 mark
361 1000 32 19 att
409 998 85 28 deltaga
509 999 7 20 i
532 999 131 27 anläggning
678 999 23 21 af
715 999 54 26 dike,
786 1005 45 15 som
847 1005 64 20 egare
925 998 22 21 af

187 1037 25 15 en
235 1032 67 26 högre
324 1033 89 26 belägen
433 1033 33 20 del
484 1032 22 21 af
520 1033 88 21 marken
624 1033 35 21 vill
676 1035 102 25 upptaga,
794 1033 73 21 kunde
883 1033 62 20 emel-

186 1066 64 21 lertid
267 1067 46 21 ofta
328 1067 33 20 för
372 1067 83 26 mycket
465 1067 97 28 betunga
573 1067 40 22 den
624 1067 140 22 förstnämde.
785 1067 49 21 Med
846 1067 99 21 afseende

187 1101 13 20 å
223 1101 26 20 de
271 1103 62 19 stora
356 1102 122 25 kostnader,
502 1108 45 15 som
568 1102 58 27 dylik
642 1102 72 21 marks
730 1101 115 22 afdikande
860 1101 85 22 kräfver

187 1135 39 21 och
248 1135 83 22 hvilkas
354 1135 147 28 godtgörande
524 1142 77 21 genom
624 1137 100 21 markens
747 1135 125 27 afkastning
892 1135 53 22 efter

187 1170 48 22 dess
258 1170 151 28 torrläggning
427 1171 45 21 icke
490 1171 43 21 kan
552 1172 110 26 påräknas
677 1171 57 21 inom
751 1177 26 15 en
794 1170 86 22 alldeles
895 1172 50 20 kort

186 1204 39 27 tid,
248 1206 70 20 måste
341 1206 13 20 å
369 1206 68 20 andra
453 1206 61 21 sidan
530 1206 92 26 befaras,
639 1208 34 19 att
688 1206 78 21 endast
790 1206 155 26 undantagsvis

186 1239 77 21 mellan
276 1240 127 27 delegarene
413 1240 6 21 i
431 1246 25 15 en
472 1240 51 22 flere
539 1240 125 27 lägenheter
679 1240 95 27 tillhörig
789 1240 156 21 vattendränkt

186 1274 62 20 mark
264 1274 52 21 eller
331 1280 38 15 ens
380 1274 76 22 mellan
472 1274 94 22 fertalet
588 1274 23 22 af
625 1275 47 21 dem
691 1275 54 21 skall
765 1275 62 21 ernås
845 1274 101 27 godvillig

186 1308 216 22 öfverenskommelse
425 1316 34 14 om
482 1310 100 21 markens
605 1310 124 21 utdikande.
762 1304 66 26 Äfven
849 1308 40 22 den
909 1315 36 15 en-

186 1342 71 22 skilda
271 1343 196 27 företagsamheten
484 1345 24 19 är
522 1343 41 21 här
578 1344 116 26 utesluten,
711 1344 28 21 då
753 1343 36 21 det
799 1343 7 21 i
817 1342 72 27 regeln
899 1343 47 21 icke

185 1376 56 22 låter
257 1377 34 23 sig
306 1379 53 22 göra
375 1379 33 19 att
424 1378 71 20 afdika
511 1384 26 14 en
554 1378 112 26 lägenhets
681 1377 88 22 område
785 1376 22 22 af
817 1377 57 27 dylik
885 1378 61 20 mark

185 1412 55 20 utan
252 1413 34 19 att
296 1413 80 26 gagnet
387 1411 23 22 af
419 1412 115 27 dikningen
546 1412 96 21 kommer
651 1412 61 22 äfven
721 1412 27 21 de
756 1411 78 27 öfriges
843 1413 102 20 områden
