1048 1631
188 124 28 18 66
400 121 73 23 Ständ.
489 122 35 22 Sv.
541 135 26 4 —
584 122 62 28 Prop.
663 122 35 22 N:o
715 122 18 22 1.

190 184 128 29 gerningen
341 185 7 20 i
363 187 70 19 annat
455 185 89 28 lagrum
567 185 89 29 belagts
672 185 51 22 med
738 185 71 28 högre
825 185 73 28 straff,
915 185 34 21 till

190 219 64 21 böter
269 219 70 28 högst
353 219 119 28 fyratusen
487 219 71 22 mark.

259 253 43 21 Om
323 261 82 14 ansvar
423 253 35 22 för
477 254 50 25 den,
546 261 49 14 som
612 254 8 21 i
638 254 130 28 kungsådra
779 254 80 28 lägger
869 253 81 22 hinder

190 288 36 21 för
241 287 86 22 fiskens
342 287 119 29 vandring,
479 288 91 29 stadgas
586 289 6 20 i
608 288 140 29 strafflagen.

260 322 47 21 Gör
329 324 76 26 någon
425 322 35 29 sig
476 322 93 29 skyldig
584 323 34 20 till
633 323 114 21 missbruk
762 323 38 21 vid
817 322 80 22 sådant
912 322 38 21 all-

190 359 63 19 mänt
268 356 121 29 nyttjande
405 357 26 21 af
443 357 143 28 vattendrag,
602 364 49 14 som
666 358 7 20 i
691 360 9 18 1
718 357 50 28 kap.
785 359 28 19 25
829 357 13 28 &
856 359 23 18 är
890 357 60 20 med-

190 391 81 28 gifvet,
287 399 54 14 vare
357 391 39 21 bot
411 391 68 28 högst
495 391 123 22 etthundra
633 391 70 23 mark.

546 469 13 18 2
574 467 21 28 8.

259 506 141 21 Missbrukas
416 509 45 18 rätt
477 509 33 18 att
526 507 50 21 med
592 507 111 28 flottgods
718 507 69 28 lägga
802 507 34 21 till
847 507 39 21 vid
897 507 54 21 eller

192 543 33 19 att
247 541 96 21 beträda
365 541 77 21 strand
465 541 54 21 eller
542 544 66 25 göres
625 541 39 22 der
681 541 70 21 skada
767 541 54 22 eller
836 541 76 28 ohägn
928 541 26 21 af

192 577 77 26 nägon
292 575 26 21 af
336 575 260 29 flottningsmanskapet,
613 576 90 21 straffes
719 576 44 21 den
779 576 105 28 skyldige
899 575 52 21 med

191 610 66 21 böter
272 609 20 29 ej
309 609 65 23 öfver
390 610 136 21 femhundra
541 611 71 25 mark,
630 611 40 20 der
681 611 50 20 icke
741 611 128 28 gerningen
881 610 70 27 enligt

192 645 84 21 allmän
291 644 104 29 strafflag
413 647 24 18 är
454 645 82 28 belagd
551 645 51 21 med
619 647 118 26 strängare
753 645 70 21 straff.
854 644 97 21 Pröfvas

192 679 136 21 förmannen
343 679 70 22 hafva
428 687 83 20 genom
527 679 115 22 bristande
653 679 80 28 tillsyn
744 679 70 22 vällat
825 681 32 19 att
869 679 84 21 brottet

192 713 93 25 skedde,
301 713 52 21 böte
369 713 45 22 han
429 713 68 28 högst
512 713 137 22 femhundra
664 713 70 22 mark.

261 747 45 22 För
327 748 122 21 uraktlätet
468 747 145 29 fullgörande
629 748 25 21 af
668 747 284 29 anmälningsskyldighet,

192 789 49 14 som
256 782 8 21 i
279 784 13 19 2
308 782 51 29 kap.
378 784 25 19 12
420 782 11 11 &
448 782 160 26 föreskrifvits,
624 790 54 14 vare
694 782 41 21 bot
749 782 79 21 fomtio
844 782 70 21 mark.

548 857 48 29 38.

262 898 88 21 Flottar
373 899 76 27 nägon
472 897 64 22 virke
560 897 117 26 obarkadt,
701 897 39 21 der
763 897 81 21 sädant
863 897 49 21 icke
929 899 24 19 är

193 932 88 26 tillätet,
298 932 53 21 böte
366 932 68 28 högst
449 931 119 29 fyratusen
583 932 71 21 mark.

262 966 120 22 Bedrifves
401 966 108 28 flottning
529 966 65 28 eljest
610 966 134 21 annorledes
760 969 29 18 än
805 965 148 22 föreskrifvet

194 1005 30 22 är,
241 1001 55 22 eller
311 1001 76 22 flottas
401 1001 107 28 olofligen
519 1001 53 21 eller
583 1003 42 26 gör
636 1001 151 28 virkesegare,
799 1001 89 21 förman
899 1000 54 21 eller

193 1035 230 29 Alottningsmanskap
439 1036 26 21 af
478 1037 83 27 uppsåt
577 1035 55 22 eller
648 1043 83 20 genom
746 1035 143 22 vårdslöshet
899 1035 54 21 eller

195 1070 144 21 oaktsamhet
353 1069 93 29 förfäng
461 1071 22 20 ät
494 1077 75 14 annan
580 1070 145 28 virkesegare
736 1069 54 22 eller
800 1070 89 21 förman
900 1069 54 22 eller

194 1106 23 19 ät
232 1107 132 26 rättsegare,
388 1112 48 14 som
456 1105 7 20 i
479 1106 12 19 2
507 1105 51 28 kap.
576 1107 26 18 19
618 1105 14 28 8
648 1106 81 23 nämts,
746 1104 78 21 dömes
840 1104 34 21 till
891 1104 63 21 böter

194 1139 20 28 ej
231 1139 66 22 öfver
313 1141 105 20 tvåtusen
433 1139 70 21 mark.

263 1174 137 22 Underlåter
411 1174 143 28 virkesegare
566 1176 32 19 att
609 1173 49 22 före
667 1174 118 27 utgången
795 1173 25 21 af
826 1173 128 28 flottnings-

194 1208 63 21 tiden
279 1208 37 21 för
339 1210 48 19 året
411 1208 103 28 borttaga
534 1208 71 26 virke,
621 1215 49 14 som
686 1208 6 20 i
708 1207 129 28 sjunkande
853 1207 102 21 tillstånd

194 1242 133 28 qvarblifvit
343 1242 7 21 i
365 1244 95 24 vattnet,
472 1242 88 22 straffes
572 1242 51 22 med
636 1242 64 22 böter
711 1242 20 28 ej
743 1242 65 22 öfver
819 1242 136 21 femhundra

194 1277 71 21 mark.

550 1352 49 27 4$

264 1392 64 12 Hvar,
350 1398 46 6 som
415 1391 104 13 olofligon
537 1391 79 21 lägger
630 1391 119 21 stängsel
742 1385 12 32 i
761 1390 88 22 Aottlad
861 1391 54 22 allas
927 1393 28 19 nå

576 1408 28 11 Hv
925 1409 24 11 rv

263 1406 71 11 väl,
350 1406 49 7 som
415 1406 106 14 oiomigon
536 1407 22 5 15,

195 1428 70 19 annat
288 1428 44 19 sätt
355 1426 92 21 hindrar
465 1425 144 28 flottningen,
625 1425 54 21 böte
695 1425 69 28 högst
780 1427 88 19 ettusen
884 1425 71 22 mark.
