1048 1631
389 372 282 23 Vattenrättsutskottets
698 371 93 28 förslag
818 371 41 22 till

318 408 242 29 sammanjämkning
582 408 10 21 i
615 407 136 27 anledning
777 407 28 22 af
828 407 30 22 de

318 445 89 26 beslut,
427 444 72 22 hvari
522 444 108 22 Stånden
648 444 99 21 stannat
761 442 44 23 vid
820 443 39 22 be-

319 481 154 26 handlingen
499 480 29 22 af
551 479 132 23 Utskottets
708 479 151 22 betänkande

319 517 45 22 N:o
380 517 13 21 1
409 517 8 21 i
434 516 138 27 anledning
588 515 28 23 af
633 515 66 22 Hans
719 515 66 28 Kejs.
807 514 53 23 M:ts

319 553 89 26 nädiga
434 552 157 28 proposition
613 557 40 17 om
676 551 136 28 antagande
835 551 28 22 af

320 589 40 27 lag
370 588 126 28 angäende
512 588 179 22 vattenrätten.'

178 661 79 28 Enligt
282 661 118 22 Utskottet
425 660 200 21 tillhandakomna
650 659 210 29 protokollsutdrag

106 697 70 22 hafva
197 697 108 25 Ständen,
325 696 71 29 jemte
417 697 40 20 det
472 695 157 22 ofvannämda
645 695 144 22 betänkande
804 695 8 20 i
829 694 32 21 öf-

104 733 46 28 rigt
165 733 121 28 godkänts,
302 732 145 22 beträffande
463 731 178 22 nedannämnda
656 731 99 28 punkter
769 733 93 19 stannat

104 769 8 21 i
128 768 133 29 skiljaktiga
276 768 85 21 beslut:

431 855 13 18 I
461 855 71 24 Kap.

178 907 160 27 Ridderskapet
349 907 38 22 och
397 907 72 22 Adeln
479 909 60 20 samt
550 907 80 22 Preste-
642 907 37 22 och
691 905 170 23 Bondeständen

105 941 71 22 hafva
196 942 102 28 godkänt
318 942 136 29 paragrafen
473 941 74 29 enligt
562 941 130 22 Utskottets
708 941 151 22 betänkande.

178 978 187 27 Borgareständet
383 978 42 21 har
440 977 107 22 uteslutit
563 978 29 21 de
607 977 8 22 i
632 977 69 22 slutet
716 977 24 22 af
755 984 104 21 paragra-

106 1013 51 22 fens
174 1013 71 22 första
261 1013 92 28 mening
369 1013 114 28 ingående
499 1013 73 22 orden
587 1013 21 26 ,i
618 1015 77 26 någon
705 1015 84 19 måtto”
802 1015 60 19 samt

107 1051 23 19 åt
148 1049 119 22 Utskottet
283 1049 152 22 öfverlemnat
450 1051 33 19 att
499 1049 146 22 beträffande
662 1049 44 22 den
721 1049 78 21 finska
814 1051 47 18 tex-

107 1087 39 19 ten
161 1087 54 26 taga
230 1085 73 21 under
318 1085 171 28 öfvervägande
505 1085 117 22 huruvida
637 1085 50 21 icke
703 1085 56 22 sista
775 1085 86 21 ordet
847 1081 17 36 i

107 1120 72 22 första
200 1120 131 29 meningen:
353 1120 173 29 ,rajoitettako*
551 1121 71 22 borde
637 1121 93 29 utbytas
746 1123 48 19 mot
811 1124 51 23 ,vä-

107 1157 152 21 hennettäkö*
277 1157 55 21 eller
349 1156 189 29 ,supistettako*.

179 1193 36 21 Då
236 1193 95 21 sålunda
351 1192 101 29 lagenlig
473 1193 212 29 ständerpluralitet
705 1193 35 21 för
759 1200 103 21 paragra

108 1228 51 21 fens
176 1228 123 28 affattning
314 1228 71 29 enligt
395 1228 159 22 betänkandet
564 1229 125 21 förefinnes
700 1230 41 20 har
752 1229 109 28 Borgare-

109 1264 102 22 ständets
232 1264 149 22 omförmälda
403 1264 76 22 beslut
498 1272 39 14 om
552 1265 146 21 uteslutande
714 1265 23 21 af
753 1265 71 21 orden
841 1264 22 26 ,i

108 1302 76 26 nägon
200 1302 84 19 mätto*
300 1300 50 21 icke
366 1300 115 22 föranledt
497 1301 82 27 ätgärd
594 1301 52 21 frän
660 1301 130 21 Utskottets
803 1300 58 25 sida;

109 1336 43 21 och
165 1336 41 20 har
222 1336 49 21 skäl
287 1336 51 21 icke
354 1336 72 21 heller
441 1338 87 19 ansetts
544 1336 76 22 finnas
637 1336 35 22 till
687 1337 44 21 den
744 1336 23 22 af
777 1337 85 27 Borga-

109 1372 116 21 reständet
249 1372 133 28 ifrägasatta
406 1372 97 28 ändring
524 1372 8 21 i
549 1372 147 28 paragrafens
713 1372 77 22 finska
805 1374 55 19 text.

893 903 13 19 4
922 901 21 29 8.
