1048 1631
298 129 30 22 U.
344 128 27 22 B.
388 142 27 2 —
430 128 74 29 Prop.
522 128 46 23 N:o
585 128 35 22 14.
819 129 27 21 15

158 197 31 21 Pä
204 197 69 28 grund
289 197 23 21 af
327 197 55 21 hvad
398 197 66 21 ofvan
481 197 127 21 framhällits
618 197 33 21 fär
660 197 114 22 Utskottet
782 196 65 23 vörd-

89 234 55 19 samt
159 231 87 22 föreslä:

364 273 33 19 att
413 271 125 21 Ständerna
554 271 51 21 ville
611 271 10 20 i
628 270 139 28 underdänig
774 277 73 15 svars-

295 305 112 28 skrifvelse
423 305 35 21 till
474 305 65 21 Hans
555 305 122 28 Kejserliga
693 305 106 27 Majestät
806 312 41 14 an-

297 340 64 25 mäla,
381 341 34 19 att
431 339 36 21 det
481 339 10 21 i
504 339 146 28 förevarande
666 339 83 28 nådiga
761 346 84 21 propo-

295 373 68 22 sition
382 373 35 21 till
433 373 127 21 Ständerna
574 373 161 28 öfverlemnade
750 373 93 28 författ-

298 407 170 28 ningsförslaget
483 407 76 28 blifvit
573 407 29 28 af
615 407 125 22 Ständerna
755 409 88 26 antaget

301 441 47 22 med
362 441 71 28 några
443 441 87 22 mindre
546 442 129 27 ändringar,
684 442 9 21 i
700 442 57 28 följd
766 442 85 27 hvaraf

295 477 68 27 sagda
384 476 83 27 förslag
489 476 84 21 komme
594 478 32 19 att
649 477 84 20 erhålla
748 477 99 27 följande

297 511 91 28 lydelse
380 507 12 36 :

100 585 156 28 Förordning
271 585 124 28 angående
410 585 299 28 rättegångstullmäktige
727 585 46 22 och
788 585 52 22 sak-

351 619 235 28 förareföreningar.

161 682 52 21 Med
231 682 150 29 upphäfvande
397 682 22 21 af
434 683 19 24 2,
469 685 19 24 3,
503 683 12 21 9
532 682 41 21 och
590 683 25 20 12
632 683 24 27 $$
673 683 26 20 15
717 682 48 29 kap.
783 683 65 20 rätte-

94 717 147 28 gängsbalken
257 717 76 21 varder
348 717 121 28 härigenom
487 717 111 28 stadgadt:

446 781 10 20 1
474 781 18 26 $.

166 819 75 21 Såsom
256 819 203 28 rättegängsombud
475 819 53 22 eller
544 819 82 22 biträde
642 819 22 21 ät
679 822 48 26 part
742 818 34 21 mä
791 821 59 26 nytt-

93 854 31 27 jas
140 853 78 22 endast
233 853 123 29 välfrejdad,
371 853 77 22 redbar
463 854 41 21 och
512 854 31 21 till
556 854 66 21 sädan
632 853 135 22 verksamhet
775 853 74 21 skick-

93 887 29 28 lig
137 895 84 20 person,
236 895 45 14 som
297 888 18 28 ej
332 888 49 28 sjelf
395 887 68 22 under
479 888 103 21 mälsman
598 888 49 21 stär.

162 921 26 29 Ej
207 921 34 22 mä
260 922 71 28 nägon
346 922 121 28 fullmäktig
483 930 51 13 vara
549 923 6 20 i
571 922 41 21 den
630 922 44 27 sak,
689 921 102 22 hvarmed
807 921 40 21 han

94 955 91 22 befattat
205 957 33 26 sig
259 955 77 31 såsom
352 955 87 22 domare
461 956 52 21 eller
536 958 80 19 rättens
640 956 87 28 betjent,
743 956 51 21 eller
809 955 40 21 hos

94 989 118 29 Kejsarens
232 990 239 28 befallningshafvande
494 991 52 21 eller
568 998 70 14 annan
653 990 166 22 öfverexekutor
837 989 12 21 å

93 1024 104 21 embetets
213 1026 89 27 vägnar;
318 1025 18 28 ej
353 1025 46 26 den,
417 1032 45 14 som
478 1025 45 21 förr
532 1026 55 20 varit
596 1025 121 28 fullmäktig
726 1025 35 20 för
772 1023 77 22 veder-

93 1058 141 22 delomannen
257 1059 7 21 i
279 1067 80 14 samma
374 1059 51 27 mäl;
445 1060 18 27 ej
480 1059 49 26 den,
544 1059 64 22 hvars
623 1059 61 22 fader
700 1059 51 21 eller
766 1058 85 22 svärfa-

91 1092 47 27 der,
160 1100 39 14 son
215 1093 52 21 eller
284 1093 54 28 mäg,
354 1093 76 22 broder
445 1094 52 21 eller
512 1093 78 29 sväger
605 1095 5 20 i
627 1095 68 20 rätten
711 1093 86 22 domare
813 1093 37 20 sit-

92 1129 38 19 ter.
160 1127 26 28 Ej
207 1127 66 22 heller
294 1128 35 21 mä
351 1127 198 23 domstolsledamot
573 1127 43 22 läta
632 1128 67 21 bruka
714 1128 33 28 sig
759 1127 32 21 till
800 1126 51 22 full-

93 1161 81 28 mäktig
195 1162 36 21 vid
254 1169 81 14 samma
357 1162 92 22 domstol
471 1162 52 21 eller
539 1162 36 22 vid
592 1162 70 28 någon
677 1164 48 26 rätt,
741 1169 45 14 som
803 1161 48 21 der-

93 1194 69 22 under
184 1195 65 28 lyder.
279 1196 78 21 Annan
379 1197 127 27 tjensteman
530 1196 34 21 mä
582 1197 18 27 ej
617 1196 66 22 heller
699 1196 34 21 för
747 1196 104 27 sakegare

93 1229 48 27 tala,
157 1231 38 19 när
210 1230 37 21 det
262 1234 44 17 mot
321 1230 52 22 hans
389 1230 138 29 embetspligt
543 1230 82 22 strider.

451 1289 12 20 2
481 1289 18 27 8.

162 1326 11 22 I
189 1327 105 22 Senatens
309 1328 243 28 Justitiedepartement,
568 1328 70 22 såsom
655 1328 35 21 ock
704 1328 6 21 i
718 1328 133 21 hofrätterne

93 1360 41 22 och
157 1362 6 20 i
186 1361 207 23 rådstufvurätterne
415 1363 6 20 i
445 1362 26 21 de
492 1362 79 27 städer,
586 1362 38 22 der
640 1362 213 27 sakförareförening

93 1396 75 27 finnes,
191 1396 34 20 må
249 1396 18 28 ej
290 1404 69 13 annan
383 1396 70 22 såsom
475 1396 124 28 fullmäktig
613 1396 132 28 godkännas,
760 1398 26 19 än
803 1395 50 27 den,

94 1437 45 14 som
155 1431 23 20 är
193 1430 91 22 medlem
300 1430 23 22 af
337 1430 68 22 sådan
421 1430 105 29 förening.

162 1476 133 22 Lagutskottets
307 1477 110 17 betänkande
430 1477 37 17 N:o
481 1478 17 16 6.
