1048 1631
328 94 25 23 U.
366 95 28 23 B.
413 108 24 3 —
455 94 75 29 Prop.
545 83 45 34 N:o
606 95 13 22 1
774 97 41 20 113

92 163 14 28 8
124 164 10 19 1
153 169 67 14 mom.
237 162 43 21 och
296 161 60 22 förra
372 161 67 22 delen
456 161 23 22 af
495 163 13 20 2
525 162 13 28 8
555 163 13 20 2
582 169 67 14 mom.
662 161 100 22 förenats
773 161 74 22 under

93 201 13 19 2
122 199 21 28 8,
160 199 83 20 medan
259 198 23 21 af
298 200 13 19 2
327 198 14 28 &
364 200 5 19 1
387 205 76 18 mom.,
480 199 13 20 3
510 197 14 29 $
540 199 13 20 2
570 205 67 14 mom.
655 197 42 22 och
713 204 79 15 senare
809 197 37 21 de-

92 234 38 21 len
146 234 24 21 af
186 235 13 21 2
215 234 14 29 8
245 236 12 19 2
274 241 67 14 mom.
358 233 86 22 bildats
460 241 29 14 en
505 233 14 22 3
535 233 19 29 8.

164 269 148 22 Beträffande
336 269 8 22 i
367 269 71 29 öfrigt
467 271 6 19 2
491 269 15 29 S
522 271 13 20 2
552 277 67 14 mom.
637 269 72 29 enligt
724 277 63 21 prop.
805 269 41 21 har

93 307 45 20 den
157 306 52 21 med
227 308 26 19 18
270 306 14 29 &
300 308 13 19 2
329 306 51 28 kap.
397 305 112 28 vidtagna
525 305 97 28 ändring
637 305 104 29 betingat
756 313 29 14 en
801 313 45 14 om-

93 342 125 28 stilisering
234 342 24 21 af
273 342 71 28 sagda
360 343 113 20 moments
490 349 80 14 senare
587 341 42 22 del.

166 378 61 21 Enär
249 377 34 22 uti
313 379 6 20 2
343 377 52 29 kap.
417 380 12 19 2
451 377 14 29 8
483 379 10 19 1
511 385 68 14 mom.
596 377 124 22 tillätelsen
735 377 36 22 för
785 377 62 22 flott-

92 413 205 29 ningsmanskapet
319 415 34 20 att
373 413 95 22 beträda
484 413 109 22 stranden
609 413 23 22 af
647 413 142 29 vattendrag,
806 413 41 22 der

92 449 110 29 flottning
226 457 54 21 eger
295 457 57 18 rum,
369 449 43 22 och
428 451 34 20 att
477 449 53 22 med
546 449 110 28 flottgods
673 449 40 21 der
728 449 68 29 lägga
811 449 36 22 till

93 485 91 22 anföras
200 485 95 29 paralelt
311 485 42 22 och
367 485 88 29 jemväl
471 485 115 28 sakenligt
599 487 35 20 stä
647 485 8 21 i
665 488 113 19 närmaste
789 492 57 15 sam-

93 522 122 28 manhang,
231 521 41 22 har
282 521 120 22 Utskottet
412 523 75 20 ansett
498 521 107 29 lämpligt
615 523 33 20 att
659 521 38 22 det
707 521 34 21 uti
761 523 3 20 1
777 529 68 14 mom.

93 557 24 22 af
140 559 13 20 3
177 557 14 30 &
211 559 86 20 utsatta
315 557 67 22 straff
398 557 74 22 skulle
488 557 96 22 omfatta
600 557 60 22 båda
675 557 66 22 dessa
757 557 50 28 slag
823 557 24 21 af

93 593 121 22 missbruk.
246 593 75 22 Jemte
346 593 39 22 det
404 593 66 22 häraf
487 593 135 22 föranledda
637 593 80 28 tillägg
733 593 35 22 till
783 601 63 20 para-

93 629 92 29 grafens
203 632 11 19 1
231 637 66 14 mom.
315 629 81 28 gjorts,
413 629 41 22 har
477 631 5 20 2
499 637 68 14 mom.
584 629 9 22 i
608 629 59 28 följd
680 629 23 22 af
714 629 133 21 förberörda

94 665 148 29 omställning
257 665 160 22 underkastats
435 673 28 14 en
479 665 95 26 mindre,
590 665 141 22 redaktionel
741 665 104 28 ändring,

93 702 122 21 hvarutom
238 701 41 22 här
302 701 113 29 ingående
438 701 174 26 hbötesmaxima,
632 701 79 22 hvilka
732 701 114 22 öfverens-

94 740 97 19 stämma
216 737 53 22 med
294 745 32 14 nu
349 737 106 29 gällande
480 737 178 28 bestämningar,
675 737 8 21 i
698 736 149 23 konformitet

94 774 53 22 med
171 773 73 29 öfriga
267 773 150 29 bötesbelopp
438 773 8 22 i
465 773 99 29 kapitlet
579 773 43 22 och
637 773 52 21 med
705 773 90 28 hänsyn
811 773 35 21 till

94 811 46 21 den
155 810 24 21 af
194 810 113 21 utskottet
321 809 9 22 i
352 812 7 19 2
375 810 52 28 kap.
445 812 12 19 2
474 810 14 28 &
503 809 93 22 införda
606 809 166 26 modifikation,
784 809 61 28 höjts

94 846 35 21 till
145 846 137 21 femhundra
297 846 70 21 mark.

165 881 42 22 Uti
221 889 63 21 prop.
301 881 99 22 nämnde
416 881 60 29 gode
492 884 61 23 män,
564 881 141 28 värderings-
717 881 43 22 och
771 881 76 28 skilje-

94 921 52 18 män
162 918 79 21 kunna
255 925 55 14 vara
326 917 110 28 antingen
451 917 139 21 förordnade
606 917 23 22 af
642 917 91 22 domare
744 917 55 21 eller
809 925 38 14 an-

93 961 47 14 nan
163 953 106 29 offentlig
292 953 137 29 myndighet
448 953 22 28 (2
486 953 52 28 kap.
556 955 28 19 22
600 953 14 29 &
630 953 43 22 och
689 955 12 19 6
718 953 51 28 kap.
779 949 13 37 8
815 953 30 29 8),

94 990 126 21 tillkallade
236 990 23 21 af
274 989 205 28 förrättningsman
495 990 22 27 (6
535 989 51 28 kap.
602 991 13 20 6
627 989 22 29 $)
661 989 54 21 eller
725 989 43 22 ock
779 989 67 21 valde

94 1026 24 22 af
141 1025 171 23 vederbörande
335 1027 52 27 part
410 1026 22 27 (2
456 1025 51 28 kap.
534 1025 28 21 22
586 1025 14 28 &
624 1025 42 22 och
689 1027 13 19 6
718 1025 51 28 kap.
787 1027 13 19 8
817 1025 29 28 8).

94 1062 80 29 Enligt
197 1062 45 21 den
257 1062 88 29 lydelse
363 1064 26 19 10
406 1062 14 28 8
437 1061 90 22 erhållit
544 1061 73 22 skulle
633 1061 158 28 förpligtelsen
807 1063 40 24 att,

94 1099 74 21 under
189 1099 40 20 här
248 1098 9 21 i
278 1098 65 29 fråga
367 1105 37 14 om
420 1097 247 29 förrättningsarvodet
681 1097 78 29 gjordt
774 1096 74 22 förbe-

94 1135 54 26 häll,
166 1136 65 27 ätaga
247 1134 35 29 sig
298 1134 105 29 uppdrag
419 1133 24 23 af
459 1134 76 21 denna
551 1136 35 19 art
601 1133 124 22 förefinnas
741 1133 59 21 blott
810 1133 37 21 be-

94 1171 116 22 träffande
231 1171 45 21 den
298 1170 73 22 första
394 1170 24 22 af
433 1170 152 22 omförmälda
600 1170 128 28 kategorier
743 1169 54 22 eller
812 1168 37 22 för

94 1207 60 29 gode
170 1211 60 22 män,
247 1214 49 14 som
312 1206 129 22 förordnats
458 1206 23 22 af
497 1206 109 28 offentlig
620 1205 141 29 myndighet.
788 1218 14 3 —
812 1205 37 21 Dä

95 1242 127 22 emellertid
239 1250 29 14 en
283 1242 84 22 allmän
382 1242 144 29 förpligtelse
536 1242 9 21 i
556 1242 148 22 förevarande
718 1241 130 22 hänseende

96 1278 72 30 enligt
182 1278 131 22 Utskottets
329 1278 94 29 mening
433 1286 55 14 vore
499 1278 77 28 egnad
588 1280 33 20 att
631 1278 106 22 befordra
747 1285 29 14 en
786 1276 62 22 rikti-

94 1322 55 21 gare
172 1314 149 29 uppfattning
345 1314 23 22 af
388 1314 60 29 gode
464 1318 112 18 männens
592 1314 141 22 förhällande
749 1313 36 22 till
800 1320 49 22 par-

95 1353 65 19 terna
176 1355 29 17 än
221 1351 44 21 den
280 1350 36 22 för
331 1350 142 22 närvarande
489 1353 81 26 tyvärr
585 1352 45 20 rätt
646 1350 119 26 allmänna,
777 1348 73 29 enligt

94 1386 96 22 hvilken
206 1387 28 21 de
250 1386 60 22 förre
327 1386 95 22 framstä
437 1394 49 14 mer
502 1386 57 22 eller
574 1386 88 22 mindre
680 1388 75 20 säsom
765 1387 84 27 parter-

171 1428 212 20 Vattenrättsutskottets
395 1428 118 20 betänkande
526 1428 39 19 N:o
578 1429 15 18 1.
767 1428 11 17 8

865 884 27 19 10
909 882 32 27 (9)
958 881 20 29 8.
