1048 1631
176 112 16 21 2
263 111 88 23 Ständ.
367 111 55 23 Skr.
437 125 28 3 —
481 111 191 23 Ständerhusets
688 111 171 29 gafvelgrupp.

179 182 94 23 komma
299 184 36 21 att
362 182 103 23 erfordra
485 182 74 29 högre
579 183 102 23 kostnad
700 186 29 18 än
747 182 64 23 hvad
829 182 36 23 för
887 181 52 23 dess

180 217 125 22 utförande
326 217 9 22 i
353 217 70 22 brons
443 217 134 22 beräknats.
613 217 36 23 Då
667 217 179 29 ifrågavarande
860 216 79 23 anbud

178 254 69 26 synts
274 251 70 22 värdt
377 253 35 20 att
433 254 67 27 tagas
521 252 9 21 i
548 252 157 22 betraktande
723 253 72 21 innan
823 251 117 22 definitivt

180 285 79 23 beslut
289 286 8 21 i
328 286 72 22 saken
420 286 78 28 fattas,
517 286 45 22 och
577 287 136 29 skulptören
731 286 63 22 Emil
812 286 126 27 Vikström,

181 328 50 14 som
258 321 76 28 åtagit
361 321 36 28 sig
417 321 165 22 konstverkets
603 321 131 28 utförande,
756 321 30 29 på
809 319 68 30 gjord
894 319 45 22 för-

180 355 85 28 frågan
289 355 117 22 huruvida
427 355 46 22 han
496 355 58 29 egde
577 355 132 23 kännedom
737 363 37 14 om
795 355 144 29 tälgstenens

181 389 141 29 lämplighet
343 389 37 22 för
394 389 133 22 ändamålet
546 390 42 22 och
598 390 56 22 ville
672 389 109 23 förbinda
799 390 36 29 sig
851 391 36 20 att
904 390 36 20 ut-

182 423 51 23 föra
251 423 154 23 konstverket
423 424 8 22 i
450 424 65 22 detta
527 425 113 28 material,
654 425 57 21 eller
723 432 38 15 om
772 424 47 22 han
839 422 102 30 afgjordt

181 458 72 29 gåfve
271 458 116 23 företräde
404 459 25 22 åt
446 459 108 28 bronsen,
574 459 88 22 lemnat
681 459 40 22 det
738 459 93 27 besked,
845 460 36 20 att
892 457 48 22 han

181 493 40 22 väl
239 493 88 29 ansåge
344 492 141 30 tälgstenen'
496 501 43 21 ega
556 493 116 23 företräde
691 494 8 21 i
715 493 157 28 konstnärligt
883 491 58 23 hän-

182 527 91 28 seende,
292 535 53 14 men
358 529 35 20 att
407 527 47 22 han
466 528 52 21 icke
531 528 58 29 egde
601 527 132 23 kännedom
747 535 36 14 om
797 527 144 22 densammas

182 561 141 29 hållbarhet,
341 561 72 23 hafva
432 562 132 22 Ständerna
581 563 53 22 icke
652 570 32 14 nu
702 563 65 21 velat
785 562 60 22 fatta
861 561 80 21 defini-

182 596 47 22 tivt
247 596 79 22 beslut
344 597 120 28 angående
483 597 40 22 det
540 597 114 28 material,
673 597 68 22 hvari
756 596 185 29 gafvelgruppen

182 630 69 24 skall.
264 631 97 28 utföras,
379 633 57 20 utan
454 631 80 22 funnit
550 635 107 18 närmare
675 631 126 28 utredning
820 629 119 30 angående

182 665 147 28 tälgstenens
362 665 131 22 hållbarhet
520 666 44 21 och
590 666 52 22 dess
672 665 139 30 lämplighet
837 665 9 22 i
870 664 72 28 öfrigt

183 699 58 22 böra
271 700 156 22 införskaffas.
473 700 87 22 Tillika
584 700 44 22 och
652 700 30 22 dä
707 699 139 30 afgörandet
867 698 75 22 skulle

183 733 82 22 alltför
299 734 71 29 länge
405 734 120 29 fördröjas,
562 735 77 21 derest
670 735 39 22 det
737 733 118 23 lemnades
876 733 65 22 bero-

184 767 59 22 ende
261 768 36 21 till
317 771 68 19 nästa
402 769 121 29 landtdag,
544 769 42 22 och
605 769 40 22 det
663 769 52 22 icke
728 771 65 24 synts
811 775 56 15 vara
885 767 57 22 nöd-

183 802 103 29 vändigt
304 805 35 20 att
358 803 131 23 Ständerna
506 803 129 23 förbehälla
654 804 37 28 sig
709 805 36 20 att
762 803 84 29 sjelfva
863 802 80 21 härut-

184 837 75 22 innan
277 837 98 29 besluta,
393 838 43 22 har
454 838 40 22 det
509 838 121 22 definitiva
643 839 65 21 valet
719 838 86 21 mellan
817 837 28 21 de
857 837 86 28 ifräga-

184 871 105 22 varande
308 872 81 29 slagen
408 873 23 22 af
446 873 108 22 material
565 873 37 22 för
613 873 154 22 konstverket
780 871 163 23 öfverlemnats

186 906 25 22 ät
228 906 157 29 Bestyrelsen,
404 907 112 22 förstärkt
534 907 52 22 med
605 910 35 19 ett
658 907 65 22 antal
740 907 116 22 fackmän.

255 941 133 22 Ständerna
405 942 72 22 hafva
495 942 88 21 säledes
598 942 105 21 beslutit:

463 1014 32 19 att
505 1012 170 28 gafvelgruppen
686 1011 35 28 för
733 1010 148 22 ständerhuset
892 1009 54 21 skall

394 1047 85 28 utföras
496 1047 105 28 antingen
617 1047 10 20 i
645 1046 64 21 brons
727 1046 49 21 eller
793 1045 10 21 i
817 1044 59 28 finsk
891 1044 52 27 tälg-

394 1083 58 25 sten;

464 1117 32 20 att
515 1115 123 21 sistnämda
659 1114 101 21 material
779 1113 38 28 får
833 1113 113 21 användas

395 1150 76 22 endast
497 1150 10 21 i
532 1150 99 21 händelse
663 1150 46 20 dess
741 1148 118 22 hållbarhet
879 1148 68 28 jemte

395 1184 205 28 ändamålsenlighet
616 1184 11 21 i
644 1184 66 28 öfrigt
727 1184 77 21 varder
815 1182 48 22 med
873 1182 72 21 säker-

397 1219 34 21 het
448 1219 128 28 ådagalagd;
595 1220 59 20 samt

465 1255 32 19 att
520 1254 42 20 den
586 1253 91 28 tidigare
701 1252 91 21 tillsatta
812 1251 135 29 Bestyrelsen

397 1288 36 28 för
453 1288 176 28 gafvelgruppen,
652 1286 103 28 förstärkt
775 1286 49 22 med
843 1293 37 14 sex
897 1285 49 21 sak-

397 1322 98 28 kunniga
510 1329 107 21 personer,
631 1321 140 28 bemyndigas
788 1322 38 27 att,
845 1320 53 28 efter
915 1320 33 20 det

397 1356 88 22 berörda
514 1357 117 27 utredning
664 1356 146 28 ävägabragts,
840 1354 109 28 definitivt

398 1391 82 22 besluta
497 1391 10 21 i
522 1391 130 22 kvillotdera
671 1390 28 28 af
712 1390 25 22 de
755 1390 56 18 håda
821 1388 128 29 förenämda

397 1426 128 21 materialen
542 1425 132 22 konstverket
691 1424 55 22 skall
762 1424 90 28 utföras.
