<?xml version="1.0" encoding="UTF-8"?>
<alto xmlns="http://www.loc.gov/standards/alto/ns-v3#" xmlns:xlink="http://www.w3.org/1999/xlink" xmlns:xsi="http://www.w3.org/2001/XMLSchema-instance" xsi:schemaLocation="http://www.loc.gov/standards/alto/ns-v3# http://www.loc.gov/alto/v3/alto-3-0.xsd">
	<Description>
		<MeasurementUnit>pixel</MeasurementUnit>
		<sourceImageInformation>
			<fileName>/tmp/tess_hzc2lcif_input.PNG</fileName>
		</sourceImageInformation>
		<OCRProcessing ID="OCR_0">
			<ocrProcessingStep>
				<processingSoftware>
					<softwareName>tesseract 5.3.4</softwareName>
				</processingSoftware>
			</ocrProcessingStep>
		</OCRProcessing>
	</Description>
	<Layout>
		<Page WIDTH="1048" HEIGHT="1631" PHYSICAL_IMG_NR="0" ID="page_0">
			<PrintSpace HPOS="0" VPOS="0" WIDTH="1048" HEIGHT="1631">
				<ComposedBlock ID="cblock_0" HPOS="220" VPOS="93" WIDTH="499" HEIGHT="30">
					<TextBlock ID="block_0" HPOS="220" VPOS="93" WIDTH="499" HEIGHT="30">
						<TextLine ID="line_0" HPOS="220" VPOS="93" WIDTH="499" HEIGHT="30">
							<String ID="string_0" HPOS="220" VPOS="95" WIDTH="13" HEIGHT="19" WC="0.96" CONTENT="2"/><SP WIDTH="191" VPOS="95" HPOS="233"/>
							<String ID="string_1" HPOS="424" VPOS="93" WIDTH="28" HEIGHT="23" WC="0.90" CONTENT="U."/><SP WIDTH="15" VPOS="93" HPOS="452"/>
							<String ID="string_2" HPOS="467" VPOS="94" WIDTH="28" HEIGHT="22" WC="0.91" CONTENT="B."/><SP WIDTH="18" VPOS="94" HPOS="495"/>
							<String ID="string_3" HPOS="513" VPOS="106" WIDTH="27" HEIGHT="4" WC="0.92" CONTENT="—"/><SP WIDTH="16" VPOS="106" HPOS="540"/>
							<String ID="string_4" HPOS="556" VPOS="94" WIDTH="74" HEIGHT="29" WC="0.95" CONTENT="Prop."/><SP WIDTH="16" VPOS="94" HPOS="630"/>
							<String ID="string_5" HPOS="646" VPOS="94" WIDTH="45" HEIGHT="22" WC="0.95" CONTENT="N:o"/><SP WIDTH="15" VPOS="94" HPOS="691"/>
							<String ID="string_6" HPOS="706" VPOS="94" WIDTH="13" HEIGHT="22" WC="0.96" CONTENT="1"/>
						</TextLine>
					</TextBlock>
				</ComposedBlock>
				<ComposedBlock ID="cblock_1" HPOS="186" VPOS="159" WIDTH="759" HEIGHT="1281">
					<TextBlock ID="block_1" HPOS="186" VPOS="159" WIDTH="757" HEIGHT="166">
						<TextLine ID="line_1" HPOS="186" VPOS="159" WIDTH="757" HEIGHT="30">
							<String ID="string_7" HPOS="186" VPOS="160" WIDTH="58" HEIGHT="21" WC="0.92" CONTENT="eller"/><SP WIDTH="14" VPOS="160" HPOS="244"/>
							<String ID="string_8" HPOS="258" VPOS="161" WIDTH="69" HEIGHT="20" WC="0.93" CONTENT="andel"/><SP WIDTH="15" VPOS="161" HPOS="327"/>
							<String ID="string_9" HPOS="342" VPOS="159" WIDTH="51" HEIGHT="22" WC="0.92" CONTENT="deri"/><SP WIDTH="14" VPOS="159" HPOS="393"/>
							<String ID="string_10" HPOS="407" VPOS="166" WIDTH="84" HEIGHT="20" WC="0.93" CONTENT="annan,"/><SP WIDTH="9" VPOS="166" HPOS="491"/>
							<String ID="string_11" HPOS="500" VPOS="160" WIDTH="71" HEIGHT="22" WC="0.61" CONTENT="hafvo"/><SP WIDTH="11" VPOS="160" HPOS="571"/>
							<String ID="string_12" HPOS="582" VPOS="160" WIDTH="122" HEIGHT="23" WC="0.82" CONTENT="sirandeus"/><SP WIDTH="11" VPOS="160" HPOS="704"/>
							<String ID="string_13" HPOS="715" VPOS="167" WIDTH="68" HEIGHT="22" WC="0.68" CONTENT="vgaro"/><SP WIDTH="10" VPOS="167" HPOS="783"/>
							<String ID="string_14" HPOS="793" VPOS="162" WIDTH="45" HEIGHT="20" WC="0.95" CONTENT="rätt"/><SP WIDTH="11" VPOS="162" HPOS="838"/>
							<String ID="string_15" HPOS="849" VPOS="162" WIDTH="34" HEIGHT="21" WC="0.83" CONTENT="att"/><SP WIDTH="9" VPOS="162" HPOS="883"/>
							<String ID="string_16" HPOS="892" VPOS="160" WIDTH="51" HEIGHT="23" WC="0.56" CONTENT="1083"/>
						</TextLine>
						<TextLine ID="line_2" HPOS="190" VPOS="195" WIDTH="753" HEIGHT="30">
							<String ID="string_17" HPOS="190" VPOS="195" WIDTH="137" HEIGHT="22" WC="0.92" CONTENT="strömfallet"/><SP WIDTH="16" VPOS="195" HPOS="327"/>
							<String ID="string_18" HPOS="343" VPOS="195" WIDTH="55" HEIGHT="22" WC="0.93" CONTENT="eller"/><SP WIDTH="15" VPOS="195" HPOS="398"/>
							<String ID="string_19" HPOS="413" VPOS="195" WIDTH="62" HEIGHT="22" WC="0.92" CONTENT="hvad"/><SP WIDTH="15" VPOS="195" HPOS="475"/>
							<String ID="string_20" HPOS="490" VPOS="196" WIDTH="49" HEIGHT="22" WC="0.93" CONTENT="deri"/><SP WIDTH="11" VPOS="196" HPOS="539"/>
							<String ID="string_21" HPOS="550" VPOS="198" WIDTH="13" HEIGHT="20" WC="0.93" CONTENT="ä"/><SP WIDTH="10" VPOS="198" HPOS="563"/>
							<String ID="string_22" HPOS="573" VPOS="197" WIDTH="57" HEIGHT="21" WC="0.89" CONTENT="hans"/><SP WIDTH="9" VPOS="197" HPOS="630"/>
							<String ID="string_23" HPOS="639" VPOS="197" WIDTH="44" HEIGHT="21" WC="0.89" CONTENT="lott"/><SP WIDTH="10" VPOS="197" HPOS="683"/>
							<String ID="string_24" HPOS="693" VPOS="196" WIDTH="35" HEIGHT="29" WC="0.93" CONTENT="sig"/><SP WIDTH="11" VPOS="196" HPOS="728"/>
							<String ID="string_25" HPOS="739" VPOS="195" WIDTH="21" HEIGHT="30" WC="0.92" CONTENT="ej"/><SP WIDTH="11" VPOS="195" HPOS="760"/>
							<String ID="string_26" HPOS="771" VPOS="196" WIDTH="101" HEIGHT="29" WC="0.91" CONTENT="belöper,"/><SP WIDTH="9" VPOS="196" HPOS="872"/>
							<String ID="string_27" HPOS="881" VPOS="199" WIDTH="62" HEIGHT="20" WC="0.96" CONTENT="emot"/>
						</TextLine>
						<TextLine ID="line_3" HPOS="188" VPOS="231" WIDTH="754" HEIGHT="30">
							<String ID="string_28" HPOS="188" VPOS="231" WIDTH="110" HEIGHT="28" WC="0.96" CONTENT="vederlag"/><SP WIDTH="25" VPOS="231" HPOS="298"/>
							<String ID="string_29" HPOS="323" VPOS="231" WIDTH="8" HEIGHT="22" WC="0.96" CONTENT="i"/><SP WIDTH="24" VPOS="231" HPOS="331"/>
							<String ID="string_30" HPOS="355" VPOS="234" WIDTH="70" HEIGHT="19" WC="0.93" CONTENT="annat"/><SP WIDTH="19" VPOS="234" HPOS="425"/>
							<String ID="string_31" HPOS="444" VPOS="231" WIDTH="82" HEIGHT="30" WC="0.96" CONTENT="lägligt"/><SP WIDTH="16" VPOS="231" HPOS="526"/>
							<String ID="string_32" HPOS="542" VPOS="233" WIDTH="92" HEIGHT="21" WC="0.96" CONTENT="område"/><SP WIDTH="16" VPOS="233" HPOS="634"/>
							<String ID="string_33" HPOS="650" VPOS="232" WIDTH="55" HEIGHT="22" WC="0.88" CONTENT="eller"/><SP WIDTH="16" VPOS="232" HPOS="705"/>
							<String ID="string_34" HPOS="721" VPOS="232" WIDTH="127" HEIGHT="29" WC="0.96" CONTENT="penningar"/><SP WIDTH="15" VPOS="232" HPOS="848"/>
							<String ID="string_35" HPOS="863" VPOS="232" WIDTH="56" HEIGHT="22" WC="0.95" CONTENT="eller"/><SP WIDTH="14" VPOS="232" HPOS="919"/>
							<String ID="string_36" HPOS="933" VPOS="233" WIDTH="9" HEIGHT="21" WC="0.96" CONTENT="i"/>
						</TextLine>
						<TextLine ID="line_4" HPOS="187" VPOS="266" WIDTH="755" HEIGHT="31">
							<String ID="string_37" HPOS="187" VPOS="266" WIDTH="82" HEIGHT="29" WC="0.93" CONTENT="bägge."/><SP WIDTH="31" VPOS="266" HPOS="269"/>
							<String ID="string_38" HPOS="300" VPOS="267" WIDTH="161" HEIGHT="29" WC="0.92" CONTENT="Lösningsrätt"/><SP WIDTH="16" VPOS="267" HPOS="461"/>
							<String ID="string_39" HPOS="477" VPOS="275" WIDTH="42" HEIGHT="22" WC="0.88" CONTENT="ege"/><SP WIDTH="16" VPOS="275" HPOS="519"/>
							<String ID="string_40" HPOS="535" VPOS="269" WIDTH="59" HEIGHT="21" WC="0.93" CONTENT="dock"/><SP WIDTH="16" VPOS="269" HPOS="594"/>
							<String ID="string_41" HPOS="610" VPOS="268" WIDTH="52" HEIGHT="22" WC="0.90" CONTENT="icke"/><SP WIDTH="15" VPOS="268" HPOS="662"/>
							<String ID="string_42" HPOS="677" VPOS="275" WIDTH="50" HEIGHT="14" WC="0.96" CONTENT="rum"/><SP WIDTH="15" VPOS="275" HPOS="727"/>
							<String ID="string_43" HPOS="742" VPOS="268" WIDTH="37" HEIGHT="21" WC="0.93" CONTENT="för"/><SP WIDTH="10" VPOS="268" HPOS="779"/>
							<String ID="string_44" HPOS="789" VPOS="267" WIDTH="91" HEIGHT="30" WC="0.90" CONTENT="parcell,"/><SP WIDTH="12" VPOS="267" HPOS="880"/>
							<String ID="string_45" HPOS="892" VPOS="275" WIDTH="50" HEIGHT="15" WC="0.96" CONTENT="som"/>
						</TextLine>
						<TextLine ID="line_5" HPOS="188" VPOS="303" WIDTH="277" HEIGHT="22">
							<String ID="string_46" HPOS="188" VPOS="303" WIDTH="83" HEIGHT="21" WC="0.96" CONTENT="saknar"/><SP WIDTH="16" VPOS="303" HPOS="271"/>
							<String ID="string_47" HPOS="287" VPOS="303" WIDTH="68" HEIGHT="21" WC="0.96" CONTENT="andel"/><SP WIDTH="15" VPOS="303" HPOS="355"/>
							<String ID="string_48" HPOS="370" VPOS="303" WIDTH="9" HEIGHT="22" WC="0.91" CONTENT="i"/><SP WIDTH="15" VPOS="303" HPOS="379"/>
							<String ID="string_49" HPOS="394" VPOS="303" WIDTH="71" HEIGHT="22" WC="0.88" CONTENT="fallet."/>
						</TextLine>
					</TextBlock>
					<TextBlock ID="block_2" HPOS="188" VPOS="339" WIDTH="754" HEIGHT="352">
						<TextLine ID="line_6" HPOS="257" VPOS="339" WIDTH="685" HEIGHT="30">
							<String ID="string_50" HPOS="257" VPOS="339" WIDTH="50" HEIGHT="21" WC="0.93" CONTENT="Har"/><SP WIDTH="15" VPOS="339" HPOS="307"/>
							<String ID="string_51" HPOS="322" VPOS="339" WIDTH="147" HEIGHT="29" WC="0.32" CONTENT="strandegare"/><SP WIDTH="16" VPOS="339" HPOS="469"/>
							<String ID="string_52" HPOS="485" VPOS="340" WIDTH="20" HEIGHT="29" WC="0.96" CONTENT="ej"/><SP WIDTH="18" VPOS="340" HPOS="505"/>
							<String ID="string_53" HPOS="523" VPOS="343" WIDTH="45" HEIGHT="18" WC="0.96" CONTENT="rätt"/><SP WIDTH="15" VPOS="343" HPOS="568"/>
							<String ID="string_54" HPOS="583" VPOS="340" WIDTH="35" HEIGHT="22" WC="0.93" CONTENT="till"/><SP WIDTH="10" VPOS="340" HPOS="618"/>
							<String ID="string_55" HPOS="628" VPOS="340" WIDTH="65" HEIGHT="22" WC="0.96" CONTENT="lösen"/><SP WIDTH="12" VPOS="340" HPOS="693"/>
							<String ID="string_56" HPOS="705" VPOS="340" WIDTH="54" HEIGHT="21" WC="0.93" CONTENT="eller"/><SP WIDTH="10" VPOS="340" HPOS="759"/>
							<String ID="string_57" HPOS="769" VPOS="340" WIDTH="117" HEIGHT="29" WC="0.96" CONTENT="begagnar"/><SP WIDTH="10" VPOS="340" HPOS="886"/>
							<String ID="string_58" HPOS="896" VPOS="339" WIDTH="46" HEIGHT="22" WC="0.97" CONTENT="han"/>
						</TextLine>
						<TextLine ID="line_7" HPOS="189" VPOS="374" WIDTH="753" HEIGHT="31">
							<String ID="string_59" HPOS="189" VPOS="374" WIDTH="20" HEIGHT="29" WC="0.93" CONTENT="ej"/><SP WIDTH="25" VPOS="374" HPOS="209"/>
							<String ID="string_60" HPOS="234" VPOS="374" WIDTH="37" HEIGHT="22" WC="0.93" CONTENT="sin"/><SP WIDTH="23" VPOS="374" HPOS="271"/>
							<String ID="string_61" HPOS="294" VPOS="375" WIDTH="150" HEIGHT="29" WC="0.92" CONTENT="lösningsrätt"/><SP WIDTH="23" VPOS="375" HPOS="444"/>
							<String ID="string_62" HPOS="467" VPOS="376" WIDTH="43" HEIGHT="21" WC="0.95" CONTENT="och"/><SP WIDTH="16" VPOS="376" HPOS="510"/>
							<String ID="string_63" HPOS="526" VPOS="376" WIDTH="42" HEIGHT="22" WC="0.93" CONTENT="vill"/><SP WIDTH="16" VPOS="376" HPOS="568"/>
							<String ID="string_64" HPOS="584" VPOS="376" WIDTH="20" HEIGHT="29" WC="0.91" CONTENT="ej"/><SP WIDTH="18" VPOS="376" HPOS="604"/>
							<String ID="string_65" HPOS="622" VPOS="376" WIDTH="73" HEIGHT="21" WC="0.96" CONTENT="heller"/><SP WIDTH="15" VPOS="376" HPOS="695"/>
							<String ID="string_66" HPOS="710" VPOS="376" WIDTH="49" HEIGHT="21" WC="0.96" CONTENT="lösa"/><SP WIDTH="16" VPOS="376" HPOS="759"/>
							<String ID="string_67" HPOS="775" VPOS="376" WIDTH="29" HEIGHT="21" WC="0.93" CONTENT="dä"/><SP WIDTH="15" VPOS="376" HPOS="804"/>
							<String ID="string_68" HPOS="819" VPOS="383" WIDTH="84" HEIGHT="21" WC="0.92" CONTENT="egaren"/><SP WIDTH="16" VPOS="383" HPOS="903"/>
							<String ID="string_69" HPOS="919" VPOS="375" WIDTH="23" HEIGHT="22" WC="0.96" CONTENT="af"/>
						</TextLine>
						<TextLine ID="line_8" HPOS="190" VPOS="410" WIDTH="751" HEIGHT="31">
							<String ID="string_70" HPOS="190" VPOS="410" WIDTH="137" HEIGHT="22" WC="0.92" CONTENT="strömfallet"/><SP WIDTH="14" VPOS="410" HPOS="327"/>
							<String ID="string_71" HPOS="341" VPOS="411" WIDTH="98" HEIGHT="22" WC="0.96" CONTENT="ansöker"/><SP WIDTH="15" VPOS="411" HPOS="439"/>
							<String ID="string_72" HPOS="454" VPOS="413" WIDTH="33" HEIGHT="20" WC="0.97" CONTENT="att"/><SP WIDTH="16" VPOS="413" HPOS="487"/>
							<String ID="string_73" HPOS="503" VPOS="412" WIDTH="41" HEIGHT="21" WC="0.93" CONTENT="der"/><SP WIDTH="15" VPOS="412" HPOS="544"/>
							<String ID="string_74" HPOS="559" VPOS="412" WIDTH="25" HEIGHT="21" WC="0.90" CONTENT="fä"/><SP WIDTH="16" VPOS="412" HPOS="584"/>
							<String ID="string_75" HPOS="600" VPOS="412" WIDTH="97" HEIGHT="29" WC="0.92" CONTENT="anlägga"/><SP WIDTH="16" VPOS="412" HPOS="697"/>
							<String ID="string_76" HPOS="713" VPOS="411" WIDTH="143" HEIGHT="26" WC="0.92" CONTENT="vattenverk,"/><SP WIDTH="16" VPOS="411" HPOS="856"/>
							<String ID="string_77" HPOS="872" VPOS="411" WIDTH="69" HEIGHT="22" WC="0.92" CONTENT="hafve"/>
						</TextLine>
						<TextLine ID="line_9" HPOS="188" VPOS="446" WIDTH="754" HEIGHT="31">
							<String ID="string_78" HPOS="188" VPOS="446" WIDTH="193" HEIGHT="29" WC="0.92" CONTENT="strömfallsegare"/><SP WIDTH="24" VPOS="446" HPOS="381"/>
							<String ID="string_79" HPOS="405" VPOS="450" WIDTH="44" HEIGHT="19" WC="0.96" CONTENT="rätt"/><SP WIDTH="23" VPOS="450" HPOS="449"/>
							<String ID="string_80" HPOS="472" VPOS="450" WIDTH="33" HEIGHT="19" WC="0.96" CONTENT="att"/><SP WIDTH="23" VPOS="450" HPOS="505"/>
							<String ID="string_81" HPOS="528" VPOS="450" WIDTH="30" HEIGHT="27" WC="0.96" CONTENT="pä"/><SP WIDTH="16" VPOS="450" HPOS="558"/>
							<String ID="string_82" HPOS="574" VPOS="448" WIDTH="47" HEIGHT="21" WC="0.93" CONTENT="lika"/><SP WIDTH="15" VPOS="448" HPOS="621"/>
							<String ID="string_83" HPOS="636" VPOS="448" WIDTH="76" HEIGHT="22" WC="0.93" CONTENT="vilkor"/><SP WIDTH="15" VPOS="448" HPOS="712"/>
							<String ID="string_84" HPOS="727" VPOS="447" WIDTH="24" HEIGHT="22" WC="0.96" CONTENT="af"/><SP WIDTH="14" VPOS="447" HPOS="751"/>
							<String ID="string_85" HPOS="765" VPOS="448" WIDTH="86" HEIGHT="21" WC="0.93" CONTENT="honom"/><SP WIDTH="15" VPOS="448" HPOS="851"/>
							<String ID="string_86" HPOS="866" VPOS="447" WIDTH="76" HEIGHT="22" WC="0.92" CONTENT="tillösa"/>
						</TextLine>
						<TextLine ID="line_10" HPOS="188" VPOS="481" WIDTH="753" HEIGHT="32">
							<String ID="string_87" HPOS="188" VPOS="481" WIDTH="36" HEIGHT="30" WC="0.96" CONTENT="sig"/><SP WIDTH="15" VPOS="481" HPOS="224"/>
							<String ID="string_88" HPOS="239" VPOS="482" WIDTH="37" HEIGHT="21" WC="0.93" CONTENT="för"/><SP WIDTH="15" VPOS="482" HPOS="276"/>
							<String ID="string_89" HPOS="291" VPOS="483" WIDTH="92" HEIGHT="22" WC="0.93" CONTENT="verkets"/><SP WIDTH="16" VPOS="483" HPOS="383"/>
							<String ID="string_90" HPOS="399" VPOS="483" WIDTH="141" HEIGHT="30" WC="0.92" CONTENT="anläggning"/><SP WIDTH="15" VPOS="483" HPOS="540"/>
							<String ID="string_91" HPOS="555" VPOS="484" WIDTH="83" HEIGHT="29" WC="0.92" CONTENT="nödigt"/><SP WIDTH="16" VPOS="484" HPOS="638"/>
							<String ID="string_92" HPOS="654" VPOS="483" WIDTH="171" HEIGHT="22" WC="0.91" CONTENT="strandomräde"/><SP WIDTH="11" VPOS="483" HPOS="825"/>
							<String ID="string_93" HPOS="836" VPOS="483" WIDTH="23" HEIGHT="22" WC="0.96" CONTENT="af"/><SP WIDTH="10" VPOS="483" HPOS="859"/>
							<String ID="string_94" HPOS="869" VPOS="483" WIDTH="72" HEIGHT="26" WC="0.96" CONTENT="mark,"/>
						</TextLine>
						<TextLine ID="line_11" HPOS="188" VPOS="517" WIDTH="753" HEIGHT="30">
							<String ID="string_95" HPOS="188" VPOS="525" WIDTH="49" HEIGHT="14" WC="0.92" CONTENT="som"/><SP WIDTH="21" VPOS="525" HPOS="237"/>
							<String ID="string_96" HPOS="258" VPOS="517" WIDTH="51" HEIGHT="22" WC="0.92" CONTENT="icke"/><SP WIDTH="17" VPOS="517" HPOS="309"/>
							<String ID="string_97" HPOS="326" VPOS="522" WIDTH="25" HEIGHT="17" WC="0.93" CONTENT="är"/><SP WIDTH="14" VPOS="522" HPOS="351"/>
							<String ID="string_98" HPOS="365" VPOS="522" WIDTH="118" HEIGHT="25" WC="0.91" CONTENT="upptagen"/><SP WIDTH="15" VPOS="522" HPOS="483"/>
							<String ID="string_99" HPOS="498" VPOS="519" WIDTH="24" HEIGHT="22" WC="0.93" CONTENT="af"/><SP WIDTH="15" VPOS="519" HPOS="522"/>
							<String ID="string_100" HPOS="537" VPOS="519" WIDTH="149" HEIGHT="27" WC="0.92" CONTENT="härförinnan"/><SP WIDTH="15" VPOS="519" HPOS="686"/>
							<String ID="string_101" HPOS="701" VPOS="519" WIDTH="144" HEIGHT="22" WC="0.91" CONTENT="tillkommen"/><SP WIDTH="15" VPOS="519" HPOS="845"/>
							<String ID="string_102" HPOS="860" VPOS="519" WIDTH="81" HEIGHT="21" WC="0.92" CONTENT="bostad"/>
						</TextLine>
						<TextLine ID="line_12" HPOS="188" VPOS="553" WIDTH="754" HEIGHT="31">
							<String ID="string_103" HPOS="188" VPOS="553" WIDTH="56" HEIGHT="22" WC="0.91" CONTENT="eller"/><SP WIDTH="22" VPOS="553" HPOS="244"/>
							<String ID="string_104" HPOS="266" VPOS="553" WIDTH="123" HEIGHT="23" WC="0.78" CONTENT="industrie]"/><SP WIDTH="23" VPOS="553" HPOS="389"/>
							<String ID="string_105" HPOS="412" VPOS="555" WIDTH="146" HEIGHT="29" WC="0.93" CONTENT="anläggning."/><SP WIDTH="34" VPOS="555" HPOS="558"/>
							<String ID="string_106" HPOS="592" VPOS="555" WIDTH="88" HEIGHT="22" WC="0.91" CONTENT="Varder"/><SP WIDTH="23" VPOS="555" HPOS="680"/>
							<String ID="string_107" HPOS="703" VPOS="555" WIDTH="20" HEIGHT="29" WC="0.96" CONTENT="ej"/><SP WIDTH="24" VPOS="555" HPOS="723"/>
							<String ID="string_108" HPOS="747" VPOS="555" WIDTH="82" HEIGHT="22" WC="0.93" CONTENT="verket"/><SP WIDTH="19" VPOS="555" HPOS="829"/>
							<String ID="string_109" HPOS="848" VPOS="555" WIDTH="94" HEIGHT="28" WC="0.91" CONTENT="anlagdt"/>
						</TextLine>
						<TextLine ID="line_13" HPOS="188" VPOS="589" WIDTH="754" HEIGHT="28">
							<String ID="string_110" HPOS="188" VPOS="589" WIDTH="62" HEIGHT="22" WC="0.96" CONTENT="inom"/><SP WIDTH="21" VPOS="589" HPOS="250"/>
							<String ID="string_111" HPOS="271" VPOS="592" WIDTH="34" HEIGHT="19" WC="0.96" CONTENT="tre"/><SP WIDTH="22" VPOS="592" HPOS="305"/>
							<String ID="string_112" HPOS="327" VPOS="592" WIDTH="25" HEIGHT="19" WC="0.90" CONTENT="är"/><SP WIDTH="16" VPOS="592" HPOS="352"/>
							<String ID="string_113" HPOS="368" VPOS="590" WIDTH="58" HEIGHT="22" WC="0.96" CONTENT="efter"/><SP WIDTH="15" VPOS="590" HPOS="426"/>
							<String ID="string_114" HPOS="441" VPOS="591" WIDTH="40" HEIGHT="21" WC="0.93" CONTENT="det"/><SP WIDTH="14" VPOS="591" HPOS="481"/>
							<String ID="string_115" HPOS="495" VPOS="591" WIDTH="104" HEIGHT="22" WC="0.92" CONTENT="tillständ"/><SP WIDTH="16" VPOS="591" HPOS="599"/>
							<String ID="string_116" HPOS="615" VPOS="591" WIDTH="108" HEIGHT="26" WC="0.92" CONTENT="erhällits,"/><SP WIDTH="16" VPOS="591" HPOS="723"/>
							<String ID="string_117" HPOS="739" VPOS="599" WIDTH="54" HEIGHT="13" WC="0.93" CONTENT="vare"/><SP WIDTH="17" VPOS="599" HPOS="793"/>
							<String ID="string_118" HPOS="810" VPOS="590" WIDTH="132" HEIGHT="22" WC="0.92" CONTENT="strömfalls-"/>
						</TextLine>
						<TextLine ID="line_14" HPOS="189" VPOS="625" WIDTH="752" HEIGHT="31">
							<String ID="string_119" HPOS="189" VPOS="633" WIDTH="96" HEIGHT="21" WC="0.89" CONTENT="egarens"/><SP WIDTH="23" VPOS="633" HPOS="285"/>
							<String ID="string_120" HPOS="308" VPOS="625" WIDTH="150" HEIGHT="30" WC="0.92" CONTENT="lösningsrätt"/><SP WIDTH="19" VPOS="625" HPOS="458"/>
							<String ID="string_121" HPOS="477" VPOS="627" WIDTH="36" HEIGHT="21" WC="0.96" CONTENT="för"/><SP WIDTH="16" VPOS="627" HPOS="513"/>
							<String ID="string_122" HPOS="529" VPOS="627" WIDTH="45" HEIGHT="22" WC="0.92" CONTENT="den"/><SP WIDTH="16" VPOS="627" HPOS="574"/>
							<String ID="string_123" HPOS="590" VPOS="629" WIDTH="92" HEIGHT="27" WC="0.92" CONTENT="gängen"/><SP WIDTH="15" VPOS="629" HPOS="682"/>
							<String ID="string_124" HPOS="697" VPOS="627" WIDTH="114" HEIGHT="26" WC="0.92" CONTENT="förfallen,"/><SP WIDTH="16" VPOS="627" HPOS="811"/>
							<String ID="string_125" HPOS="827" VPOS="627" WIDTH="43" HEIGHT="22" WC="0.93" CONTENT="och"/><SP WIDTH="16" VPOS="627" HPOS="870"/>
							<String ID="string_126" HPOS="886" VPOS="628" WIDTH="55" HEIGHT="20" WC="0.93" CONTENT="äter-"/>
						</TextLine>
						<TextLine ID="line_15" HPOS="189" VPOS="661" WIDTH="751" HEIGHT="30">
							<String ID="string_127" HPOS="189" VPOS="661" WIDTH="54" HEIGHT="22" WC="0.91" CONTENT="bäre"/><SP WIDTH="23" VPOS="661" HPOS="243"/>
							<String ID="string_128" HPOS="266" VPOS="662" WIDTH="165" HEIGHT="29" WC="0.91" CONTENT="strandegaren"/><SP WIDTH="18" VPOS="662" HPOS="431"/>
							<String ID="string_129" HPOS="449" VPOS="663" WIDTH="71" HEIGHT="26" WC="0.96" CONTENT="lösen,"/><SP WIDTH="17" VPOS="663" HPOS="520"/>
							<String ID="string_130" HPOS="537" VPOS="670" WIDTH="50" HEIGHT="15" WC="0.93" CONTENT="som"/><SP WIDTH="16" VPOS="670" HPOS="587"/>
							<String ID="string_131" HPOS="603" VPOS="663" WIDTH="92" HEIGHT="28" WC="0.91" CONTENT="erlagts,"/><SP WIDTH="16" VPOS="663" HPOS="695"/>
							<String ID="string_132" HPOS="711" VPOS="663" WIDTH="72" HEIGHT="21" WC="0.96" CONTENT="likväl"/><SP WIDTH="16" VPOS="663" HPOS="783"/>
							<String ID="string_133" HPOS="799" VPOS="665" WIDTH="56" HEIGHT="19" WC="0.93" CONTENT="utan"/><SP WIDTH="15" VPOS="665" HPOS="855"/>
							<String ID="string_134" HPOS="870" VPOS="665" WIDTH="70" HEIGHT="19" WC="0.96" CONTENT="ränta."/>
						</TextLine>
					</TextBlock>
					<TextBlock ID="block_3" HPOS="189" VPOS="697" WIDTH="753" HEIGHT="64">
						<TextLine ID="line_16" HPOS="257" VPOS="697" WIDTH="685" HEIGHT="30">
							<String ID="string_135" HPOS="257" VPOS="697" WIDTH="88" HEIGHT="22" WC="0.92" CONTENT="Tillhör"/><SP WIDTH="23" VPOS="697" HPOS="345"/>
							<String ID="string_136" HPOS="368" VPOS="699" WIDTH="109" HEIGHT="21" WC="0.92" CONTENT="stranden"/><SP WIDTH="20" VPOS="699" HPOS="477"/>
							<String ID="string_137" HPOS="497" VPOS="699" WIDTH="55" HEIGHT="22" WC="0.93" CONTENT="eller"/><SP WIDTH="15" VPOS="699" HPOS="552"/>
							<String ID="string_138" HPOS="567" VPOS="699" WIDTH="139" HEIGHT="22" WC="0.88" CONTENT="strömfallet"/><SP WIDTH="15" VPOS="699" HPOS="706"/>
							<String ID="string_139" HPOS="721" VPOS="698" WIDTH="63" HEIGHT="27" WC="0.92" CONTENT="flere,"/><SP WIDTH="17" VPOS="698" HPOS="784"/>
							<String ID="string_140" HPOS="801" VPOS="706" WIDTH="42" HEIGHT="21" WC="0.92" CONTENT="ege"/><SP WIDTH="17" VPOS="706" HPOS="843"/>
							<String ID="string_141" HPOS="860" VPOS="698" WIDTH="28" HEIGHT="21" WC="0.93" CONTENT="de"/><SP WIDTH="17" VPOS="698" HPOS="888"/>
							<String ID="string_142" HPOS="905" VPOS="706" WIDTH="37" HEIGHT="13" WC="0.91" CONTENT="en-"/>
						</TextLine>
						<TextLine ID="line_17" HPOS="189" VPOS="733" WIDTH="379" HEIGHT="28">
							<String ID="string_143" HPOS="189" VPOS="733" WIDTH="52" HEIGHT="21" WC="0.91" CONTENT="dast"/><SP WIDTH="15" VPOS="733" HPOS="241"/>
							<String ID="string_144" HPOS="256" VPOS="741" WIDTH="133" HEIGHT="20" WC="0.93" CONTENT="gemensam"/><SP WIDTH="16" VPOS="741" HPOS="389"/>
							<String ID="string_145" HPOS="405" VPOS="737" WIDTH="44" HEIGHT="19" WC="0.96" CONTENT="rätt"/><SP WIDTH="15" VPOS="737" HPOS="449"/>
							<String ID="string_146" HPOS="464" VPOS="737" WIDTH="34" HEIGHT="19" WC="0.96" CONTENT="att"/><SP WIDTH="15" VPOS="737" HPOS="498"/>
							<String ID="string_147" HPOS="513" VPOS="735" WIDTH="55" HEIGHT="22" WC="0.95" CONTENT="lösa."/>
						</TextLine>
					</TextBlock>
					<TextBlock ID="block_4" HPOS="190" VPOS="769" WIDTH="753" HEIGHT="101">
						<TextLine ID="line_18" HPOS="262" VPOS="769" WIDTH="679" HEIGHT="30">
							<String ID="string_148" HPOS="262" VPOS="769" WIDTH="27" HEIGHT="29" WC="0.95" CONTENT="Ej"/><SP WIDTH="18" VPOS="769" HPOS="289"/>
							<String ID="string_149" HPOS="307" VPOS="771" WIDTH="38" HEIGHT="20" WC="0.93" CONTENT="mä"/><SP WIDTH="15" VPOS="771" HPOS="345"/>
							<String ID="string_150" HPOS="360" VPOS="770" WIDTH="149" HEIGHT="29" WC="0.88" CONTENT="läsningsrätt"/><SP WIDTH="14" VPOS="770" HPOS="509"/>
							<String ID="string_151" HPOS="523" VPOS="774" WIDTH="69" HEIGHT="25" WC="0.96" CONTENT="göras"/><SP WIDTH="16" VPOS="774" HPOS="592"/>
							<String ID="string_152" HPOS="608" VPOS="771" WIDTH="107" HEIGHT="28" WC="0.96" CONTENT="gällande"/><SP WIDTH="11" VPOS="771" HPOS="715"/>
							<String ID="string_153" HPOS="726" VPOS="774" WIDTH="48" HEIGHT="18" WC="0.96" CONTENT="mot"/><SP WIDTH="10" VPOS="774" HPOS="774"/>
							<String ID="string_154" HPOS="784" VPOS="771" WIDTH="56" HEIGHT="21" WC="0.93" CONTENT="eller"/><SP WIDTH="10" VPOS="771" HPOS="840"/>
							<String ID="string_155" HPOS="850" VPOS="771" WIDTH="91" HEIGHT="22" WC="0.82" CONTENT="utöfvas"/>
						</TextLine>
						<TextLine ID="line_19" HPOS="190" VPOS="805" WIDTH="753" HEIGHT="30">
							<String ID="string_156" HPOS="190" VPOS="805" WIDTH="36" HEIGHT="22" WC="0.93" CONTENT="för"/><SP WIDTH="16" VPOS="805" HPOS="226"/>
							<String ID="string_157" HPOS="242" VPOS="805" WIDTH="239" HEIGHT="30" WC="0.92" CONTENT="strömfallslägenhet,"/><SP WIDTH="17" VPOS="805" HPOS="481"/>
							<String ID="string_158" HPOS="498" VPOS="814" WIDTH="50" HEIGHT="15" WC="0.93" CONTENT="som"/><SP WIDTH="14" VPOS="814" HPOS="548"/>
							<String ID="string_159" HPOS="562" VPOS="807" WIDTH="86" HEIGHT="21" WC="0.92" CONTENT="bildats"/><SP WIDTH="11" VPOS="807" HPOS="648"/>
							<String ID="string_160" HPOS="659" VPOS="814" WIDTH="82" HEIGHT="21" WC="0.93" CONTENT="genom"/><SP WIDTH="12" VPOS="814" HPOS="741"/>
							<String ID="string_161" HPOS="753" VPOS="806" WIDTH="124" HEIGHT="29" WC="0.91" CONTENT="styckning"/><SP WIDTH="10" VPOS="806" HPOS="877"/>
							<String ID="string_162" HPOS="887" VPOS="806" WIDTH="56" HEIGHT="22" WC="0.96" CONTENT="eller"/>
						</TextLine>
						<TextLine ID="line_20" HPOS="190" VPOS="841" WIDTH="142" HEIGHT="29">
							<String ID="string_163" HPOS="190" VPOS="841" WIDTH="142" HEIGHT="29" WC="0.62" CONTENT="afsöndring."/>
						</TextLine>
					</TextBlock>
					<TextBlock ID="block_5" HPOS="191" VPOS="877" WIDTH="750" HEIGHT="66">
						<TextLine ID="line_21" HPOS="260" VPOS="877" WIDTH="681" HEIGHT="30">
							<String ID="string_164" HPOS="260" VPOS="877" WIDTH="70" HEIGHT="22" WC="0.92" CONTENT="Hvad"/><SP WIDTH="21" VPOS="877" HPOS="330"/>
							<String ID="string_165" HPOS="351" VPOS="885" WIDTH="37" HEIGHT="14" WC="0.93" CONTENT="om"/><SP WIDTH="19" VPOS="885" HPOS="388"/>
							<String ID="string_166" HPOS="407" VPOS="878" WIDTH="112" HEIGHT="22" WC="0.88" CONTENT="strömfall"/><SP WIDTH="16" VPOS="878" HPOS="519"/>
							<String ID="string_167" HPOS="535" VPOS="879" WIDTH="41" HEIGHT="20" WC="0.93" CONTENT="här"/><SP WIDTH="16" VPOS="879" HPOS="576"/>
							<String ID="string_168" HPOS="592" VPOS="883" WIDTH="74" HEIGHT="24" WC="0.92" CONTENT="säges,"/><SP WIDTH="17" VPOS="883" HPOS="666"/>
							<String ID="string_169" HPOS="683" VPOS="879" WIDTH="59" HEIGHT="28" WC="0.92" CONTENT="gälle"/><SP WIDTH="17" VPOS="879" HPOS="742"/>
							<String ID="string_170" HPOS="759" VPOS="879" WIDTH="43" HEIGHT="21" WC="0.91" CONTENT="ock"/><SP WIDTH="16" VPOS="879" HPOS="802"/>
							<String ID="string_171" HPOS="818" VPOS="879" WIDTH="37" HEIGHT="21" WC="0.93" CONTENT="del"/><SP WIDTH="16" VPOS="879" HPOS="855"/>
							<String ID="string_172" HPOS="871" VPOS="879" WIDTH="70" HEIGHT="27" WC="0.91" CONTENT="deraf,"/>
						</TextLine>
						<TextLine ID="line_22" HPOS="191" VPOS="913" WIDTH="345" HEIGHT="30">
							<String ID="string_173" HPOS="191" VPOS="920" WIDTH="48" HEIGHT="15" WC="0.95" CONTENT="som"/><SP WIDTH="18" VPOS="920" HPOS="239"/>
							<String ID="string_174" HPOS="257" VPOS="913" WIDTH="73" HEIGHT="29" WC="0.96" CONTENT="enligt"/><SP WIDTH="17" VPOS="913" HPOS="330"/>
							<String ID="string_175" HPOS="347" VPOS="917" WIDTH="25" HEIGHT="18" WC="0.93" CONTENT="11"/><SP WIDTH="18" VPOS="917" HPOS="372"/>
							<String ID="string_176" HPOS="390" VPOS="914" WIDTH="14" HEIGHT="29" WC="0.90" CONTENT="&amp;"/><SP WIDTH="15" VPOS="914" HPOS="404"/>
							<String ID="string_177" HPOS="419" VPOS="914" WIDTH="117" HEIGHT="22" WC="0.91" CONTENT="utbrutits."/>
						</TextLine>
					</TextBlock>
					<TextBlock ID="block_6" HPOS="190" VPOS="949" WIDTH="753" HEIGHT="100">
						<TextLine ID="line_23" HPOS="261" VPOS="949" WIDTH="681" HEIGHT="30">
							<String ID="string_178" HPOS="261" VPOS="949" WIDTH="77" HEIGHT="22" WC="0.96" CONTENT="Lösen"/><SP WIDTH="15" VPOS="949" HPOS="338"/>
							<String ID="string_179" HPOS="353" VPOS="949" WIDTH="8" HEIGHT="22" WC="0.96" CONTENT="i"/><SP WIDTH="16" VPOS="949" HPOS="361"/>
							<String ID="string_180" HPOS="377" VPOS="949" WIDTH="68" HEIGHT="22" WC="0.96" CONTENT="dessa"/><SP WIDTH="15" VPOS="949" HPOS="445"/>
							<String ID="string_181" HPOS="460" VPOS="950" WIDTH="40" HEIGHT="21" WC="0.93" CONTENT="fall"/><SP WIDTH="16" VPOS="950" HPOS="500"/>
							<String ID="string_182" HPOS="516" VPOS="950" WIDTH="139" HEIGHT="22" WC="0.96" CONTENT="bestämmes"/><SP WIDTH="17" VPOS="950" HPOS="655"/>
							<String ID="string_183" HPOS="672" VPOS="952" WIDTH="29" HEIGHT="27" WC="0.93" CONTENT="pä"/><SP WIDTH="15" VPOS="952" HPOS="701"/>
							<String ID="string_184" HPOS="716" VPOS="950" WIDTH="80" HEIGHT="22" WC="0.82" CONTENT="sätti6"/><SP WIDTH="12" VPOS="950" HPOS="796"/>
							<String ID="string_185" HPOS="808" VPOS="950" WIDTH="50" HEIGHT="29" WC="0.93" CONTENT="kap."/><SP WIDTH="10" VPOS="950" HPOS="858"/>
							<String ID="string_186" HPOS="868" VPOS="954" WIDTH="74" HEIGHT="25" WC="0.96" CONTENT="säges,"/>
						</TextLine>
						<TextLine ID="line_24" HPOS="190" VPOS="985" WIDTH="753" HEIGHT="30">
							<String ID="string_187" HPOS="190" VPOS="992" WIDTH="53" HEIGHT="14" WC="0.96" CONTENT="men"/><SP WIDTH="16" VPOS="992" HPOS="243"/>
							<String ID="string_188" HPOS="259" VPOS="985" WIDTH="74" HEIGHT="29" WC="0.96" CONTENT="enligt"/><SP WIDTH="15" VPOS="985" HPOS="333"/>
							<String ID="string_189" HPOS="348" VPOS="985" WIDTH="29" HEIGHT="23" WC="0.95" CONTENT="de"/><SP WIDTH="15" VPOS="985" HPOS="377"/>
							<String ID="string_190" HPOS="392" VPOS="986" WIDTH="107" HEIGHT="28" WC="0.93" CONTENT="grunder,"/><SP WIDTH="16" VPOS="986" HPOS="499"/>
							<String ID="string_191" HPOS="515" VPOS="986" WIDTH="80" HEIGHT="21" WC="0.92" CONTENT="hvilka"/><SP WIDTH="15" VPOS="986" HPOS="595"/>
							<String ID="string_192" HPOS="610" VPOS="986" WIDTH="64" HEIGHT="29" WC="0.92" CONTENT="gälla"/><SP WIDTH="15" VPOS="986" HPOS="674"/>
							<String ID="string_193" HPOS="689" VPOS="986" WIDTH="36" HEIGHT="21" WC="0.93" CONTENT="för"/><SP WIDTH="14" VPOS="986" HPOS="725"/>
							<String ID="string_194" HPOS="739" VPOS="986" WIDTH="169" HEIGHT="29" WC="0.93" CONTENT="expropriation"/><SP WIDTH="11" VPOS="986" HPOS="908"/>
							<String ID="string_195" HPOS="919" VPOS="986" WIDTH="24" HEIGHT="21" WC="0.96" CONTENT="af"/>
						</TextLine>
						<TextLine ID="line_25" HPOS="191" VPOS="1020" WIDTH="443" HEIGHT="29">
							<String ID="string_196" HPOS="191" VPOS="1020" WIDTH="46" HEIGHT="22" WC="0.96" CONTENT="fast"/><SP WIDTH="15" VPOS="1020" HPOS="237"/>
							<String ID="string_197" HPOS="252" VPOS="1021" WIDTH="114" HEIGHT="28" WC="0.96" CONTENT="egendom"/><SP WIDTH="16" VPOS="1021" HPOS="366"/>
							<String ID="string_198" HPOS="382" VPOS="1021" WIDTH="36" HEIGHT="22" WC="0.96" CONTENT="för"/><SP WIDTH="15" VPOS="1021" HPOS="418"/>
							<String ID="string_199" HPOS="433" VPOS="1021" WIDTH="95" HEIGHT="22" WC="0.93" CONTENT="allmänt"/><SP WIDTH="14" VPOS="1021" HPOS="528"/>
							<String ID="string_200" HPOS="542" VPOS="1021" WIDTH="92" HEIGHT="22" WC="0.91" CONTENT="behof.*"/>
						</TextLine>
					</TextBlock>
					<TextBlock ID="block_7" HPOS="190" VPOS="1057" WIDTH="753" HEIGHT="170">
						<TextLine ID="line_26" HPOS="262" VPOS="1057" WIDTH="680" HEIGHT="30">
							<String ID="string_201" HPOS="262" VPOS="1057" WIDTH="70" HEIGHT="21" WC="0.92" CONTENT="Hvad"/><SP WIDTH="21" VPOS="1057" HPOS="332"/>
							<String ID="string_202" HPOS="353" VPOS="1057" WIDTH="44" HEIGHT="21" WC="0.96" CONTENT="den"/><SP WIDTH="21" VPOS="1057" HPOS="397"/>
							<String ID="string_203" HPOS="418" VPOS="1057" WIDTH="77" HEIGHT="22" WC="0.96" CONTENT="finska"/><SP WIDTH="24" VPOS="1057" HPOS="495"/>
							<String ID="string_204" HPOS="519" VPOS="1060" WIDTH="79" HEIGHT="19" WC="0.92" CONTENT="texten"/><SP WIDTH="28" VPOS="1060" HPOS="598"/>
							<String ID="string_205" HPOS="626" VPOS="1057" WIDTH="129" HEIGHT="22" WC="0.90" CONTENT="beträffade"/><SP WIDTH="25" VPOS="1057" HPOS="755"/>
							<String ID="string_206" HPOS="780" VPOS="1057" WIDTH="71" HEIGHT="22" WC="0.92" CONTENT="borde"/><SP WIDTH="23" VPOS="1057" HPOS="851"/>
							<String ID="string_207" HPOS="874" VPOS="1058" WIDTH="8" HEIGHT="21" WC="0.95" CONTENT="i"/><SP WIDTH="23" VPOS="1058" HPOS="882"/>
							<String ID="string_208" HPOS="905" VPOS="1065" WIDTH="37" HEIGHT="22" WC="0.89" CONTENT="pa"/>
						</TextLine>
						<TextLine ID="line_27" HPOS="191" VPOS="1093" WIDTH="752" HEIGHT="30">
							<String ID="string_209" HPOS="191" VPOS="1093" WIDTH="118" HEIGHT="28" WC="0.92" CONTENT="ragrafens"/><SP WIDTH="26" VPOS="1093" HPOS="309"/>
							<String ID="string_210" HPOS="335" VPOS="1095" WIDTH="9" HEIGHT="19" WC="0.96" CONTENT="1"/><SP WIDTH="22" VPOS="1095" HPOS="344"/>
							<String ID="string_211" HPOS="366" VPOS="1100" WIDTH="66" HEIGHT="15" WC="0.93" CONTENT="mom."/><SP WIDTH="17" VPOS="1100" HPOS="432"/>
							<String ID="string_212" HPOS="449" VPOS="1093" WIDTH="34" HEIGHT="22" WC="0.91" CONTENT="uti"/><SP WIDTH="17" VPOS="1093" HPOS="483"/>
							<String ID="string_213" HPOS="500" VPOS="1096" WIDTH="86" HEIGHT="19" WC="0.92" CONTENT="satsen:"/><SP WIDTH="19" VPOS="1096" HPOS="586"/>
							<String ID="string_214" HPOS="605" VPOS="1094" WIDTH="98" HEIGHT="26" WC="0.89" CONTENT=",olkoon"/><SP WIDTH="16" VPOS="1094" HPOS="703"/>
							<String ID="string_215" HPOS="719" VPOS="1093" WIDTH="224" HEIGHT="30" WC="0.92" CONTENT="rannanomistajalla"/>
						</TextLine>
						<TextLine ID="line_28" HPOS="190" VPOS="1127" WIDTH="752" HEIGHT="25">
							<String ID="string_216" HPOS="190" VPOS="1127" WIDTH="81" HEIGHT="23" WC="0.96" CONTENT="oikeus"/><SP WIDTH="16" VPOS="1127" HPOS="271"/>
							<String ID="string_217" HPOS="287" VPOS="1129" WIDTH="105" HEIGHT="21" WC="0.96" CONTENT="lunastaa"/><SP WIDTH="15" VPOS="1129" HPOS="392"/>
							<String ID="string_218" HPOS="407" VPOS="1129" WIDTH="88" HEIGHT="22" WC="0.96" CONTENT="kosken"/><SP WIDTH="15" VPOS="1129" HPOS="495"/>
							<String ID="string_219" HPOS="510" VPOS="1129" WIDTH="48" HEIGHT="22" WC="0.96" CONTENT="tahi"/><SP WIDTH="17" VPOS="1129" HPOS="558"/>
							<String ID="string_220" HPOS="575" VPOS="1130" WIDTH="77" HEIGHT="21" WC="0.93" CONTENT="hänen"/><SP WIDTH="16" VPOS="1130" HPOS="652"/>
							<String ID="string_221" HPOS="668" VPOS="1129" WIDTH="99" HEIGHT="23" WC="0.91" CONTENT="osalleen"/><SP WIDTH="21" VPOS="1129" HPOS="767"/>
							<String ID="string_222" HPOS="788" VPOS="1129" WIDTH="154" HEIGHT="23" WC="0.91" CONTENT="kuulumatto-"/>
						</TextLine>
						<TextLine ID="line_29" HPOS="190" VPOS="1164" WIDTH="751" HEIGHT="28">
							<String ID="string_223" HPOS="190" VPOS="1171" WIDTH="54" HEIGHT="14" WC="0.93" CONTENT="man"/><SP WIDTH="21" VPOS="1171" HPOS="244"/>
							<String ID="string_224" HPOS="265" VPOS="1167" WIDTH="77" HEIGHT="23" WC="0.69" CONTENT="osan%*,"/><SP WIDTH="21" VPOS="1167" HPOS="342"/>
							<String ID="string_225" HPOS="363" VPOS="1164" WIDTH="70" HEIGHT="22" WC="0.93" CONTENT="orden"/><SP WIDTH="18" VPOS="1164" HPOS="433"/>
							<String ID="string_226" HPOS="451" VPOS="1166" WIDTH="113" HEIGHT="25" WC="0.63" CONTENT=",kosken*"/><SP WIDTH="18" VPOS="1166" HPOS="564"/>
							<String ID="string_227" HPOS="582" VPOS="1166" WIDTH="44" HEIGHT="21" WC="0.93" CONTENT="och"/><SP WIDTH="18" VPOS="1166" HPOS="626"/>
							<String ID="string_228" HPOS="644" VPOS="1182" WIDTH="10" HEIGHT="10" WC="0.91" CONTENT=","/><SP WIDTH="4" VPOS="1182" HPOS="654"/>
							<String ID="string_229" HPOS="658" VPOS="1165" WIDTH="199" HEIGHT="27" WC="0.93" CONTENT="kuulumattoman"/><SP WIDTH="15" VPOS="1165" HPOS="857"/>
							<String ID="string_230" HPOS="872" VPOS="1168" WIDTH="69" HEIGHT="19" WC="0.92" CONTENT="osan*"/>
						</TextLine>
						<TextLine ID="line_30" HPOS="191" VPOS="1200" WIDTH="554" HEIGHT="27">
							<String ID="string_231" HPOS="191" VPOS="1202" WIDTH="70" HEIGHT="20" WC="0.92" CONTENT="rättas"/><SP WIDTH="16" VPOS="1202" HPOS="261"/>
							<String ID="string_232" HPOS="277" VPOS="1200" WIDTH="36" HEIGHT="22" WC="0.93" CONTENT="till"/><SP WIDTH="16" VPOS="1200" HPOS="313"/>
							<String ID="string_233" HPOS="329" VPOS="1200" WIDTH="94" HEIGHT="26" WC="0.90" CONTENT=",koski*"/><SP WIDTH="18" VPOS="1200" HPOS="423"/>
							<String ID="string_234" HPOS="441" VPOS="1201" WIDTH="42" HEIGHT="21" WC="0.92" CONTENT="och"/><SP WIDTH="18" VPOS="1201" HPOS="483"/>
							<String ID="string_235" HPOS="501" VPOS="1201" WIDTH="167" HEIGHT="26" WC="0.91" CONTENT=",kuulumaton"/><SP WIDTH="16" VPOS="1201" HPOS="668"/>
							<String ID="string_236" HPOS="684" VPOS="1203" WIDTH="61" HEIGHT="19" WC="0.90" CONTENT="osa*."/>
						</TextLine>
					</TextBlock>
					<TextBlock ID="block_8" HPOS="190" VPOS="1236" WIDTH="755" HEIGHT="173">
						<TextLine ID="line_31" HPOS="262" VPOS="1236" WIDTH="681" HEIGHT="29">
							<String ID="string_237" HPOS="262" VPOS="1236" WIDTH="184" HEIGHT="28" WC="0.91" CONTENT="Borgareständet"/><SP WIDTH="15" VPOS="1236" HPOS="446"/>
							<String ID="string_238" HPOS="461" VPOS="1237" WIDTH="41" HEIGHT="21" WC="0.93" CONTENT="har"/><SP WIDTH="15" VPOS="1237" HPOS="502"/>
							<String ID="string_239" HPOS="517" VPOS="1236" WIDTH="96" HEIGHT="22" WC="0.91" CONTENT="beslutit"/><SP WIDTH="16" VPOS="1236" HPOS="613"/>
							<String ID="string_240" HPOS="629" VPOS="1236" WIDTH="129" HEIGHT="22" WC="0.90" CONTENT="äterremiss"/><SP WIDTH="16" VPOS="1236" HPOS="758"/>
							<String ID="string_241" HPOS="774" VPOS="1236" WIDTH="24" HEIGHT="22" WC="0.93" CONTENT="af"/><SP WIDTH="10" VPOS="1236" HPOS="798"/>
							<String ID="string_242" HPOS="808" VPOS="1237" WIDTH="135" HEIGHT="28" WC="0.92" CONTENT="paragrafen"/>
						</TextLine>
						<TextLine ID="line_32" HPOS="190" VPOS="1271" WIDTH="753" HEIGHT="30">
							<String ID="string_243" HPOS="190" VPOS="1271" WIDTH="36" HEIGHT="22" WC="0.93" CONTENT="för"/><SP WIDTH="23" VPOS="1271" HPOS="226"/>
							<String ID="string_244" HPOS="249" VPOS="1272" WIDTH="160" HEIGHT="29" WC="0.96" CONTENT="omarbetning"/><SP WIDTH="22" VPOS="1272" HPOS="409"/>
							<String ID="string_245" HPOS="431" VPOS="1272" WIDTH="8" HEIGHT="22" WC="0.96" CONTENT="i"/><SP WIDTH="25" VPOS="1272" HPOS="439"/>
							<String ID="string_246" HPOS="464" VPOS="1272" WIDTH="38" HEIGHT="22" WC="0.96" CONTENT="det"/><SP WIDTH="24" VPOS="1272" HPOS="502"/>
							<String ID="string_247" HPOS="526" VPOS="1272" WIDTH="67" HEIGHT="29" WC="0.96" CONTENT="syfte,"/><SP WIDTH="25" VPOS="1272" HPOS="593"/>
							<String ID="string_248" HPOS="618" VPOS="1275" WIDTH="34" HEIGHT="19" WC="0.96" CONTENT="att"/><SP WIDTH="22" VPOS="1275" HPOS="652"/>
							<String ID="string_249" HPOS="674" VPOS="1272" WIDTH="9" HEIGHT="21" WC="0.87" CONTENT="i"/><SP WIDTH="15" VPOS="1272" HPOS="683"/>
							<String ID="string_250" HPOS="698" VPOS="1272" WIDTH="65" HEIGHT="29" WC="0.96" CONTENT="fråga"/><SP WIDTH="15" VPOS="1272" HPOS="763"/>
							<String ID="string_251" HPOS="778" VPOS="1280" WIDTH="37" HEIGHT="14" WC="0.93" CONTENT="om"/><SP WIDTH="17" VPOS="1280" HPOS="815"/>
							<String ID="string_252" HPOS="832" VPOS="1272" WIDTH="111" HEIGHT="22" WC="0.92" CONTENT="strömfall"/>
						</TextLine>
						<TextLine ID="line_33" HPOS="190" VPOS="1306" WIDTH="753" HEIGHT="30">
							<String ID="string_253" HPOS="190" VPOS="1306" WIDTH="151" HEIGHT="30" WC="0.92" CONTENT="lösningsrätt"/><SP WIDTH="22" VPOS="1306" HPOS="341"/>
							<String ID="string_254" HPOS="363" VPOS="1308" WIDTH="126" HEIGHT="22" WC="0.89" CONTENT="tillkomme"/><SP WIDTH="24" VPOS="1308" HPOS="489"/>
							<String ID="string_255" HPOS="513" VPOS="1308" WIDTH="82" HEIGHT="22" WC="0.93" CONTENT="endast"/><SP WIDTH="23" VPOS="1308" HPOS="595"/>
							<String ID="string_256" HPOS="618" VPOS="1308" WIDTH="155" HEIGHT="28" WC="0.93" CONTENT="strandegare,"/><SP WIDTH="20" VPOS="1308" HPOS="773"/>
							<String ID="string_257" HPOS="793" VPOS="1315" WIDTH="49" HEIGHT="15" WC="0.92" CONTENT="som"/><SP WIDTH="16" VPOS="1315" HPOS="842"/>
							<String ID="string_258" HPOS="858" VPOS="1308" WIDTH="85" HEIGHT="22" WC="0.92" CONTENT="härför-"/>
						</TextLine>
						<TextLine ID="line_34" HPOS="190" VPOS="1343" WIDTH="753" HEIGHT="29">
							<String ID="string_259" HPOS="190" VPOS="1343" WIDTH="72" HEIGHT="22" WC="0.92" CONTENT="innan"/><SP WIDTH="20" VPOS="1343" HPOS="262"/>
							<String ID="string_260" HPOS="282" VPOS="1344" WIDTH="53" HEIGHT="21" WC="0.96" CONTENT="med"/><SP WIDTH="15" VPOS="1344" HPOS="335"/>
							<String ID="string_261" HPOS="350" VPOS="1344" WIDTH="107" HEIGHT="28" WC="0.87" CONTENT="behörigt"/><SP WIDTH="15" VPOS="1344" HPOS="457"/>
							<String ID="string_262" HPOS="472" VPOS="1344" WIDTH="103" HEIGHT="22" WC="0.92" CONTENT="tillständ"/><SP WIDTH="17" VPOS="1344" HPOS="575"/>
							<String ID="string_263" HPOS="592" VPOS="1344" WIDTH="79" HEIGHT="28" WC="0.90" CONTENT="anlagt"/><SP WIDTH="15" VPOS="1344" HPOS="671"/>
							<String ID="string_264" HPOS="686" VPOS="1344" WIDTH="136" HEIGHT="21" WC="0.92" CONTENT="vattenverk"/><SP WIDTH="17" VPOS="1344" HPOS="822"/>
							<String ID="string_265" HPOS="839" VPOS="1344" WIDTH="54" HEIGHT="21" WC="0.96" CONTENT="eller"/><SP WIDTH="15" VPOS="1344" HPOS="893"/>
							<String ID="string_266" HPOS="908" VPOS="1344" WIDTH="35" HEIGHT="21" WC="0.96" CONTENT="till"/>
						</TextLine>
						<TextLine ID="line_35" HPOS="191" VPOS="1379" WIDTH="754" HEIGHT="30">
							<String ID="string_267" HPOS="191" VPOS="1379" WIDTH="69" HEIGHT="19" WC="0.96" CONTENT="sådan"/><SP WIDTH="21" VPOS="1379" HPOS="260"/>
							<String ID="string_268" HPOS="281" VPOS="1379" WIDTH="141" HEIGHT="30" WC="0.96" CONTENT="anläggning"/><SP WIDTH="20" VPOS="1379" HPOS="422"/>
							<String ID="string_269" HPOS="442" VPOS="1380" WIDTH="90" HEIGHT="21" WC="0.91" CONTENT="erhällit"/><SP WIDTH="16" VPOS="1380" HPOS="532"/>
							<String ID="string_270" HPOS="548" VPOS="1379" WIDTH="114" HEIGHT="27" WC="0.96" CONTENT="tillstånd;"/><SP WIDTH="17" VPOS="1379" HPOS="662"/>
							<String ID="string_271" HPOS="679" VPOS="1380" WIDTH="43" HEIGHT="21" WC="0.96" CONTENT="och"/><SP WIDTH="16" VPOS="1380" HPOS="722"/>
							<String ID="string_272" HPOS="738" VPOS="1380" WIDTH="71" HEIGHT="21" WC="0.91" CONTENT="borde"/><SP WIDTH="16" VPOS="1380" HPOS="809"/>
							<String ID="string_273" HPOS="825" VPOS="1379" WIDTH="120" HEIGHT="22" WC="0.95" CONTENT="Utskottet"/>
						</TextLine>
					</TextBlock>
					<TextBlock ID="block_9" HPOS="266" VPOS="1421" WIDTH="419" HEIGHT="19">
						<TextLine ID="line_36" HPOS="266" VPOS="1421" WIDTH="419" HEIGHT="19">
							<String ID="string_274" HPOS="266" VPOS="1421" WIDTH="211" HEIGHT="19" WC="0.81" CONTENT="Vattenrättsutskottets"/><SP WIDTH="12" VPOS="1421" HPOS="477"/>
							<String ID="string_275" HPOS="489" VPOS="1422" WIDTH="117" HEIGHT="18" WC="0.72" CONTENT="betänkande"/><SP WIDTH="13" VPOS="1422" HPOS="606"/>
							<String ID="string_276" HPOS="619" VPOS="1421" WIDTH="39" HEIGHT="19" WC="0.96" CONTENT="N:o"/><SP WIDTH="13" VPOS="1421" HPOS="658"/>
							<String ID="string_277" HPOS="671" VPOS="1422" WIDTH="14" HEIGHT="18" WC="0.96" CONTENT="1."/>
						</TextLine>
					</TextBlock>
				</ComposedBlock>
			</PrintSpace>
		</Page>
	</Layout>
</alto>
