1067 1686
404 126 29 21 U.
449 126 25 21 B.
491 140 27 1 —
535 126 34 21 II.

402 443 239 27 Lagutskottets
663 443 203 23 betänkande

331 479 44 22 N:o
392 480 36 26 14,
444 480 10 21 i
469 480 137 27 anledning
621 480 28 22 af
662 480 179 22 Prokuratorns
857 479 10 22 i

331 516 138 27 Kejserliga
491 516 104 22 Senaten
617 516 130 22 berättelse
763 522 39 15 om
818 516 48 27 lag-

332 552 150 28 skipningen
497 553 45 21 och
554 553 112 27 lagarnes
677 551 190 23 handhafvande

332 588 9 21 i
358 588 91 22 landet.

190 650 107 25 Samtliga
313 650 64 20 stånd
392 650 68 20 hafva
475 650 122 20 remitterat
613 650 74 20 denna
702 650 117 20 berättelse
836 650 31 18 till

119 686 158 25 Lagutskottet,
294 691 46 14 som
358 686 106 24 derjemte
481 686 48 19 från
544 686 85 20 Preste-
645 686 41 19 och
697 685 171 20 Bondestånden

119 722 41 19 fått
176 723 112 23 emottaga
303 722 200 25 protokollsutdrag
520 722 61 20 öfver
592 722 27 19 de
629 722 37 18 vid
677 722 102 19 ärendets
791 721 77 19 remiss

119 757 59 19 inom
195 757 102 20 bemälda
313 757 64 20 stånd
394 757 83 25 afgifna
493 758 124 24 yttranden.

192 883 153 20 Förevarande
367 884 118 20 berättelse
505 890 35 13 om
557 884 170 25 lagskipningen
743 885 41 19 och
800 884 70 25 lagar-

121 925 40 14 nes
181 919 172 20 handhafvande
372 920 7 19 i
394 920 81 23 landet,
492 920 90 20 hvilken
598 920 148 19 Prokuratorn
763 920 6 19 i
785 920 85 23 Kejser-

121 956 44 25 liga
188 955 96 20 Senaten
303 955 88 25 jemlikt
407 956 102 25 gällande
527 955 133 20 föreskrifter
675 955 86 26 afgifvit
776 956 32 19 till
824 956 46 19 lan-

122 991 46 20 dets
190 997 30 14 nu
236 991 131 20 församlade
385 991 99 24 Ständer,
501 991 104 20 omfattar
620 992 147 24 tidsperioden
786 993 84 18 1893—

125 1027 53 20 1895
198 1029 57 18 samt
270 1027 84 20 inledes
370 1028 52 19 med
437 1029 71 23 några
524 1028 144 19 betraktelser
685 1027 61 20 öfver
763 1027 42 20 den
816 1027 55 20 före-

122 1063 91 20 stående
234 1063 245 26 rättegångsreformen.
517 1064 74 26 Derpå
615 1063 63 25 följer
701 1069 28 14 en
756 1063 115 20 kasuistisk

122 1099 163 26 framställning
308 1099 24 20 af
353 1099 108 20 särskilda
480 1099 69 20 under
568 1099 167 26 ifrågavarande
754 1098 118 25 tidsperiod

123 1134 99 26 afgjorda
244 1135 111 19 fiskaliska
375 1136 45 18 mål
441 1138 58 16 samt
514 1135 139 25 redogörelse
669 1134 33 20 för
718 1136 70 24 några
804 1134 69 19 andra

123 1171 100 23 rättsfall,
240 1171 185 26 hufvudsakligen
440 1171 95 20 rörande
549 1172 78 19 besvär
645 1171 62 20 öfver
725 1171 36 19 val
771 1170 24 20 af
803 1170 70 19 landt-

124 1207 192 25 dagsfullmäktige
340 1207 32 19 till
397 1209 56 18 1894
470 1209 35 18 års
521 1207 155 20 ständermöte.
709 1207 41 19 Till
767 1207 38 19 sist
820 1206 53 19 lem-

124 1248 40 14 nas
186 1243 121 20 statistiska
327 1243 110 25 uppgifter
460 1249 36 13 om
513 1243 6 19 i
535 1243 76 20 landet
625 1243 130 19 förekomna
771 1241 45 20 mål
833 1241 40 20 och

125 1279 98 19 ärenden
238 1279 117 25 angående
370 1279 87 20 skilnad
473 1279 6 19 i
496 1279 126 24 äktenskap.

197 1315 108 20 Utskottet
326 1315 40 19 har
382 1315 36 19 vid
435 1315 166 25 granskningen
617 1314 24 20 af
654 1313 168 26 ifrågavarande
839 1313 35 19 be-

124 1351 90 20 rättelse
238 1353 72 18 ansett
333 1351 34 24 sig
389 1351 55 19 böra
467 1353 73 17 såsom
565 1351 33 19 sin
619 1351 57 24 åsigt
691 1351 69 18 uttala
777 1351 31 18 att
824 1349 51 19 den-

125 1393 87 13 samma
236 1387 18 23 ej
279 1388 35 18 väl
339 1388 124 18 motsvarar
487 1387 26 19 de
534 1387 101 23 anspråk,
653 1391 47 14 som
717 1391 67 19 synas
799 1385 77 18 kunna

126 1423 75 19 ställas
222 1424 28 23 på
272 1428 28 14 en
321 1422 69 20 sådan
405 1422 143 25 publikation.
581 1422 50 19 Med
648 1420 143 20 erkännande
808 1419 67 23 deraf,

201 1470 133 22 Layutskottets
347 1470 117 17 betänkande
479 1469 36 18 N:o
527 1469 27 18 14.
