1089 1753
263 110 38 19 116
598 108 21 20 IT

231 171 228 21 kronolänsmannen
482 172 27 20 A.
523 171 96 28 jemlikt
642 173 24 19 21
687 172 12 26 8
717 174 26 18 40
767 170 53 28 kap.
844 170 147 28 Strafflagen

233 212 35 20 att
283 211 37 21 för
335 210 62 22 hvad
413 211 52 21 dem
485 210 98 22 sälunda
606 210 135 22 tillräknats
758 210 61 27 böta,
836 210 30 21 K.
882 212 28 20 60
925 208 66 22 mark

233 250 44 22 och
292 252 27 20 A.
338 253 39 19 100
400 251 72 27 mark,
495 251 102 21 kronans
621 250 79 28 ensak,
724 250 63 28 eller,
810 250 41 21 vid
871 248 120 23 bristande

235 290 243 29 betalningstillgäng,
502 290 75 22 hällas
593 290 8 21 i
616 290 114 28 fängelse,
746 290 29 21 K.
792 290 8 21 i
819 292 23 19 12
859 289 73 28 dagar
948 288 43 22 och

234 330 44 21 och
293 330 27 21 A.
336 330 8 21 i
361 332 26 20 20
403 330 78 28 dagar,
497 330 102 22 hvarhos
617 330 201 22 landskanslisten
834 330 30 21 K.
880 329 44 22 och
939 330 52 20 kro-

236 370 185 22 nolänsmannen
443 371 28 21 A.
491 371 78 21 älades
593 373 40 26 att,
657 372 146 27 gemensamt
827 369 57 22 eller
906 369 45 22 den
967 369 26 21 af

235 410 58 29 dem,
309 418 49 14 som
373 411 102 30 tillgäng
491 412 64 28 egde,
571 412 9 21 i
595 411 134 28 ersättning
744 411 37 21 för
796 410 92 22 Henrik
898 410 42 21 H:s
950 417 42 14 un-

235 451 91 21 derhäll
347 452 74 21 under
444 452 45 21 den
512 452 143 28 obehörigen
675 451 126 28 förlängda
817 450 175 29 fängelsetiden

233 490 96 29 erlägga
352 491 37 21 till
411 491 90 22 kronan
525 494 26 19 24
574 492 66 21 mark
657 493 25 20 24
698 492 72 27 penni
793 493 61 19 samt
876 490 116 29 godtgöra

233 530 92 21 Henrik
338 531 30 20 H.
384 531 37 21 för
437 531 58 21 hans
515 531 137 29 oförskylda
667 531 96 21 lidande
778 531 75 21 under
868 530 74 28 sagda
956 529 35 22 tid

235 569 44 21 och
295 569 7 21 i
317 570 84 21 sädant
423 570 111 22 afseende
557 571 60 21 efter
637 570 132 28 beräkning
785 570 26 22 af
826 572 26 20 75
868 570 71 28 penni
954 570 38 20 för

234 609 83 29 hvarje
333 610 46 28 dag
393 610 38 22 till
445 611 91 21 Henrik
551 612 29 21 H.
596 611 94 29 utgifva
705 614 28 18 44
749 611 67 21 mark
834 612 25 20 25
874 610 72 28 penni
957 610 34 21 äf-

234 657 97 14 vensom
346 654 35 18 att
396 651 117 21 dessutom
530 652 24 20 ät
569 651 91 22 Henrik
675 652 29 20 H.
721 651 70 28 gälda
807 651 67 21 lösen
885 651 37 21 för
932 650 59 22 hans

235 692 128 20 transsumt
379 692 26 21 af
419 692 132 21 hofrättens
566 692 79 28 utslag
661 692 8 21 i
683 692 79 21 mälet.
1006 693 3 2 |

302 731 34 21 På
359 734 46 19 sätt
428 732 27 21 af
471 732 132 21 hofrättens
627 731 156 22 omförmälda
805 731 85 28 utslag,
914 730 78 21 såvidt

235 770 129 22 detsamma
379 772 86 28 angick
480 772 243 28 fängelsedirektören
738 772 37 27 K.,
791 771 124 28 framgick,
931 770 60 21 hade

234 811 121 22 hofrätten
370 811 39 22 väl
424 812 80 21 funnit
519 814 36 19 att
569 812 40 21 det
631 812 182 28 ifrågavarande
830 811 108 22 ärendets
953 810 39 21 be-

234 851 133 22 skaffenhet
389 852 125 29 rätteligen
536 853 91 21 fordrat
651 854 34 20 att
705 853 141 20 detsammas
862 851 130 27 beredning

234 891 81 22 blifvit
331 892 26 21 af
370 892 242 28 fängelsedirektören
628 893 29 20 K.
673 891 141 29 påskyndad
824 899 85 20 genom
918 891 74 28 lämp-

234 931 49 28 liga
299 932 114 29 åtgärder,
430 939 49 15 som
495 933 25 21 af
534 933 86 20 honom
636 933 91 20 kunnat
742 932 115 28 vidtagas,
868 939 54 13 men
932 931 60 21 dock

235 973 77 20 ansett
327 974 36 19 att
373 973 242 28 fängelsedirektören
625 973 30 21 K.
668 973 20 28 ej
700 973 92 21 kunnat
802 975 69 25 göras
883 971 109 28 ansvarig

234 1012 39 21 för
289 1012 135 28 dröjsmålet
440 1013 52 21 med
507 1013 211 28 verkställigheten
734 1013 27 21 af
774 1013 104 27 utslaget
892 1011 100 22 rörande

233 1052 92 21 Henrik
347 1053 29 20 H.
406 1053 37 21 Då
458 1061 31 14 nu
505 1053 130 21 emellertid
657 1053 72 28 ingen
753 1053 74 21 sådan
845 1052 97 28 lämplig
958 1053 34 20 åt-

234 1092 60 27 gärd
316 1092 81 22 blifvit
413 1093 26 21 af
452 1093 30 21 K.
497 1093 120 28 vidtagen,
638 1096 80 25 syntes
735 1093 40 21 det
789 1093 203 20 Prokuratorsem-

235 1132 71 28 betet,
322 1140 49 13 som
387 1140 37 13 om
440 1133 45 21 den
500 1133 178 28 förutsättning,
695 1133 54 22 från
764 1133 97 21 hvilken
872 1132 120 21 hofrätten

234 1173 85 27 utgått,
336 1173 146 28 följdriktigt
497 1174 60 21 hade
572 1174 53 21 bort
640 1173 53 22 leda
709 1173 86 28 dertill,
812 1174 36 20 att
863 1172 77 21 denna
950 1172 42 21 K:s

235 1212 180 22 underlåtenhet
429 1213 160 29 uttryckligen
605 1214 127 21 förklarats
748 1213 73 22 hafva
835 1212 61 22 varit
906 1220 30 13 en
946 1212 46 21 för-

234 1253 123 21 summelse
373 1253 8 21 i
396 1253 109 29 tjensten,
521 1261 37 14 om
575 1254 44 21 ock
629 1254 125 28 begången
764 1253 75 22 under
850 1252 142 28 omständig-

233 1291 73 29 heter,
322 1300 49 14 som
387 1293 111 29 möjligen
509 1294 78 21 kunde
602 1294 122 21 betraktas
735 1294 78 21 såsom
824 1292 168 23 förmildrande

233 1331 42 22 vid
284 1335 120 19 ansvarets
412 1333 181 22 bestämmande.
604 1334 130 21 Hofrätten
742 1333 60 22 hade
811 1334 77 21 såsom
896 1333 51 21 skäl
955 1333 37 21 till

234 1372 109 22 befrielse
358 1373 54 21 från
423 1373 32 22 all
466 1374 92 29 påföljd
571 1375 26 20 af
608 1374 74 21 åtalet
693 1375 64 20 emot
767 1374 30 21 K.
809 1374 86 27 anfört,
904 1375 35 20 att
948 1373 44 22 den

234 1412 214 28 fängelsedirektör
456 1414 29 28 på
497 1414 76 28 grund
589 1414 27 22 af
625 1414 87 29 nådiga
723 1414 155 28 reglementet
886 1414 38 20 för
931 1413 61 22 läns-
