1098 1761
394 143 29 22 U.
439 143 29 22 B.
483 156 28 2 —
526 142 105 21 XXXIV.

410 547 271 23 Bankutskottets
700 547 193 23 betänkande

342 582 43 22 N:o
408 582 15 21 4
443 581 126 28 angäende
592 581 144 28 ifrägasatta
759 581 135 28 ändringar

343 616 37 23 uti
403 616 62 22 eller
487 616 89 28 tillägg
597 616 42 22 till
662 616 163 28 reglementet
847 615 47 23 och

343 651 81 22 staten
439 650 40 23 för
494 650 120 23 Finlands
629 650 76 22 Bank.

205 743 45 21 Vid
273 744 54 26 1894
342 743 34 21 års
391 742 106 28 landtdag
511 742 86 22 beslöto
613 742 127 26 Ständerna,
756 742 50 21 med
822 742 72 21 anled-

136 779 51 25 ning
210 777 25 21 af
252 777 105 21 särskilda
381 778 59 20 inom
461 777 171 21 Bankutskottet
652 776 76 22 väckta
761 776 81 28 förslag
864 776 32 22 till

136 812 148 27 förändringar
300 813 5 19 i
320 811 121 27 grunderna
462 812 33 20 för
516 811 96 21 bankens
628 811 221 27 sedelutgifningsrätt
864 810 31 21 äf-

137 852 90 15 vensom
249 846 188 26 bestämningarna
459 846 94 20 rörande
576 846 50 20 dess
641 846 121 20 metalliska
776 846 71 24 kassa,
864 848 32 18 att

138 880 93 21 anmoda
253 879 194 27 Bankfullmäktige
471 883 32 18 att
525 880 54 21 efter
594 880 153 20 Direktionens
762 880 34 21 för
810 879 86 21 banken

137 914 96 21 hörande
255 913 31 22 till
308 914 253 21 nästsammanträdande
578 913 94 22 Ständer
687 914 91 21 aflämna
793 913 102 28 yttrande

138 949 6 20 i
160 948 72 21 ämnet
253 948 42 21 och
310 947 80 28 törslag
408 948 31 21 till
454 948 43 21 den
511 948 79 27 åtgärd
605 948 133 27 fullmäktige
753 948 72 21 kunde
840 947 56 21 finna

138 982 108 27 påkallad.
276 982 206 27 Bankfullmäktiges
497 983 109 26 yttrande,
623 989 48 14 som
686 983 38 26 går
739 986 23 17 ut
775 983 29 26 pä
815 985 32 18 att
859 981 37 21 be-

139 1017 64 20 rörda
225 1017 81 27 förslag
328 1016 48 21 icke
399 1017 67 20 skulle
489 1017 32 21 till
535 1017 79 27 ätgärd
628 1017 118 24 föranleda,
762 1016 113 22 äterfinnes
891 1017 6 19 i

138 1051 206 27 Bankfullmäktiges
367 1051 32 21 till
421 1051 169 22 Bankutskottet
610 1051 37 21 vid
662 1051 70 21 denna
748 1051 104 26 landtdag
866 1050 32 21 af-

139 1085 58 27 gifna
215 1085 122 25 berättelse,
355 1085 41 20 och
411 1085 23 20 är
449 1087 30 20 uti
495 1086 121 21 detsamma
628 1085 82 27 jämväl
723 1085 127 27 redogjordt
864 1084 34 21 för

139 1119 153 21 Direktionens
308 1119 56 22 äsikt
379 1121 6 19 i
401 1119 79 22 ämnet.
511 1120 44 21 Vid
568 1120 180 27 föredragningen
758 1121 6 19 i
774 1119 92 22 ständen
876 1119 24 21 af

140 1153 206 27 Bankfullmäktiges
373 1154 150 26 nästberörda!
537 1154 118 21 berättelse
677 1154 64 21 hafva
764 1154 134 21 dessutom
883 1149 18 36 i

140 1187 84 21 Preste-
244 1188 42 20 och
305 1188 190 26 Borgareständen
510 1188 138 22 förekommit
663 1188 125 21 uttalanden
803 1189 6 19 i
824 1187 73 26 saken,

140 1221 24 21 af
176 1221 72 21 hvilka
264 1222 168 21 Bankutskottet
446 1224 57 26 tagit
518 1222 41 22 del.

210 1256 52 20 Man
276 1256 64 21 torde
354 1256 37 21 vid
406 1256 30 22 tal
451 1264 37 13 om
503 1257 101 21 Finlands
620 1257 72 21 Banks
702 1256 120 22 metalliska
833 1256 65 20 kassa
905 1258 78 16 Bankens
996 1263 37 11 me-

140 1296 52 14 vara
200 1290 124 27 berättigad
335 1291 52 27 utgå
396 1290 46 22 från
453 1291 38 21 det
501 1291 178 21 betraktelsesätt
690 1294 37 22 att,
736 1291 50 21 med
797 1290 103 21 afseende
905 1286 67 16 talliska
981 1286 56 16 kassa.

142 1324 17 26 ej
175 1324 83 20 mindre
274 1325 12 20 å
301 1324 96 21 bankens
412 1325 97 21 soliditet
525 1326 28 20 än
563 1326 43 20 den
616 1325 158 27 obenägenhet,
786 1332 48 14 som
844 1324 56 21 före-

140 1357 67 21 finnes
230 1358 40 20 hos
292 1359 48 20 värt
362 1358 45 21 folk
427 1362 32 18 att
481 1359 50 21 röra
549 1361 34 25 sig
598 1360 50 20 med
662 1359 120 27 guldmynt,
798 1358 102 22 Finlands

143 1392 72 20 Banks
238 1392 70 21 sedlar
324 1394 6 20 i
346 1393 59 27 regel
428 1393 47 21 icke
498 1394 98 20 invexlas
614 1397 46 18 mot
675 1394 52 27 guld
742 1395 6 19 i
764 1400 69 14 annan
848 1393 52 21 hän-

142 1426 60 20 delse
225 1426 28 21 än
275 1427 28 20 dä
321 1426 60 28 fräga
397 1428 23 20 är
435 1434 37 14 om
488 1431 81 24 export
583 1428 23 20 af
620 1428 57 27 guld.
708 1428 64 20 Hvad
787 1435 28 13 nu
830 1427 70 21 denna

211 1481 144 20 Bankutskotteis
367 1483 111 18 betänkande
490 1483 39 19 N:o
541 1490 16 15 4.
