1095 1761
86 819 17 21 0)
115 819 28 18 vid
154 819 58 18 konto-

91 853 29 12 ren
134 848 4 17 i
149 848 56 17 lands-

123 878 53 16 orten.

256 133 26 20 14

226 201 11 21 å
254 201 123 21 hithörande
397 201 116 27 stadgande
533 201 7 20 i
556 202 11 26 8
583 202 29 21 40
627 201 22 21 af
663 201 114 27 nästsagda
793 200 192 27 bankreglemente,

228 236 43 20 icke
287 235 69 21 funnit
371 235 105 28 påkalladt
492 237 32 19 att
539 235 66 21 under
620 235 49 22 åren
687 236 54 21 1895
758 235 38 21 och
808 235 55 21 1896
874 235 113 21 verkställa

227 270 70 26 dylika
311 270 157 26 inventeringar
484 270 64 21 oftare
565 271 25 20 än
607 276 25 15 en
649 270 55 26 gång
719 269 103 21 hvardera
837 269 50 21 året.

294 304 161 27 Ifrågavarande
470 304 157 26 inventeringar
641 304 62 20 hafva
719 304 56 20 skett
786 303 26 27 på
822 302 91 28 följande
922 303 63 25 tider;

227 338 64 22 1894:
308 338 39 21 den
362 339 84 21 20—23
462 338 90 27 Augusti
568 339 56 20 samt
633 338 41 21 den
684 338 84 21 12—15
777 338 128 24 December;
918 338 66 22 1895:

225 372 41 21 den
282 373 29 21 30
326 373 121 27 September
463 373 38 21 och
519 373 54 21 1—5
589 372 96 27 Oktober,
702 374 56 19 samt
775 372 66 22 1896:
857 372 40 22 den
913 373 33 26 24,
958 373 27 21 26

227 408 54 21 —29
297 407 89 21 Oktober
402 408 56 20 samt
474 408 39 20 den
531 408 26 20 12
572 407 124 21 November.

295 442 31 21 De
343 442 56 21 öfver
416 442 61 21 dessa
492 442 155 26 inventeringar
661 442 60 21 förda
731 441 129 28 protokollen
871 441 62 21 hafva
943 441 44 21 del-

226 476 70 26 gifvits
319 476 190 22 Bankdirektionen
532 476 38 22 och
589 476 116 21 resultaten
726 476 72 21 dervid
815 476 106 21 befunnits
937 482 50 15 vara

226 511 48 21 med
293 511 98 21 Bankens
410 512 76 20 böcker
502 511 233 21 öfverensstämmande.
765 511 100 21 Deremot
880 510 37 28 gaf
932 511 54 21 1895

226 546 34 20 års
276 546 130 27 inventering
424 546 140 27 Fullmäktige
580 546 114 27 anledning
708 546 33 20 till
756 546 140 26 anmärkning
910 545 77 21 beträf-

227 580 62 21 fande
311 580 255 27 inteckningssäkerheten
590 580 32 21 för
643 580 210 21 kassakreditivlånet
875 580 40 21 N:o
938 580 47 21 729.

224 614 33 21 Då
276 614 57 21 detta
354 615 34 20 lån
404 615 118 21 sedermera
537 615 23 20 sä
575 615 32 20 till
622 615 79 27 kapital
716 621 46 15 som
774 615 61 20 ränta
851 615 84 26 guldits,
952 620 32 21 sy-

227 655 37 14 nes
280 649 36 21 det
329 649 45 21 icke
390 649 70 21 vidare
476 649 106 28 påkalladt
597 650 31 20 att
642 649 49 27 ingå
706 649 7 21 i
728 649 70 27 någon
813 650 96 20 närmare
927 648 59 21 redo-

227 683 80 27 görelse
327 684 106 26 angående
454 684 68 21 denna
542 684 158 27 angelägenhet,
717 685 51 20 utan
784 683 59 21 torde
858 683 38 21 här
911 683 74 21 endast

224 717 71 22 kunna
315 718 96 21 hänvisas
432 719 33 20 till
479 718 55 21 hvad
550 718 203 27 Bankfullmäktiges
769 717 48 22 bref
831 718 38 21 och
884 717 100 28 protokoll

226 751 32 21 för
273 752 41 21 den
329 753 13 21 5
358 752 90 22 Oktober
465 753 55 22 1895
536 754 54 20 samt
607 753 26 21 15
647 752 101 21 Februari
765 752 38 21 och
819 753 28 20 24
861 752 57 21 Mars
931 751 54 22 1896

225 787 72 20 derom
311 787 121 21 innehåller.

295 821 21 27 b)
331 821 134 22 Beträffande
480 822 98 21 Bankens
594 822 193 27 afdelningskontor
803 821 63 20 hafva
876 820 109 21 Bankfull-

226 855 98 27 mäktige,
340 856 26 26 på
382 862 81 15 samma
481 857 55 26 gång
551 856 154 21 förordnanden
719 855 33 21 för
768 855 25 21 de
809 855 23 21 af
845 854 139 27 Fullmäktige

227 889 88 21 utsedde
334 890 312 21 diskontkomité-ledamöterne
665 890 110 24 utfärdats,
796 889 75 27 jemväl
886 888 99 22 anmodat

224 923 59 21 desse
303 925 31 19 att
352 930 26 15 en
398 924 55 27 gång
470 925 7 20 i
492 924 104 22 månaden
611 924 25 28 på
652 924 59 26 tider,
728 930 46 14 som
790 923 25 21 de
831 923 71 27 sjelfve
918 922 63 22 funne

224 957 31 21 för
273 958 49 26 godt
341 960 31 19 att
387 958 7 21 i
409 959 70 26 hvarje
494 959 37 21 fall
546 958 98 22 särskildt
659 959 124 25 bestämma,
800 957 113 21 verkställa
929 956 53 21 före-

224 992 79 21 skrifna
318 992 156 28 inventeringar
490 993 34 21 vid
540 994 107 20 kontoren.

293 1026 112 22 Dessutom
420 1027 62 21 hafva
497 1027 140 27 inspektioner
653 1026 122 22 verkstälts:

293 1061 33 21 vid
342 1062 96 21 kontoret
452 1062 7 20 i
474 1062 128 27 Björneborg
618 1062 40 21 den
673 1062 58 21 2—4
745 1061 46 21 Juli
809 1061 55 21 1894
875 1060 23 21 af
907 1060 76 21 under-

224 1096 100 21 tecknade
339 1096 98 22 Lindelöf
451 1097 37 21 och
504 1097 85 21 Donner
600 1096 37 22 och
649 1096 40 21 den
703 1096 83 21 15—17
798 1095 117 22 November
928 1095 54 22 1895

224 1130 23 21 af
260 1131 156 21 tillförordnade
432 1131 180 21 Bankdirektören
627 1137 40 15 von
683 1130 85 25 Collan;

294 1165 31 20 vid
345 1165 95 21 kontoret
459 1165 7 20 i
484 1165 94 21 Joensuu
594 1165 40 20 den
650 1164 84 22 25—28
752 1163 123 27 September
893 1163 54 21 1894
962 1163 23 21 af

223 1198 179 22 Bankdirektören
418 1198 136 28 Charpentier
570 1199 38 21 och
624 1199 39 21 den
680 1199 57 21 2—4
753 1198 123 27 September
893 1197 55 21 1895
963 1197 24 21 af

224 1232 178 22 Bankdirektören
418 1240 40 14 von
474 1233 82 25 Collan;

293 1267 33 21 vid
342 1268 96 20 kontoret
453 1268 7 20 i
475 1268 115 27 Jyväskylä
605 1268 39 20 den
661 1268 56 21 3—5
733 1248 92 40 Oktober
843 1266 54 21 1895
913 1266 23 20 af
944 1272 39 14 von

224 1301 83 25 Collan;

293 1336 33 20 vid
349 1336 95 21 kontoret
466 1337 7 20 i
491 1336 69 22 Kotka
578 1337 40 21 den
637 1337 85 21 27—29
737 1336 90 21 Januari
843 1336 55 21 samt
914 1336 39 20 den
970 1336 14 20 2

223 1370 38 20 och
274 1370 13 21 3
303 1370 123 27 September
442 1370 55 22 1896
512 1370 23 22 af
548 1377 39 15 von
603 1370 82 25 Collan;

293 1404 33 21 vid
341 1405 96 21 kontoret
455 1405 4 20 i
474 1405 80 27 Kuopio
570 1405 40 21 den
625 1405 86 21 24—29
726 1404 60 28 April
804 1404 54 22 1895
873 1405 56 20 samt
943 1404 40 21 den

223 1439 84 21 23—-27
323 1439 59 27 April
400 1439 55 21 1896
470 1439 23 21 af
506 1446 38 14 von
560 1439 82 25 Collan;
