1092 1781
472 105 25 21 II
795 108 39 18 169

105 168 73 28 dagar
192 168 8 21 i
216 168 115 28 fängelse;
348 168 44 21 och
404 176 49 13 som
463 171 149 25 guvernören
623 168 28 21 G.
664 168 43 21 och
718 168 144 22 landssekre-

104 211 93 18 teraren
219 208 30 21 K.
264 215 85 21 genom
372 208 123 21 anmärkta
514 208 137 21 förfarande
666 208 75 21 vållat
756 208 29 21 de
800 208 63 21 kost-

104 248 79 28 nader,
199 248 74 21 Maria
287 248 108 21 Kristina
411 248 28 21 A.
455 248 8 21 i
479 248 73 21 saken
567 248 53 21 haft
635 248 66 21 såväl
716 248 43 21 hos
774 248 89 22 Proku-

105 288 178 22 ratorsembetet
306 296 49 14 som
377 288 76 22 under
475 288 83 22 mälets
582 288 181 28 handläggning
785 288 9 21 i
812 288 52 22 hof-

105 330 84 26 rätten,
212 328 79 22 älades
313 331 148 25 guvernören
477 328 28 21 G.
521 328 45 22 och
588 328 230 22 landssekreteraren
832 329 30 21 K.

106 368 83 22 derhos
213 370 35 20 att
269 368 37 22 till
328 369 75 21 Maria
426 368 108 22 Kristina
552 371 27 19 A.
595 368 95 29 utgifva
705 369 8 20 i
729 368 85 29 antydt
829 369 34 21 af-

106 408 83 22 seende
213 410 26 20 60
255 408 66 22 mark
343 411 61 19 samt
427 410 35 20 att
477 408 119 22 dessutom
613 408 37 22 till
665 408 76 22 Maria
755 409 109 21 Kristina

106 448 28 21 A.
149 448 70 28 gälda
242 448 129 28 afgifterna
395 448 38 22 för
452 448 89 22 hennes
556 448 119 28 exemplar
691 449 26 21 af
730 448 133 22 hofrättens

106 488 78 29 utslag
207 489 52 21 med
275 491 12 19 9
303 489 66 21 mark
385 491 28 19 80
429 489 77 28 penni,
530 489 122 21 hvaremot
667 489 75 21 Maria
756 489 109 21 Kristina

106 529 41 21 A:s
163 528 135 22 derutöfver
313 529 8 21 i
336 529 72 21 saken
430 529 84 29 gjorda
530 529 101 28 anspräk
646 530 30 27 pä
692 529 132 28 ersättning
840 528 26 22 af

106 568 121 22 hofrätten
242 569 147 21 förkastades
406 570 76 20 säsom
498 569 50 21 dels
564 569 129 29 obefogadt
704 569 50 21 dels
765 569 99 29 ostyrkt.

176 606 79 30 Öfver,
270 609 102 28 utslaget
398 609 98 21 anförde
519 612 148 25 guvernören
683 609 27 21 G.
728 609 43 22 och
786 609 79 21 lands-

106 650 160 21 sekreteraren
288 650 29 22 K.
341 650 165 28 underdåniga
521 650 85 21 besvär
622 650 8 20 i
645 649 133 29 Kejserliga
793 650 71 21 Sena-

106 692 52 19 tens
168 690 265 28 Justitiedepartement,
447 697 55 14 men
513 690 58 21 fann
583 690 103 21 Senaten
692 697 86 21 genom
786 690 78 27 utslag

108 730 45 22 den
176 733 23 19 21
224 731 48 28 Maj
298 732 53 20 1896
367 734 148 25 guvernören
531 730 27 21 G.
576 730 44 21 och
635 730 229 22 landssekreteraren

108 771 28 21 K.
153 770 51 22 icke
219 770 73 22 hafva
307 770 79 22 anfört
397 770 51 21 skäl
458 770 38 22 till
507 770 100 28 ändring
618 770 8 22 i
637 770 132 22 hofrättens
779 770 85 28 utslag,

107 810 41 22 vid
163 810 91 22 hvilket
268 810 148 22 fördenskull
431 810 54 22 kom
501 813 36 18 att
552 810 120 22 förblifva.

180 972 75 22 Sedan
279 972 264 28 borgmästaretjensten
559 972 8 21 i
583 973 27 20 G.
635 972 52 21 stad
706 972 82 21 blifvit
803 972 63 27 ledig

110 1012 43 21 och
176 1012 76 21 såsom
275 1012 103 21 sökande
402 1012 38 21 till
462 1012 71 28 sagde
556 1012 73 29 tjenst
645 1012 89 21 anmält
750 1012 36 27 sig
801 1014 65 18 utom

109 1052 72 21 andre
196 1055 16 18 t.
229 1052 16 21 f.
261 1052 179 28 borgmästaren
456 1052 9 21 i
480 1052 102 21 nämnde
605 1052 52 21 stad
676 1051 190 22 vicehäradshöf-

109 1092 88 28 dingen
219 1092 33 27 L.,
268 1095 87 19 utsatte
379 1092 94 22 stadens
493 1092 129 28 magistrat,
644 1099 48 14 som
708 1092 38 20 för
761 1091 107 22 tillfället

108 1132 121 28 utgjordes
253 1132 27 21 af
293 1132 270 28 vicehäradshöfdingen
578 1132 25 20 P.
621 1132 9 20 i
645 1131 117 29 egenskap
779 1132 27 20 af
819 1131 48 21 till-

109 1172 129 21 förordnad
261 1172 141 22 ordförande
418 1175 60 18 samt
493 1172 228 28 politierådmännen
736 1172 29 20 H.
782 1171 44 21 och
843 1171 23 21 S.

110 1212 75 21 såsom
207 1212 134 28 ledamöter,
365 1212 39 21 val
419 1212 8 21 i
444 1212 109 21 afseende
570 1212 13 21 å
598 1211 157 29 upprättande
779 1212 26 20 af
819 1212 49 20 för-

110 1252 51 28 slag
183 1251 37 21 till
242 1252 103 28 tjensten
367 1254 36 19 att
425 1252 106 28 försiggå
547 1252 13 21 å
576 1251 187 22 rådhusstämma
778 1251 46 21 den
840 1252 26 20 25

109 1292 51 22 Juli
177 1294 60 26 1894,
256 1292 120 21 hvarefter
395 1293 160 27 magistraten,
572 1292 72 21 sedan
659 1292 64 21 valet
738 1292 14 20 å
768 1290 99 23 sålunda

109 1334 75 19 utsatt
199 1332 35 22 tid
250 1335 40 25 egt
304 1340 57 20 rum,
381 1333 30 27 på
427 1332 77 28 grund
524 1332 26 21 af
564 1332 140 21 detsammas
720 1332 91 28 utgång
826 1330 42 22 vid

110 1372 172 22 sammanträde
297 1372 136 30 påföljande
445 1372 45 28 dag
500 1372 132 29 uppgjorde
644 1372 89 28 förslag
744 1372 37 21 till
791 1372 78 21 besät-

109 1412 72 22 tande
197 1413 26 21 af
237 1413 109 28 tjensten.
