1092 1784
357 142 30 22 U.
403 142 27 22 B.
447 155 28 2 —
491 141 182 21 111-XXXIIL
867 141 24 20 17

133 205 135 21 beträffande
283 205 66 28 sagda
363 205 73 28 anslag
451 204 123 29 medgifvits
590 208 32 17 att
636 204 150 28 behällningen
799 204 52 21 därä
860 204 34 20 för

134 242 31 18 ett
184 239 23 20 är
221 239 34 21 får
269 242 103 25 upptagas
388 239 7 20 i
410 238 162 28 redovisningen
587 238 61 21 öfver
663 238 93 28 följande
772 238 33 21 års
816 238 78 27 anslag.

133 273 46 21 Det
200 281 61 20 synes
284 273 118 21 emellertid
422 272 105 21 utskottet
549 272 116 21 önskvärdt
687 275 33 18 att
741 273 98 27 utgiften
859 272 36 28 för

134 308 67 27 sagda
221 308 117 20 allmänna
359 307 88 21 arbeten
463 307 39 21 och
517 307 36 27 för
568 307 167 28 öfversiyrelsen
750 307 80 20 varder
844 307 9 20 i
868 307 27 27 fi-

135 342 181 21 nansrelationen
330 343 112 26 upptagen
457 342 72 21 under
544 343 77 19 tvenne
636 341 109 21 särskilda
758 343 80 26 poster.

204 381 94 22 Tionde
317 381 181 22 hufvudtiteln.
528 381 34 21 De
582 381 68 21 under
667 381 101 21 rubriken
784 381 112 21 lotsverket

135 415 104 28 utgäende
255 415 104 22 ordinarie
373 415 117 28 utgifterna
503 415 65 21 hafva
578 415 68 21 under
656 419 83 18 senaste
752 415 145 29 finansperiod

135 449 88 28 nedgätt
242 450 47 21 frän
307 449 56 22 Fmk
382 451 117 25 1,193,109:
520 451 27 20 90
566 449 34 22 till
614 449 56 21 Fmk
687 451 115 25 1,126,519:
819 450 34 21 92.
868 462 27 2 —

135 484 70 21 Bland
227 484 27 21 de
274 484 67 21 under
359 484 106 21 Handels-
483 484 41 21 och
544 484 239 28 industriexpeditionen
805 483 90 29 lydande

135 518 290 29 undervisningsanstalterna
446 518 68 21 förete
536 518 152 29 Polytekniska
709 519 112 26 institutet,
836 518 60 21 indu-

136 552 137 21 striskolorna
297 553 40 21 och
361 553 189 21 handelsskolorna
572 560 25 13 en
624 553 62 28 jämn,
711 553 48 20 icke
788 552 109 29 obetydlig

136 586 176 29 utgiftsstegring,
333 587 148 21 motsvarande
502 587 27 21 de
549 587 48 21 kraf
616 587 28 28 pä
658 587 97 28 stigande
773 587 124 27 utveckling

136 629 49 13 man
203 621 50 21 med
267 621 45 21 skäl
328 621 42 21 kan
385 621 62 21 ställa
461 621 28 29 pä
504 621 62 21 dessa
581 621 82 28 viktiga
678 621 152 21 läroanstalter.

221 661 66 22 Elfte
302 661 179 22 hufvudtiteln.
511 661 80 21 Härtill
607 661 99 21 hänföras
722 661 66 21 sedan
804 661 23 21 är
843 661 55 20 1894

137 695 27 21 de
183 696 220 28 förvaltningsgrenar,
421 703 45 13 som
486 695 50 29 lyda
550 695 67 21 under
631 695 267 28 Ekonomiedepartemen-

137 733 42 18 tets
194 730 75 26 kansli,
284 730 50 20 eller
349 729 87 21 sålunda
451 730 102 20 Finlands
563 730 103 20 officiella
675 730 107 27 tidningar
794 729 41 21 och
846 728 53 28 Kej-

138 764 77 28 serliga
239 764 102 21 Senatens
361 764 100 28 tryckeri.
490 764 126 28 Utgifterna
630 764 66 21 hafva
710 763 68 21 under
793 763 106 28 finanspc-

138 798 74 22 rioden
235 798 79 28 ärligen
336 798 91 28 uppgätt
446 798 33 21 till
500 798 77 21 mellan
597 799 76 25 70,000
692 798 40 21 och
748 798 76 26 $0,000
840 797 59 21 mark

138 833 35 20 för
193 832 103 22 hvardera
311 833 150 21 institutionen.
477 832 44 22 Det
536 832 59 21 torde
610 832 76 22 härvid
701 832 91 28 förtjäna
808 834 92 18 omnäm-

138 874 45 19 nas,
198 870 32 18 att
244 866 76 22 medan
336 866 115 29 utgifterna
466 866 34 21 för
511 866 26 22 de
552 866 103 22 officiella
664 866 134 29 tidningarna
810 866 23 20 är
846 866 53 20 1882

140 901 49 21 med
203 902 77 25 40,000
296 901 65 26 mark,
377 901 39 21 och
432 903 54 19 ännu
502 901 23 21 år
534 902 54 20 1889
600 901 48 21 med
660 902 79 20 inemot
752 901 77 25 20,000
842 900 59 21 mark

140 935 121 28 Ofverstego
283 935 143 22 inkomsterna
448 935 47 21 från
511 935 113 26 desamma,
642 935 79 21 bristen
737 935 23 21 är
777 936 55 20 1895
849 942 52 21 upp-

141 969 46 28 gätt
201 969 34 21 till
251 969 74 22 endast
341 970 61 26 3,000
417 969 66 22 mark.

213 1009 82 22 Tolfte
315 1009 178 22 hutvudtiteln.
525 1009 174 28 Medelbeloppet
721 1017 38 20 per
782 1009 23 20 är
828 1008 23 21 af
866 1008 37 21 do-

141 1044 96 21 nationer
252 1043 39 21 och
307 1043 104 21 allmänna
426 1043 116 22 understöd
557 1043 96 28 utgjorde

230 1111 67 21 under
311 1111 100 29 perioden
428 1113 111 20 1889—91
570 1111 55 21 Fmk
642 1113 116 25 1,683,512:
775 1113 27 19 35

258 1162 11 9 »
353 1162 10 10 v
390 1132 23 45 =
431 1146 113 21 1899—94
596 1162 12 10 —,
646 1146 115 26 1,788,994;
778 1147 33 20 61.

144 1214 40 21 De'
194 1214 46 21 häri
255 1213 101 29 ingående
372 1214 40 21 och
428 1214 67 21 under
510 1222 25 13 en
550 1217 48 25 post
613 1214 105 21 bokförda
730 1214 125 28 personella
865 1221 40 13 an-

144 1249 82 27 slagen,
245 1248 208 28 gratifikationerna
475 1249 36 27 för
532 1249 112 27 oförvitlig
660 1249 68 27 tjänst
742 1250 60 20 samt
817 1248 86 28 begraf-

145 1283 130 27 ningshjälp
291 1283 35 21 till
340 1283 67 21 civila
424 1283 146 27 tjänstemäns
584 1282 100 22 sterbhus
700 1283 106 28 uppoingo
822 1283 8 20 i
845 1282 62 28 årligt

146 1316 100 21 medeltal

234 1379 67 21 under
315 1379 100 29 perioden
432 1380 110 20 1889—91
559 1380 32 20 till
607 1380 56 20 Fmk
678 1380 96 25 247,886:
792 1380 24 20 61

263 1430 11 10 »
361 1430 10 9 v
397 1400 19 44 =
431 1414 113 21 1892—94
574 1430 10 10 ,
629 1430 11 9 ,
678 1414 96 26 243.432;
792 1414 33 20 83.

219 1481 152 18 Statsutskottets
384 1481 117 17 betänkande
515 1482 36 17 N:o
563 1482 17 16 2.
829 1482 10 16 2
