1095 1775
227 134 23 16 22
520 133 171 17 Nationalmuseets

367 204 20 26 1)
402 203 39 21 Fri
458 203 75 21 konst:

298 249 21 26 a)
334 248 136 28 målningar;

299 283 19 26 b)
334 283 114 28 skulptur;

299 317 17 26 €)
332 317 210 28 gipsafgjutningar
558 317 57 21 efter
631 317 61 21 äldre
707 317 109 28 plastiska
832 317 65 26 verk;

299 351 21 27 d)
336 351 85 28 grafisk
445 351 96 28 samling
557 351 24 21 af
599 351 200 28 handteckningar,
816 358 109 21 gravyrer
941 350 42 21 och

230 383 92 22 därmed
338 383 131 29 beslägtade
485 385 145 25 konstalster;

368 442 21 27 2)
405 442 182 22 Konstindustri:

367 488 21 26 3)
404 487 119 21 Bibliotek.

443 551 28 20 IL
501 553 148 21 Historiska
664 553 107 25 museet,

231 595 74 21 afsedt
327 596 35 21 för
385 598 169 27 vetenskapligt
578 598 103 21 ändamål
702 597 42 21 och
760 597 126 27 främjande
902 596 25 21 af
941 596 43 21 den

231 630 199 22 kulturhistoriska
446 631 155 29 forskningen,
618 637 57 15 samt
690 632 140 21 omfattande
841 631 101 28 följande
953 631 31 20 af-

231 664 127 29 delningar:

302 718 20 25 1)
337 717 151 29 Arkeologisk
505 718 106 28 samling;

301 752 21 27 2)
338 752 192 22 Kulturhistorisk
545 753 106 27 samling:

301 788 21 25 3)
338 786 162 22 Numismatisk
516 788 106 26 samling;

301 822 21 26 4)
338 821 147 28 Etnografisk
501 822 104 28 samling;

301 857 21 26 5)
337 856 121 21 Bibliotek.

302 959 82 21 Medan
400 959 204 21 Nationalmuseets
620 959 119 28 tudelning
754 961 24 18 är
793 958 108 29 betingad
912 958 25 21 af
945 958 41 21 hos

233 1000 36 14 oss
286 993 64 28 gifna
373 994 198 27 omständigheter,
588 995 44 20 kan
655 994 58 21 dock
729 993 67 21 enhet
821 993 164 21 ästadkommas

235 1035 82 20 genom
334 1028 182 27 organisationen
532 1028 25 21 af
571 1028 49 21 dess
636 1028 101 28 styrelse.
767 1027 119 22 Närmaste
901 1027 85 20 värden

235 1062 43 21 och
294 1068 103 15 ansvaret
414 1063 78 25 skulle,
509 1063 71 28 enligt
595 1063 176 27 Delegationens
782 1062 74 25 tanke,
868 1062 36 21 för
913 1061 74 21 hvart-

235 1096 53 21 dera
303 1102 87 15 museet
405 1097 124 21 tillkomma
545 1105 26 13 en
589 1097 88 21 Nämnd
694 1097 42 21 och
751 1097 58 21 bäda
825 1097 65 20 dessa
904 1096 83 21 Nämn-

235 1131 39 20 der
290 1131 72 21 skulle
378 1132 154 21 underordnas
549 1132 202 21 Nationalmuseets
772 1131 107 28 Styrelse,
894 1131 93 20 hvilken

235 1166 57 28 egde
309 1169 30 18 att
357 1166 69 22 hafva
442 1167 77 28 tillsyn
535 1167 65 21 öfver
616 1167 36 21 det
668 1166 57 26 hela,
734 1166 80 28 afgöra
822 1172 165 21 gemensamma

235 1201 192 27 angelägenheter
443 1201 42 21 och
501 1203 29 26 gä
546 1201 5 21 i
568 1201 137 27 författning
721 1208 36 14 om
772 1200 108 21 utseende
896 1199 26 21 af
932 1199 56 27 tjen-

234 1237 93 20 stemän,
353 1236 53 20 Men
422 1235 108 28 därjemte
546 1235 40 21 har
605 1238 104 18 testators
725 1234 93 22 fordran
833 1237 33 17 att
881 1234 27 20 de
922 1233 66 21 done-

235 1269 53 21 rade
305 1270 151 27 samlingarna
472 1270 71 20 skulle
560 1269 108 21 förvaltas
687 1268 25 22 af
726 1268 126 22 Ständerna
869 1267 48 21 icke
933 1267 56 21 kun-

234 1307 39 17 nat
297 1304 131 28 tillgodoses
452 1304 141 21 annorlunda
616 1306 27 18 än
666 1310 82 21 genom
768 1302 138 21 tillsättande
922 1301 25 21 af
961 1308 28 14 en

233 1338 143 28 Delegation,
392 1338 51 21 med
468 1338 91 28 uppgift
575 1341 32 18 att
628 1345 60 20 noga
703 1336 56 28 följa
775 1336 65 21 dessa
856 1336 132 26 samlingars

233 1373 56 20 vård
306 1373 42 21 och
365 1373 138 27 utveckling,
520 1372 105 21 särskildt
649 1372 50 20 med
716 1372 89 27 hänsyn
821 1370 34 21 till
870 1372 118 18 testamen-

234 1411 45 17 tets
294 1406 116 22 föreskrift
427 1411 33 17 att
477 1409 110 24 ,museets
597 1406 120 28 samlingar
725 1407 36 19 mä
769 1412 83 21 genom
861 1404 128 28 inköpande

234 1441 26 21 af
273 1442 95 20 föremäl
392 1442 51 20 utaf
465 1442 98 27 verkligt
577 1441 69 21 värde
666 1440 109 21 tillökas*.
806 1439 42 21 Att
864 1438 126 21 Ständerna
