1089 1761
468 107 24 22 HI
805 111 27 18 89

103 169 50 28 slag
175 170 118 21 meddelat
316 170 93 28 slutligt
431 170 110 28 yttrande
556 171 9 20 i
580 171 73 21 saken
672 173 61 19 samt
748 171 8 21 i
770 171 92 21 remiss-

102 209 129 22 resolution
247 211 37 20 för
299 217 89 14 samma
403 210 45 28 dag
464 210 157 22 öfverlemnat
636 210 173 29 handlingarna
824 211 38 21 till

103 250 287 23 advokatfiskalsembetet
405 251 37 21 för
457 251 147 22 anställande
617 252 26 21 af
656 251 45 22 den
712 251 71 28 talan,
793 251 68 22 hvar-

103 291 37 21 till
156 291 231 28 omständigheterna
403 291 146 22 föranledde.

175 331 42 21 Uti
233 333 34 19 ett
281 331 74 28 härpä
371 331 45 21 den
433 334 25 19 26
475 332 137 28 September
630 334 53 19 1893
693 332 38 20 till
741 331 120 23 hofrätten

103 371 102 29 ingifvet
220 372 210 21 embetsmemorial
441 372 119 22 anmärkte
572 372 208 27 advokatfiskalen,
792 372 70 22 huru-

104 419 49 14 som
163 411 47 22 han
221 412 41 21 vid
272 412 176 29 granskningen
460 412 26 21 af
495 412 176 21 häradsrättens
683 412 136 22 förfarande
826 412 35 21 uti

104 452 155 21 förevarande
277 452 45 21 mäl
338 453 86 27 funnit,
441 454 35 20 att
492 453 73 21 ehuru
581 452 46 22 den
643 453 26 21 af
683 453 73 20 Albin
771 453 30 20 M.
818 451 43 23 och

104 492 58 21 hans
178 492 132 29 medparter
321 495 61 19 emot
392 493 72 21 Albin
476 493 27 21 A.
515 493 206 28 anhängiggjorda
731 493 131 28 rättegäng,

105 532 74 29 enligt
194 533 173 27 anteckningen
383 533 8 20 i
406 533 176 22 häradsrättens
597 533 41 21 vid
657 535 51 20 1891
727 533 36 21 års
775 533 87 21 vinter-

103 573 53 27 ting
178 573 125 21 tillkomna
325 573 123 28 protokoll,
473 574 82 27 angätt
578 573 73 21 Albin
674 573 43 21 M:s
741 573 43 21 och
803 573 58 21 hans

104 612 144 30 medparters
270 613 105 29 yrkande
396 616 35 19 att
446 614 76 22 blifva
537 613 126 22 frikallade
679 613 63 21 ifrän
757 613 105 29 skyldig-

105 653 68 21 heten
197 655 35 20 att
255 653 95 29 deltaga
369 654 8 20 i
395 654 131 21 kostnaden
541 654 38 21 för
594 653 46 21 den
656 654 26 21 af
695 653 167 21 vicelandtmä-

105 695 65 19 taren
186 694 26 20 E.
229 693 134 22 verkstälda
378 694 249 28 rägängsförrättning
638 693 43 21 och
692 693 170 26 häradsrätten,

105 740 49 14 som
169 733 53 21 haft
237 733 142 28 protokollet
394 734 7 20 i
417 734 71 21 mälet
503 733 120 28 tillhands,
640 733 99 22 sälunda
750 733 52 21 bort
812 733 50 21 inse

105 775 35 19 att
162 774 73 27 sagda
257 774 125 28 rättegäng
405 774 51 21 icke
472 774 52 21 haft
540 774 44 20 den
601 774 104 28 ringaste
720 773 142 28 gemenskap

105 814 52 21 med
179 821 33 13 nu
234 814 181 28 ifrägavarande
435 814 26 21 af
474 814 73 21 Albin
562 814 28 21 A.
607 816 63 18 emot
684 813 74 21 Albin
772 813 31 21 M.
820 812 44 22 och

105 854 58 21 hans
186 854 132 28 medparter
336 855 96 21 utförda
448 855 52 27 mål,
516 854 164 22 häradsrätten
697 854 73 21 likväl
786 855 77 19 ansett

106 894 35 28 sig
163 894 52 21 icke
237 894 80 22 kunna
341 895 79 21 skrida
435 895 37 21 till
491 895 146 21 sistnämnda
653 894 57 22 måls
727 894 135 28 afgörande,

105 934 72 22 innan
201 935 138 21 förberörda
361 937 62 19 emot
445 936 27 20 A.
496 935 96 21 utförda
610 936 126 28 rättegång
751 934 113 28 slutligen

106 974 106 29 afgjorts,
236 975 43 21 och
302 976 64 28 förty
389 976 29 27 på
441 976 64 20 förut
521 975 131 21 beskritvet
668 977 47 19 rätt
730 974 134 29 uppskjutit

106 1014 128 22 detsamma
254 1017 60 19 samt
329 1016 82 21 dervid
427 1016 20 28 ej
464 1016 99 21 allenast
579 1016 30 28 pä
625 1015 116 21 särskilda
756 1015 85 21 ställen
856 1014 8 21 i

105 1055 143 27 protokollet
270 1056 98 28 oriktigt
391 1056 132 27 antecknat,
541 1058 35 19 att
596 1056 139 27 ännämnda,
752 1056 26 20 af
792 1055 72 21 Albin

106 1095 30 21 M.
160 1095 44 21 och
227 1095 58 22 hans
307 1096 132 28 medparter
462 1096 108 22 anstälda
588 1096 65 22 talan
669 1097 82 27 angätt
765 1095 99 21 klander

107 1136 26 20 af
146 1136 280 28 räpängsförrättningen
441 1139 58 19 utan
514 1136 71 22 äfven
596 1136 8 21 i
615 1136 110 28 samtliga
739 1135 125 29 uppskofs-

106 1175 77 21 beslut
206 1176 76 21 säsom
305 1177 33 20 ett
359 1176 139 27 ytterligare
521 1176 52 21 skäl
595 1175 37 22 till
655 1175 83 22 mälets
753 1175 112 28 uppskju-

105 1215 71 21 tande
200 1215 108 28 upptagit
332 1216 119 21 bristande
471 1216 134 28 utredning,
622 1216 101 21 änskönt
738 1216 78 27 nägon
832 1215 33 21 vi-

106 1256 55 21 dare
184 1256 127 28 utredning
327 1260 30 17 än
373 1256 45 21 den
434 1257 73 21 Albin
522 1258 28 19 A.
566 1257 41 21 vid
623 1257 74 21 första
713 1257 152 20 sammanträ-

107 1296 38 21 det
161 1296 122 28 förebragt
298 1296 51 21 icke
365 1297 62 20 varit
442 1297 38 21 för
490 1297 83 21 mälets
585 1297 129 28 afgörande
725 1295 140 28 erforderlig

107 1335 42 22 och
172 1336 52 21 icke
247 1343 40 15 ens
311 1337 26 20 af
357 1337 136 28 nägondera
515 1337 27 21 af
563 1339 110 26 parterna
688 1336 126 29 päkallats;
832 1337 34 20 att

107 1377 98 21 oaktadt
219 1376 73 22 Albin
307 1378 28 20 A.
351 1377 41 21 vid
407 1378 76 21 första
497 1376 185 22 sammanträdet
697 1376 8 22 i
721 1376 72 22 saken
808 1383 58 21 nog-

105 1419 71 26 grant
198 1417 111 27 framlagt
333 1417 42 21 sitt
396 1417 105 21 käromäl
525 1419 61 19 samt
608 1417 73 21 Albin
700 1418 29 20 M.
747 1416 43 22 och
806 1416 59 22 hans
