1092 1764
252 143 30 24 U.
295 144 28 24 B.
341 157 25 3 —
383 144 191 23 Ständerhusets
590 144 176 30 Gafvelgrupp.
881 146 12 20 3

204 206 47 22 För
272 206 45 22 den
338 206 111 23 händelse
470 207 187 29 gafvelgruppen
672 208 74 22 under
760 208 135 22 nuvarande

136 240 163 22 förhällanden
321 242 74 21 mäste
409 240 90 23 utföras
514 242 140 25 utomlands,
670 250 68 14 anser
753 242 142 30 Skulptören

136 274 135 29 Wikström,
286 276 31 28 pä
331 275 52 22 skäl
397 283 50 15 som
461 276 74 22 redan
550 276 8 22 i
574 276 140 22 berättelsen
729 276 100 28 anföras,
845 276 50 22 där-

134 309 73 29 jämte
228 311 34 19 ett
279 310 137 28 ytterligare
431 310 102 22 tillskott
548 310 26 22 af
586 312 64 26 2,000
666 311 66 21 mark
747 311 148 29 erforderligt

136 343 38 22 för
198 343 45 21 den
267 343 92 29 färdiga
385 344 197 29 gafvelgruppens
606 344 137 30 emballage,
764 345 65 22 frakt
851 344 43 23 och

136 377 161 29 uppsättning,
311 380 36 20 att
361 378 116 22 utbetalas
493 378 75 29 enligt
582 379 101 29 räkning
698 379 8 22 i
718 379 76 22 likhet
804 379 52 22 med
867 379 28 22 de

136 412 65 22 förut
215 412 36 21 för
267 419 87 15 samma
369 412 109 22 ändamål
493 412 115 30 beviljade
624 415 64 25 4,000
703 414 72 22 mark.

208 446 140 29 Skulptören
363 447 131 22 Wikström
510 448 88 21 erinrar
613 448 77 22 tillika
706 448 87 25 därom,
803 450 35 20 att
849 448 46 22 han

137 480 38 22 till
190 480 45 22 den
250 481 26 22 af
288 480 163 30 delegationen
466 482 37 21 för
513 482 383 22 Alexandermonumentet
812 476 10 39 i
831 476 69 39 tiden

136 515 90 29 utlysta
248 515 121 29 pristäflan
390 516 37 22 för
441 516 136 22 utförandet
592 516 26 22 af
631 519 33 19 ett
680 516 166 30 skulpturvärk
860 516 37 22 för

138 550 197 28 tympanonfältet
350 550 65 22 öfver
431 550 179 23 Ständerhusets
625 551 99 29 peristyl
738 551 115 22 inlämnat
868 558 29 14 en

137 584 185 29 prisberäkning,
337 584 108 22 slutande
460 586 31 28 pä
506 585 108 29 omkring
629 586 78 26 52,000
722 586 72 21 mark.
821 585 76 22 Emel-

138 618 71 22 lertid
230 618 59 22 hade
312 618 142 30 Skulptören
477 619 129 22 Wikström
622 620 136 27 sedermera,
773 620 124 29 uppmärk-

138 653 119 29 samgjord
276 654 31 28 pä
327 656 36 19 att
377 653 178 29 ifrägavarande
570 654 200 29 kostnadsförslag
786 654 111 29 möjligen

138 687 77 22 skulle
236 687 126 29 uppskjuta
387 688 56 22 eller
465 688 153 29 omöjliggöra
641 688 53 22 hela
716 688 135 22 utförandet
874 688 26 22 af

138 721 193 30 gafvelgruppen,
345 722 116 22 inlämnat
475 725 35 19 ett
519 725 55 26 nytt
581 722 207 30 kostnadsförslag,
795 723 36 21 uti
838 722 59 23 hvil-

140 756 41 22 ket
200 756 178 29 ifrågavarande
393 756 167 30 skulpturvärk
575 756 132 23 utlofvades
722 757 89 29 färdigt
823 758 8 20 i
845 757 52 29 gips

140 790 37 22 för
198 790 39 22 det
251 790 34 22 alt
299 790 36 23 för
349 791 55 29 låga
418 791 74 29 priset
506 791 28 22 af
546 792 78 27 37,200
640 791 72 22 mark.
742 792 12 21 I
770 792 65 21 detta
849 792 48 28 pris

140 824 60 22 hade
223 824 140 30 Skulptören
386 826 126 21 Wikström
532 826 213 28 tillgodoberäknat
764 826 36 29 sig
816 826 82 22 endast

138 858 31 22 de
183 859 185 29 nödvändigaste
383 859 164 28 kostnaderna,
562 868 53 14 men
631 860 51 22 icke
698 860 72 29 något
783 860 115 29 egentligt

138 893 107 28 honorar,
267 894 20 29 ej
309 894 75 22 häller
398 894 140 22 inberäknat
552 894 130 22 kostnaden
696 894 38 22 för
748 894 150 29 nödvändiga

139 928 141 22 studieresor
299 928 74 22 under
395 928 46 22 den
463 928 36 22 tid
521 928 27 22 af
566 929 108 29 omkring
694 929 46 21 fem
756 930 26 20 år
797 928 100 22 arbetets

138 962 125 23 utförande
278 965 83 27 antogs
376 963 94 22 komma
485 966 36 19 att
535 963 88 23 kräfva.
642 963 68 22 Efter
722 963 45 22 den
780 963 117 27 eldsvåda,

138 1003 52 15 som
204 997 9 21 i
227 997 93 29 augusti
335 997 101 22 sistlidet
446 998 26 22 år
478 997 115 23 förstörde
604 997 142 29 Skulptören
756 998 141 22 Wikströms

138 1031 83 22 atelier
243 1031 43 22 och
309 1032 40 21 det
370 1032 72 22 redan
465 1032 37 22 till
524 1034 72 19 större
617 1032 68 21 delen
706 1032 92 29 färdiga
819 1032 80 28 skulp-

140 1066 125 28 turverket,
277 1066 59 22 hade
348 1066 144 22 konstnären
502 1066 52 22 icke
561 1066 79 22 funnit
652 1068 35 20 ett
696 1066 109 29 lämpligt
811 1066 88 22 arbets-

138 1106 53 15 rum
213 1100 36 22 för
271 1100 100 22 arbetets
393 1100 156 29 fullständiga
571 1100 200 29 äterupptagande
792 1100 43 22 och
850 1100 49 22 lika

140 1134 53 22 litet
207 1135 71 28 vågat
293 1135 36 29 sig
343 1135 31 29 på
388 1137 35 19 ett
437 1137 56 26 nytt
507 1134 215 30 byggnadsföretag
737 1134 57 22 eller
808 1135 91 21 kunnat

140 1168 61 23 fatta
222 1168 76 23 beslut
317 1176 38 15 om
369 1169 46 22 den
430 1168 126 23 utländska
571 1171 43 25 ort,
630 1176 49 15 som
694 1176 55 15 vore
764 1168 135 30 lämpligast

139 1202 38 23 för
191 1203 196 29 gafvelgruppens
402 1203 132 23 utförande.
549 1203 149 29 Beviljandet
712 1203 27 22 af
751 1202 40 23 det
801 1202 98 23 ansökta

140 1237 220 30 tillskottsanslaget
374 1245 56 15 vore
445 1238 80 22 därför
539 1237 153 30 nödvändigt,
703 1237 49 22 lika
761 1237 95 30 mycket
863 1236 36 23 för

140 1274 37 20 att
195 1273 142 22 konstnären
359 1273 76 22 skulle
457 1273 9 21 i
480 1273 79 28 någon
574 1273 54 22 mån
642 1272 75 23 blifva
732 1275 72 20 ersatt
818 1272 37 22 för
871 1272 28 22 de

140 1307 99 28 utgifter
253 1307 45 22 och
307 1306 46 23 den
363 1307 116 22 förlorade
490 1307 36 22 tid
540 1306 40 23 det
588 1306 151 29 förolyckade
746 1306 154 23 konstvärket

140 1341 73 22 redan
233 1341 61 29 tagit
314 1341 9 22 i
346 1341 109 29 anspråk,
475 1348 50 15 som
540 1341 36 22 för
588 1343 35 20 att
644 1341 139 29 möjliggöra
798 1341 101 22 arbetets

141 1375 199 30 återupptagande
355 1375 43 22 och
413 1375 106 30 lyckliga
533 1375 151 22 slutförande.

209 1406 72 26 Öfver
295 1410 143 29 Skulptören
447 1411 139 21 Wikströms
596 1409 123 23 skrifvelse
726 1409 42 23 har
776 1409 124 23 Utskottet

141 1443 100 24 anhållit
256 1451 38 16 om
309 1444 122 23 utlåtande
446 1444 27 23 af
485 1444 150 29 Bestyrelsen
649 1443 37 23 för
700 1443 200 30 gafvelgruppens

209 1490 162 19 Statsutskottets
383 1490 121 20 betänkande
513 1491 41 19 N:o
566 1490 28 19 12.
