1092 1773
197 144 26 20 14
418 144 30 23 U.
463 144 28 22 B.
507 158 28 1 —
550 144 182 21 11-XXXIIL

196 206 98 28 gifterna,
315 206 72 22 hvilka
409 207 50 29 utgä
481 206 47 22 frän
548 207 165 29 tulluppbörden
736 207 40 21 och
796 207 80 28 utgjort
891 206 66 21 omkr.

197 242 90 25 216,000
311 242 12 20 a
345 242 90 24 267,000
458 241 67 27 mark,
544 241 38 21 har
596 241 116 22 tullverket
725 241 67 21 under
807 241 50 21 åren
873 242 83 20 1892—

198 276 55 20 1895
265 275 70 21 kostat
346 276 55 28 lägst
411 276 55 20 Fmk
476 277 116 25 1,237,844:
600 277 34 25 48,
642 276 62 28 högst
713 276 115 26 1,313,117:
837 276 33 20 41.
879 288 27 2 —
913 275 44 21 Ru-

196 309 77 21 briken
296 310 198 28 kronomagasinen
509 311 81 20 utvisar
604 310 100 28 vanligen
724 318 25 12 en
770 310 99 28 ärsutgift
888 309 23 21 af
929 310 27 20 70

197 344 33 20 till
246 344 27 21 80
288 346 62 19 tusen
366 344 66 27 mark,
447 352 48 13 men
510 345 65 27 stiger
590 344 34 21 för
636 345 54 21 1893
705 344 32 21 till
750 344 38 21 det
799 343 158 28 anmärknings-

197 378 67 21 värda
283 378 100 29 beloppet
398 378 22 21 af
435 378 61 21 Fmk.
512 379 96 26 226,055:
625 380 33 20 78.
687 378 87 22 Nämda
788 378 56 28 höga
858 378 62 21 siffra
934 380 23 18 är

197 412 108 21 beroende
323 412 23 21 af
367 412 26 22 de
412 412 253 29 undsättningsätgärder,
680 420 44 14 som
739 412 123 29 päkallades
878 412 24 21 af
916 412 41 21 den

197 446 105 28 felslagna
323 446 91 21 skörden
435 447 7 20 i
463 447 64 28 nägra
549 447 59 21 delar
628 447 23 21 af
668 447 73 21 landet
755 446 67 21 under
836 446 50 21 ären
902 447 53 20 1891

198 480 40 21 och
266 481 53 20 1892
342 481 40 20 och
404 481 141 21 kostnaderna
566 481 76 21 beröra
657 481 88 21 sålunda
760 481 47 21 icke
823 480 77 29 själfva
913 480 44 21 för-

198 515 123 28 valtningen
345 515 22 20 af
387 516 127 27 magasinen,
537 515 65 21 churu
625 515 27 21 de
672 515 116 28 oegentligt
804 523 42 20 nog
860 514 97 22 bokförts

198 549 68 20 under
289 549 68 21 denna
379 549 52 21 titel.
462 549 93 21 Sälunda
575 549 72 28 utgafs
670 549 34 21 för
725 552 107 26 transport
850 549 40 21 och
905 556 52 21 upp-

198 583 107 30 läggning
321 583 23 21 af
365 583 38 21 säd
422 584 57 21 inom
500 583 103 29 Nylands,
618 584 133 21 Tavastehus
766 583 40 22 och
821 583 87 29 Kuopio
923 583 34 21 län

198 617 139 22 tillsammans
356 617 61 22 Fmk.
439 619 82 25 89,889:
538 619 32 25 68,
586 618 109 21 äfvensom
711 618 34 21 för
760 617 197 29 sädesimportkost-

198 651 67 22 nader
279 652 8 20 i
301 651 60 22 Vasa
376 652 34 21 län
425 652 62 21 Fmk.
502 653 82 26 54,534:
600 653 33 20 79.

269 709 82 22 Femte
367 709 178 22 hufvudtiteln.
576 709 35 21 De
629 710 32 20 uti
676 709 196 29 kapitalräkningen
888 709 33 20 för
935 708 24 21 är

199 744 58 20 1894
278 743 67 21 under
365 743 69 21 denna
454 743 129 22 hufvudtitel
598 747 110 25 upptagna
722 743 89 29 utgifter
824 743 72 26 hafva,
910 742 49 22 med

201 777 136 22 utlämnande
358 777 23 22 af
402 781 99 25 posterna
521 778 67 21 under
610 778 73 21 rubrik
704 778 94 21 »diverse
818 777 93 28 anslag»,
925 777 34 20 för

199 811 50 22 åren
265 813 140 20 1892—1895
420 813 88 27 utgjort:

383 900 23 21 år
422 901 54 20 1892
492 900 55 21 Fmk
563 901 96 25 923,974:
675 900 27 21 73

388 944 9 10 >
423 936 54 20 1893
523 944 9 10 »
563 935 96 26 970,127:
676 935 26 20 64

387 977 9 11 >
422 970 54 19 1894
522 977 9 11 »
563 969 96 26 937,659:
675 969 27 20 25

390 1011 9 11 v

424 1003 54 20 1895
524 1012 9 10 =»
566 1003 96 26 950,463:
679 1003 26 20 68
721 1001 131 28 (summarisk
860 1001 100 28 räkning).

271 1089 184 28 Förändringarna
479 1089 134 21 beträffande
635 1089 104 28 beloppen
762 1090 36 19 äro
818 1087 104 22 beroende
937 1087 23 21 af

202 1126 32 18 att
249 1123 117 28 utgifterna
381 1124 34 20 för
429 1123 123 22 forststaten
566 1123 65 28 något
640 1123 78 26 växlat,
728 1122 146 28 förnämligast
884 1129 75 21 genom

201 1160 33 18 att
255 1157 91 22 förökad
366 1158 125 28 försäljning
514 1158 23 21 af
562 1157 180 29 skogsprodukter
763 1157 103 27 medtagit
891 1156 68 21 ökade

202 1191 120 27 kostnader,
337 1192 100 21 särskildt
457 1192 34 21 för
505 1192 137 28 dagsverken.
672 1191 43 21 För
734 1191 66 28 öfrigt
814 1190 39 21 bör
868 1193 92 18 omnäm-

203 1233 38 15 nas
261 1229 32 18 att
315 1225 63 22 äfven
399 1233 26 14 en
445 1226 119 28 betydande
584 1226 35 21 del
639 1225 23 22 af
675 1225 117 28 utgifterna
805 1225 35 20 för
854 1224 106 28 skogsför-

203 1260 123 28 valtningen
342 1260 118 21 oberoende
477 1260 22 21 af
513 1260 157 28 forststyrelsen
684 1259 104 22 bestrides
803 1266 75 21 genom
891 1258 69 21 landt-

203 1295 130 20 ränterierna
357 1294 40 21 och
423 1295 72 20 därför
518 1295 47 20 icke
592 1294 60 29 ingår
672 1295 8 20 i
694 1293 97 22 bemälde
811 1293 98 28 styrelses
924 1292 37 21 be-

203 1329 104 21 rättelser.

275 1386 76 28 Sjette
372 1386 168 23 hufvudtiteln
553 1386 54 21 skall
622 1386 86 21 beröras
723 1385 71 28 längre
814 1384 56 21 fram
884 1385 8 20 i
907 1391 54 14 sam-

203 1420 108 29 manhang
325 1421 49 21 med
389 1421 181 28 militiebudgeten
585 1421 8 20 i
608 1420 48 21 dess
671 1420 77 21 helhet.

276 1483 141 18 Statsutskottets
429 1484 110 17 betänkande
554 1485 34 16 N:e
600 1484 18 17 2.
