1084 1756
455 110 25 21 I
794 111 24 20 15

158 174 89 21 Genom
263 174 45 21 den
325 175 26 20 24
366 173 48 29 Maj
433 175 53 21 1895
502 173 105 29 utgifvet
621 173 80 29 utslag
712 173 94 22 dömdes
818 180 28 14 en

89 214 159 29 borgmästare
271 217 35 19 att
327 215 38 20 för
381 214 150 29 synnerligen
547 214 85 29 grofva
647 214 176 21 försummelser
838 213 9 21 i

88 254 103 28 tjensten
206 255 153 28 suspenderas
380 255 53 21 från
449 255 73 29 sagda
537 255 74 28 tjenst
625 254 75 22 under
715 256 37 20 tre
767 255 79 21 måna-

90 294 51 21 ders
156 295 42 21 tid.

157 335 38 22 En
217 335 40 21 vid
275 335 115 22 Finlands
405 335 69 22 Bank
489 335 94 22 anstäld
598 335 82 21 kassör
694 334 97 22 dömdes
806 341 40 21 ge-

89 381 54 15 nom
163 375 86 29 utslag,
273 382 49 14 som
336 375 81 28 utgafs
436 375 45 21 den
499 377 26 20 14
540 375 59 22 Juni
617 375 60 27 1895,
693 376 35 19 att
743 374 39 21 för
796 373 48 22 för-

82 410 120 33 ”snillning
225 415 27 21 af
273 415 73 28 sagda
367 415 75 21 banks
465 414 77 22 medel
564 421 56 15 vara
643 414 73 21 afsatt
738 414 55 21 från
808 413 37 22 sin

90 454 77 28 tjenst.

157 495 47 21 För
225 495 176 22 uraktlåtenhet
424 497 35 19 att
476 495 39 21 till
528 494 176 23 vederbörande
726 496 120 26 guvernör

90 535 91 21 anmäla
196 542 37 14 om
248 535 145 22 insändande
408 535 38 21 till
459 535 160 28 länsfängelse
630 535 27 21 af
665 534 89 22 häktad
761 541 85 22 person

90 574 95 21 dömdes
207 582 85 21 genom
311 575 46 21 den
374 577 25 19 10
414 575 103 28 Augusti
534 576 54 21 1895
603 575 104 28 utgifvet
722 575 78 27 utslag
816 581 30 14 en

89 614 160 29 borgmästare
272 617 35 20 att
329 615 74 22 under
425 615 53 28 fyra
493 615 111 21 månader
620 614 74 22 hållas
710 614 62 21 skild
788 614 53 21 från

90 655 141 28 utöfningen
247 655 26 22 af
287 655 37 22 sin
339 655 79 29 tjenst.

156 840 77 20 Innan
253 839 42 29 jag
317 840 111 28 öfvergår
446 840 38 21 till
498 840 132 21 relationen
646 840 27 21 af
686 839 28 22 de
730 839 116 22 särskilda

89 880 134 21 rättsfallen
248 880 75 22 under
348 880 181 28 ifrågavarande
556 880 161 29 treårsperiod,
741 880 43 22 har
804 880 42 29 jag

90 920 129 22 emellertid
245 923 77 19 ansett
348 921 57 21 böra
427 920 8 22 i
458 920 142 22 berättelsen
627 924 135 18 omnämnas
784 920 61 22 huru

89 963 86 19 tvenne
190 960 27 22 af
231 960 28 22 de
274 960 9 22 i
298 961 142 29 föregående
454 961 127 21 berättelse
596 960 138 29 refererade,
750 960 41 22 vid
806 960 39 22 be-

88 1000 124 22 rättelsens
234 1001 142 28 utgifvande
399 1004 62 18 ännu
478 1001 53 21 icke
547 1001 112 29 slutligen
674 1001 109 29 afgjorda
798 1000 48 22 mål

88 1040 81 22 blifvit
184 1041 9 21 i
207 1041 85 29 högsta
314 1041 86 21 sistans
423 1041 115 29 afgjorda.
569 1041 75 21 Dessa
661 1041 121 21 fiskaliska
796 1040 48 22 mål

88 1081 125 21 återfinnas
229 1082 8 20 i
248 1081 73 29 sagda
331 1082 125 21 berättelse
466 1082 14 21 å
490 1083 169 27 pag.156—162
671 1082 43 21 och
724 1083 119 20 182—184.

157 1121 46 22 Det
218 1122 13 21 å
246 1129 53 21 pag.
320 1123 110 21 156—162
446 1122 9 21 i
470 1122 49 22 min
535 1125 92 19 senaste
645 1122 124 22 berättelse
784 1121 60 21 refe-

88 1162 81 21 rerade
191 1162 53 28 mål,
267 1162 100 22 rörande
389 1162 169 29 felaktigheter
573 1162 27 22 af
613 1162 163 22 häradsrätten
791 1162 9 20 i
815 1161 28 22 R.

89 1202 97 22 sockens
208 1203 105 29 tingslag
331 1204 8 20 i
358 1204 68 28 fråga
449 1211 37 14 om
508 1203 169 29 upphäfvande
700 1203 27 21 af
747 1204 34 20 ett
803 1201 41 22 vid

88 1242 103 22 nämnda
213 1243 97 22 sockens
332 1244 237 21 kommunalstämma
594 1242 137 30 upprättadt
755 1242 90 28 förslag

88 1283 38 21 till
147 1283 139 22 besättande
304 1284 27 21 af
347 1283 37 29 sju
399 1283 79 29 lediga
493 1283 352 28 nämndemannabefattningar

88 1323 8 21 i
110 1323 101 22 berörda
232 1323 111 29 tingslag,
366 1324 60 21 hade
442 1325 26 20 af
481 1324 112 29 Wiborgs
608 1324 91 22 hofrätt
713 1323 82 22 blifvit
810 1323 35 22 af-

88 1362 79 29 gjordt
189 1370 86 22 genom
297 1364 84 28 utslag,
405 1371 50 14 som
477 1365 61 20 efter
561 1364 82 28 anslag
658 1364 80 28 utgafs
756 1363 45 22 den
818 1365 26 20 30

88 1403 47 28 Maj
153 1405 60 20 1893.
