1095 1770
382 171 28 22 U.
427 171 28 22 B.
471 184 27 2 —
514 171 99 21 XXXIV.

394 568 202 22 Bankutskottets
607 568 92 27 förslag
709 568 41 22 till
758 573 117 16 samman-

322 602 132 28 jämkning
469 601 155 28 afständens
640 602 142 28 skiljaktiga
795 602 80 21 beslut

327 637 41 21 vid
392 637 181 27 behandlingen
593 636 27 22 af
632 636 138 23 Utskottets
793 636 81 22 betän-

326 671 79 22 kande
430 671 41 22 N:o
492 671 15 21 4
522 670 125 28 angäende
670 671 143 27 ifrägasatta
834 671 40 21 än-

326 705 102 27 dringar
444 705 36 22 uti
491 705 62 22 eller
565 705 87 28 tillägg
664 705 41 22 till
716 705 159 27 reglementet

325 739 46 22 och
387 740 80 21 staten
483 739 38 22 för
537 739 117 22 Finlands
670 739 76 22 Bank.

192 803 75 26 Enligt
295 803 112 21 Utskottet
437 803 200 20 tillhandakomna
667 801 209 29 protokollsutdrag

122 837 68 21 hafva
206 837 95 20 stånden
318 837 36 20 vid
368 837 170 26 behandlingen
551 837 25 20 af
586 837 123 21 Utskottets
720 836 155 21 ofvannämda

123 871 143 21 betänkande
282 873 91 19 stannat
390 871 37 21 vid
444 871 99 27 följande
558 871 83 21 beslut:

190 905 153 27 Ridderskapet
357 905 41 21 och
414 905 67 21 Adeln
497 906 42 20 har
554 905 33 21 till
599 906 45 20 alla
656 905 63 21 delar
729 905 101 27 godkänt
840 904 37 21 be-

122 939 135 25 tänkandet;

192 974 154 20 Presteständet
360 974 42 20 har
418 974 110 20 förkastat
544 974 117 20 klämmen
677 974 13 20 ä
706 974 66 20 sidan
788 974 13 20 4
817 973 7 21 i
840 973 37 21 be-

123 1008 131 26 tänkandet,
270 1015 52 13 men
346 1008 102 26 godkänt
466 1008 37 21 det
518 1008 6 20 i
538 1008 154 21 betänkandet
708 1008 111 27 ingäende
835 1008 42 20 för-

122 1042 214 26 fattningsförslaget
355 1042 71 27 jämte
450 1042 170 26 slutklämmen,
643 1042 60 21 dock
726 1042 97 21 sålunda
845 1044 32 18 alt

121 1076 262 27 författningsförslagets
400 1083 69 14 mom.
489 1078 8 18 1
515 1076 74 21 skulle
605 1076 175 21 omformuleras
793 1076 29 27 pä
834 1077 43 19 sätt

123 1111 93 21 föresläs
239 1111 32 20 uti
294 1111 37 20 det
353 1110 62 27 sista,
438 1116 70 22 yngre
531 1111 210 21 direktörsembetet
762 1111 6 21 i
784 1110 92 21 banken

123 1145 103 26 rörande,
249 1147 124 19 momentet
393 1145 7 20 i
419 1145 44 21 den
487 1145 154 21 betänkandet
663 1145 120 27 vidfogade
805 1144 71 21 andra

122 1179 174 26 reservationen,
318 1180 43 20 och
378 1180 150 20 öfverlemnat
543 1180 23 20 ät
582 1180 112 20 Utskoltet
710 1182 32 18 alt
757 1179 82 21 föreslå
855 1179 24 20 af

122 1214 75 20 denna
213 1213 132 26 förändring
360 1214 122 27 päkallade
498 1214 113 25 ätgärder;

191 1248 180 26 Borgareständet
380 1248 43 20 har
433 1247 102 27 godkänt
545 1247 154 21 betänkandet
712 1247 5 21 i
730 1247 71 27 öfrigt,
814 1249 62 19 utom

124 1282 60 21 hvad
204 1282 107 21 beträffar
325 1282 117 27 ifrägasatt
458 1282 87 21 ändrad
561 1282 85 27 lydelse
662 1282 34 21 för
710 1283 14 25 &
741 1283 25 20 18
782 1281 32 21 uti
834 1287 44 20 reg-

123 1317 105 20 lementet
248 1316 34 21 för
298 1316 111 21 Finlands
426 1317 71 25 Bank,
514 1316 155 21 hvarutinnan
685 1316 89 21 ständet
791 1317 87 19 förenat

121 1350 34 27 sig
170 1357 37 14 om
224 1350 43 21 den
284 1351 69 21 första
369 1350 180 26 reservationen;

188 1385 159 21 Bondeständet
369 1385 42 21 har
434 1385 110 21 förkastat
567 1385 117 20 klämmen
704 1385 13 20 ä
733 1385 40 21 sid.
790 1385 13 20 4
819 1384 6 20 i
842 1384 35 20 be-

120 1418 132 27 länkandet,
266 1419 126 27 hvarjämte
409 1419 96 26 ständet,
518 1419 51 21 med
585 1419 141 21 omfattande
742 1420 24 20 af
780 1425 97 14 reserva-

122 1452 76 21 tionen
215 1454 20 19 II
259 1454 44 20 och
325 1454 49 20 däri
399 1454 127 26 föreslagna
549 1453 159 27 förändringar
724 1454 5 20 i
746 1453 131 25 bankregle-

122 1489 90 25 mentet,
230 1488 101 27 godkänt
353 1488 38 20 det
414 1488 6 21 i
445 1488 124 22 Utskottets
595 1488 145 21 betänkande
765 1487 112 29 ingående
