1092 1731
483 118 24 21 I
805 120 37 19 201

114 180 100 22 verkade
230 181 13 21 å
258 180 111 30 kollegan
386 180 149 22 Dahlströms
552 180 124 22 valbarhet
692 180 37 22 till
739 180 135 28 landtdags-

116 221 54 21 man
186 221 9 21 i
209 221 207 28 Borgareståndet,
432 221 115 28 pröfvade
558 221 134 29 Kejserliga
704 222 102 21 Senaten
817 222 58 20 rätt-

114 260 52 28 vist,
188 259 94 29 jemlikt
306 259 29 22 de
358 259 27 21 af
405 260 156 28 magistraten
576 259 132 29 åberopade
724 259 150 29 lagstadgan-

114 300 66 28 dena,
205 299 52 21 med
279 299 169 28 upphäfvande
472 300 26 20 af
519 302 160 25 guvernörens
703 299 170 22 ofvanberörda

114 340 84 28 utslag,
222 339 58 29 gilla
299 339 167 29 magistratens
482 339 170 28 öfverklagade
668 339 84 29 åtgärd
768 340 44 21 och
827 340 47 21 för-

114 380 66 21 klara
196 379 180 29 ifrågavarande
393 379 254 29 landtdagsmannaval
662 380 167 22 beståndande.

184 420 37 21 En
239 420 103 21 ledamot
360 420 27 20 af
400 419 134 29 Kejserliga
551 420 103 21 Senaten
669 420 58 21 fann
743 419 130 22 emellertid

116 460 175 22 besvärandene
314 460 52 22 icke
390 460 72 22 hafva
479 460 79 22 anfört
574 460 51 22 skäl
640 460 38 22 till
694 460 100 29 ändring
809 460 8 21 i
833 467 41 22 gu-

116 499 125 23 vernörens
253 500 168 28 öfverklagade
432 500 84 28 utslag,
529 500 78 21 såvidt
617 500 110 29 kollegan
738 500 135 22 Dahlström

114 541 30 27 på
166 540 77 29 grund
262 540 73 28 deraf,
356 542 35 19 att
406 540 48 21 han
469 540 52 21 icke
537 540 103 28 upphört
656 542 35 20 att
706 540 168 29 tillgodonjuta

115 580 184 28 presterskapets
324 580 142 28 privilegier,
475 576 8 36 .
493 580 128 22 förklarats
646 580 52 22 icke
721 588 56 14 vara
792 580 83 22 valbar

115 619 37 22 till
168 619 181 29 landtdagsman
366 619 8 21 i
390 619 200 28 Borgareståndet
605 622 61 19 samt
682 620 64 28 förty
762 619 113 29 obehörig

117 661 35 20 att
166 659 42 22 vid
226 662 53 19 1894
295 660 36 21 års
347 659 115 28 landtdag
478 659 83 29 intaga
577 661 49 20 säte
642 660 8 20 i
660 659 73 29 sagda
744 660 75 27 stånd,
831 659 43 22 och

116 700 96 21 emedan
236 700 41 21 vid
294 699 85 22 sådant
394 699 148 22 förhållande
558 700 180 21 föreskrifterna
754 700 8 20 i
780 702 24 19 18
821 700 12 28 $
850 700 27 21 af

115 739 271 30 Landtdagsordningen
404 739 73 22 borde
492 740 71 21 lända
579 740 36 21 till
631 740 163 28 efterrättelse,
810 740 64 28 pröf-

115 780 59 21 vade
197 780 107 21 bemälde
319 780 104 21 ledamot
438 780 102 28 rättvist,
554 780 73 28 jemte
643 780 40 21 det
698 780 63 21 valet
776 780 9 21 i
801 779 73 29 öfrigt

116 821 26 20 af
155 820 87 21 honom
257 820 145 21 förklarades
419 821 168 27 beståndande,
604 821 85 28 ålägga
705 820 169 29 magistraten
861 816 17 37 i

116 860 130 28 Uleåborgs
269 861 53 21 stad
345 862 35 20 att
402 861 140 28 skyndsamt
557 861 141 22 föranstalta
714 868 37 15 om
766 863 55 26 nytt
835 860 39 21 val

116 901 26 20 af
156 900 181 29 landtdagsman
352 901 38 21 för
406 901 82 21 staden
504 901 8 21 i
528 901 80 22 stället
624 901 37 21 för
676 901 111 29 kollegan
802 900 72 22 Dahl-

116 942 80 19 ström.

186 1072 77 21 Sedan
278 1072 203 23 kommunalrädet
496 1073 91 22 Robert
601 1073 132 28 Junnelius,
749 1081 49 13 som
813 1073 62 21 varit

116 1112 84 21 utsedd
222 1112 37 21 till
283 1112 45 21 den
352 1120 42 14 ene
418 1113 26 21 af
457 1113 161 28 Björneborgs
635 1113 52 21 stad
702 1113 39 21 tvä
757 1119 118 22 represen-

116 1154 78 19 tanter
216 1152 41 21 vid
279 1155 53 19 1894
348 1153 37 21 ärs
400 1153 122 28 landtdag,
538 1154 31 27 pä
585 1153 79 22 derom
679 1153 69 29 gjord
764 1153 111 21 anhällan

122 1193 25 20 af
160 1193 200 27 Borgareständet
375 1193 100 22 befriats
490 1193 55 22 frän
560 1193 103 22 nämnda
678 1193 113 28 uppdrag,
807 1193 68 21 verk-

116 1233 86 21 stäldes
218 1233 38 21 val
273 1233 26 22 af
313 1241 78 14 annan
407 1233 137 29 fullmäktig
559 1234 9 21 i
583 1234 79 21 stället
677 1235 38 20 för
729 1233 146 22 kommunal-

116 1272 67 22 rädet
201 1273 125 22 Junnelius
344 1274 65 21 inför
424 1274 155 28 magistraten
594 1274 9 21 i
618 1274 99 22 berörda
732 1274 53 21 stad
801 1273 46 22 den
863 1275 11 20 6

116 1312 114 22 Februari
252 1313 74 28 sagda
348 1314 32 27 är,
400 1313 81 22 dervid
497 1314 198 21 kommerserädet
710 1314 92 21 Anders
818 1313 57 22 Ahl-

116 1348 73 20 ström
209 1347 82 21 tillföll
310 1347 28 21 de
353 1348 69 21 flesta
436 1350 113 26 rösterna,
566 1349 8 20 i
589 1349 61 28 följd
665 1349 86 21 hvaraf
764 1348 48 21 han
828 1348 47 21 för-

116 1386 107 22 klarades
239 1387 84 21 utsedd
338 1387 38 21 till
392 1388 138 28 fullmäktig
545 1388 38 22 för
599 1388 82 22 staden
696 1388 40 22 vid
748 1387 126 23 omordade

116 1426 120 29 landtdag.
