1092 1767
494 114 20 21 X
842 112 12 20 7

757 205 41 21 Imp
823 191 21 40 |
850 204 22 21 7.

460 301 102 23 Transport
568 302 96 21 4,140,375:
677 312 21 2 —
712 289 11 40 |
735 302 103 22 29,933,393|
850 301 23 17 98

154 353 26 17 Af
191 353 74 23 nädigst
277 352 88 23 beviljadt
377 353 70 22 anslag,
455 353 63 21 50,000
526 353 36 22 mk,

173 387 30 18 för
214 386 89 18 Finlands
317 386 110 23 deltagande
439 387 6 17 i
457 386 64 18 konst-
529 386 34 18 och

174 421 213 22 industriutställningen
403 421 5 17 i
423 421 140 22 Nischnij-Nov-

174 455 56 23 gorod
242 455 21 18 är
275 456 45 17 1896
332 455 80 18 äterstär
424 455 113 22 disponibelt

152 501 36 18 För
205 502 125 22 upprensning
348 501 21 18 af
385 501 102 18 Suonsalmi
499 502 65 17 sund
553 497 14 31 i

173 536 123 18 Hirvensalmi
313 536 67 18 socken
393 536 34 17 och
438 536 126 23 kanalisering

174 571 20 18 af
205 571 68 18 Karvio
281 570 38 18 fors
328 571 5 17 i
343 570 98 18 Heinävesi
450 571 66 17 socken
524 570 39 22 har,

494 594 17 13 27
524 593 39 14 Mars

176 605 58 22 enligt
246 605 64 22 nådigt
322 605 81 22 reskript
415 605 21 18 af
447 605 36 17 den
495 600 14 37 5
495 613 68 20 p

175 640 50 21 1895,
241 639 86 23 beviljats
345 639 134 23 sammanlagdt
491 640 73 21 163,300

174 674 36 22 mk,
223 673 66 18 hvaraf
300 674 90 17 återstår
383 669 10 31 .

501 709 16 12 21
527 709 37 13 Juni

152 720 65 23 Enligt
235 720 64 23 nådigt
317 720 82 23 reskript
415 720 20 18 af
452 720 35 18 den
511 732 47 13 ja

176 755 44 17 1895
233 756 22 16 är
263 754 29 17 till
301 754 106 18 inrättande
416 754 50 17 invid
473 753 91 19 Tammer-

176 789 38 18 fors
229 788 42 19 stad
283 788 20 18 af
314 793 23 13 en
349 789 42 17 kur-
404 788 34 18 och
450 788 115 18 värdanstalt

176 823 28 18 för
219 823 117 22 sinnessjuka
351 823 29 18 till
393 828 22 13 en
428 823 65 23 början
505 823 59 18 ansla-

176 859 31 21 get
219 859 27 16 ett
258 858 65 22 belopp
337 857 20 19 af
368 859 92 21 2,300,000
471 858 36 22 mk;
516 858 49 17 intill

175 892 92 23 utgången
279 893 22 17 af
311 892 21 18 år
341 893 44 17 1895
394 894 21 16 är
422 892 57 18 häraf
485 892 81 18 användt

176 927 73 21 102,346
261 927 30 17 mk
304 927 22 17 20
338 932 24 17 p.,
370 927 76 18 hvarför
454 927 21 18 af
482 927 83 22 anslaget

598 456 68 21 35,000:
678 465 22 4 —

598 674 68 21 72,300:
679 683 22 3 —

175 961 80 18 återstår
267 961 29 18 till
309 961 110 23 disposition
446 975 4 4 .
476 974 4 5 .
504 975 4 4 .
533 975 4 4 .
560 961 144 22 .2,197,653:
682 957 27 31 80

153 1007 36 18 För
201 1007 75 18 teknisk
288 1007 138 23 undersökning
440 1007 21 18 af
472 1008 94 22 jernvägs-

176 1042 55 18 linier
249 1042 42 18 från
309 1041 89 19 Savolaks
413 1042 60 18 banan
488 1042 29 17 till
530 1042 36 18 Ka-

175 1077 45 22 jana
232 1076 42 18 stad
285 1076 34 19 och
328 1076 42 18 från
378 1076 101 23 Jyväskylä
487 1077 42 18 stad
537 1077 29 17 till

177 1111 66 23 Kieppi
252 1111 6 17 i
267 1111 120 23 Mäntyharju
399 1111 68 18 socken
479 1111 58 18 finnes
547 1111 21 18 af

177 1145 74 24 nådigst
268 1145 89 23 beviljadt
373 1146 70 23 anslag,
456 1147 62 21 35,000
530 1146 36 21 mk,

177 1179 102 19 oanvändt.
304 1194 3 3 .
332 1193 4 4 .
361 1193 4 4 .
391 1193 4 5 .
419 1193 4 5 +»
447 1193 5 5 «

154 1225 37 19 För
202 1225 115 19 betäckande
329 1225 21 18 af
360 1225 126 18 kostnaderna
498 1226 29 17 för
539 1231 28 12 ve-

178 1260 112 18 derbörande
308 1261 159 22 representanters
483 1260 34 17 och
533 1265 34 12 em-

177 1295 93 18 betsmäns
276 1294 42 18 från
323 1294 79 18 Finland
409 1299 41 14 resa
457 1290 38 32 till
505 1295 63 18 Moskva

177 1328 30 18 till
215 1328 59 18 Deras
282 1329 119 23 Majestäters
409 1328 108 24 Högtidliga
526 1329 42 18 krö-

179 1363 45 22 ning
236 1365 25 20 är,
269 1364 58 22 enligt
339 1363 65 23 nådigt
415 1364 83 22 reskript
506 1364 21 18 af
533 1364 35 18 den

181 1387 17 12 21
207 1386 63 14 Januari

173 1394 21 33 12
177 1405 98 18 Februari
288 1398 49 22 1896,
351 1398 84 22 anslaget
449 1411 4 4 .
478 1412 4 4 .
507 1412 4 4 .
535 1411 5 5 .

465 1444 102 23 Transport
573 1445 97 22 6,600,328:
683 1445 23 17 80
720 1464 1 3 |

602 1181 68 21 20,000:
682 1189 22 4 —

593 1399 77 21 135,000:
683 1408 22 3 —

740 1444 102 22 29,933,393|
856 1443 22 17 98
