1095 1750
458 124 91 38 XXXIII
842 129 12 20 5

126 199 27 16 att
172 197 30 18 vid
219 196 145 24 ifrägavarande
384 197 83 17 tabläers
487 196 121 24 uppgörande
629 197 139 22 statsförslaget
788 197 48 22 lagts
854 196 29 18 till

127 232 65 22 grund,
211 232 78 18 hvarför
305 232 29 17 till
350 231 94 18 vinnande
456 231 21 18 af
488 231 194 19 öfverensstämmelse
695 231 42 18 med
749 231 52 18 detta
813 231 71 22 förslag

126 266 46 18 flera
186 266 6 17 i
207 266 201 23 kapitalräkningarna
424 265 90 23 ingäende
527 266 90 18 inkomst-
630 266 35 17 och
678 266 131 22 utgiftsposter
822 265 62 18 blifvit

127 300 6 18 i
146 300 97 18 tabläerna
255 300 158 22 sammanslagna;

196 336 28 21 15)
243 337 28 16 att
289 337 45 15 enär
352 335 91 23 förslaget
461 335 29 18 till
510 335 181 23 statsjernvägarnes
709 335 105 23 utgiftsstat
830 334 54 18 alltid

126 370 64 17 blifvit
205 370 20 18 af
241 370 182 22 jernvägsstyrelsen
442 369 102 23 uppgjordt
561 370 47 18 efter
624 370 105 22 beräkning
742 369 20 18 af
774 370 35 17 den
821 369 62 21 trafik,

128 409 39 13 som
184 404 41 18 med
245 404 87 18 afseende
347 404 11 18 &
371 404 22 18 de
406 404 31 18 vid
449 404 51 18 tiden
513 404 30 18 för
555 404 100 22 förslagets
669 404 119 23 uppgörande
801 402 83 19 rädande

127 438 187 19 affärsförhällanden
333 439 63 18 kunde
412 440 77 21 antagas
501 439 75 17 komma
588 440 28 17 att
628 444 34 17 ega
675 444 41 11 rum
729 438 59 17 under
800 438 84 23 följande

128 473 25 21 år,
166 473 27 23 ity
205 475 28 16 att
246 473 37 18 alla
295 473 70 23 rörliga
377 473 71 22 anslag,
462 472 61 19 såsom
535 473 30 18 för
577 473 98 18 aflönande
688 473 21 18 af
722 474 53 17 extra
792 473 91 20 arbetare,

127 507 65 23 tägens
205 508 35 17 och
253 507 36 18 den
302 507 85 18 rullande
400 508 119 17 materielens
531 507 100 18 underhäll
644 513 23 12 m.
681 513 29 16 m.,
723 507 58 18 mäste
794 507 89 22 antingen

127 543 45 17 ökas
186 542 45 18 eller
244 542 83 18 minskas
340 542 35 18 allt
387 542 88 18 eftersom
488 543 80 17 trafiken
581 542 89 18 väntades
679 542 59 17 blifva
749 542 79 22 lifligare
838 542 46 17 eller

128 577 60 23 nedgä
206 577 59 19 under
284 577 30 18 det
332 577 90 21 normala,
442 577 35 18 och
495 577 24 18 dä
535 577 104 18 kostnaden
652 577 30 18 för
695 577 147 23 exploitationen
854 575 29 19 sä-

126 612 58 18 lunda
203 612 55 17 beror
276 612 20 17 af
310 611 85 21 trafiken,
409 612 96 18 hvaremot
518 611 40 19 äter
570 612 129 18 inkomsterna
717 612 20 18 af
747 612 80 17 trafiken
839 612 45 17 bero

128 646 21 18 af
165 647 62 17 derför
247 646 97 18 utfärdade
363 648 60 20 taxor,
442 646 90 24 lämpliga
546 646 107 18 tidtabeller
665 652 24 12 m.
702 652 28 16 m.,
745 657 20 2 —
778 647 35 17 har
829 648 55 16 stats-

128 682 102 18 utskottets
246 682 96 18 uttalanäe
360 682 70 21 derom,
448 683 26 16 att
492 682 118 17 kostnaderna
625 682 30 21 för
667 682 168 22 statsjernvägarnes
848 682 36 16 tra-

126 716 76 22 fikering
219 716 30 18 och
267 715 93 18 underhåll
372 715 52 18 måtte
437 718 66 21 stegras
516 717 61 17 endast
590 718 76 16 varsamt
678 716 30 17 och
721 716 56 17 under
789 716 95 17 beaktande

126 751 23 21 af
163 751 65 22 skäligt
245 750 113 22 förhållande
378 750 29 18 till
425 751 158 21 trafikinkomsten,
601 751 40 18 icke
660 750 95 18 föranledt
772 750 30 18 till
822 750 61 22 någon

127 784 73 24 åtgärd;

197 820 28 22 16)
243 821 28 16 att
288 820 41 17 icke
345 820 61 18 heller
421 820 152 18 statsutskottets
589 820 96 18 uttalande
702 820 67 20 derom,
786 821 25 15 alt
824 819 58 17 skilda

127 854 61 23 anslag
201 854 29 18 till
242 855 122 22 nybyggnader
377 855 30 17 vid
420 855 20 17 de
452 855 72 22 färdiga
537 855 77 17 banorna
626 855 30 17 och
669 855 64 22 ökning
745 854 22 22 af
773 855 33 16 den
815 854 68 22 rörliga

127 889 100 17 materielen
245 889 52 17 borde
314 890 30 21 för
359 889 61 22 hvarje
435 890 120 22 finansperiod
567 890 84 17 beräknas
664 889 30 17 och
707 890 6 16 i
725 890 83 22 budgeten
820 889 62 22 uppfö-

127 929 34 16 7as,
180 926 53 20 synts
251 922 75 24 påkalla
344 924 61 22 någon
418 924 72 22 åtgärd,
503 926 45 16 enär
563 924 63 22 dylika
639 923 66 23 anslag
716 924 57 18 redan
787 923 95 23 upptagits

127 958 28 18 uti
170 958 314 22 kommunikationsexpeditionens
500 958 28 18 till
547 958 100 18 ständerna
664 958 31 18 vid
711 959 43 17 1894
773 958 30 18 års
822 958 60 18 landt-

127 992 35 22 dag
181 992 102 18 aflemnade
301 992 87 22 kalkyler
406 992 53 18 öfver
474 992 250 18 kommunikationsfondens
739 992 89 22 ställning
848 992 34 17 och

127 1026 62 18 tillika
207 1026 90 18 bestämts
315 1028 28 16 att
358 1026 66 23 anslag
442 1026 29 18 för
491 1026 142 24 ifrågavarande
654 1027 85 18 ändamål
760 1027 62 17 skulle
843 1026 39 18 deri

125 1061 69 22 jemväl
207 1060 100 19 framdeles
319 1061 82 22 intagas;

196 1096 30 21 17)
239 1097 28 16 att
279 1095 35 17 den
327 1095 20 17 af
358 1095 143 18 statsutskottet
513 1095 100 18 förordade
625 1096 78 22 ändring
717 1096 19 18 af
744 1096 138 18 instruktionen

127 1130 29 17 för
172 1129 182 23 jernvägsstyrelsen
372 1130 76 21 derhän,
466 1132 26 15 att
505 1130 75 18 ärenden
592 1130 23 21 af
623 1132 57 16 större
693 1130 85 22 betydelse
789 1130 30 22 för
832 1131 50 15 stats-

123 1164 128 23 jernvägarnes
269 1164 79 18 ekonomi
366 1164 31 17 och
414 1165 87 17 särskildt
513 1164 73 22 sådana,
599 1171 34 11 som
646 1165 60 17 beröra
719 1165 32 17 den
764 1164 120 22 trafikerande

127 1199 124 18 allmänhetens
269 1199 91 21 intressen,
377 1199 63 22 blefve,
453 1200 54 17 innan
520 1200 69 23 slutligt
601 1200 95 23 afgörande
708 1205 39 17 eger
759 1205 45 16 rum,
818 1200 6 16 i
832 1200 52 21 jern-

127 1234 125 23 vägsstyrelsen
271 1234 99 22 handlagda
388 1235 56 16 under
464 1234 93 18 samrådan
576 1235 38 17 med
629 1236 138 21 representanter
779 1235 29 20 för
821 1234 61 22 affärs-

127 1269 75 21 verlden,
220 1268 63 17 härtill
299 1269 71 17 utsedda
383 1269 22 21 af
415 1269 109 23 Regeringen
535 1270 30 21 för
577 1269 60 23 längre
649 1269 44 18 eller
705 1270 70 16 kortare
787 1269 33 21 tid,
832 1269 51 17 kom-

127 1308 39 12 mer
180 1304 27 16 att
219 1305 52 20 tagas
285 1303 58 17 under
356 1303 118 22 ompröfning
488 1303 30 17 vid
531 1303 112 18 utfärdande
657 1303 20 18 af
689 1309 23 17 ny
726 1303 116 17 instruktion
855 1302 30 17 för

125 1337 181 23 jernvägsstyrelsen
325 1338 35 17 och
379 1338 182 22 statsjernvägarnes
583 1338 117 22 förvaltning,
719 1338 76 17 hvartill
813 1336 70 22 förslag

128 1374 21 16 är
162 1372 59 18 under
233 1372 132 23 utarbetande;

198 1408 27 21 18)
243 1408 28 16 att
288 1405 23 19 då
330 1407 143 17 statsutskottet
494 1407 69 18 uttalat
583 1406 148 18 önskvärdheten
749 1406 54 18 deraf
820 1407 25 16 att
863 1411 20 11 en

127 1441 111 22 systematisk
257 1441 117 23 noggrannhet
392 1442 30 16 vid
440 1442 33 16 den
493 1442 6 16 i
517 1441 177 23 kronomagasinerna
715 1441 87 22 befintliga
821 1440 63 21 sädens

896 340 36 16 Pag.
941 340 22 12 37.

895 824 36 16 Pag.
941 824 56 12 38—39.

896 1100 35 16 Pag.
941 1100 57 13 39—40.

898 1411 36 15 Pag.
943 1412 22 13 49,
