1089 1742
474 112 22 20 I
810 114 26 18 93

108 175 59 27 ning
184 175 26 21 af
224 174 40 21 det
280 174 84 28 belopp
380 174 106 21 Gustava
500 174 25 21 P.
542 174 137 21 tillkommit
693 174 8 20 i
717 174 38 21 lön
771 174 36 21 för
821 174 44 21 den

109 214 34 22 tid
165 214 47 22 hon
235 214 62 21 varit
312 214 8 21 i
336 214 100 28 Tatjana
457 214 40 21 A:s
512 214 73 28 tjenst
601 214 99 27 anstäld,
718 214 73 21 ehuru
807 214 59 21 utlå-

108 254 71 22 tande
198 254 81 22 härom
302 254 51 21 icke
378 262 40 14 ens
434 254 91 22 kunnat
539 254 38 21 till
592 254 182 28 verkställighet
789 254 77 21 befor-

109 294 53 22 dras
177 296 59 20 utan
252 296 34 20 att
301 294 72 22 målet
388 295 8 20 i
412 294 36 21 sin
464 294 80 21 helhet
555 294 126 29 afgjordes,
694 294 43 21 och
749 296 34 20 att
794 294 72 28 sagda

109 334 121 22 utlåtande
253 334 51 22 icke
328 334 73 22 heller
424 334 90 29 utgjort
533 334 94 28 slutligt
641 334 110 27 yttrande
767 334 98 22 rörande

110 374 45 27 det,
179 382 49 14 som
251 375 105 21 Gustava
379 375 25 20 P.
428 374 7 21 i
458 374 76 28 grund
558 375 27 19 af
606 374 149 27 stämningen
771 374 94 28 påstått.

110 414 49 22 Och
184 414 90 28 yrkade
300 414 201 22 advokatfiskalen
528 414 53 21 med
604 414 111 21 afseende
738 414 43 21 allt
803 414 62 26 härå,

110 454 44 22 och
176 454 30 22 då
229 454 122 22 anmärkta
370 454 103 28 oriktiga
491 454 83 28 åtgärd
590 454 115 21 stannade
720 453 146 22 vicehärads-

110 494 130 29 höfdingen
255 495 33 27 F.,
304 494 74 22 under
394 494 69 22 hvars
480 494 141 22 ordförande
632 494 175 22 häradsrättens
820 501 46 14 om-

110 534 115 22 förmälda
248 535 78 21 beslut
349 535 89 27 fattats,
462 534 36 22 till
522 534 45 21 last
590 535 77 20 såsom
686 534 32 20 fel
737 534 8 20 i
763 534 103 22 domare-

111 575 112 21 embetets
246 575 117 28 utöfning,
382 577 36 19 att
433 575 25 20 F.
475 574 79 21 derför
570 574 78 21 blefve
665 574 50 20 fäld
730 573 37 21 till
783 580 84 15 ansvar

112 615 74 28 enligt
204 617 24 19 12
244 617 13 25 &
276 617 7 19 1
301 615 53 28 kap.
370 615 28 21 R.
414 615 27 21 B.

181 656 73 21 Målet
279 656 120 28 afgjordes
423 657 27 20 af
471 656 120 21 hofrätten
613 663 85 21 genom
722 656 77 27 utslag
822 655 44 21 den

113 698 25 19 20
154 696 128 22 December
300 698 60 25 1893,
377 696 43 21 och
437 697 57 20 fann
511 696 120 21 hofrätten
648 696 37 20 väl
701 696 111 21 hurusom
827 695 40 21 hä-

111 736 134 22 radsrätten
260 736 41 21 vid
316 736 209 28 handläggningen
537 736 26 21 af
572 736 143 27 förberörda,
727 736 26 20 af
763 736 104 20 Gustava

112 776 25 20 P.
161 779 62 18 emot
242 776 100 28 Tatjana
358 777 27 20 A.
402 776 96 21 utförda
514 776 167 28 fordringsmäl
697 775 95 21 förtarit
808 774 60 22 orik-

112 816 45 28 tigt
180 816 56 27 deri,
252 818 36 19 att
303 816 163 22 häradsrätten
483 816 7 20 i
506 816 155 21 omförmälda
676 814 192 30 uppskotsbeslut

112 856 118 21 meddelat
252 856 122 21 utlätande
397 864 37 13 om
457 857 100 28 Tatjana
573 858 40 19 A:s
629 854 239 29 betalningsskyldig-

113 896 44 27 het,
174 895 74 22 ehuru
264 895 56 22 slikt
336 896 123 21 utlåtande
474 896 74 28 enligt
565 894 54 30 laga
629 894 239 30 rättegängsordning

112 936 52 21 bort
187 936 58 28 följa
264 937 60 20 först
340 936 7 21 i
363 937 168 27 sammanhang
551 936 52 21 med
619 936 40 21 det
675 936 71 21 saken
761 935 38 21 till
815 934 53 21 dom

113 977 130 27 företagits,
264 984 53 14 men
332 977 66 21 detta
414 977 175 21 häradsrättens
606 977 102 28 oriktiga
725 974 142 27 förfarande,

112 1024 49 14 som
184 1018 114 21 stannade
322 1017 52 22 dess
397 1018 140 21 ordförande
557 1017 269 27 vicehäradshöfdingen
842 1015 26 21 F.

112 1057 37 21 till
171 1057 45 21 last
239 1058 76 21 såsom
334 1058 33 21 fel
383 1058 40 21 vid
438 1058 209 21 domareembetets
663 1057 116 27 utötning,
796 1055 72 21 likväl

113 1097 51 21 icke
179 1105 57 14 vara
252 1099 26 20 af
292 1098 73 21 sådan
381 1098 168 27 beskaffenhet,
567 1101 34 18 att
613 1105 84 14 ansvar
708 1097 79 22 derför
798 1095 71 22 borde

113 1143 42 22 ega
177 1144 57 20 rum,
257 1137 110 22 hvarföre
390 1138 119 21 hofrätten
533 1137 114 29 pröfvade
670 1137 94 22 rättvist
786 1135 84 22 under-

113 1177 77 21 känna
206 1177 214 22 advokatfiskalens
436 1178 78 21 derom
530 1178 95 21 utförda
640 1177 71 22 talan.

187 1217 8 21 I
218 1217 64 22 detta
306 1218 132 21 hofrättens
461 1218 78 28 utslag
563 1218 97 21 ansökte
681 1216 189 23 vicehäradshöt-

113 1257 86 28 dingen
223 1258 25 21 F.
265 1265 36 14 om
318 1258 100 28 ändring
435 1258 34 21 uti
485 1258 132 29 Kejserliga
634 1258 113 21 Senatens
763 1257 107 21 Justitie-

113 1297 166 28 departement,
296 1305 53 14 men
366 1299 57 20 fann
439 1299 134 28 Kejserliga
584 1299 102 20 Senaten
697 1305 84 20 genom
792 1297 78 26 utslag

113 1337 45 21 den
176 1339 24 20 15
216 1337 113 22 Februari
347 1340 53 19 1895
417 1338 268 29 vicehäradshöfdingen
699 1339 25 20 F.
737 1339 51 20 icke
799 1337 71 21 hatva

113 1377 79 20 anfört
214 1377 51 21 skäl
281 1377 37 22 till
333 1377 101 28 ändring
449 1379 8 20 i
474 1379 131 20 hofrättens
624 1379 84 27 utslag,
726 1379 38 20 vid
780 1377 91 22 hvilket

113 1417 68 21 alltså
197 1417 54 21 kom
267 1421 34 18 att
319 1418 60 22 bero.
