1095 1770
450 116 24 21 H
788 117 26 20 33

83 180 70 21 lande
176 182 61 19 emot
260 180 33 27 F.;
318 179 70 22 alltså
411 179 45 22 och
479 178 29 22 dä
532 178 123 22 anmärkta
675 179 167 27 försummelse,

85 227 48 14 som
154 219 101 29 fördröjt
270 220 82 21 sakens
368 219 47 21 slut
430 219 8 21 i
456 221 38 19 111
512 218 80 29 dagar,
608 218 75 21 under
697 218 97 23 hvilken
808 219 36 21 tid

85 260 26 21 F.
134 259 80 22 hällits
237 259 95 28 häktad,
356 258 115 22 stannade
495 258 38 21 till
556 258 47 21 last
618 258 20 29 ej
655 258 92 21 mindre
761 267 83 20 guver-

85 303 79 24 nören,
182 299 202 29 generalmajoren
402 299 36 28 G.,
458 298 98 22 hvilken
576 298 39 22 det
638 298 79 29 älegat
731 299 62 22 tillse
810 300 35 20 att

87 340 115 21 ärendena
220 339 41 22 vid
279 339 167 29 länsstyrelsen
467 338 54 22 med
543 338 117 29 tillbörlig
675 339 170 28 skyndsamhet

86 379 164 28 behandlades,
279 383 30 18 än
338 379 72 21 äfven
441 378 284 23 vicelandssekreteraren
747 379 29 22 H.
801 379 43 21 och

87 419 198 22 landskanslisten
300 419 32 27 P.,
348 420 14 20 å
377 419 82 21 hvilka
474 418 201 28 föredragningen
694 419 27 20 af
737 419 109 27 samtliga

89 459 101 21 ärenden
207 459 122 28 angäende
344 458 102 22 häktade
462 466 111 21 personer
589 458 135 28 ankommit,
741 458 45 22 den
794 458 53 22 sist-

88 500 100 21 nämnde
206 500 9 20 i
234 499 118 29 egenskap
372 499 26 21 af
412 499 221 29 tjenstförrättande
648 498 199 22 vicelandssekre-

89 542 74 19 terare
186 540 74 21 under
283 540 66 21 tiden
372 540 54 21 frän
446 539 46 21 den
509 542 26 19 20
551 539 58 22 Juni
624 539 37 21 till
677 539 45 21 den
740 542 9 19 1
767 540 80 28 derpä-

89 580 104 28 följande
215 580 109 29 Augusti,
348 580 44 21 och
414 579 82 22 hvilka
519 579 103 22 sålunda
644 579 59 21 hvar
718 579 9 21 i
743 580 35 21 sin
793 580 55 21 män

90 620 61 21 varit
166 620 109 21 vällande
290 619 37 21 till
341 619 40 22 det
392 619 123 21 anmärkta
526 619 143 29 dröjsmälet,
680 619 90 29 yrkade
778 619 70 21 advo-

90 660 140 21 katfiskalen
252 661 35 20 att
310 659 201 29 generalmajoren
531 659 27 21 G.
576 661 60 19 samt
650 659 198 21 vicelandssekre-

91 702 91 19 teraren
203 700 29 21 H.
257 700 43 21 och
322 699 201 22 landskanslisten
545 700 26 21 P.
591 699 80 22 blefve
686 700 82 21 härför
783 699 65 22 fälda

91 740 37 21 till
143 748 84 13 ansvar
243 740 74 29 enligt
334 742 25 19 12
375 742 13 25 $
406 742 9 19 1
432 740 55 28 kap.
503 740 28 21 R.
547 740 27 21 B.

159 780 43 22 Uti
225 782 33 19 ett
277 780 37 21 till
333 780 121 21 hofrätten
474 780 45 22 den
541 782 26 20 14
583 780 116 22 Februari
713 780 136 29 påföljande

93 820 26 21 år
141 820 8 21 i
172 828 87 14 samma
283 820 85 22 ärende
391 820 98 28 ingifvit
512 820 212 21 embetsmemorial
743 819 107 22 anmälde

92 860 200 22 advokatfiskalen
308 862 35 20 att
358 860 284 22 vicelandssekreteraren
660 860 29 22 H.
709 860 44 22 och
770 860 80 22 lands-

93 900 129 21 kanslisten
237 900 24 21 P.
273 900 35 21 uti
319 900 37 21 sin
366 900 7 21 i
384 900 129 29 anledning
525 901 26 20 af
561 900 173 22 ofvanstäende
745 899 106 29 yrkande

94 941 92 28 afgifna
205 940 133 29 förklaring
356 940 122 29 uppgifvit
493 940 44 22 och
553 948 84 21 genom
653 940 97 29 bilagda
764 940 87 28 utdrag

93 988 28 13 ur
136 981 28 20 de
179 981 40 21 vid
233 980 167 29 länsstyrelsen
416 980 69 22 förda
499 981 118 21 diarierna
637 981 124 28 förebragt
773 979 78 22 utred-

94 1020 57 28 ning
174 1020 85 28 derom,
283 1022 34 19 att
340 1020 189 29 föredraganden
553 1021 38 21 för
614 1021 117 21 ärendena
753 1020 99 21 rörande

94 1060 101 21 häktade
218 1067 110 22 personer
350 1061 52 21 icke
425 1061 47 21 fätt
495 1063 120 26 emottaga
637 1061 114 21 Senatens
774 1060 79 28 utslag

97 1101 42 21 och
162 1101 173 28 handlingarna
360 1101 49 21 förr
432 1105 30 17 än
485 1101 47 21 den
551 1103 11 20 9
578 1101 9 21 i
602 1101 99 21 berörda
717 1100 137 29 September

95 1141 90 28 mänad,
209 1144 61 18 samt
297 1143 35 19 att
359 1141 202 29 generalmajoren
585 1141 28 22 G.
635 1141 161 29 undandragit
818 1140 36 28 sig

95 1181 140 28 förklarings
271 1181 145 28 afgifvande,
449 1181 74 22 innan
557 1181 233 28 ssenatsregistratorn
820 1181 35 27 G.,

96 1221 96 22 hvilken
213 1221 41 22 vid
276 1221 65 22 tiden
364 1222 38 21 för
424 1221 115 28 utslagets
563 1221 109 22 ankomst
695 1221 37 22 till
754 1221 101 28 länssty-

96 1261 75 22 relsen
186 1261 101 22 bestridt
296 1261 307 29 landskamreraretjensten
613 1261 8 22 i
631 1261 66 22 länet
709 1261 44 22 och
762 1261 9 22 i
782 1261 74 22 sädan

97 1301 116 29 egenskap
232 1302 124 28 emottagit
375 1301 136 28 detsamma,
527 1301 83 22 blifvit
624 1302 9 21 i
649 1302 73 21 saken
737 1301 59 22 hörd
812 1301 44 22 och

98 1341 97 28 afgifvit
218 1341 141 29 förklaring;
383 1341 56 22 derä
462 1341 117 22 särskilda
599 1341 170 29 upplysningar
783 1343 74 27 ytter-

96 1380 73 29 ligare
185 1381 129 22 meddelats
330 1381 295 22 advokatfiskalsembetet.

165 1438 130 19 Prokuratorns
307 1440 95 17 berättelse.
779 1440 9 16 3
