1086 1773
471 117 22 21 I
789 119 39 19 149

103 180 111 28 byggnad
230 180 26 22 af
269 182 46 25 trä;
339 179 44 22 och
405 179 98 21 emedan
523 181 34 19 ett
572 178 85 22 sådant
672 179 185 29 förvaringsrum

103 227 54 15 vore
172 220 9 21 i
195 220 85 29 högsta
302 220 59 28 grad
383 219 130 29 olämpligt,
537 223 55 18 enär
614 219 41 22 vid
678 219 49 22 elds
745 219 114 22 löskomst

104 260 53 21 hela
178 260 92 21 arkivet
289 259 53 22 med
358 259 51 22 dess
425 259 102 28 dyrbara
542 259 43 21 och
602 259 137 29 oersättliga
753 259 104 22 innehåll

104 300 176 29 otvifvelaktigt
302 300 79 22 blefve
403 299 110 29 lågornas
535 300 40 20 rof
596 299 44 21 och
662 299 136 29 derigenom
813 299 45 22 den

103 340 38 21 till
163 340 128 29 domsagan
313 340 103 21 hörande
432 339 161 29 menighetens
610 339 68 22 deraf
691 340 116 21 beroende
823 340 34 22 in-

104 383 88 19 tressen
215 380 125 28 högeligen
360 379 173 29 äfventyrades,
549 379 141 22 hemstäldes
706 380 27 21 af
746 379 113 23 advokat-

103 420 183 22 fiskalsembetet
300 420 8 21 i
324 421 72 21 Wasa
418 420 91 21 hofrätt
525 420 36 21 uti
576 422 35 19 ett
626 420 37 21 till
678 420 120 22 hofrätten
813 420 45 21 den

105 462 23 19 21
146 460 114 22 Februari
277 463 54 19 1894
349 460 103 29 ingifvet
467 460 126 28 memorial,
609 460 116 22 huruvida
740 460 51 22 icke
806 460 52 21 hof-

104 502 178 20 rättsassessorn
297 500 26 22 L.
339 500 78 22 kunde
433 500 97 29 åläggas
546 502 35 19 att
596 500 107 22 anskaffa
718 502 34 19 ett
767 500 90 29 lämpli-

104 547 55 21 gare
175 540 44 22 och
234 540 90 22 mindre
347 540 122 28 eldfarligt
491 541 186 28 förvaringsrum
696 541 37 21 för
747 541 30 22 K.
795 541 63 21 dom-

105 588 67 21 sagas
188 581 73 22 arkiv.

173 621 77 22 Sedan
265 621 222 22 hofrättsassessorn
502 621 27 22 L.
545 621 53 22 med
612 621 111 29 yttrande
738 621 8 21 i
761 621 97 21 ärendet

104 661 124 22 inkommit
244 661 43 22 och
302 661 175 28 slutpåstående
497 661 49 22 deri
561 661 130 22 framstälts
706 661 27 22 af
746 661 111 22 advokat-

105 701 188 29 fiskalsembetet,
310 701 118 30 afgjordes
444 701 98 22 ärendet
556 702 28 21 af
596 701 121 22 hofrätten
727 709 85 21 genom
822 703 36 20 ut-

105 741 51 30 slag
171 742 46 21 den
235 744 26 20 29
277 741 48 30 Maj
346 744 61 26 1894,
423 741 44 22 och
483 742 58 21 fann
556 742 122 21 hofrätten
693 741 81 22 dervid
789 742 30 28 på
834 741 27 22 af

105 782 285 21 advokatfiskalsembetet
405 782 99 21 anförda
519 782 57 27 skäl,
586 782 44 21 och
640 782 98 21 emedan
747 781 112 22 hofrätts-

106 829 117 14 assessorn
245 822 33 28 L.,
295 829 49 14 som
367 822 54 21 från
443 822 155 22 förenämnda
620 822 111 29 domsaga
752 821 106 29 uppbure

105 863 173 29 tingshushyra,
294 863 54 29 ålåg
363 863 108 21 anskaffa
486 863 98 29 lämplig
597 863 64 21 lokal
672 863 37 21 för
720 862 139 29 domsagans

106 903 72 29 arkiv,
194 903 88 29 skäligt
297 903 114 29 förplikta
429 904 222 21 hofrättsassessorn
666 904 26 21 L.
708 903 40 22 vid
764 902 95 30 tjenste-

106 951 84 14 ansvar
213 946 35 19 att
266 946 78 19 senast
366 944 64 21 inom
445 944 41 21 två
501 943 110 22 månader
626 943 102 22 derefter
743 943 38 21 för
796 942 63 22 dom-

106 991 84 21 sagans
213 983 66 22 arkiv
302 983 107 22 anskaffa
428 983 44 22 och
487 983 99 22 bekosta
602 983 195 28 ändamålsenligt
813 982 45 21 för-

106 1023 146 29 varingsrum
268 1023 44 22 och
327 1023 92 22 arkivet
434 1023 41 22 der
489 1023 125 29 uppställa.

174 1063 42 22 Uti
239 1063 65 22 detta
325 1063 78 29 utslag
427 1063 97 22 ansökte
542 1063 222 22 hofrättsassessorn
779 1063 26 21 L.
822 1069 38 22 om

107 1103 100 29 ändring
221 1110 84 21 genom
320 1103 162 28 underdåniga
497 1103 89 28 besvär,
602 1103 44 21 och
662 1102 119 29 afgjordes
795 1106 65 17 ären-

107 1143 39 22 det
161 1143 26 22 af
200 1143 133 29 Kejserliga
348 1143 114 22 Senatens
477 1143 283 28 Justitiedepartementet
775 1149 85 22 genom

106 1183 78 29 utslag
200 1183 45 22 den
261 1186 12 19 8
288 1183 103 29 Augusti
416 1185 59 26 1895,
495 1183 100 22 hvarvid
610 1183 133 29 Kejserliga
757 1183 102 21 Senaten

107 1224 58 21 fann
180 1223 220 22 hofrättsassessorn
415 1223 26 22 L.
457 1223 53 22 icke
525 1223 72 22 hafva
612 1224 80 21 anfört
706 1223 51 22 skäl
772 1223 38 21 till
821 1226 40 18 än-

107 1264 69 29 dring
190 1265 8 20 i
208 1264 132 22 hofrättens
351 1264 138 22 förberörda
498 1265 84 28 utslag,
594 1264 78 22 såvidt
682 1263 180 30 ifrågavarande

106 1305 58 22 vind
179 1305 126 22 förklarats
321 1305 21 29 ej
358 1313 57 14 vara
429 1305 98 29 lämplig
542 1305 64 22 lokal
621 1305 38 22 för
678 1304 141 23 förvarande
837 1304 26 22 af

106 1345 29 22 K.
152 1345 123 29 domsagas
298 1345 76 28 arkiv;
398 1353 54 14 men
474 1345 98 22 emedan
594 1345 222 22 hofrättsassessorn
835 1344 26 21 L.

107 1385 100 28 dåmera,
224 1385 45 22 den
285 1387 11 20 6
312 1385 62 22 Mars
396 1387 61 26 1895,
473 1385 9 21 i
497 1385 73 22 nåder
584 1385 110 29 beviljats
710 1384 83 22 afsked
808 1384 54 21 från

107 1425 303 29 häradshöfdingetjensten
425 1425 9 21 i
449 1425 74 29 sagda
539 1425 112 29 domsaga
666 1425 44 22 och
724 1424 88 23 vården
824 1431 37 14 om
