1095 1767
196 142 26 20 12
418 142 30 23 U.
463 142 28 24 B.
506 156 28 2 —
549 142 181 22 III-XXXIIIL

193 204 103 29 giftspost
310 205 33 21 för
357 205 24 21 år
397 206 54 20 1892
466 206 97 27 utgjorde
576 206 75 21 endast
660 206 62 21 Fmk.
736 206 69 26 7,752:
817 206 33 26 58,
860 213 49 13 men
919 206 35 20 för

194 238 27 22 de
240 239 94 28 följande
356 239 50 22 åren
428 239 71 29 utgått
517 239 50 22 med
581 239 98 29 omkring
697 241 76 26 33,000
788 240 61 21 mark
865 239 86 29 årligen.

263 284 88 29 Tredje
367 285 178 23 hufvudtiteln.
569 285 13 21 I
597 286 75 21 sakens
686 289 64 18 natur
764 285 73 29 ligger,
847 289 32 18 att
889 285 65 29 utgif-

193 322 61 18 terna
269 319 66 21 under
349 319 69 22 denna
425 320 53 27 titel,
486 327 45 14 som
539 320 101 21 omfattar
648 320 27 21 de
683 320 64 21 flesta
754 328 77 21 grenar
839 320 23 21 af
870 320 83 22 landets

193 352 168 23 administrativa
376 353 129 29 förvaltning
524 354 41 21 och
579 354 113 29 offentliga
706 354 111 27 anstalter;
829 354 60 21 skola
899 355 54 21 fort-

193 387 89 22 farande
304 389 59 27 stiga.
392 388 67 21 Hvad
480 388 143 21 kostnaderna
641 388 34 21 för
691 389 137 21 landsstaten
843 388 111 28 beträffar,

193 421 74 22 hvilka
290 423 52 20 1891
366 422 97 29 utgjorde
484 423 62 21 Fmk.
570 423 116 27 1,509,290:
708 424 35 26 45,
766 426 59 25 stego
845 423 109 21 desamma

192 463 77 22 genom
284 457 167 28 organisationen
466 457 23 22 af
499 457 142 30 landtpolisen
656 458 68 21 under
738 457 24 22 är
778 459 54 20 1892
848 458 33 21 till
891 457 62 22 Fmk.

194 491 116 26 1,763,431:
333 492 26 21 66
374 492 41 21 och
430 492 57 21 höllo
509 493 32 27 sig
555 492 50 21 med
620 493 82 28 ringare
718 492 80 28 ökning
812 492 89 29 ungefär
916 492 37 22 vid

193 525 61 21 detta
275 525 77 29 belopp
373 526 34 21 till
430 527 61 26 1895,
512 526 28 21 dä
555 527 108 21 desamma
677 526 186 29 hufvudsakligast
877 534 76 21 genom

193 559 42 22 den
249 567 42 21 nya
306 563 68 18 staten
389 560 34 21 för
437 561 175 28 länestyrelserna
626 561 23 21 af
664 561 41 21 den
720 562 28 20 29
768 561 113 21 december
897 562 56 20 1894

193 593 131 22 omedelbart
339 596 106 27 uppgingo
460 595 32 21 till
501 595 61 21 Fmk.
571 596 115 25 1,903,735:
696 596 32 21 68.
749 595 77 22 Under
833 595 43 21 fem
882 589 23 38 är
915 595 39 21 har

194 628 88 21 sälunda
303 629 90 28 utgiften
417 629 66 22 under
505 629 70 22 denna
594 629 73 22 rubrik
686 630 95 21 tillvuxit
800 629 49 22 med
864 629 37 22 det
916 629 37 22 be-

192 662 83 28 tydliga
296 662 100 30 beloppet
418 664 23 20 af
463 664 91 26 400,000
573 664 67 26 mark,
660 672 26 12 en
706 664 94 28 stegring
815 671 45 14 som
875 664 78 21 dock
941 658 17 38 i

192 696 70 29 nägon
284 697 48 21 män
353 700 109 26 uppväges
482 698 23 21 af
524 698 27 21 de
571 698 79 21 kronan
665 698 128 21 tillfallande
809 698 143 28 sportelafgif-

192 734 67 23 terna,
278 731 73 21 hvilka
368 732 35 20 för
418 733 55 20 1895
489 732 61 21 ökats
565 732 50 21 med
629 733 77 26 40,000
720 732 44 27 mk,
778 732 110 22 äfvensom
903 732 49 21 med

193 764 27 22 de
235 764 59 22 förut
307 766 77 21 nämda
398 766 35 20 för
448 767 55 21 1892
518 766 33 21 till
566 766 80 22 kronan
660 767 104 28 indragna
778 766 47 22 bro-
836 766 41 22 och
889 766 64 22 skall-

193 798 180 30 fogdekapparna,
387 800 148 22 motsvarande
550 800 64 29 nägot
628 808 46 14 mer
688 803 26 19 än
730 802 76 25 60,000
819 800 36 21 mk
867 800 85 29 ärligen.

192 833 126 22 Kostnaden
333 834 35 21 för
383 835 148 27 landtpolisen
546 835 39 21 har
599 836 79 28 utgjort

420 898 24 21 är
459 899 54 20 1892
529 898 61 21 Fmk.
605 899 97 26 244,693:
718 900 26 20 57

425 941 9 11 »
460 933 54 21 1898
556 942 9 10 »
607 934 139 25 257,995:18

425 976 9 10 »
460 968 54 20 1894
555 976 9 11 »
605 968 97 26 261,846:
717 968 28 20 24

424 1010 10 10 »
460 1002 53 20 1895
555 1010 9 10 »
606 1002 96 25 267,556:
717 1002 34 20 03.

260 1062 74 28 Enligt
350 1064 55 20 1896
420 1063 34 21 ärs
469 1066 42 18 stat
526 1064 104 20 beräknas
645 1064 122 28 aflöningen
782 1064 35 20 för
832 1064 41 21 569
887 1064 65 28 polis-

191 1095 123 29 konstaplar
327 1097 29 28 pä
370 1097 74 21 landet
458 1098 32 20 till
505 1099 90 25 279,150
611 1098 42 21 mk.

260 1130 35 21 De
313 1138 94 14 summor
425 1131 186 22 finansrelationen
628 1135 105 25 upptager
753 1131 69 22 säsom
836 1131 66 28 utgift
917 1132 35 21 för

191 1164 117 21 allmänna
327 1165 133 27 sjukvärden
477 1165 90 22 omfatta
582 1166 18 27 ej
616 1165 55 22 blott
686 1165 119 22 kostnaden
819 1165 34 22 för
867 1166 83 21 landets

190 1197 50 22 med
257 1198 104 21 allmänna
377 1199 70 21 medel
463 1199 137 22 underhällna
615 1200 63 21 civila
693 1200 258 29 sjukvärdsinrättningar,

190 1235 59 18 utom
268 1232 26 21 de
313 1233 68 21 under
399 1233 91 21 särskild
505 1234 72 21 rubrik
592 1234 107 28 uppförda
714 1234 237 27 därvärdsanstalterna,

190 1269 51 18 utan
264 1266 63 22 äfven
349 1267 117 21 understöd
489 1275 44 14 som
555 1268 23 21 af
597 1268 129 22 statsverket
746 1268 93 21 tilldelas
855 1268 96 21 enskilda

190 1299 161 28 värdanstalter,
367 1301 118 22 kostnaden
503 1301 34 22 för
555 1302 99 21 farsoters
670 1302 127 22 hämmande
812 1302 54 27 (frän
882 1303 69 26 1894),

190 1337 57 18 samt
261 1334 75 29 bidrag
350 1335 34 21 till
399 1335 113 22 aflönande
527 1336 23 21 af
564 1336 199 21 kommunalläkare.
785 1337 44 20 Till
844 1336 106 22 förekom-

190 1368 77 21 mande
291 1369 23 21 af
340 1369 189 29 koleraepidemins
554 1371 109 28 spridning
684 1371 8 20 i
714 1370 74 21 landet
809 1370 98 29 utgäfvos
927 1371 24 21 är

190 1403 56 20 1892
268 1403 61 22 Fmk.
353 1405 82 25 66,874:
451 1405 34 26 85,
506 1404 23 21 är
552 1405 55 21 1893
628 1405 62 21 Fmk.
714 1406 96 25 118,717:
827 1406 26 20 58
872 1405 40 21 och
927 1405 24 21 år

191 1437 56 21 1894
267 1437 55 21 Fmk
343 1439 96 25 123,379:
460 1439 33 20 02.
522 1439 42 20 Till
580 1439 112 21 aflönande
708 1439 23 21 af
746 1439 204 22 kommunalläkare

262 1482 141 19 Statsutskottets
416 1483 109 18 betänkande
537 1484 36 18 N:o
585 1485 20 17 2.
