1095 1773
219 157 12 21 6
334 156 36 23 .U.
386 157 29 23 B.
431 171 27 3 —
474 157 188 25 Ständerhusets
678 158 176 29 Gafvelarupp.

218 226 41 15 ren
275 220 139 23 åtminstone
429 221 74 22 under
517 222 29 21 de
565 224 117 20 närmaste
691 222 42 22 två
748 221 56 22 eller
824 223 36 20 tre
881 222 55 21 åren
951 221 27 23 af

219 253 45 22 den
287 254 35 22 tid
336 255 101 22 arbetets
452 255 124 23 utförande
591 256 91 22 komme
701 258 36 20 att
751 255 89 29 kräfva,
856 255 119 30 uppgifvit

219 288 36 29 sig
276 288 70 23 hafva
367 289 73 23 behof
451 290 28 22 af
491 290 28 22 de
534 290 234 29 färdigmodellerade
782 290 118 29 figurerna
914 291 10 21 i
938 291 36 21 sin

219 323 86 29 atelier,
320 323 37 23 för
374 326 36 20 att
419 324 80 23 kunna
508 325 98 22 bedöma
614 325 77 22 dessas
699 325 155 22 samvärkani
862 331 111 23 gruppen,

219 357 118 23 äfvensom
361 359 37 22 för
418 359 97 29 möjliga
537 359 127 30 ändringar
685 359 44 22 och
750 359 189 29 retoucheringar
961 359 14 22 &

219 391 123 29 desamma,
356 393 94 23 hvadan
466 394 27 22 de
509 394 98 22 sålunda
620 394 52 22 icke
681 394 32 29 pä
722 401 29 14 en
761 393 81 30 längre
853 393 34 22 tid
895 394 80 21 kunna

219 426 36 22 till
273 427 167 29 reproduktion
454 428 123 23 utlämnas.
592 429 54 22 Med
661 428 127 29 anledning
798 427 27 23 af
830 428 40 22 det
878 427 96 23 anförda

218 460 37 23 fär
269 461 121 24 Utskottet
404 463 89 22 säledes
508 463 86 22 föreslä

494 535 32 19 att
541 533 48 21 med
604 532 168 22 bestämmandet
783 532 32 28 af
822 532 34 21 det
864 532 110 27 definitiva

424 567 120 21 materialet
565 568 44 27 för
633 567 169 22 Ständerhusets
827 567 146 28 gafvelgrupp

424 602 65 20 måtte
504 603 65 20 anstå
584 602 35 21 till
633 603 65 20 nästa
711 601 115 28 landtdag.

287 663 47 22 För
353 663 45 22 den
412 663 111 23 händelse
538 665 65 22 detta
617 665 133 22 Utskottets
765 664 88 29 förslag
868 664 26 22 af
906 664 68 22 Stän-

220 697 71 22 derna
312 698 84 22 varder
418 701 101 27 antaget,
539 699 103 22 kommer
661 699 180 23 Statsutskottet
856 701 35 20 att
905 699 9 21 i
929 702 45 18 sär-

219 731 62 22 skild
296 731 121 23 skrifvelse
440 733 99 22 anmoda
558 734 45 21 den
625 734 72 22 redan
712 734 100 22 tillsatta
825 733 149 29 Bestyrelsen

219 764 37 23 för
282 766 195 30 gafvelgruppens
502 767 123 23 utförande
653 770 36 20 att
713 768 38 22 till
773 770 67 20 nästa
861 767 113 29 landtdag

217 799 139 23 införskaffa
370 801 68 23 säkra
452 802 200 30 kostnadsförslag
664 802 66 22 öfver
741 802 100 22 arbetets
850 802 124 22 utförande

217 834 9 21 i
253 834 75 28 brons,
357 835 92 23 drifven
476 836 90 30 koppar
589 837 43 22 och
653 838 32 28 pä
707 836 199 30 galvanoplastisk
927 840 47 26 väg

218 868 161 31 kopparklädd
389 870 59 29 gips,
460 871 118 22 äfvensom
586 871 81 30 möjlig
674 871 127 30 utredning
816 878 37 15 om
868 870 107 30 lämplig-

217 903 70 23 heten
303 904 26 22 af
342 904 116 30 sistsagda
471 905 227 30 reproduktionssätt
712 906 37 22 för
763 906 53 22 värt
830 905 88 23 klimat.

286 1019 12 22 I
319 1019 65 23 detta
405 1021 96 22 ärendes
516 1021 143 29 behandling
673 1021 72 22 hafva
760 1020 99 29 deltagit
874 1020 58 23 ordf.
947 1020 28 22 L.

219 1053 123 28 Mechelin,
354 1054 159 23 iedamöterne
522 1055 61 30 Aug.
591 1055 108 29 Ramsay,
709 1055 25 22 C.
743 1055 28 22 G.
780 1054 194 29 Standertskjöld,

217 1087 31 22 K.
264 1088 87 29 Antell,
366 1089 120 28 Kihlman,
501 1089 101 29 Donner,
614 1089 145 26 Nordström,
767 1089 130 27 Bonsdorff,
909 1089 66 22 Hall-

217 1117 64 38 berg,
303 1101 97 55 Öhman,
418 1120 127 37 Meurman,
557 1103 107 54 Kiipula,
679 1123 152 23 Tuomikoski
846 1123 43 22 och
903 1123 29 22 A.
947 1123 27 22 F.

216 1156 135 29 Danielson,
359 1157 119 23 äfvensom
487 1158 179 29 suppleanterna
672 1158 127 29 Törngren,
808 1157 23 23 S.
838 1158 27 22 A.
873 1157 102 23 Wester-

217 1190 64 27 lund,
297 1191 124 22 Wasenius
437 1192 44 22 och
495 1192 122 29 Wegelius.

286 1254 155 30 Helsingfors,
457 1255 45 22 den
517 1257 24 21 21
559 1255 46 30 maj
622 1256 60 22 1897.

354 1503 111 23 Helsingfors
477 1504 50 18 1897.
551 1503 110 23 Helsingfors
673 1502 153 23 Centraltryckeri.
