1092 1781
257 110 38 20 196
588 110 25 22 I

293 172 46 21 Vid
355 172 44 23 den
414 176 14 19 4
443 172 105 23 Oktober
569 175 53 20 1893
641 174 64 21 inför
721 174 155 29 magistraten
891 174 9 22 i
915 174 69 23 Uleä-

223 213 70 28 borgs
310 213 52 22 stad
378 214 120 22 verkstäld
515 215 149 29 granskning
679 215 27 22 af
720 215 45 22 den
780 215 38 22 för
833 215 39 22 val
888 216 27 21 af
929 215 54 22 full-

225 253 93 28 mäktig
333 254 8 21 i
356 255 200 28 Borgareständet
572 255 36 21 för
623 255 104 21 nämnda
745 255 53 22 stad
816 255 37 21 till
873 257 54 20 1894
945 256 38 21 ärs

222 293 115 29 landtdag
352 295 141 28 upprättade
506 294 125 29 röstlängd
647 295 109 21 förmälte
772 294 210 23 folkskoleläraren

223 333 22 22 J.
262 334 78 21 Nikko
355 335 36 20 uti
406 342 28 13 en
449 335 39 21 till
503 335 155 28 magistraten
673 335 109 28 ingifven
797 335 77 28 skrift,
891 337 40 27 att,
943 343 39 14 en-

221 374 45 29 ligt
289 374 62 22 hvad
373 375 47 21 han
443 375 88 28 erfarit,
556 375 56 21 flera
636 375 26 21 af
676 375 94 22 stadens
786 375 94 22 valmän
896 375 85 22 ernade

223 415 92 28 afgifva
337 415 51 21 sina
410 418 75 19 röster
507 415 38 22 till
568 415 92 22 förmän
684 416 37 21 för
736 416 63 21 förre
815 415 111 30 kollegan
940 416 40 22 vid

223 455 115 22 klassiska
371 456 76 27 lyceet
476 455 8 21 i
510 455 120 28 Uleäborg
655 455 99 22 Konrad
778 455 105 22 William
909 456 71 21 Dahl-

221 498 79 25 ström,
323 495 70 22 hvars
415 503 72 14 namn
510 496 70 21 äfven
603 503 55 14 vore
682 498 114 27 upptaget
810 496 9 21 i
834 496 73 29 sagda
921 499 60 20 röst-

220 536 83 28 längd;
327 544 53 13 men
403 536 97 21 emedan
524 536 111 28 kollegan
658 536 143 29 Dahlström,
816 537 30 32 på
862 537 77 28 grund
955 537 27 21 af

222 576 62 23 10:de
300 577 105 28 punkten
424 577 8 20 i
448 577 184 28 presterskapets
653 577 135 28 privilegier
804 577 45 22 den
867 579 24 20 16
908 577 71 22 Okto-

223 617 40 21 ber
288 619 52 19 1723
357 617 43 21 och
422 617 170 28 förordningen
611 617 45 22 den
673 619 25 20 22
715 617 129 22 December
862 620 59 25 1879,
939 625 39 14 an-

219 658 90 28 gående
332 658 167 28 upphäfvande
515 658 26 21 af
556 657 27 22 de
603 665 85 21 genom
712 658 73 28 sagda
807 657 170 29 lagstadgande

220 698 185 29 presterskapets
416 699 45 21 och
471 698 157 22 läroståndets
640 698 151 21 medlemmar
801 698 176 21 tillförsäkrade

219 738 254 29 undantagsförmåner
495 739 37 20 för
551 739 67 21 deras
642 739 86 28 gårdar
751 738 44 22 och
817 738 160 28 lägenheter
964 734 17 37 i

219 778 59 28 städ,
301 779 65 28 njöte
388 779 73 21 frihet
484 779 54 21 från
560 778 120 29 borgerlig
703 781 75 26 tunga
801 779 44 21 och
860 779 63 21 skatt
939 779 38 20 för

218 818 46 21 den
280 819 86 21 honom
381 819 121 29 tillhöriga
518 819 58 28 gård
591 819 9 21 i
615 819 131 29 Uleåborgs
763 819 53 21 stad
832 821 60 19 samt
910 819 68 21 deraf

217 859 140 29 framginge,
367 862 34 19 att
409 859 110 30 kollegan
530 859 136 22 Dahlström
674 859 111 22 tillhörde
793 859 182 28 Presteståndet,

216 899 45 21 och
283 899 111 28 kollegan
416 899 136 22 Dahlström
575 900 27 21 af
617 900 73 21 sådan
706 899 128 28 anledning
849 899 52 22 icke
917 899 58 28 egde

216 939 95 29 deltaga
326 940 8 20 i
350 940 37 21 val
404 941 26 20 af
443 940 183 28 landtdagsman
642 940 35 22 uti
687 940 201 29 Borgareståndet
899 939 43 22 och
953 939 21 28 ej

216 979 74 21 heller
305 987 55 14 vore
376 980 82 22 valbar
473 981 8 20 i
498 987 87 15 samma
601 980 75 28 stånd,
692 980 89 29 yrkade
797 980 177 21 folkskolelära-

215 1027 43 13 ren
273 1019 78 22 Nikko
368 1022 35 19 att
422 1020 111 29 kollegan
548 1021 137 21 Dahlström
700 1021 74 21 måtte
789 1021 54 21 från
858 1020 116 28 röstläng-

214 1059 46 21 den
283 1052 119 37 utstrykas
423 1061 44 21 och
483 1063 34 19 att
533 1061 28 21 de
576 1061 123 28 valsedlar,
716 1061 82 21 hvilka
812 1060 161 29 tilläfventyrs

213 1099 120 22 innehölle
355 1100 110 29 kollegan
488 1101 147 21 Dahlströms
655 1109 77 20 namn,
749 1101 78 21 blefve
842 1100 129 21 kasserade.

283 1140 90 21 Genom
389 1148 88 14 samma
489 1141 46 28 dag
547 1141 133 22 afkunnadt
691 1141 79 22 beslut
780 1141 134 21 förklarade
925 1148 48 13 ma-

213 1179 116 28 gistraten
345 1182 35 19 att
395 1181 45 21 den
457 1181 180 28 omständighet,
654 1184 34 19 att
704 1182 110 27 kollegan
829 1181 142 27 Dahlström,

213 1219 60 21 efter
289 1220 40 21 det
345 1221 46 21 han
407 1221 62 28 tagit
491 1221 82 22 afsked
592 1222 53 21 från
661 1222 36 21 sin
713 1221 208 28 skolläraretjenst,
937 1221 35 21 åt-

211 1260 74 27 njutit
308 1260 109 22 befrielse
440 1262 54 21 frän
517 1262 119 28 borgerlig
655 1264 73 26 tunga
744 1262 44 21 och
804 1261 64 21 skatt
884 1261 87 21 beträf-

211 1300 73 21 fande
301 1300 36 21 sin
352 1301 130 29 stadsgärd,
498 1302 52 21 icke
566 1302 156 28 ovilkorligen
737 1302 127 20 förutsatte
879 1305 35 17 att
924 1301 47 21 han

211 1339 111 23 tillhörde
341 1341 178 22 Presteständet
535 1342 56 21 eller
606 1342 110 28 utgjorde
732 1342 84 21 hinder
832 1343 38 19 för
884 1341 86 21 honom

210 1382 36 18 att
258 1380 84 22 utöfva
353 1382 88 21 valrätt
452 1382 43 21 och
507 1390 56 14 vara
573 1382 82 22 valbar
665 1382 9 22 i
684 1382 207 29 Borgareständet,
902 1381 68 22 hvar-

210 1419 58 28 före,
294 1420 43 22 och
361 1421 29 22 dä
414 1422 113 28 kollegan
550 1422 135 22 Dahlström
704 1430 55 14 vore
774 1423 9 20 i
799 1422 82 22 staden
897 1422 72 22 skatt-
