1095 1795
379 149 29 22 U.
424 149 28 23 B.
469 162 28 2 —
511 149 100 21 XXXIV.
866 149 12 20 3

123 212 26 21 af
161 212 141 26 staisvärket,
321 229 1 3 .
356 229 2 3 .
391 229 3 4 .
427 230 3 3 .
463 230 3 3 .
497 212 112 22 nominelt
625 213 61 21 Fmk
703 214 131 26 18,000,000:
851 226 28 2 —

135 255 9 10 »
162 246 230 27 Förenings-Banken
408 246 7 21 i
432 247 99 20 Finland
557 264 3 4 .
593 264 3 4 .
661 256 8 10 »
694 243 10 35 =
717 248 118 26 7,404,000:
851 260 29 2 —

136 288 8 11 »
164 280 121 21 Städernas
316 280 7 21 i
350 280 100 22 Finland
476 281 128 55 Hypoteks-

195 314 69 21 kassa
308 332 3 3 s
344 332 3 3 4
558 332 4 4 s
594 333 3 3 a
660 324 8 10 »
715 312 120 34 9,550,000:
851 328 29 2 —

137 357 8 11 »
162 348 112 22 Finlands
290 332 236 72 Hypotekstörening
556 367 39 3 soi
661 358 8 10 »
717 350 118 26 7,500,000:
852 362 28 2 —

137 392 8 10 »
162 377 49 27 Åbo
228 383 49 21 stad
308 400 3 4 .
343 400 4 4 .
558 401 39 3 0.
662 392 8 10 »
719 384 117 26 —1,700,000:
852 396 28 2 —

627 424 60 20 Fmk
703 425 133 26 44,154,000:
852 436 29 2 —

194 485 9 21 I
219 485 69 21 rundt
305 486 31 20 tal
352 486 64 21 torde
432 488 163 25 nettorevenyn
611 487 24 20 af
648 487 67 21 dessa
731 487 39 21 län
786 487 94 28 uppgått

125 519 33 21 till
174 519 7 21 i
196 520 38 21 det
249 521 114 20 närmaste
380 521 65 20 Fmk.
462 521 133 26 43,000,000:
611 533 33 9 —.

208 555 133 20 Bankernas
360 555 175 27 sammanlagda
550 555 121 21 inhemska
688 556 148 27 placeringar,
852 555 27 21 de

126 590 25 20 af
170 590 121 21 Städernas
314 589 7 20 i
343 589 99 20 Finland
466 590 188 27 Hypotekskassa
677 590 44 21 och
747 590 135 26 Förenings-

127 624 106 21 Bankens
248 624 8 20 i
272 623 98 21 Finland
381 624 232 27 hypoteksafdelning
623 624 88 27 utgifna
723 624 158 26 amorterings-

126 658 38 21 län
186 658 49 20 däri
255 658 60 21 dock
330 658 50 21 icke
403 658 162 27 inberäknade,
582 659 115 26 uppgingo
714 659 38 20 vid
767 658 114 27 utgängen

127 693 24 20 af
171 693 54 20 1892
247 692 33 21 till
303 693 59 20 Fmk
386 693 138 26 161,358,071
542 693 44 20 och
608 695 61 24 stego
696 694 55 19 1893
771 693 34 20 till
822 692 59 21 Fmk

129 727 144 26 163,962.672,
298 727 54 20 1894
374 727 34 20 till
432 727 59 20 Fmk
515 727 146 26 168,564,126,
686 728 55 20 1895
763 727 34 20 till
822 726 59 21 Fmk

129 761 138 25 192,366,902
283 761 43 20 och
344 761 54 20 1896
413 761 33 20 till
463 761 60 21 Fmk
539 762 147 25 233,399,263.

196 795 35 20 En
255 796 85 19 mätare
363 795 25 20 af
408 795 182 26 omsättningens
611 795 63 21 inom
693 795 79 21 landet
787 794 95 27 liflighet

127 830 25 19 är
173 829 107 27 beloppet
299 829 137 27 utelöpande
452 829 81 27 sedlar,
549 836 51 14 som
620 829 73 21 under
713 830 25 20 är
755 829 54 21 1896
824 835 57 20 upp-

126 863 49 21 nätt
194 870 28 14 en
244 864 68 26 högre
333 863 62 21 siffra
416 864 30 20 än
469 864 117 26 rätteligen
602 864 113 26 nägonsin
731 864 67 20 förut.
829 862 52 21 Fin-

127 897 65 20 lands
214 898 77 19 Banks
308 897 101 21 bilanser
425 898 50 19 från
491 898 60 20 förra
567 898 86 20 hälften
669 898 26 20 af
710 898 54 20 1870
779 898 54 20 talet
848 898 33 19 ut-

127 931 49 21 visa
190 931 130 26 visserligen
330 931 34 21 för
372 931 70 26 nägra
452 931 25 21 är
483 932 70 26 högre
568 931 81 27 siffror,
665 932 34 21 för
713 933 28 19 30
754 931 128 28 september

129 966 53 20 1874
197 965 34 21 till
247 966 44 21 och
306 965 53 21 med
377 968 30 18 ett
426 966 84 27 belopp
529 966 25 20 af
570 966 59 20 Fmk
648 967 133 25 79,775,101.
816 965 66 20 Detta

127 999 99 22 berodde
245 1000 124 21 emellertid
392 1000 18 27 ej
434 1002 89 19 ensamt
542 1000 30 27 pä
592 1000 44 21 den
652 1000 30 21 dä
697 1000 118 27 värkligen
832 1006 51 20 syn-

128 1034 99 27 nerligen
255 1034 123 27 uppdrifna
404 1034 193 27 affärslifligheten
613 1034 7 21 i
636 1034 78 21 landet
732 1035 54 20 eller
804 1033 79 27 därpä,

128 1071 32 18 att
183 1069 173 26 spekulationen
374 1069 105 20 öfverallt
497 1069 7 20 i
525 1069 92 20 verlden
633 1069 30 27 pä
685 1069 76 20 denna
775 1068 33 21 tid
824 1067 60 21 hade

128 1103 126 26 uppdrifvit
273 1103 160 27 varupriserna
451 1103 34 20 till
501 1110 29 13 en
545 1103 179 26 utomordentlig
739 1103 63 27 höjd,
818 1102 7 20 i
839 1108 46 14 me-

128 1137 67 20 deltal
218 1137 36 21 för
275 1137 28 21 de
318 1137 120 27 viktigaste
460 1137 199 28 stapelartiklarna
681 1137 53 21 med
750 1137 52 20 flere
821 1135 64 22 tiotal

129 1173 100 25 procent,
251 1171 34 21 till
306 1171 55 28 följd
384 1172 84 20 hvaraf
484 1171 169 27 omsättningen
676 1172 25 20 af
714 1178 28 14 en
757 1171 47 21 viss
820 1177 66 14 varu-

129 1205 111 21 kvantitet
261 1205 30 21 dä
312 1206 130 21 erfordrade
466 1207 71 20 större
559 1206 84 27 belopp
659 1204 227 23 cirkulationsmedel

130 1241 29 19 än
177 1239 74 22 under
268 1241 105 20 normala
393 1240 166 21 förhällanden.
594 1240 164 26 Förklaringen
778 1241 26 19 är
822 1240 65 19 näm-

130 1274 59 27 ligen
205 1276 32 19 att
255 1274 34 21 till
310 1275 92 27 mycket
420 1277 47 18 stor
485 1275 36 20 del
541 1275 56 20 söka
612 1274 8 21 i
635 1274 38 21 det
688 1273 151 26 förhällande,
855 1275 33 18 att

131 1309 146 20 statsvärkets
301 1309 212 20 öfverskottsmedel
534 1309 59 20 intill
617 1309 175 20 statskontorets
819 1307 68 20 inrät-

130 1343 68 20 tande
223 1343 54 20 1876
298 1343 36 20 väl
356 1343 132 21 förvarades
509 1343 7 19 i
540 1343 111 20 Finlands
673 1343 73 25 Bank,
765 1348 54 14 men
843 1342 45 20 sär-

131 1376 70 21 skildt
223 1376 50 21 frän
296 1376 105 22 bankens
426 1376 171 27 tillhörigheter.
633 1376 37 21 Uti
693 1376 109 21 särskildt
824 1374 67 22 hvalf

132 1411 50 26 lägo
205 1411 98 21 sälunda
325 1411 106 27 miljoner
452 1411 25 21 af
491 1411 110 21 Finlands
618 1411 77 21 Banks
712 1410 82 26 sedlar,
809 1409 80 21 hvilka

131 1444 7 20 i
154 1444 105 21 bankens
274 1445 101 21 bilanser
390 1447 114 25 upptogos
520 1445 77 20 säsom
609 1444 144 27 utelöpande.
777 1442 112 23 Särskildt

201 1489 145 18 Bankutskottets
358 1489 111 18 betänkande
481 1489 38 18 N:o
531 1489 18 18 2.
