1086 1745
474 108 23 21 H
796 110 38 19 127

105 172 35 19 att
159 173 147 25 guvernören
326 171 16 21 S
364 171 79 28 nägon
461 170 46 29 dag
522 171 9 20 i
547 170 83 29 början
647 171 26 20 af
687 171 113 21 Februari
815 171 48 20 mä-

104 209 47 22 nad
174 210 25 21 år
224 212 53 19 1893
300 210 8 21 i
331 210 36 21 sin
382 210 108 21 enskilda
506 210 83 21 bostad
605 210 125 28 emottagit
745 210 45 21 och
804 217 58 22 upp-

104 250 76 21 brutit
202 250 37 21 till
261 250 167 28 länsstyrelsen
451 250 9 21 i
482 251 30 20 M.
531 250 40 21 län
587 250 118 21 ankomna
720 250 144 21 embetsbref

105 290 44 21 och
167 290 72 21 bland
254 290 68 21 dessa
344 291 189 28 ifrägavarande,
551 291 26 20 af
591 293 148 26 guvernören
753 291 9 20 i
777 291 29 20 K.
822 290 40 21 län

103 329 72 29 jemte
198 330 124 21 skrifvelse
345 331 25 20 af
392 330 46 21 den
462 333 24 19 31
511 331 159 28 förutgängne
693 331 99 20 Januari
807 330 54 21 med

104 370 140 28 päkallande
260 371 26 20 af
300 370 237 29 promotorialätgärd
552 371 38 20 till
608 370 254 29 guvernörsembetet
849 366 16 37 i

105 410 154 21 förenämnda
281 411 40 21 län
343 411 73 21 sända
438 411 284 28 utsökningshandlingar
745 413 61 19 samt
826 412 36 18 att

105 454 147 23 guvernören
275 451 29 27 S.,
328 451 29 21 dä
380 451 47 21 han
451 451 81 21 funnit
551 451 46 21 den
611 451 129 28 utsökning
754 450 110 22 handlin-

105 497 73 21 garna
192 491 68 21 rörde
276 499 57 13 vara
347 491 79 22 riktad
442 494 49 19 mot
500 491 93 28 honom,
606 491 93 29 afskiljt
710 491 73 28 sagda
793 491 70 21 skrif-

105 531 63 21 velse
184 531 44 22 och
242 531 142 29 handlingar
398 533 54 20 frän
468 532 28 21 de
513 532 77 29 öfriga
606 531 44 22 och
666 531 76 28 derpä,
759 534 58 19 utan
828 533 36 20 att

106 578 37 13 om
166 571 72 22 saken
260 572 137 21 underrätta
419 573 79 28 nägon
522 573 26 21 af
565 572 176 21 vederbörande
757 572 106 21 föredra-

106 612 76 27 gande
201 613 13 20 &
233 613 232 28 guvernörsembetet
480 614 8 21 i
503 614 31 21 M.
550 614 46 27 län,
613 613 8 21 i
637 613 71 21 slutet
724 613 26 21 af
763 612 100 22 berörda

106 652 112 22 Februari
237 653 85 21 mänad
341 653 96 22 afsändt
452 655 34 19 ett
501 654 46 21 den
563 655 26 20 25
605 653 114 21 Februari
737 655 53 20 1893
807 652 56 28 dag-

106 693 117 28 tecknadt,
240 693 38 22 till
299 697 146 26 guvernören
461 694 8 21 i
492 695 28 20 K.
538 694 39 21 län
593 694 74 21 stäldt
683 694 57 27 bref,
756 693 107 22 innehä]l-

106 733 69 21 lande
198 741 29 14 en
250 734 132 28 förklaring
404 734 8 21 i
432 734 128 28 anledning
576 735 27 20 af
615 734 160 28 utsökningen
788 733 73 28 jemte

106 773 318 29 utsökningshandlingarna,
442 775 123 20 äfvensom
583 776 35 19 att
633 773 228 22 landssekreteraren

106 815 8 20 i
129 814 29 22 K.
174 815 46 27 län,
229 815 141 28 lagmannen
385 815 33 28 L.,
436 823 49 13 som
501 815 26 21 af
541 818 147 25 guvernören
704 814 8 21 i
723 821 88 14 samma
822 813 40 21 län

106 856 27 20 A.
156 855 165 29 bemyndigats
345 859 34 17 att
400 856 9 20 i
431 859 160 25 guvernörens
614 855 110 21 frånvaro
744 855 119 27 uppbryta

107 895 46 21 alla
175 895 37 21 till
234 895 86 22 honom
343 896 116 21 ankomna
482 896 59 27 bref,
565 896 30 20 dä
617 898 148 25 guvernören
780 895 28 21 A.
824 894 38 22 för

106 935 107 21 tillfället
227 936 111 21 befunnit
353 936 35 28 sig
404 937 30 27 pä
448 936 145 28 tjensteresa,
610 937 88 26 öppnat
709 934 155 22 omförmälda

107 976 54 20 bref
177 976 44 21 och
240 976 72 28 derpä
327 976 8 21 i
351 976 72 28 afsigt
439 977 35 19 att
489 976 152 21 äterförsätta
655 975 207 29 utsökningsären-

107 1016 39 20 det
168 1016 8 20 i
199 1016 40 20 det
261 1016 72 28 skick,
350 1018 35 18 att
408 1016 130 21 detsamma
553 1015 79 22 kunde
638 1011 13 38 i
671 1015 73 27 laglig
760 1015 101 29 ordning

107 1055 134 29 behandlas,
258 1057 79 27 nägon
352 1056 45 28 dag
412 1056 9 20 i
436 1056 84 28 början
537 1056 26 20 af
576 1056 63 20 Mars
655 1056 25 20 är
698 1058 52 18 1893
766 1063 97 21 person-

107 1095 63 28 ligen
185 1096 8 20 i
208 1096 30 21 M.
255 1096 52 22 stad
323 1096 154 22 öfverlemnat
492 1096 103 22 nämnda
611 1096 54 21 bref
679 1096 44 21 och
734 1096 128 22 detsamma

107 1136 95 28 bilagda
216 1136 142 30 handlingar
372 1137 9 21 i
396 1137 111 21 afseende
524 1137 13 21 &
552 1136 144 28 förklarings
713 1136 149 22 affordrande

108 1177 26 21 af
147 1180 147 25 guvernören
310 1177 21 21 S.
347 1177 38 21 till
399 1177 143 28 lagmannen
552 1177 35 27 N.,
599 1176 96 22 hvilken
706 1176 45 22 den
764 1179 25 20 15
800 1177 63 21 Mars

107 1218 105 21 tillsstält
234 1218 172 28 handlingarna
429 1221 148 25 guvernören
601 1217 29 27 S.,
654 1219 59 19 samt
736 1219 35 19 att
787 1217 75 21 denne

108 1258 70 28 derpä
200 1258 99 22 behällit
322 1258 116 21 desamma
454 1258 42 21 hos
515 1258 36 28 sig
567 1257 43 21 och
626 1258 66 26 först,
709 1257 60 21 efter
784 1257 40 21 det
840 1257 19 27 ej

107 1298 89 21 mindre
219 1298 232 28 guvernörsembetet
474 1298 8 20 i
505 1298 30 20 K.
558 1298 40 20 län
621 1298 35 20 uti
679 1297 123 21 skrifvelse
825 1296 38 21 till

107 1339 230 28 guvernörsembetet
352 1339 9 21 i
375 1339 30 21 M.
420 1339 47 27 län,
485 1338 149 28 dagtecknad
646 1337 44 22 den
704 1339 24 20 17
739 1337 47 28 Maj
800 1339 62 25 1893,

107 1379 63 29 gjort
184 1379 124 28 förfrägan
324 1387 37 14 om
377 1379 99 22 orsaken
491 1379 38 22 till
545 1379 136 28 dröjsmälet
695 1378 53 21 med
758 1377 105 22 behand-

106 1419 80 29 lingen
210 1420 26 21 af
249 1420 165 28 ifrägakomna
429 1419 236 28 utsökningsärende,
681 1419 96 21 hvilken
793 1418 71 21 skrif-
