1067 1692
193 71 11 17 6
486 68 28 22 U.
530 68 26 22 B.
574 82 28 2 --
618 68 34 22 IH.

191 141 56 20 både
273 142 29 19 tid
319 142 41 20 och
377 142 137 25 erforderligt
531 142 101 20 material
649 141 33 20 för
698 142 135 25 behandling
849 142 24 20 af
887 142 59 20 detta

194 182 45 20 nog
255 177 133 25 vidtgående
404 178 72 20 ämne.
510 178 74 25 Några
600 178 145 20 medlemmar
757 177 66 20 hafva
835 178 110 20 dessutom

195 214 74 18 ansett
291 215 32 17 att
347 214 160 20 Prokuratorns
532 214 116 20 berättelse
672 214 47 19 icke
743 213 63 25 gifvit
826 213 120 25 anledning

194 250 31 18 att
241 250 103 19 särskildt
359 252 97 23 upptaga
472 250 74 20 denna
562 249 68 26 fråga.

268 285 105 26 Slutligen
391 285 32 20 får
438 286 110 20 Utskottet
564 286 115 20 vördsamt
694 286 117 20 hemställa

480 351 32 20 att
532 351 26 21 de
579 349 139 29 synpunkter
739 349 104 22 Utskottet
859 349 42 22 här
916 349 29 27 of-

412 393 42 15 van
476 386 125 27 framhållit
624 386 73 27 måtte,
719 385 36 28 för
778 386 25 21 så
821 385 46 22 vidt
883 385 25 22 de
924 386 23 26 af

414 422 125 22 Ständerna
560 422 108 28 omfattas,
688 422 9 21 i
716 421 112 28 skrifvelse
844 421 32 22 till
893 421 53 22 Pro-

411 458 106 22 kuratorn
536 458 8 21 i
560 458 125 28 Kejserliga
701 457 94 22 Senaten
813 457 75 22 honom
904 457 42 22 del-

409 494 79 28 gifvas.

270 629 7 18 I
299 628 43 20 den
363 629 88 25 slutliga
472 628 164 25 behandlingen
657 628 24 20 af
700 629 60 19 detta
783 628 81 19 ärende
881 627 66 20 hafva

198 663 91 26 deltagit
305 663 148 21 ordföranden
468 665 86 19 Jaakko
571 665 114 22 Forsman,
697 664 150 20 ledamöterne
858 663 90 20 friherre

197 700 23 19 R.
247 700 24 19 A.
297 699 84 24 Wrede,
403 700 74 25 Späre,
498 700 23 19 B.
546 700 20 19 J.
584 699 129 24 Grotenfelt,
730 699 97 23 Kumlin,
844 700 103 22 Jansson,

198 735 55 26 Aug.
279 735 96 21 Juselius
398 737 41 18 och
460 736 111 20 Teittinen
588 737 58 19 samt
662 736 170 25 suppleanterne
848 736 98 21 Ilvonen,

198 771 87 24 Kaitila,
303 772 78 20 Konsti
397 773 41 19 och
454 773 116 19 Kananen.

273 837 141 27 Helsingfors,
432 838 43 20 den
492 840 27 18 24
537 839 43 24 maj
601 840 62 18 1897.

277 1404 136 22 Lagutskottets
426 1403 117 19 betänkande
560 1404 34 17 N:o
609 1404 26 17 14.
