1098 1725
388 143 31 23 U.
433 144 28 22 B.
478 156 28 3 —
521 144 101 21 XXXIV.
867 145 25 20 21

135 207 157 21 erfarenheten
315 207 51 20 från
390 205 45 22 den
450 206 190 27 nästföregäende
649 206 181 28 treärsperioden
842 213 53 21 nog-

135 244 59 18 samt
210 241 126 27 ådagalagt,
348 241 95 21 hvilken
453 241 117 27 betydelse
586 248 28 14 en
630 241 65 27 dylik
710 248 76 14 reserv
802 242 42 20 har
860 242 36 21 för

135 275 77 21 landet
232 275 38 21 vid
286 275 109 21 mötande
411 275 25 21 af
449 276 89 26 tryckta
554 275 64 21 tider.

204 309 45 21 Om
270 309 99 21 sälunda
389 309 109 21 särskildt
519 310 38 20 vid
577 316 33 14 nu
629 310 175 26 ifrägavarande
828 310 68 21 situa-

135 344 49 21 tion
205 344 28 20 de
254 344 114 26 tillfälliga
393 344 223 26 räntestegringarna
636 344 7 20 i
663 344 105 21 utlandet
782 344 8 20 i
806 344 89 21 mindre

136 378 54 21 män
198 379 30 19 än
236 378 87 26 vanligt
330 378 90 26 tvungit
448 378 93 21 Finlands
552 378 66 21 Bank
628 380 32 19 att
668 378 54 27 höja
731 378 36 21 sin
776 380 72 25 ränta,
855 385 41 14 var

136 412 103 21 däremot
263 412 38 21 det
319 412 88 27 jämväl
429 412 129 28 äberopade
579 412 101 27 motivet,
699 414 32 19 att
751 412 107 28 beloppet
873 413 26 20 af

136 446 28 21 de
188 447 137 27 utelöpande
347 446 106 22 sedlarna
476 447 67 21 ökats
567 447 3 20 i
593 446 225 27 anmärkningsvärd
834 447 61 26 män,

137 481 69 27 enligt
227 482 125 20 Utskottets
368 481 76 27 tanke,
460 481 8 21 i
487 482 44 20 och
548 481 35 21 för
599 481 33 27 sig
648 483 30 19 ett
693 481 203 27 tillfyllesgörande

138 516 50 20 skäl
211 516 34 21 för
267 522 29 15 en
318 522 92 14 varsam
433 515 97 27 höjning
553 516 25 20 af
596 517 90 19 räntan.
718 516 110 28 Beloppet
848 516 25 20 af
889 516 6 20 i

136 550 78 21 landet
235 550 159 21 cirkulerande
416 550 82 27 sedlar,
519 557 50 14 som
589 550 39 21 vid
650 550 113 27 ingängen
780 551 24 20 af
816 550 81 22 treärs-

137 585 108 27 perioden
270 585 104 27 utgjorde
399 585 108 26 omkring
535 585 28 20 44
586 585 64 27 milj.,
674 585 59 20 hade
756 585 54 21 efter
832 585 64 21 hand

138 621 100 24 stegrats,
260 619 25 21 sä
304 621 33 18 att
351 619 129 21 detsamma
496 619 39 21 vid
552 619 68 21 slutet
636 619 25 20 af
676 620 54 19 1895
747 619 100 28 uppgick
861 619 34 20 till

137 653 63 21 öfver
214 654 28 20 56
260 653 54 27 milj.
332 654 44 20 och
392 653 6 21 i
415 654 68 20 slutet
498 653 25 21 af
529 653 133 28 September
672 654 54 20 1896
734 653 34 21 till
776 654 57 27 62!/,
840 653 56 27 milj.

139 687 77 21 Under
238 688 78 27 loppet
331 688 26 20 af
370 688 97 21 oktober
482 688 86 21 mänad
584 688 87 21 ökades
687 688 129 21 detsamma
830 690 67 25 ytter-

138 721 76 27 ligare,
237 722 26 21 sä
285 724 32 19 att
340 729 108 14 summan
470 722 39 21 vid
532 722 128 21 mänadens
680 723 46 20 slut
747 722 100 27 uppgick
862 721 34 21 till

139 756 59 21 Fmk
221 757 126 26 66,685,533
366 757 54 20 eller
435 763 64 14 mera
515 758 29 19 än
566 757 114 26 nägonsin
702 757 66 26 förut,
788 763 38 14 om
842 763 54 14 man

138 790 88 21 fränser
240 791 28 20 de
283 791 61 20 förut
359 791 7 20 i
384 791 157 20 betänkandet
556 791 97 20 berörda
670 791 163 27 exceptionella
851 790 45 21 siff-

139 831 68 14 rorna
223 825 49 20 från
288 825 81 27 början
385 825 30 27 pä
432 825 125 21 1870-talet.
588 825 82 21 Denna
682 825 87 26 ökning
784 825 26 20 af
815 825 27 20 de
851 827 46 18 ute-

139 858 99 28 löpande
258 859 106 21 sedlarna
386 859 90 21 utöfver
497 859 38 21 det
549 860 106 20 normala
671 859 97 20 innebar
788 861 31 19 ett
833 858 64 21 bevis

139 892 79 28 därpä,
234 896 32 18 att
280 893 35 21 för
329 893 63 21 tiden
407 893 72 21 rädde
494 900 49 14 mer
558 895 30 19 än
604 894 88 26 vanligt
704 893 55 27 liflig
771 893 126 21 affärsföre-

139 928 128 25 tagsamhet
278 928 45 20 och
337 928 152 27 spekulation.
525 928 52 21 Men
592 928 48 26 just
656 928 74 20 under
745 928 87 20 sädana
840 927 58 21 tider

140 962 25 20 är
180 961 37 21 det
232 962 83 26 riktigt,
331 964 32 18 att
384 962 37 21 det
437 962 195 26 sedelutgifvande
654 962 111 21 institutet
786 962 50 20 icke
858 968 40 14 no-

139 998 60 18 terar
221 1003 28 14 en
270 998 119 25 räntesats,
413 1003 50 14 som
487 996 76 21 alltför
578 996 92 27 mycket
693 996 142 26 understiger
853 996 44 20 den

140 1030 54 27 eljes
214 1030 7 20 i
237 1030 77 21 landet
329 1030 108 21 rädande.
469 1030 36 21 En
525 1030 85 27 lindrig
624 1030 97 28 höjning
737 1030 6 21 i
758 1030 52 21 dess
826 1032 72 18 ränte-

140 1067 46 18 sats
202 1066 26 19 är
250 1065 73 21 under
346 1064 87 22 sädana
456 1064 162 22 förhällanden
639 1064 74 27 egnad
733 1067 32 18 att
780 1064 117 21 föranleda

140 1106 27 14 en
194 1099 142 27 försiktigare
359 1099 128 26 beräkning
510 1099 25 21 af
553 1099 193 21 vinstchancerna
768 1099 35 20 för
818 1098 80 26 ifräga-

140 1135 58 19 satta
213 1140 46 21 nya
274 1134 86 26 företag
375 1134 44 21 och
435 1133 73 21 andra
524 1133 242 28 affärsspekulationer
782 1133 44 21 och
844 1132 53 27 kan,

140 1167 7 21 i
168 1167 33 21 tid
223 1168 112 27 vidtagen,
357 1168 145 21 förekomma
523 1175 85 14 annars
631 1168 122 21 framdeles
776 1167 122 28 päkallade

141 1203 70 20 större
227 1203 142 26 rubbningar
386 1202 6 21 i
408 1202 249 21 ränteförhällandena.

210 1271 73 22 Sedan
306 1271 82 28 början
411 1271 26 21 af
454 1271 142 21 sistförlidna
616 1271 25 21 är
659 1272 43 20 har
720 1271 34 21 för
769 1273 78 25 öppna
862 1271 37 20 de-

140 1305 126 28 positioner
280 1306 7 20 i
304 1305 111 21 Finlands
432 1306 67 20 Bank
515 1312 28 14 en
559 1312 31 21 ny
606 1306 60 21 form
681 1305 59 21 varit
752 1305 82 26 införd,
846 1305 7 20 i
862 1305 38 21 det

140 1339 79 28 dylika
241 1340 111 27 deposita,
373 1347 50 14 som
446 1340 62 21 förut
530 1340 26 20 af
574 1340 93 21 banken
688 1342 114 24 mottogos
818 1339 82 21 endast

140 1373 74 21 under
233 1374 168 26 förutsättning,
423 1376 33 18 att
473 1374 67 23 deras
559 1374 139 26 förvaltning
716 1373 184 21 öfverlämnades

140 1407 24 21 ät
184 1408 100 26 banken,
305 1415 97 14 numera
422 1410 114 24 mottagas
556 1407 88 28 jämväl
666 1410 55 18 utan
742 1407 158 26 förvaltnings-

141 1442 135 27 skyldighet.
319 1443 81 20 Denna
423 1442 206 27 depositionsform
651 1442 64 21 torde
741 1442 7 20 i
773 1442 127 21 allmänhet

209 1487 147 18 Bankutskottets
368 1487 112 17 betänkande
491 1487 39 17 N:o
543 1487 18 18 2.
