1095 1767
216 151 14 21 4
339 150 29 23 U.
383 150 28 24 B.
426 164 29 3 —
471 152 189 23 Ständerhusets
676 152 175 30 Gatvelgrupp.

214 212 130 28 utförande,
369 214 44 22 och
434 214 43 23 har
499 215 134 22 densamma
654 215 116 29 tillstyrkt
792 217 35 21 att
848 215 73 29 priset
942 216 30 28 pä

214 247 153 23 konstvärket
388 249 74 21 mätte
475 249 103 29 förhöjas
593 250 51 21 frän
662 251 79 26 37,200
756 250 65 22 mark
836 250 38 22 till
889 250 83 22 ätmin-

214 283 68 20 stone
304 283 76 27 50,000
403 284 72 26 mark,
498 284 120 22 äfvensom
640 284 105 22 förordat
764 286 35 20 att
814 284 107 29 anslaget
935 283 37 23 för

214 316 136 29 emballage,
372 319 119 27 transport
513 318 44 22 och
577 318 163 30 uppställning
758 318 55 22 frän
827 319 65 27 4,000
906 318 66 22 mark

214 350 74 22 mätte
302 350 65 30 höjas
382 351 37 22 till
434 353 63 26 6,000
512 352 73 22 mark.

283 385 34 22 Pä
331 386 76 28 grund
422 386 27 22 af
461 386 62 22 hvad
538 386 122 23 Utskottet
674 386 99 22 sälunda
789 386 122 25 inhämtat,
928 386 43 22 och

214 418 30 23 dä
259 419 51 22 icke
325 420 98 22 allenast
430 420 68 30 billig
505 421 93 29 hänsyn
606 422 74 21 måste
688 423 66 27 tagas
765 421 38 22 till
811 421 28 22 de
847 420 124 23 kostnader

214 453 44 22 och
280 454 140 29 motigheter
438 455 143 30 Skulptören
595 456 129 22 Wikström
739 456 75 22 under
828 456 44 22 och
887 463 83 22 genom

213 495 33 14 nu
260 488 178 30 ifrägavarande
453 490 78 22 arbete
544 490 73 22 redan
626 491 46 22 fätt
683 490 138 28 vidkännas,
830 493 59 19 utan
901 490 70 22 äfven

214 522 81 23 därtill
317 525 35 20 att
370 523 153 23 konstvärket
541 525 8 21 i
565 525 36 22 sin
615 525 80 22 helhet
710 525 82 22 endast
809 525 76 22 skulle
899 525 73 21 vinna

213 557 31 29 pä
267 560 35 19 att
322 557 47 22 han
391 559 53 21 med
467 559 96 22 odeladt
584 559 98 22 intresse
699 559 79 22 kunde
801 567 61 21 egna
883 559 37 22 sin
935 559 35 22 tid

214 591 25 22 ät
264 592 94 27 arbetet,
380 592 42 23 har
437 593 122 22 Utskottet
577 593 96 22 beslutit
694 594 42 22 hos
758 593 131 22 Ständerna
904 593 67 22 vörd-

214 628 60 20 samt
289 627 84 22 föreslä

500 699 32 19 att
547 697 36 21 det
593 697 43 28 för
652 697 129 28 utförandet
793 698 32 27 af
827 697 144 29 gafvelgrup-

418 738 45 21 pen
475 732 35 20 till
519 732 155 21 Ständerhuset
682 732 68 21 redan
759 731 107 28 beviljade
872 733 98 27 anslaget

421 766 31 27 af
470 767 83 24 37,200
575 766 62 21 mark
659 767 65 20 mätte
744 767 68 27 enligt
827 767 143 21 konstnärens

420 799 147 29 beräkningar
584 801 64 26 höjas
662 801 36 21 till
713 801 80 25 54,800
809 801 70 26 mark,
893 801 77 27 äfven-

420 841 46 14 som
487 835 100 28 anslaget
603 835 43 28 för
664 835 150 21 konstvärkets
834 835 136 28 inpackning

420 869 39 20 och
482 869 153 28 försändning
660 870 35 21 till
721 869 249 28 uppställningsplatsen

415 903 60 28 från
506 905 66 23 4,000
600 904 34 21 till
664 905 66 24 6,000
760 903 69 26 mark,
858 906 56 19 samt
938 906 32 19 att

421 937 124 22 Ständerna
561 938 83 21 säledes
654 938 49 21 ville
707 938 43 27 för
758 938 126 21 ändamälet
892 937 78 28 bevilja

420 974 28 18 ett
459 971 181 28 tillskottsanslag
648 973 32 27 af
685 972 197 21 sammanräknadt
890 973 79 27 19,600

419 1005 68 22 mark.

282 1073 36 22 Dä
333 1073 40 22 det
387 1073 37 22 för
439 1074 133 22 ändamälet
582 1074 40 22 vid
631 1076 91 20 senaste
732 1074 115 29 landtdag
854 1074 115 29 beviljade

212 1107 107 29 anslaget
333 1107 27 22 af
371 1108 173 29 sammanlagdt
558 1109 78 27 41,200
648 1109 72 28 mark,
729 1108 130 22 emellertid
866 1109 104 22 kommer

212 1143 36 20 att
270 1149 49 14 mer
340 1145 31 18 än
393 1143 39 21 väl
452 1145 117 19 motsvara
585 1143 28 22 de
627 1143 105 28 utgifter,
748 1149 49 16 som
812 1143 75 21 under
901 1143 69 22 först-

211 1175 140 22 kommande
361 1177 154 28 treärsperiod
525 1177 37 22 för
570 1177 88 22 arbetet
666 1177 121 27 erfordras,
798 1177 43 22 har
847 1177 124 22 Utskottet

211 1209 52 22 icke
285 1212 77 19 ansett
383 1211 85 28 nödigt
489 1213 35 20 att
540 1211 9 22 i
564 1211 260 30 bevillningsbudgeten
839 1211 38 22 för
891 1211 77 22 denna

210 1243 83 30 period
302 1244 99 29 uppföra
409 1244 41 23 det
457 1245 132 29 föreslagna
596 1245 227 30 tillskottsanslaget,
832 1248 58 20 utan
897 1245 71 23 borde

211 1277 128 23 detsamma
359 1279 41 22 vid
415 1279 215 22 förstinstundande
645 1279 113 30 landtdag
773 1280 52 22 däri
844 1282 122 27 upptagas.

280 1313 122 22 Utskottet
423 1313 43 23 har
487 1313 112 30 slutligen
619 1314 37 22 till
676 1314 111 30 pröfning
806 1314 103 22 förehaft
922 1314 47 22 frä-

210 1354 48 22 gan
280 1354 38 15 om
339 1347 186 23 bestämmandet
546 1348 27 22 af
591 1348 39 22 det
650 1348 122 23 definitiva
786 1348 132 22 materialet
931 1348 37 22 för

210 1381 164 22 konstvärkets
395 1382 132 22 utförande.
557 1382 12 22 I
591 1382 65 23 detta
675 1383 110 22 afseende
799 1382 43 23 har
856 1382 112 30 muntligt

209 1415 123 23 utlåtande
346 1414 63 24 inför
424 1416 122 22 Utskottet
555 1417 107 29 afgifvits
673 1417 20 29 ej
702 1417 91 23 mindre
801 1417 27 23 af
836 1417 132 22 ledamoten

209 1450 9 21 i
240 1450 150 28 Bestyrelsen
411 1450 39 22 för
471 1450 197 30 gafvelgruppens
691 1451 125 23 utförande
831 1451 137 23 Professorn

282 1496 141 20 Statsutskotteis
436 1498 110 18 betänkande
558 1498 39 18 N:o
608 1498 29 18 12.
