1084 1764
781 213 50 17 1893.
839 209 8 32 |
856 213 50 18 1894.
911 209 8 32 |
931 213 50 18 1895.

263 311 50 15 som
333 305 103 22 medfört
458 305 139 29 suspension
616 305 54 21 från
685 305 58 28 tjen-
913 267 3 192 |

913 460 2 10 !

913 473 2 18 |

913 510 2 29 |

236 330 2 44 |
292 346 61 20 sten:

236 378 2 9 |
292 391 74 21 under
382 393 11 19 2
409 391 111 22 månader
560 409 4 3 .
596 409 4 3 .
632 409 4 3 .
704 408 40 5 0.0.
798 403 26 3 —1|
872 404 27 3 —
963 393 10 19 1

322 441 10 9 »
383 433 12 20 3
455 441 10 10 »
559 449 41 4 sr
631 449 4 4 ks
667 449 4 4 ke
704 449 38 3 SUNI
797 443 28 3 —
872 444 28 3 —
963 434 9 19 1

323 481 9 9 »
381 474 13 19 4
455 481 10 10 »
703 488 39 5 L
797 483 28 4 —
872 484 27 3 —
962 473 10 20 1
988 460 3 32 |

962 513 27 26 2|

812 513 12 19 w

872 524 28 3 I

263 518 49 14 som
327 511 50 22 ledt
391 511 37 22 till
443 512 116 29 tjenstens
574 511 87 22 förlust

303 625 35 22 De
353 625 50 28 fall,
419 626 30 21 då
464 626 146 21 hofrätterne
625 625 81 22 ådömt
716 625 138 28 suspension
865 625 57 22 eller
931 626 60 28 tjen-

235 667 64 20 stens
315 665 86 22 förlust
416 670 39 17 äro
472 665 115 30 följande:

303 705 90 22 Genom
415 706 79 28 utslag
516 706 27 21 af
564 706 46 21 den
633 708 26 19 29
675 706 49 29 Maj
741 707 54 20 1893
812 705 94 22 dömdes
922 706 68 28 borg-

233 747 118 20 mästaren
366 746 9 21 i
390 753 29 14 en
434 747 27 20 af
474 746 92 21 landets
582 746 79 21 städer
677 748 35 19 att
727 745 37 22 för
778 746 114 21 särskilda
904 746 32 21 fel
947 746 43 21 och

233 786 173 22 försummelser
421 787 8 21 i
444 787 104 29 tjensten
563 787 74 22 varda
651 787 37 21 sin
699 787 233 28 borgmästaretjenst
943 787 47 21 för-

231 825 80 30 lustig.

302 866 47 21 Till
373 867 114 28 tjenstens
502 867 87 21 förlust
607 866 101 29 dömdes,
725 866 53 21 med
794 866 53 21 stöd
862 866 27 21 af
902 866 86 28 Kongl.

232 905 79 30 Kung.
335 906 46 21 den
397 908 11 20 5
423 906 133 22 November
577 909 61 24 1782,
654 905 122 30 angående
791 913 84 15 ansvar
890 906 38 21 för
944 913 45 14 em-

232 945 108 22 betsmän
356 946 44 21 och
415 946 105 29 betjente
535 946 41 22 vid
592 946 146 28 Civilstaten,
754 953 51 14 som
820 945 51 22 sina
881 945 108 22 embeten

232 986 133 28 försumma,
383 993 28 14 en
426 986 141 29 tjensteman
581 986 9 21 i
605 986 115 21 Finlands
737 985 69 22 Bank
816 993 84 20 genom
911 985 78 29 utslag

232 1026 28 21 af
273 1025 45 22 den
335 1028 25 19 29
376 1026 47 29 Maj
442 1028 60 20 1893.

301 1065 166 23 Sekreteraren
482 1067 8 21 i
505 1074 29 14 en
550 1067 27 21 af
589 1067 93 21 landets
704 1066 117 22 hofrätter
840 1065 95 22 dömdes
950 1073 39 20 ge-

231 1113 56 14 nom
308 1106 85 28 utslag,
417 1114 50 14 som
488 1107 81 28 utgafs
590 1107 46 21 den
653 1109 25 19 16
693 1106 115 22 Februari
824 1107 61 26 1895,
902 1107 35 20 att
951 1105 38 22 för

231 1146 166 29 försumlighet
412 1147 45 21 och
471 1147 148 22 vårdslöshet
633 1154 57 15 vara
706 1146 62 22 skild
783 1147 54 21 från
848 1145 141 28 utöfningen

231 1186 28 21 af
271 1186 38 21 sin
323 1187 74 28 tjenst
411 1187 75 22 under
501 1187 40 21 två
556 1187 118 21 månader.

300 1227 37 20 En
360 1227 221 28 stationsinspektor
604 1227 96 21 dömdes
722 1233 85 22 genom
829 1226 45 21 den
898 1227 11 20 2
925 1225 63 22 Mars

233 1268 54 20 1895
303 1266 103 29 utgifvet
421 1267 79 28 utslag
519 1269 36 19 att
576 1267 38 21 för
636 1266 153 29 försnillning
812 1266 27 21 af
852 1265 137 22 omhänder-

229 1305 75 22 hafda
318 1306 196 28 penningemedel
530 1307 99 21 afsättas
646 1307 55 21 från
711 1306 37 21 sin
758 1305 75 29 tjenst
843 1307 60 20 samt
913 1305 75 21 hållas

229 1346 52 21 åtta
296 1346 26 21 år
336 1346 8 21 i
360 1346 99 21 tukthus
482 1346 121 22 äfvensom
626 1348 35 20 att
684 1346 137 21 derutöfver
843 1352 57 15 vara
914 1344 75 22 under

229 1385 48 22 fem
294 1386 37 21 års
346 1385 36 22 tid
398 1386 98 29 ovärdig
511 1388 35 19 att
560 1386 91 29 nyttjas
666 1386 36 21 uti
716 1385 93 22 landets
825 1385 79 29 tjenst.
