1100 1761
110 1025 102 18 Bankkom-

114 1054 96 17 missarie-

110 1083 104 21 tjensterna.

267 134 28 21 34

237 203 38 20 der
297 203 90 27 Augusti
409 203 38 22 och
467 204 123 27 September
607 204 103 21 månader
729 203 130 22 fortfarande
874 203 127 22 handhafva.

239 237 123 27 Ytterligare
382 238 158 27 tjenstledighet
559 238 32 21 för
611 238 95 27 sjukdom
727 237 114 28 beviljades
856 237 24 22 af
892 238 109 21 Bankfull-

236 272 93 26 mäktige
352 272 40 21 den
417 273 24 20 17
465 273 59 27 April
548 273 55 21 1895
622 273 22 20 åt
662 273 182 20 Bankdirektören
864 272 137 27 Charpentier

236 306 68 21 under
327 312 26 15 en
376 306 38 22 och
438 313 26 15 en
486 306 47 22 half
552 307 84 26 månad,
655 307 91 21 räknadt
764 306 47 21 från
831 306 41 21 den
891 307 28 21 25
934 306 65 28 April,

236 340 115 27 hvarjemte
374 340 194 28 Bankfullmäktige
589 341 72 21 biföllo
680 341 149 21 Direktionens
844 340 156 27 framställning

237 374 72 22 derom
332 376 31 20 att
380 376 99 20 Bankens
498 375 128 27 förvaltning
646 376 68 20 under
729 375 66 27 sagda
811 375 31 21 tid
857 375 55 27 finge
928 375 24 21 af
964 375 37 20 Di-

237 410 118 21 rektionens
372 411 30 20 tre
418 410 67 27 öfriga
500 410 116 21 ledamöter
632 410 137 21 handhafvas.

306 444 41 21 För
368 451 46 14 resa
437 445 32 20 till
491 444 96 21 utlandet
606 444 101 27 beviljade
726 443 118 27 Kejserliga
860 443 98 28 Senaten,
974 443 26 28 på

236 479 157 26 framställning
408 479 23 20 af
443 479 200 26 Bankfullmäktige,
660 479 40 20 den
716 479 27 20 31
759 477 58 22 Mars
834 478 54 21 1896
900 478 20 21 åt
930 478 70 21 Bank-

237 513 118 21 direktören
371 513 105 27 Bergbom
491 513 159 27 tjenstledighet
665 513 46 21 från
727 513 38 21 och
781 512 49 21 med
846 512 40 21 den
904 513 26 20 16
941 513 58 26 April

236 547 33 21 till
285 547 38 21 och
341 547 48 21 med
408 548 41 21 den
470 548 26 21 15
510 547 45 22 Juli
571 554 81 14 samma
667 548 28 26 år,
712 547 116 27 hvarjemte
845 546 155 22 Ombudsman-

236 588 42 14 nen
294 582 7 20 i
315 581 89 21 Banken
414 582 64 20 Ernst
492 582 72 21 Viktor
574 588 41 14 von
625 582 113 20 Rehausen
749 582 6 20 i
767 581 95 27 enlighet
871 581 49 21 med
929 581 71 20 Bank-

236 616 142 27 fullmäktiges
394 616 78 27 förslag
494 616 24 21 af
538 616 93 21 Senaten
650 616 135 21 förordnades
809 616 32 20 att
859 615 67 21 under
941 615 58 21 tiden

236 650 78 21 förestå
330 651 30 20 ett
375 650 184 22 direktörsembete
575 650 7 21 i
597 650 198 21 Bankdirektionen.

307 685 105 27 Föröfrigt
426 685 63 21 hafra
504 685 193 26 Bankfullmäktige
715 684 86 27 beviljat
815 684 184 21 medlemmarne
989 680 14 36 i

236 719 192 21 Bankdirektionen
451 720 201 26 semesterledighet,
668 726 26 14 en
710 720 52 20 hvar
780 718 68 22 under
868 725 35 14 sex
918 718 79 27 veckor,

238 754 56 20 samt
309 754 107 21 förordnat
431 761 34 14 om
480 754 225 21 direktörsembetenas
721 753 135 21 bestridande
868 753 67 21 under
946 753 54 21 före-

237 788 94 21 nämnda
345 788 123 27 ledigheter.

306 822 151 28 Fullmäktiges
472 822 128 22 föreskrifter
616 823 107 27 angäende
739 822 101 21 Bankens
856 822 89 21 embets-
961 822 38 21 och

237 856 137 27 tjenstemäns
394 857 193 26 semesterledighet
605 857 50 26 ingä
670 857 6 21 i
692 857 86 21 brefven
794 856 33 21 till
842 856 158 21 Bankdirektio-

237 897 42 14 nen
295 891 31 20 för
341 891 41 20 den
398 891 27 22 22
440 891 42 27 Maj
499 891 62 26 1894,
579 892 24 20 11
620 891 64 25 Mars,
701 892 24 20 11
737 890 43 27 Maj
793 890 39 21 och
842 890 28 21 28
880 890 52 21 Juni
944 890 56 22 1895

237 926 57 19 samt
311 925 25 21 13
351 925 49 27 Maj,
419 926 26 21 10
459 925 57 26 Juni,
534 926 26 21 27
576 925 44 22 Juli
636 925 38 21 och
692 926 26 21 12
732 925 90 26 Augusii
840 924 61 21 1896.

585 989 12 26 $
613 989 33 20 21.

307 1028 70 21 Sedan
400 1028 193 27 tjenstförrättande
616 1027 217 22 bankkommissarien
848 1027 35 21 vid
898 1027 101 21 Finlands

236 1063 73 20 Banks
331 1063 134 27 provisionelt
486 1063 104 21 inrättade
614 1063 74 21 kontor
705 1063 7 20 i
731 1062 118 28 Jyväskylä
864 1061 70 27 Yngre
950 1062 49 20 bok-

236 1097 94 21 hällaren
346 1097 6 21 i
368 1097 88 22 Banken
475 1098 94 21 Filosofie
587 1098 116 26 Magistern
721 1097 67 22 Adolf
800 1096 97 21 Leonard
913 1095 84 28 Nyman

236 1131 41 21 den
293 1133 26 20 26
335 1132 90 27 Augusti
442 1132 55 21 1894
512 1132 66 21 aflidit
593 1134 55 19 samt
663 1131 194 26 Bankfullmäktige
871 1130 47 21 lätit
933 1130 65 27 ledig-

236 1166 59 20 anslä
313 1166 110 21 vikariatet
442 1167 32 21 för
492 1165 347 27 bankkommissariebefattningen
855 1164 34 21 vid
905 1164 92 21 nämnda

234 1200 81 27 kontor,
330 1200 94 27 ingäfvos
440 1201 7 20 i
462 1201 74 21 sädant
551 1200 97 22 afseende
660 1200 141 26 ansökningar
812 1198 24 22 af
844 1199 108 21 Kassören
963 1198 34 21 vid

234 1234 102 21 Finlands
358 1235 72 21 Banks
452 1236 73 20 kontor
542 1235 8 21 i
569 1235 31 21 S:t
619 1235 127 27 Petersburg
765 1234 50 20 Ivar
834 1233 66 21 Oskar
915 1232 81 26 Ruotzi,

235 1268 172 22 Wexelkassören
429 1270 35 20 vid
483 1270 98 20 Bankens
600 1269 155 21 hufvudkontor
770 1268 66 21 Ernst
850 1267 76 21 Broms
943 1268 54 19 samt

234 1302 195 27 tjenstförrättande
444 1304 128 21 Kassörerne
588 1304 35 20 vid
638 1304 99 20 Bankens
753 1303 76 21 kontor
844 1302 6 20 i
862 1302 68 20 Kotka
940 1300 57 22 Kon-

234 1337 160 21 torsskrifvaren
415 1338 53 21 Paul
490 1338 65 21 Rurik
574 1338 106 25 Roschier,
695 1338 8 20 i
718 1337 84 27 Kuopio
817 1335 181 22 Kontorsskrifva-

233 1378 38 14 ren
287 1372 69 20 Alexis
372 1372 76 21 Ossian
464 1373 114 21 Wallenius
594 1373 38 21 och
648 1372 5 21 i
669 1372 117 28 Jyväskylä
801 1370 80 22 Arthur
896 1370 49 21 Olof
959 1370 38 20 Pe-

234 1406 77 20 sonius.
341 1406 29 21 Af
383 1406 128 22 förbemälde
527 1406 91 22 sökande
633 1406 108 21 förordade
758 1404 196 26 Bankfullmäktige
965 1404 31 20 uti

233 1440 134 27 underdänig
385 1441 106 23 skrifvelse
509 1440 32 22 för
560 1441 40 21 den
617 1441 27 21 15
660 1440 125 28 September
801 1439 56 21 1894
872 1439 32 21 för
920 1438 76 21 befatt-

233 1473 79 27 ningen
334 1474 106 21 Kassören
462 1475 80 27 Ruotzi,
566 1481 45 14 som
630 1475 78 26 jemväl
727 1474 23 21 af
769 1473 119 27 Kejserliga
903 1472 93 21 Senaten
