1098 1773
206 142 13 21 6
475 144 28 22 U.
520 144 29 22 B.
565 157 27 2 —
607 145 100 20 XXXIV.

276 205 8 20 I
301 206 99 27 enlighet
415 207 53 21 med
483 207 191 21 länekonsortiets
690 207 112 27 ätagande
812 209 40 20 äro
868 207 96 21 berörda

207 239 156 28 obligationer,
395 241 80 21 hvilka
504 241 33 21 till
564 242 166 26 öfvervägande
757 242 36 21 del
819 242 111 27 placerats
956 241 7 20 i

207 273 134 28 Frankrike,
355 275 87 27 jämväl
459 276 13 20 ä
487 276 85 21 börsen
587 276 7 20 i
611 276 63 21 Paris
691 276 113 21 noterade.

92 313 12 23 $
116 313 20 18 2:
279 308 8 21 I
309 309 76 21 Berlin
407 310 43 21 har
471 310 113 21 Finlands
600 311 66 20 Bank
682 311 86 26 antagit
784 313 30 18 ett
829 311 72 20 andra
917 317 47 14 om-

90 342 86 18 Bankens
206 343 59 25 bud;
288 343 30 21 dä
339 344 92 21 banken
458 345 69 26 enligt
551 345 75 26 regeln
649 345 43 20 har
713 345 130 27 betydande
861 345 103 25 tillgodo-

102 371 71 17 ombud.
206 377 132 22 hafvanden
367 379 14 20 å
413 379 88 20 nämda
527 381 41 24 ort,
592 386 67 20 synes
682 379 79 21 dessas
784 379 128 26 fördelning
934 378 29 27 på

207 411 52 22 flere
282 412 89 21 händer
393 420 54 14 vara
471 413 102 22 rationel.
606 413 8 21 I
638 409 116 26 Österrike
777 414 44 21 och
843 413 120 28 Ryssland,

206 446 92 21 hvarest
321 447 130 22 äfvenledes
474 455 46 20 nya
543 448 151 21 förbindelser
712 448 126 26 anknutits,
854 448 42 21 har
912 447 52 21 Fin-

206 481 67 20 lands
289 481 66 20 Bank
371 482 6 20 i
393 483 127 20 allmänhet
538 483 50 20 icke
604 483 66 20 hållit
688 484 70 19 större
774 482 190 27 tillgodohafvan-

206 515 52 26 den,
280 516 44 20 och
345 516 59 21 afser
426 517 160 27 anknytandet
608 517 26 20 af
647 517 150 20 förbindelser
813 517 6 20 i
835 517 66 20 dessa
917 517 46 20 län-

206 549 40 21 der
266 550 77 21 därför
366 551 193 27 hufvudsakligen
582 551 58 21 blott
663 551 131 21 utförandet
814 551 26 20 af
852 551 111 20 förekom-

206 584 84 21 mande
312 585 201 28 inkassouppdrag
536 586 44 21 och
599 586 79 27 dylika
694 585 149 28 operationer.
874 586 32 20 De
925 591 38 14 an-

206 621 69 24 tagna
298 626 46 21 nya
367 620 118 21 ombuden
504 622 39 19 äro
560 621 45 20 alla
621 620 156 26 aktiebanker,
794 620 44 21 och
854 620 42 21 har
911 619 52 21 med

207 653 124 27 anledning
355 654 68 21 däraf
443 655 63 21 inom
528 655 113 20 Utskottet
660 654 144 26 framhållits,
828 653 135 22 hurusom
950 649 16 36 i

207 687 81 27 själfva
311 689 80 20 värket
413 689 28 21 de
465 691 60 19 stora
546 689 182 21 aktiebankerna
750 689 96 26 erbjuda
862 689 43 21 den
921 689 43 20 för-

206 721 44 27 del,
273 725 32 18 att
328 723 65 21 deras
417 724 108 26 ställning
549 723 147 27 regelbundet
718 723 130 27 publiceras
871 723 43 21 och
930 723 33 20 så-

207 756 70 21 lunda
301 757 47 20 kan
369 758 72 21 blifva
462 758 96 21 föremål
577 759 34 20 för
630 757 101 27 offentlig
750 757 75 21 kritik.

91 785 13 22 $
133 791 6 11 3:
276 792 117 27 Förslaget
414 792 34 21 till
470 793 195 27 omorganisation
688 792 25 20 af
725 792 76 20 finska
817 792 146 21 statsvärkets

97 819 85 33 Bankens
206 826 78 20 kassa-
306 827 44 20 och
373 827 251 28 räkenskapsväsende,
647 827 87 21 hvilket
757 826 119 28 uppgjorts
894 826 24 20 af
934 832 28 14 en

82 844 111 31 medvärkan
339 861 3 4 a
590 861 26 6 k
644 862 6 5 8
764 861 6 6 2
843 860 4 4 b
906 861 8 4 a

69 876 31 18 vid
111 878 88 16 stalsvär-
206 860 52 20 utaf
274 866 130 22 regeringen
425 862 91 20 nedsatt
531 862 93 26 komit6,
641 862 91 27 åsyftar,
749 868 77 14 såsom
839 860 87 28 jämväl
942 859 24 21 af

79 905 37 17 kets
131 905 63 18 kassa-
208 895 222 27 Bankfullmäktiges
446 896 119 21 berättelse
582 896 105 26 framgår,
704 898 32 19 att
751 895 146 22 statsvärkets
909 895 55 20 kon-

102 933 71 18 rörelse.
206 931 64 19 tanta
290 930 121 27 tillgångar
431 930 121 21 framdeles
573 931 73 20 skulle
668 930 102 21 förvaras
792 930 42 21 hos
853 928 111 21 Finlands

208 964 66 20 Bank
297 967 60 18 samt
379 967 32 18 att
437 965 147 20 statsvärkets
609 964 97 21 likvider
728 965 8 20 i
759 963 128 28 betydande
909 963 55 20 mån

208 998 74 21 skulle
302 1004 83 21 genom
408 999 93 21 banken
525 999 129 20 förmedlas.
686 999 145 20 Detsammas
850 997 114 27 genomfö-

207 1033 71 20 rande
302 1033 137 27 förutsätter,
455 1036 32 18 att
502 1033 93 21 banken
611 1033 155 28 upprätthölle
782 1033 83 20 kontor
879 1032 7 20 i
898 1033 67 19 samt-

208 1066 44 27 liga
280 1067 237 22 läneresidensstäder.
550 1068 49 20 Den
624 1067 94 27 lifligare
742 1066 168 27 omsättningen
936 1065 29 28 på

208 1101 148 22 statsvärkets
384 1109 56 20 upp-
470 1102 44 21 och
545 1101 248 27 afskrifningsräkning
815 1101 93 20 komme
931 1100 35 21 för

207 1135 67 27 öfrigt
296 1138 32 19 att
349 1136 104 21 medföra
475 1136 7 21 i
505 1136 76 27 någon
604 1136 55 21 män
682 1136 71 21 ökadt
779 1135 75 21 arbete
876 1135 37 20 vid
929 1135 37 20 be-

207 1170 78 20 mälda
301 1170 91 27 kontor,
409 1171 43 20 och
473 1171 108 26 möjligen
597 1170 74 21 blefve
686 1177 28 14 en
731 1169 89 22 mindre
836 1169 86 26 ökning
944 1169 24 20 af

208 1203 192 22 arbetskrafterna
432 1205 38 20 vid
498 1205 197 20 hufvudkontoret
720 1205 7 20 i
757 1203 56 28 följd
841 1203 67 21 däraf
929 1203 37 27 på-

207 1238 85 21 kallad.
323 1239 37 20 Att
383 1239 125 21 emellertid
530 1239 210 26 Bankfullmäktige
762 1238 7 21 i
790 1238 38 21 sitt
849 1237 117 21 uttalande

208 1275 74 18 ansett
304 1273 93 21 banken
419 1273 50 21 icke
487 1273 56 21 böra
559 1273 151 26 undandraga
726 1273 34 26 sig
775 1272 142 21 medvärkan
932 1271 34 20 till

207 1307 127 21 reformens
358 1307 187 27 genomförande,
569 1308 58 20 lärer
650 1307 25 21 så
696 1307 92 27 mycket
808 1307 73 20 hällre
897 1305 70 21 vinna

208 1340 140 22 Ständernas
372 1342 177 26 godkännande,
573 1349 50 13 som
646 1341 128 21 Ständerna
795 1340 39 21 vid
854 1339 113 22 särskilda

206 1374 105 22 tillfällen
328 1376 126 21 framhållit
469 1375 186 22 önskvärdheten
671 1375 25 21 af
708 1375 98 21 berörda
821 1374 89 21 reform.

278 1409 113 22 Finlands
413 1411 78 20 Banks
510 1410 127 26 Direktion,
660 1409 53 22 med
734 1409 95 21 hvilken
851 1407 117 22 Bankfull-

207 1444 100 26 mäktige
329 1444 142 22 härutinnan
489 1445 89 21 förenat
594 1444 39 27 sig,
649 1444 43 20 har
707 1444 53 20 med
775 1444 92 26 hänsyn
882 1442 34 21 till
931 1442 37 22 be-

278 1488 145 19 Bankutskottets
436 1490 111 17 betänkande
560 1490 37 17 N:o
610 1490 18 17 2.
