1095 1781
251 146 12 21 2
379 146 86 23 Ständ.
481 146 53 23 Skr.
552 159 28 3 —
595 146 224 29 Postsparbanken.

221 211 108 22 tillstånd
352 211 44 23 och
417 212 147 29 förvaltning
586 212 75 22 under
681 213 56 21 åren
758 212 73 28 1893,
852 212 65 22 1894
936 211 43 23 och

223 246 77 28 1895;
319 246 43 22 och
379 247 72 22 hafva
469 247 132 22 Ständerna
619 247 8 21 i
645 247 109 22 afseende
778 247 13 21 &
809 246 169 23 förberedande

220 280 144 30 behandling
376 281 132 29 hänskjutit
520 281 103 22 nämnda
631 281 101 22 relation
742 281 38 22 till
789 281 189 28 Statsutskottet,

221 322 50 15 som
289 315 79 22 därom
386 315 94 30 afgifvit
497 315 156 22 betänkande.

290 349 54 22 Med
357 345 11 39 —
379 350 230 29 tillkännagifvande
643 352 36 20 att
709 349 133 22 Ständerna
873 349 106 30 godkänt

221 383 193 23 Statsutskottets
432 384 52 22 däri
501 384 84 29 gjorda
602 384 139 22 uttalanden
759 384 9 21 i
787 383 102 29 ärendet,
901 384 77 22 tilläta

221 418 37 29 sig
277 418 131 23 Ständerna
426 421 37 20 att
479 419 39 21 till
534 419 74 22 Eders
626 419 133 29 Kejserliga
770 419 111 28 Majestät
893 418 85 23 härhos

219 453 9 21 i
245 453 190 29 underdänighet
453 453 99 22 insända
576 453 153 22 omförmälda
747 453 157 28 betänkande,
925 453 52 22 med

221 486 111 23 anhållan
359 490 36 19 att
421 487 127 23 detsamma
574 488 78 22 hblefve
679 488 38 21 till
743 487 74 22 Eders
845 487 133 30 Kejserliga

220 521 122 30 Majestäts
361 522 73 23 Senat
448 523 37 22 för
502 522 103 23 Finland
623 521 171 24 öfverlemnadt
811 522 9 21 i
838 522 108 22 afseende
964 523 13 20 ä

220 556 143 29 vidtagande
392 557 22 22 af
438 557 30 22 de
483 554 122 32 åtgärder,
628 557 37 22 till
687 557 83 21 hvilka
788 556 28 22 de
835 557 23 21 af
877 556 101 22 Statsut-

220 591 90 22 skottet
330 591 84 29 gjorda
434 591 140 23 uttalanden
591 592 80 21 kunna
689 591 66 30 gifva
774 591 133 29 anledning.

290 625 114 23 Finlands
422 626 101 22 Ständer
540 625 133 23 framhärda
692 628 43 19 etc.

289 694 153 29 Helsingfors,
463 695 44 22 den
526 695 30 21 23
575 695 63 22 Mars
659 694 70 22 1897.

360 1462 112 23 Helsingfors
485 1463 49 17 1897.
559 1462 110 23 Helsingfors
681 1463 152 22 Centraltryckeri.
