1089 1748
284 114 25 19 52
620 114 24 20 II

255 174 118 22 hvarefter
389 175 219 29 häradshöfdingen
623 177 9 21 i
647 177 29 21 K.
689 177 112 28 domsaga
816 177 25 21 P.
856 178 31 27 på
904 177 110 22 anhållan

254 215 26 20 af
297 214 202 23 advokatfiskalen
519 217 187 21 tillhandahållit
726 217 289 22 advokatfiskalsembetet

255 254 102 21 särskild
373 260 105 17 närmare
494 257 127 29 utredning
636 257 8 21 i
661 258 72 20 saken
750 259 61 19 samt
822 257 78 21 tillika
910 258 102 28 upplyst,

254 295 35 19 att
305 294 52 21 dom
373 295 8 21 i
396 296 176 21 ofvannämnda
587 296 153 22 konkursmål
756 296 30 21 då
802 300 63 17 ännu
881 297 51 21 icke
944 296 70 22 fallit.

322 334 41 21 Uti
381 336 210 21 embetsmemorial
610 337 27 20 af
652 336 44 21 den
714 338 24 19 12
755 336 48 28 Maj
823 338 53 19 1893
893 336 121 22 anmärkte

254 373 200 24 advokatfiskalen
470 377 136 27 sedermera,
616 379 36 18 att
665 376 97 22 emedan
773 376 80 21 Johan
863 376 29 21 H.
904 376 110 22 besvärat

254 415 37 29 sig
306 416 66 22 öfver
387 417 133 22 hofrättens
531 418 155 21 förenämnda
696 417 79 28 utslag
787 418 26 20 af
823 417 45 21 den
882 420 24 18 19
917 418 97 20 Decem-

254 455 41 21 ber
316 458 50 20 1891
388 457 43 21 och
446 458 126 28 rättegång
588 458 104 27 sålunda,
710 465 37 13 om
763 457 44 21 ock
823 457 190 21 vicehäradshöf-

254 495 86 28 dingen
355 497 22 20 J.
394 498 23 20 åt
433 505 87 14 samma
531 498 78 28 utslag
620 498 63 28 nöjts
695 498 43 21 och
749 498 78 27 målet,
839 498 77 22 såvidt
927 498 86 21 honom

258 537 107 28 motgätt,
396 538 79 22 blifvit
504 538 111 29 slutligen
646 539 111 28 afgjordt,
785 539 147 21 fortfarande
952 539 61 21 varit

253 576 130 30 anhängigt
406 578 99 22 emellan
528 579 79 21 Johan
629 580 29 20 H.
680 579 44 21 och
743 579 270 29 vicehäradshöfdingen

253 617 21 20 J.
292 620 59 18 samt
368 619 99 28 afgjorts
484 620 59 20 först
558 626 85 21 genom
658 619 135 28 Kejserliga
810 619 113 21 Senatens
934 619 79 28 utslag

254 657 27 20 af
301 657 44 22 den
363 661 25 18 23
404 659 132 22 November
554 661 60 26 1892,
631 659 272 28 vicehäradshöfdingen
918 659 29 27 J.,
964 665 49 14 som

255 698 26 21 af
295 698 112 22 besvären
423 699 52 22 haft
490 700 114 28 kunskap,
621 700 62 21 varit
699 704 63 17 ännu
773 700 41 21 vid
824 699 188 22 konkursmälets

253 738 84 29 början
355 739 44 22 och
416 740 64 21 intill
495 741 146 21 sistnämnda
657 741 46 28 dag
718 741 79 21 Johan
813 741 49 21 H.:s
877 740 134 21 vederdelo-

252 785 61 21 man,
330 787 52 13 men
399 782 33 19 att
448 780 269 29 vicehäradshöfdingen
732 780 29 27 J.
779 779 98 22 oaktadt
892 779 48 21 han
955 779 57 21 säle-

253 818 41 22 des
307 819 94 28 jemlikt
418 823 9 18 1
445 821 11 28 $
475 823 24 19 13
516 821 52 28 kap.
584 821 28 21 R.
628 821 27 20 B.
672 821 61 21 varit
746 820 85 29 jäfvig,
840 820 52 21 icke
904 820 106 27 allenast,

253 858 30 27 pä
299 860 46 20 sätt
358 859 87 28 jemväl
461 859 40 22 ske
517 860 60 28 bort,
594 860 102 29 vidtagit
705 860 28 22 de
744 861 14 20 ä
769 861 89 20 rättens
870 859 140 22 ordförande

253 899 169 23 ankommande
438 902 170 21 förberedande
624 901 128 28 ätgärder
743 895 13 39 i
766 901 128 28 anledning
905 901 26 21 af
940 901 72 21 fabri-

253 938 89 22 kanten
364 941 48 21 H.:s
436 942 46 20 den
506 944 24 19 17
550 942 46 28 Maj
620 944 52 19 1892
690 942 37 20 till
742 941 269 29 vieehäradshöfdingen

252 978 22 21 J.
295 979 8 21 i
321 981 117 28 egenskap
455 982 26 20 af
494 982 38 20 för
547 982 66 21 tiden
628 981 168 22 tillförordnad
813 981 175 22 domhafvande
1004 982 8 20 i

252 1018 30 21 K.
306 1018 111 30 domsaga
439 1020 93 29 ingifna
556 1021 104 21 ansökan
684 1023 35 19 att
742 1020 81 22 Johan
844 1021 37 27 H.,
905 1029 49 13 som
973 1022 39 20 vid

252 1061 228 27 utmätningsförsök
499 1062 84 21 saknat
601 1062 180 28 lösöretillgäng
801 1061 38 21 till
854 1062 116 28 gäldande
987 1062 27 20 af

251 1100 317 29 spanmälslänemagasinets
593 1101 42 22 hos
661 1102 86 21 honom
775 1101 90 28 egande
893 1102 117 21 domfästa

251 1139 103 29 fordran,
379 1142 72 20 mätte
474 1142 112 20 försättas
608 1142 9 20 i
639 1142 111 27 konkurs,
766 1144 59 18 utan
841 1142 71 21 äfven
927 1142 8 20 i
951 1142 59 20 strid

251 1180 53 20 med
323 1181 140 27 stadgandet
481 1182 7 20 i
506 1181 46 21 den
568 1182 26 20 af
607 1181 271 29 vicehäradshöfdingen
892 1181 22 21 J.
932 1181 79 21 äbero-

252 1220 60 28 pade
338 1223 38 19 112
401 1222 11 27 $
434 1222 9 21 i
466 1222 110 28 gällande
591 1222 145 29 konkurslag
752 1224 77 20 säsom
845 1222 141 22 ordförande
1003 1223 6 21 i

251 1260 163 23 häradsrätten
437 1262 78 28 ingätt
538 1263 8 21 i
568 1264 113 28 pröfning
704 1264 27 21 af
748 1264 73 21 saken
837 1263 44 22 och
896 1263 115 29 handlagt

251 1301 72 21 målet
353 1302 13 21 å
396 1302 64 22 förut
487 1303 152 28 uppräknade
669 1303 196 27 sammanträden,
891 1305 61 19 samt
976 1306 35 19 att

249 1340 171 31 häradsrätten,
444 1343 74 22 ehuru
542 1344 39 21 det
603 1344 62 22 varit
687 1344 75 22 kändt
782 1346 35 19 att
831 1344 79 21 Johan
925 1344 29 21 H.
971 1347 40 25 egt

249 1381 116 28 fastighet
381 1383 43 21 och
440 1383 41 22 det
495 1384 51 21 icke
563 1391 41 14 ens
618 1385 102 27 påståtts
736 1387 35 18 att
788 1384 135 21 densamma
937 1385 52 27 gått
1003 1385 7 20 i

249 1424 49 19 mät
324 1423 38 21 till
387 1423 117 28 gäldande
530 1425 27 20 af
582 1424 318 28 spanmålslånemagasinets
924 1424 86 29 ifråga-
