<?xml version="1.0" encoding="UTF-8"?>
<alto xmlns="http://www.loc.gov/standards/alto/ns-v3#" xmlns:xlink="http://www.w3.org/1999/xlink" xmlns:xsi="http://www.w3.org/2001/XMLSchema-instance" xsi:schemaLocation="http://www.loc.gov/standards/alto/ns-v3# http://www.loc.gov/alto/v3/alto-3-0.xsd">
	<Description>
		<MeasurementUnit>pixel</MeasurementUnit>
		<sourceImageInformation>
			<fileName>/tmp/tess_oimcihuc_input.PNG</fileName>
		</sourceImageInformation>
		<OCRProcessing ID="OCR_0">
			<ocrProcessingStep>
				<processingSoftware>
					<softwareName>tesseract 5.3.4</softwareName>
				</processingSoftware>
			</ocrProcessingStep>
		</OCRProcessing>
	</Description>
	<Layout>
		<Page WIDTH="1089" HEIGHT="1767" PHYSICAL_IMG_NR="0" ID="page_0">
			<PrintSpace HPOS="0" VPOS="0" WIDTH="1089" HEIGHT="1767">
				<ComposedBlock ID="cblock_0" HPOS="447" VPOS="114" WIDTH="363" HEIGHT="22">
					<TextBlock ID="block_0" HPOS="447" VPOS="114" WIDTH="363" HEIGHT="22">
						<TextLine ID="line_0" HPOS="447" VPOS="114" WIDTH="363" HEIGHT="22">
							<String ID="string_0" HPOS="447" VPOS="114" WIDTH="24" HEIGHT="21" WC="0.95" CONTENT="I"/><SP WIDTH="314" VPOS="114" HPOS="471"/>
							<String ID="string_1" HPOS="785" VPOS="116" WIDTH="25" HEIGHT="20" WC="0.95" CONTENT="53"/>
						</TextLine>
					</TextBlock>
				</ComposedBlock>
				<ComposedBlock ID="cblock_1" HPOS="79" VPOS="177" WIDTH="766" HEIGHT="1275">
					<TextBlock ID="block_1" HPOS="79" VPOS="177" WIDTH="766" HEIGHT="1275">
						<TextLine ID="line_1" HPOS="79" VPOS="177" WIDTH="759" HEIGHT="28">
							<String ID="string_2" HPOS="79" VPOS="178" WIDTH="85" HEIGHT="20" WC="0.96" CONTENT="komna"/><SP WIDTH="23" VPOS="178" HPOS="164"/>
							<String ID="string_3" HPOS="187" VPOS="178" WIDTH="97" HEIGHT="20" WC="0.93" CONTENT="fordran"/><SP WIDTH="24" VPOS="178" HPOS="284"/>
							<String ID="string_4" HPOS="308" VPOS="177" WIDTH="56" HEIGHT="21" WC="0.93" CONTENT="eller"/><SP WIDTH="23" VPOS="177" HPOS="364"/>
							<String ID="string_5" HPOS="387" VPOS="179" WIDTH="35" HEIGHT="19" WC="0.96" CONTENT="att"/><SP WIDTH="16" VPOS="179" HPOS="422"/>
							<String ID="string_6" HPOS="438" VPOS="177" WIDTH="155" HEIGHT="28" WC="0.96" CONTENT="fastighetens"/><SP WIDTH="16" VPOS="177" HPOS="593"/>
							<String ID="string_7" HPOS="609" VPOS="177" WIDTH="71" HEIGHT="21" WC="0.96" CONTENT="värde"/><SP WIDTH="16" VPOS="177" HPOS="680"/>
							<String ID="string_8" HPOS="696" VPOS="177" WIDTH="52" HEIGHT="21" WC="0.96" CONTENT="icke"/><SP WIDTH="16" VPOS="177" HPOS="748"/>
							<String ID="string_9" HPOS="764" VPOS="177" WIDTH="74" HEIGHT="21" WC="0.96" CONTENT="skulle"/>
						</TextLine>
						<TextLine ID="line_2" HPOS="80" VPOS="218" WIDTH="758" HEIGHT="28">
							<String ID="string_10" HPOS="80" VPOS="218" WIDTH="94" HEIGHT="21" WC="0.92" CONTENT="betäckt"/><SP WIDTH="23" VPOS="218" HPOS="174"/>
							<String ID="string_11" HPOS="197" VPOS="218" WIDTH="79" HEIGHT="21" WC="0.93" CONTENT="Johan"/><SP WIDTH="22" VPOS="218" HPOS="276"/>
							<String ID="string_12" HPOS="298" VPOS="218" WIDTH="50" HEIGHT="21" WC="0.65" CONTENT="H:.:s"/><SP WIDTH="22" VPOS="218" HPOS="348"/>
							<String ID="string_13" HPOS="370" VPOS="218" WIDTH="62" HEIGHT="28" WC="0.92" CONTENT="gäld,"/><SP WIDTH="24" VPOS="218" HPOS="432"/>
							<String ID="string_14" HPOS="456" VPOS="218" WIDTH="136" HEIGHT="28" WC="0.91" CONTENT="lagstridigt"/><SP WIDTH="23" VPOS="218" HPOS="592"/>
							<String ID="string_15" HPOS="615" VPOS="220" WIDTH="58" HEIGHT="19" WC="0.96" CONTENT="utan"/><SP WIDTH="22" VPOS="220" HPOS="673"/>
							<String ID="string_16" HPOS="695" VPOS="218" WIDTH="78" HEIGHT="21" WC="0.93" CONTENT="Johan"/><SP WIDTH="16" VPOS="218" HPOS="773"/>
							<String ID="string_17" HPOS="789" VPOS="218" WIDTH="49" HEIGHT="21" WC="0.90" CONTENT="H.:s"/>
						</TextLine>
						<TextLine ID="line_3" HPOS="82" VPOS="258" WIDTH="756" HEIGHT="28">
							<String ID="string_18" HPOS="82" VPOS="258" WIDTH="102" HEIGHT="21" WC="0.95" CONTENT="hörande"/><SP WIDTH="23" VPOS="258" HPOS="184"/>
							<String ID="string_19" HPOS="207" VPOS="258" WIDTH="86" HEIGHT="22" WC="0.96" CONTENT="försatt"/><SP WIDTH="23" VPOS="258" HPOS="293"/>
							<String ID="string_20" HPOS="316" VPOS="258" WIDTH="86" HEIGHT="22" WC="0.95" CONTENT="honom"/><SP WIDTH="23" VPOS="258" HPOS="402"/>
							<String ID="string_21" HPOS="425" VPOS="258" WIDTH="9" HEIGHT="21" WC="0.96" CONTENT="i"/><SP WIDTH="22" VPOS="258" HPOS="434"/>
							<String ID="string_22" HPOS="456" VPOS="258" WIDTH="109" HEIGHT="27" WC="0.95" CONTENT="konkurs,"/><SP WIDTH="25" VPOS="258" HPOS="565"/>
							<String ID="string_23" HPOS="590" VPOS="258" WIDTH="44" HEIGHT="21" WC="0.96" CONTENT="och"/><SP WIDTH="23" VPOS="258" HPOS="634"/>
							<String ID="string_24" HPOS="657" VPOS="258" WIDTH="135" HEIGHT="28" WC="0.96" CONTENT="sedermera,"/><SP WIDTH="17" VPOS="258" HPOS="792"/>
							<String ID="string_25" HPOS="809" VPOS="258" WIDTH="29" HEIGHT="21" WC="0.96" CONTENT="då"/>
						</TextLine>
						<TextLine ID="line_4" HPOS="81" VPOS="298" WIDTH="759" HEIGHT="30">
							<String ID="string_26" HPOS="81" VPOS="298" WIDTH="78" HEIGHT="21" WC="0.93" CONTENT="Johan"/><SP WIDTH="14" VPOS="298" HPOS="159"/>
							<String ID="string_27" HPOS="173" VPOS="298" WIDTH="29" HEIGHT="21" WC="0.91" CONTENT="H."/><SP WIDTH="16" VPOS="298" HPOS="202"/>
							<String ID="string_28" HPOS="218" VPOS="298" WIDTH="100" HEIGHT="21" WC="0.92" CONTENT="invändt"/><SP WIDTH="16" VPOS="298" HPOS="318"/>
							<String ID="string_29" HPOS="334" VPOS="300" WIDTH="34" HEIGHT="19" WC="0.93" CONTENT="att"/><SP WIDTH="10" VPOS="300" HPOS="368"/>
							<String ID="string_30" HPOS="378" VPOS="298" WIDTH="269" HEIGHT="28" WC="0.91" CONTENT="vicehäradshöfdingen"/><SP WIDTH="11" VPOS="298" HPOS="647"/>
							<String ID="string_31" HPOS="658" VPOS="298" WIDTH="21" HEIGHT="22" WC="0.93" CONTENT="J."/><SP WIDTH="12" VPOS="298" HPOS="679"/>
							<String ID="string_32" HPOS="691" VPOS="298" WIDTH="62" HEIGHT="22" WC="0.93" CONTENT="varit"/><SP WIDTH="8" VPOS="298" HPOS="753"/>
							<String ID="string_33" HPOS="761" VPOS="298" WIDTH="79" HEIGHT="30" WC="0.92" CONTENT="jäfvig"/>
						</TextLine>
						<TextLine ID="line_5" HPOS="82" VPOS="338" WIDTH="757" HEIGHT="28">
							<String ID="string_34" HPOS="82" VPOS="340" WIDTH="34" HEIGHT="18" WC="0.96" CONTENT="att"/><SP WIDTH="26" VPOS="340" HPOS="116"/>
							<String ID="string_35" HPOS="142" VPOS="340" WIDTH="55" HEIGHT="26" WC="0.92" CONTENT="taga"/><SP WIDTH="27" VPOS="340" HPOS="197"/>
							<String ID="string_36" HPOS="224" VPOS="338" WIDTH="232" HEIGHT="28" WC="0.91" CONTENT="domarebefattning"/><SP WIDTH="22" VPOS="338" HPOS="456"/>
							<String ID="string_37" HPOS="478" VPOS="338" WIDTH="53" HEIGHT="22" WC="0.96" CONTENT="med"/><SP WIDTH="23" VPOS="338" HPOS="531"/>
							<String ID="string_38" HPOS="554" VPOS="338" WIDTH="72" HEIGHT="21" WC="0.96" CONTENT="målet"/><SP WIDTH="23" VPOS="338" HPOS="626"/>
							<String ID="string_39" HPOS="649" VPOS="338" WIDTH="43" HEIGHT="21" WC="0.96" CONTENT="och"/><SP WIDTH="23" VPOS="338" HPOS="692"/>
							<String ID="string_40" HPOS="715" VPOS="339" WIDTH="30" HEIGHT="27" WC="0.95" CONTENT="på"/><SP WIDTH="22" VPOS="339" HPOS="745"/>
							<String ID="string_41" HPOS="767" VPOS="339" WIDTH="72" HEIGHT="21" WC="0.95" CONTENT="sådan"/>
						</TextLine>
						<TextLine ID="line_6" HPOS="82" VPOS="376" WIDTH="758" HEIGHT="30">
							<String ID="string_42" HPOS="82" VPOS="376" WIDTH="82" HEIGHT="28" WC="0.96" CONTENT="grund,"/><SP WIDTH="25" VPOS="376" HPOS="164"/>
							<String ID="string_43" HPOS="189" VPOS="381" WIDTH="55" HEIGHT="17" WC="0.91" CONTENT="enär"/><SP WIDTH="22" VPOS="381" HPOS="244"/>
							<String ID="string_44" HPOS="266" VPOS="377" WIDTH="177" HEIGHT="21" WC="0.91" CONTENT="häradsrättens"/><SP WIDTH="23" VPOS="377" HPOS="443"/>
							<String ID="string_45" HPOS="466" VPOS="377" WIDTH="154" HEIGHT="22" WC="0.92" CONTENT="förenämnda"/><SP WIDTH="23" VPOS="377" HPOS="620"/>
							<String ID="string_46" HPOS="643" VPOS="378" WIDTH="83" HEIGHT="28" WC="0.96" CONTENT="åtgärd"/><SP WIDTH="15" VPOS="378" HPOS="726"/>
							<String ID="string_47" HPOS="741" VPOS="378" WIDTH="99" HEIGHT="21" WC="0.95" CONTENT="sålunda"/>
						</TextLine>
						<TextLine ID="line_7" HPOS="82" VPOS="416" WIDTH="758" HEIGHT="29">
							<String ID="string_48" HPOS="82" VPOS="416" WIDTH="61" HEIGHT="22" WC="0.96" CONTENT="varit"/><SP WIDTH="16" VPOS="416" HPOS="143"/>
							<String ID="string_49" HPOS="159" VPOS="416" WIDTH="89" HEIGHT="29" WC="0.93" CONTENT="ogiltig,"/><SP WIDTH="17" VPOS="416" HPOS="248"/>
							<String ID="string_50" HPOS="265" VPOS="416" WIDTH="160" HEIGHT="29" WC="0.90" CONTENT="undandragit"/><SP WIDTH="16" VPOS="416" HPOS="425"/>
							<String ID="string_51" HPOS="441" VPOS="418" WIDTH="35" HEIGHT="27" WC="0.96" CONTENT="sig"/><SP WIDTH="16" VPOS="418" HPOS="476"/>
							<String ID="string_52" HPOS="492" VPOS="420" WIDTH="35" HEIGHT="19" WC="0.93" CONTENT="att"/><SP WIDTH="10" VPOS="420" HPOS="527"/>
							<String ID="string_53" HPOS="537" VPOS="418" WIDTH="116" HEIGHT="27" WC="0.91" CONTENT="uppgifva"/><SP WIDTH="12" VPOS="418" HPOS="653"/>
							<String ID="string_54" HPOS="665" VPOS="418" WIDTH="41" HEIGHT="21" WC="0.96" CONTENT="sitt"/><SP WIDTH="10" VPOS="418" HPOS="706"/>
							<String ID="string_55" HPOS="716" VPOS="418" WIDTH="36" HEIGHT="27" WC="0.93" CONTENT="bo,"/><SP WIDTH="9" VPOS="418" HPOS="752"/>
							<String ID="string_56" HPOS="761" VPOS="418" WIDTH="79" HEIGHT="21" WC="0.93" CONTENT="urakt-"/>
						</TextLine>
						<TextLine ID="line_8" HPOS="82" VPOS="456" WIDTH="758" HEIGHT="29">
							<String ID="string_57" HPOS="82" VPOS="456" WIDTH="54" HEIGHT="21" WC="0.96" CONTENT="låtit"/><SP WIDTH="15" VPOS="456" HPOS="136"/>
							<String ID="string_58" HPOS="151" VPOS="458" WIDTH="40" HEIGHT="26" WC="0.96" CONTENT="att,"/><SP WIDTH="16" VPOS="458" HPOS="191"/>
							<String ID="string_59" HPOS="207" VPOS="457" WIDTH="31" HEIGHT="28" WC="0.95" CONTENT="på"/><SP WIDTH="16" VPOS="457" HPOS="238"/>
							<String ID="string_60" HPOS="254" VPOS="459" WIDTH="47" HEIGHT="19" WC="0.96" CONTENT="sätt"/><SP WIDTH="15" VPOS="459" HPOS="301"/>
							<String ID="string_61" HPOS="316" VPOS="457" WIDTH="74" HEIGHT="21" WC="0.95" CONTENT="likväl"/><SP WIDTH="16" VPOS="457" HPOS="390"/>
							<String ID="string_62" HPOS="406" VPOS="457" WIDTH="40" HEIGHT="21" WC="0.96" CONTENT="ske"/><SP WIDTH="17" VPOS="457" HPOS="446"/>
							<String ID="string_63" HPOS="463" VPOS="457" WIDTH="58" HEIGHT="28" WC="0.95" CONTENT="bort,"/><SP WIDTH="16" VPOS="457" HPOS="521"/>
							<String ID="string_64" HPOS="537" VPOS="458" WIDTH="108" HEIGHT="21" WC="0.96" CONTENT="meddela"/><SP WIDTH="16" VPOS="458" HPOS="645"/>
							<String ID="string_65" HPOS="661" VPOS="458" WIDTH="110" HEIGHT="22" WC="0.93" CONTENT="särskildt"/><SP WIDTH="10" VPOS="458" HPOS="771"/>
							<String ID="string_66" HPOS="781" VPOS="459" WIDTH="59" HEIGHT="21" WC="0.92" CONTENT="utlå-"/>
						</TextLine>
						<TextLine ID="line_9" HPOS="83" VPOS="496" WIDTH="757" HEIGHT="30">
							<String ID="string_67" HPOS="83" VPOS="496" WIDTH="70" HEIGHT="21" WC="0.96" CONTENT="tande"/><SP WIDTH="15" VPOS="496" HPOS="153"/>
							<String ID="string_68" HPOS="168" VPOS="497" WIDTH="8" HEIGHT="20" WC="0.96" CONTENT="i"/><SP WIDTH="16" VPOS="497" HPOS="176"/>
							<String ID="string_69" HPOS="192" VPOS="497" WIDTH="128" HEIGHT="28" WC="0.96" CONTENT="anledning"/><SP WIDTH="17" VPOS="497" HPOS="320"/>
							<String ID="string_70" HPOS="337" VPOS="497" WIDTH="26" HEIGHT="21" WC="0.96" CONTENT="af"/><SP WIDTH="13" VPOS="497" HPOS="363"/>
							<String ID="string_71" HPOS="376" VPOS="497" WIDTH="73" HEIGHT="28" WC="0.96" CONTENT="sagda"/><SP WIDTH="10" VPOS="497" HPOS="449"/>
							<String ID="string_72" HPOS="459" VPOS="497" WIDTH="147" HEIGHT="29" WC="0.96" CONTENT="invändning"/><SP WIDTH="11" VPOS="497" HPOS="606"/>
							<String ID="string_73" HPOS="617" VPOS="498" WIDTH="43" HEIGHT="21" WC="0.95" CONTENT="och"/><SP WIDTH="11" VPOS="498" HPOS="660"/>
							<String ID="string_74" HPOS="671" VPOS="499" WIDTH="81" HEIGHT="21" WC="0.96" CONTENT="anvisa"/><SP WIDTH="10" VPOS="499" HPOS="752"/>
							<String ID="string_75" HPOS="762" VPOS="499" WIDTH="78" HEIGHT="22" WC="0.96" CONTENT="Johan"/>
						</TextLine>
						<TextLine ID="line_10" HPOS="83" VPOS="536" WIDTH="758" HEIGHT="29">
							<String ID="string_76" HPOS="83" VPOS="536" WIDTH="35" HEIGHT="27" WC="0.90" CONTENT="H.,"/><SP WIDTH="17" VPOS="536" HPOS="118"/>
							<String ID="string_77" HPOS="135" VPOS="536" WIDTH="77" HEIGHT="21" WC="0.91" CONTENT="derest"/><SP WIDTH="14" VPOS="536" HPOS="212"/>
							<String ID="string_78" HPOS="226" VPOS="537" WIDTH="178" HEIGHT="28" WC="0.96" CONTENT="invändningen"/><SP WIDTH="11" VPOS="537" HPOS="404"/>
							<String ID="string_79" HPOS="415" VPOS="537" WIDTH="143" HEIGHT="22" WC="0.96" CONTENT="underkänts"/><SP WIDTH="12" VPOS="537" HPOS="558"/>
							<String ID="string_80" HPOS="570" VPOS="539" WIDTH="44" HEIGHT="20" WC="0.96" CONTENT="och"/><SP WIDTH="10" VPOS="539" HPOS="614"/>
							<String ID="string_81" HPOS="624" VPOS="539" WIDTH="78" HEIGHT="21" WC="0.93" CONTENT="Johan"/><SP WIDTH="10" VPOS="539" HPOS="702"/>
							<String ID="string_82" HPOS="712" VPOS="539" WIDTH="29" HEIGHT="22" WC="0.92" CONTENT="H."/><SP WIDTH="12" VPOS="539" HPOS="741"/>
							<String ID="string_83" HPOS="753" VPOS="539" WIDTH="88" HEIGHT="22" WC="0.96" CONTENT="anmält"/>
						</TextLine>
						<TextLine ID="line_11" HPOS="84" VPOS="577" WIDTH="757" HEIGHT="29">
							<String ID="string_84" HPOS="84" VPOS="577" WIDTH="115" HEIGHT="28" WC="0.96" CONTENT="missnöje,"/><SP WIDTH="17" VPOS="577" HPOS="199"/>
							<String ID="string_85" HPOS="216" VPOS="577" WIDTH="60" HEIGHT="21" WC="0.96" CONTENT="huru"/><SP WIDTH="16" VPOS="577" HPOS="276"/>
							<String ID="string_86" HPOS="292" VPOS="577" WIDTH="100" HEIGHT="28" WC="0.93" CONTENT="ändring"/><SP WIDTH="12" VPOS="577" HPOS="392"/>
							<String ID="string_87" HPOS="404" VPOS="577" WIDTH="48" HEIGHT="22" WC="0.92" CONTENT="deri"/><SP WIDTH="11" VPOS="577" HPOS="452"/>
							<String ID="string_88" HPOS="463" VPOS="578" WIDTH="91" HEIGHT="21" WC="0.96" CONTENT="kunnat"/><SP WIDTH="11" VPOS="578" HPOS="554"/>
							<String ID="string_89" HPOS="565" VPOS="579" WIDTH="74" HEIGHT="27" WC="0.96" CONTENT="sökas,"/><SP WIDTH="12" VPOS="579" HPOS="639"/>
							<String ID="string_90" HPOS="651" VPOS="581" WIDTH="57" HEIGHT="20" WC="0.91" CONTENT="utan"/><SP WIDTH="11" VPOS="581" HPOS="708"/>
							<String ID="string_91" HPOS="719" VPOS="580" WIDTH="122" HEIGHT="21" WC="0.91" CONTENT="förordnat"/>
						</TextLine>
						<TextLine ID="line_12" HPOS="84" VPOS="617" WIDTH="758" HEIGHT="30">
							<String ID="string_92" HPOS="84" VPOS="619" WIDTH="35" HEIGHT="19" WC="0.95" CONTENT="att"/><SP WIDTH="24" VPOS="619" HPOS="119"/>
							<String ID="string_93" HPOS="143" VPOS="617" WIDTH="77" HEIGHT="21" WC="0.93" CONTENT="Johan"/><SP WIDTH="24" VPOS="617" HPOS="220"/>
							<String ID="string_94" HPOS="244" VPOS="617" WIDTH="29" HEIGHT="21" WC="0.92" CONTENT="H."/><SP WIDTH="24" VPOS="617" HPOS="273"/>
							<String ID="string_95" HPOS="297" VPOS="617" WIDTH="75" HEIGHT="21" WC="0.96" CONTENT="skulle"/><SP WIDTH="23" VPOS="617" HPOS="372"/>
							<String ID="string_96" HPOS="395" VPOS="617" WIDTH="9" HEIGHT="20" WC="0.96" CONTENT="i"/><SP WIDTH="22" VPOS="617" HPOS="404"/>
							<String ID="string_97" HPOS="426" VPOS="617" WIDTH="71" HEIGHT="21" WC="0.93" CONTENT="häkte"/><SP WIDTH="22" VPOS="617" HPOS="497"/>
							<String ID="string_98" HPOS="519" VPOS="618" WIDTH="107" HEIGHT="21" WC="0.92" CONTENT="inmanas"/><SP WIDTH="23" VPOS="618" HPOS="626"/>
							<String ID="string_99" HPOS="649" VPOS="621" WIDTH="60" HEIGHT="18" WC="0.92" CONTENT="samt"/><SP WIDTH="16" VPOS="621" HPOS="709"/>
							<String ID="string_100" HPOS="725" VPOS="619" WIDTH="117" HEIGHT="28" WC="0.91" CONTENT="förpassat"/>
						</TextLine>
						<TextLine ID="line_13" HPOS="84" VPOS="657" WIDTH="756" HEIGHT="28">
							<String ID="string_101" HPOS="84" VPOS="657" WIDTH="84" HEIGHT="21" WC="0.95" CONTENT="honom"/><SP WIDTH="20" VPOS="657" HPOS="168"/>
							<String ID="string_102" HPOS="188" VPOS="657" WIDTH="37" HEIGHT="21" WC="0.93" CONTENT="till"/><SP WIDTH="16" VPOS="657" HPOS="225"/>
							<String ID="string_103" HPOS="241" VPOS="657" WIDTH="37" HEIGHT="22" WC="0.92" CONTENT="W."/><SP WIDTH="22" VPOS="657" HPOS="278"/>
							<String ID="string_104" HPOS="300" VPOS="657" WIDTH="164" HEIGHT="28" WC="0.90" CONTENT="länsfängelse,"/><SP WIDTH="25" VPOS="657" HPOS="464"/>
							<String ID="string_105" HPOS="489" VPOS="658" WIDTH="36" HEIGHT="21" WC="0.96" CONTENT="för"/><SP WIDTH="24" VPOS="658" HPOS="525"/>
							<String ID="string_106" HPOS="549" VPOS="660" WIDTH="35" HEIGHT="19" WC="0.93" CONTENT="att"/><SP WIDTH="16" VPOS="660" HPOS="584"/>
							<String ID="string_107" HPOS="600" VPOS="658" WIDTH="119" HEIGHT="21" WC="0.92" CONTENT="derstädes"/><SP WIDTH="16" VPOS="658" HPOS="719"/>
							<String ID="string_108" HPOS="735" VPOS="659" WIDTH="105" HEIGHT="21" WC="0.96" CONTENT="förvaras"/>
						</TextLine>
						<TextLine ID="line_14" HPOS="85" VPOS="697" WIDTH="756" HEIGHT="28">
							<String ID="string_109" HPOS="85" VPOS="697" WIDTH="36" HEIGHT="21" WC="0.96" CONTENT="till"/><SP WIDTH="24" VPOS="697" HPOS="121"/>
							<String ID="string_110" HPOS="145" VPOS="697" WIDTH="51" HEIGHT="22" WC="0.96" CONTENT="dess"/><SP WIDTH="23" VPOS="697" HPOS="196"/>
							<String ID="string_111" HPOS="219" VPOS="697" WIDTH="47" HEIGHT="22" WC="0.96" CONTENT="han"/><SP WIDTH="24" VPOS="697" HPOS="266"/>
							<String ID="string_112" HPOS="290" VPOS="697" WIDTH="36" HEIGHT="21" WC="0.96" CONTENT="sin"/><SP WIDTH="23" VPOS="697" HPOS="326"/>
							<String ID="string_113" HPOS="349" VPOS="697" WIDTH="135" HEIGHT="28" WC="0.96" CONTENT="skyldighet"/><SP WIDTH="24" VPOS="697" HPOS="484"/>
							<String ID="string_114" HPOS="508" VPOS="698" WIDTH="7" HEIGHT="21" WC="0.93" CONTENT="i"/><SP WIDTH="24" VPOS="698" HPOS="515"/>
							<String ID="string_115" HPOS="539" VPOS="698" WIDTH="95" HEIGHT="21" WC="0.91" CONTENT="berördt"/><SP WIDTH="23" VPOS="698" HPOS="634"/>
							<String ID="string_116" HPOS="657" VPOS="699" WIDTH="110" HEIGHT="21" WC="0.92" CONTENT="afseende"/><SP WIDTH="19" VPOS="699" HPOS="767"/>
							<String ID="string_117" HPOS="786" VPOS="699" WIDTH="55" HEIGHT="21" WC="0.91" CONTENT="full-"/>
						</TextLine>
						<TextLine ID="line_15" HPOS="85" VPOS="738" WIDTH="756" HEIGHT="28">
							<String ID="string_118" HPOS="85" VPOS="738" WIDTH="90" HEIGHT="28" WC="0.96" CONTENT="gjorde;"/><SP WIDTH="17" VPOS="738" HPOS="175"/>
							<String ID="string_119" HPOS="192" VPOS="738" WIDTH="44" HEIGHT="22" WC="0.96" CONTENT="och"/><SP WIDTH="15" VPOS="738" HPOS="236"/>
							<String ID="string_120" HPOS="251" VPOS="746" WIDTH="50" HEIGHT="13" WC="0.93" CONTENT="som"/><SP WIDTH="16" VPOS="746" HPOS="301"/>
							<String ID="string_121" HPOS="317" VPOS="738" WIDTH="123" HEIGHT="21" WC="0.91" CONTENT="anmärkta"/><SP WIDTH="14" VPOS="738" HPOS="440"/>
							<String ID="string_122" HPOS="454" VPOS="739" WIDTH="137" HEIGHT="21" WC="0.96" CONTENT="förfarande"/><SP WIDTH="15" VPOS="739" HPOS="591"/>
							<String ID="string_123" HPOS="606" VPOS="747" WIDTH="55" HEIGHT="13" WC="0.96" CONTENT="vore"/><SP WIDTH="12" VPOS="747" HPOS="661"/>
							<String ID="string_124" HPOS="673" VPOS="741" WIDTH="35" HEIGHT="20" WC="0.93" CONTENT="att"/><SP WIDTH="11" VPOS="741" HPOS="708"/>
							<String ID="string_125" HPOS="719" VPOS="739" WIDTH="122" HEIGHT="22" WC="0.92" CONTENT="tillräknas"/>
						</TextLine>
						<TextLine ID="line_16" HPOS="84" VPOS="778" WIDTH="757" HEIGHT="29">
							<String ID="string_126" HPOS="84" VPOS="778" WIDTH="268" HEIGHT="29" WC="0.90" CONTENT="vicehäradshöfdingen"/><SP WIDTH="30" VPOS="778" HPOS="352"/>
							<String ID="string_127" HPOS="382" VPOS="779" WIDTH="22" HEIGHT="21" WC="0.89" CONTENT="J."/><SP WIDTH="30" VPOS="779" HPOS="404"/>
							<String ID="string_128" HPOS="434" VPOS="779" WIDTH="64" HEIGHT="21" WC="0.96" CONTENT="såväl"/><SP WIDTH="30" VPOS="779" HPOS="498"/>
							<String ID="string_129" HPOS="528" VPOS="780" WIDTH="76" HEIGHT="21" WC="0.95" CONTENT="såsom"/><SP WIDTH="29" VPOS="780" HPOS="604"/>
							<String ID="string_130" HPOS="633" VPOS="779" WIDTH="146" HEIGHT="28" WC="0.95" CONTENT="okunnighet"/><SP WIDTH="26" VPOS="779" HPOS="779"/>
							<String ID="string_131" HPOS="805" VPOS="788" WIDTH="36" HEIGHT="13" WC="0.96" CONTENT="om"/>
						</TextLine>
						<TextLine ID="line_17" HPOS="85" VPOS="819" WIDTH="757" HEIGHT="30">
							<String ID="string_132" HPOS="85" VPOS="820" WIDTH="80" HEIGHT="27" WC="0.96" CONTENT="lagens"/><SP WIDTH="15" VPOS="820" HPOS="165"/>
							<String ID="string_133" HPOS="180" VPOS="820" WIDTH="130" HEIGHT="27" WC="0.96" CONTENT="stadgande"/><SP WIDTH="15" VPOS="820" HPOS="310"/>
							<String ID="string_134" HPOS="325" VPOS="819" WIDTH="147" HEIGHT="22" WC="0.93" CONTENT="beträffande"/><SP WIDTH="12" VPOS="819" HPOS="472"/>
							<String ID="string_135" HPOS="484" VPOS="820" WIDTH="131" HEIGHT="29" WC="0.92" CONTENT="domarejäf"/><SP WIDTH="9" VPOS="820" HPOS="615"/>
							<String ID="string_136" HPOS="624" VPOS="827" WIDTH="48" HEIGHT="14" WC="0.96" CONTENT="som"/><SP WIDTH="13" VPOS="827" HPOS="672"/>
							<String ID="string_137" HPOS="685" VPOS="821" WIDTH="70" HEIGHT="20" WC="0.96" CONTENT="äfven"/><SP WIDTH="11" VPOS="821" HPOS="755"/>
							<String ID="string_138" HPOS="766" VPOS="822" WIDTH="76" HEIGHT="20" WC="0.96" CONTENT="såsom"/>
						</TextLine>
						<TextLine ID="line_18" HPOS="86" VPOS="860" WIDTH="756" HEIGHT="29">
							<String ID="string_139" HPOS="86" VPOS="860" WIDTH="122" HEIGHT="22" WC="0.91" CONTENT="oförstånd"/><SP WIDTH="22" VPOS="860" HPOS="208"/>
							<String ID="string_140" HPOS="230" VPOS="861" WIDTH="44" HEIGHT="21" WC="0.96" CONTENT="och"/><SP WIDTH="24" VPOS="861" HPOS="274"/>
							<String ID="string_141" HPOS="298" VPOS="861" WIDTH="148" HEIGHT="21" WC="0.96" CONTENT="förbiseende"/><SP WIDTH="18" VPOS="861" HPOS="446"/>
							<String ID="string_142" HPOS="464" VPOS="861" WIDTH="40" HEIGHT="21" WC="0.96" CONTENT="vid"/><SP WIDTH="15" VPOS="861" HPOS="504"/>
							<String ID="string_143" HPOS="519" VPOS="861" WIDTH="210" HEIGHT="28" WC="0.96" CONTENT="handläggningen"/><SP WIDTH="16" VPOS="861" HPOS="729"/>
							<String ID="string_144" HPOS="745" VPOS="862" WIDTH="26" HEIGHT="21" WC="0.93" CONTENT="af"/><SP WIDTH="14" VPOS="862" HPOS="771"/>
							<String ID="string_145" HPOS="785" VPOS="862" WIDTH="57" HEIGHT="21" WC="0.92" CONTENT="kon-"/>
						</TextLine>
						<TextLine ID="line_19" HPOS="86" VPOS="902" WIDTH="756" HEIGHT="27">
							<String ID="string_146" HPOS="86" VPOS="903" WIDTH="128" HEIGHT="20" WC="0.92" CONTENT="kursmålet"/><SP WIDTH="22" VPOS="903" HPOS="214"/>
							<String ID="string_147" HPOS="236" VPOS="905" WIDTH="60" HEIGHT="19" WC="0.96" CONTENT="samt"/><SP WIDTH="22" VPOS="905" HPOS="296"/>
							<String ID="string_148" HPOS="318" VPOS="903" WIDTH="74" HEIGHT="21" WC="0.96" CONTENT="vållat"/><SP WIDTH="22" VPOS="903" HPOS="392"/>
							<String ID="string_149" HPOS="414" VPOS="904" WIDTH="35" HEIGHT="19" WC="0.96" CONTENT="att"/><SP WIDTH="15" VPOS="904" HPOS="449"/>
							<String ID="string_150" HPOS="464" VPOS="903" WIDTH="79" HEIGHT="21" WC="0.90" CONTENT="Johan"/><SP WIDTH="15" VPOS="903" HPOS="543"/>
							<String ID="string_151" HPOS="558" VPOS="903" WIDTH="29" HEIGHT="20" WC="0.90" CONTENT="H."/><SP WIDTH="17" VPOS="903" HPOS="587"/>
							<String ID="string_152" HPOS="604" VPOS="902" WIDTH="142" HEIGHT="27" WC="0.96" CONTENT="obehörigen"/><SP WIDTH="15" VPOS="902" HPOS="746"/>
							<String ID="string_153" HPOS="761" VPOS="903" WIDTH="81" HEIGHT="21" WC="0.96" CONTENT="hållits"/>
						</TextLine>
						<TextLine ID="line_20" HPOS="87" VPOS="942" WIDTH="756" HEIGHT="22">
							<String ID="string_154" HPOS="87" VPOS="943" WIDTH="87" HEIGHT="21" WC="0.96" CONTENT="häktad"/><SP WIDTH="20" VPOS="943" HPOS="174"/>
							<String ID="string_155" HPOS="194" VPOS="943" WIDTH="54" HEIGHT="21" WC="0.96" CONTENT="från"/><SP WIDTH="18" VPOS="943" HPOS="248"/>
							<String ID="string_156" HPOS="266" VPOS="943" WIDTH="46" HEIGHT="20" WC="0.96" CONTENT="den"/><SP WIDTH="17" VPOS="943" HPOS="312"/>
							<String ID="string_157" HPOS="329" VPOS="945" WIDTH="11" HEIGHT="18" WC="0.96" CONTENT="7"/><SP WIDTH="16" VPOS="945" HPOS="340"/>
							<String ID="string_158" HPOS="356" VPOS="943" WIDTH="37" HEIGHT="20" WC="0.96" CONTENT="till"/><SP WIDTH="17" VPOS="943" HPOS="393"/>
							<String ID="string_159" HPOS="410" VPOS="942" WIDTH="44" HEIGHT="21" WC="0.96" CONTENT="den"/><SP WIDTH="17" VPOS="942" HPOS="454"/>
							<String ID="string_160" HPOS="471" VPOS="945" WIDTH="25" HEIGHT="18" WC="0.96" CONTENT="27"/><SP WIDTH="16" VPOS="945" HPOS="496"/>
							<String ID="string_161" HPOS="512" VPOS="943" WIDTH="58" HEIGHT="20" WC="0.96" CONTENT="Juni"/><SP WIDTH="17" VPOS="943" HPOS="570"/>
							<String ID="string_162" HPOS="587" VPOS="945" WIDTH="53" HEIGHT="18" WC="0.96" CONTENT="1892"/><SP WIDTH="18" VPOS="945" HPOS="640"/>
							<String ID="string_163" HPOS="658" VPOS="942" WIDTH="56" HEIGHT="21" WC="0.93" CONTENT="eller"/><SP WIDTH="15" VPOS="942" HPOS="714"/>
							<String ID="string_164" HPOS="729" VPOS="950" WIDTH="114" HEIGHT="13" WC="0.91" CONTENT="samman-"/>
						</TextLine>
						<TextLine ID="line_21" HPOS="86" VPOS="982" WIDTH="755" HEIGHT="29">
							<String ID="string_165" HPOS="86" VPOS="983" WIDTH="67" HEIGHT="28" WC="0.92" CONTENT="lagdt"/><SP WIDTH="21" VPOS="983" HPOS="153"/>
							<String ID="string_166" HPOS="174" VPOS="983" WIDTH="8" HEIGHT="21" WC="0.96" CONTENT="i"/><SP WIDTH="24" VPOS="983" HPOS="182"/>
							<String ID="string_167" HPOS="206" VPOS="985" WIDTH="22" HEIGHT="20" WC="0.96" CONTENT="21"/><SP WIDTH="28" VPOS="985" HPOS="228"/>
							<String ID="string_168" HPOS="256" VPOS="983" WIDTH="72" HEIGHT="28" WC="0.96" CONTENT="dagar"/><SP WIDTH="21" VPOS="983" HPOS="328"/>
							<String ID="string_169" HPOS="349" VPOS="983" WIDTH="43" HEIGHT="21" WC="0.96" CONTENT="och"/><SP WIDTH="16" VPOS="983" HPOS="392"/>
							<String ID="string_170" HPOS="408" VPOS="983" WIDTH="117" HEIGHT="21" WC="0.93" CONTENT="dessutom"/><SP WIDTH="16" VPOS="983" HPOS="525"/>
							<String ID="string_171" HPOS="541" VPOS="982" WIDTH="152" HEIGHT="29" WC="0.91" CONTENT="tillskyndats"/><SP WIDTH="16" VPOS="982" HPOS="693"/>
							<String ID="string_172" HPOS="709" VPOS="982" WIDTH="73" HEIGHT="21" WC="0.96" CONTENT="skada"/><SP WIDTH="16" VPOS="982" HPOS="782"/>
							<String ID="string_173" HPOS="798" VPOS="983" WIDTH="43" HEIGHT="20" WC="0.96" CONTENT="och"/>
						</TextLine>
						<TextLine ID="line_22" HPOS="87" VPOS="1023" WIDTH="756" HEIGHT="28">
							<String ID="string_174" HPOS="87" VPOS="1024" WIDTH="126" HEIGHT="21" WC="0.96" CONTENT="kostnader"/><SP WIDTH="22" VPOS="1024" HPOS="213"/>
							<String ID="string_175" HPOS="235" VPOS="1031" WIDTH="84" HEIGHT="20" WC="0.93" CONTENT="genom"/><SP WIDTH="24" VPOS="1031" HPOS="319"/>
							<String ID="string_176" HPOS="343" VPOS="1024" WIDTH="258" HEIGHT="27" WC="0.90" CONTENT="konkursförfarandet,"/><SP WIDTH="17" VPOS="1024" HPOS="601"/>
							<String ID="string_177" HPOS="618" VPOS="1023" WIDTH="72" HEIGHT="22" WC="0.96" CONTENT="bland"/><SP WIDTH="16" VPOS="1023" HPOS="690"/>
							<String ID="string_178" HPOS="706" VPOS="1026" WIDTH="71" HEIGHT="19" WC="0.93" CONTENT="annat"/><SP WIDTH="16" VPOS="1026" HPOS="777"/>
							<String ID="string_179" HPOS="793" VPOS="1023" WIDTH="50" HEIGHT="22" WC="0.92" CONTENT="deri"/>
						</TextLine>
						<TextLine ID="line_23" HPOS="87" VPOS="1063" WIDTH="755" HEIGHT="29">
							<String ID="string_180" HPOS="87" VPOS="1066" WIDTH="34" HEIGHT="20" WC="0.96" CONTENT="att"/><SP WIDTH="19" VPOS="1066" HPOS="121"/>
							<String ID="string_181" HPOS="140" VPOS="1072" WIDTH="27" HEIGHT="13" WC="0.96" CONTENT="ur"/><SP WIDTH="19" VPOS="1072" HPOS="167"/>
							<String ID="string_182" HPOS="186" VPOS="1064" WIDTH="59" HEIGHT="21" WC="0.93" CONTENT="hans"/><SP WIDTH="19" VPOS="1064" HPOS="245"/>
							<String ID="string_183" HPOS="264" VPOS="1064" WIDTH="128" HEIGHT="28" WC="0.92" CONTENT="tillgångar"/><SP WIDTH="16" VPOS="1064" HPOS="392"/>
							<String ID="string_184" HPOS="408" VPOS="1063" WIDTH="103" HEIGHT="22" WC="0.92" CONTENT="utdömts"/><SP WIDTH="16" VPOS="1063" HPOS="511"/>
							<String ID="string_185" HPOS="527" VPOS="1064" WIDTH="161" HEIGHT="28" WC="0.95" CONTENT="ersättningen"/><SP WIDTH="17" VPOS="1064" HPOS="688"/>
							<String ID="string_186" HPOS="705" VPOS="1064" WIDTH="36" HEIGHT="21" WC="0.93" CONTENT="för"/><SP WIDTH="15" VPOS="1064" HPOS="741"/>
							<String ID="string_187" HPOS="756" VPOS="1064" WIDTH="86" HEIGHT="21" WC="0.96" CONTENT="urtima"/>
						</TextLine>
						<TextLine ID="line_24" HPOS="88" VPOS="1104" WIDTH="754" HEIGHT="29">
							<String ID="string_188" HPOS="88" VPOS="1105" WIDTH="93" HEIGHT="28" WC="0.91" CONTENT="tingens"/><SP WIDTH="22" VPOS="1105" HPOS="181"/>
							<String ID="string_189" HPOS="203" VPOS="1105" WIDTH="111" HEIGHT="21" WC="0.92" CONTENT="hällande"/><SP WIDTH="15" VPOS="1105" HPOS="314"/>
							<String ID="string_190" HPOS="329" VPOS="1105" WIDTH="53" HEIGHT="21" WC="0.93" CONTENT="med"/><SP WIDTH="15" VPOS="1105" HPOS="382"/>
							<String ID="string_191" HPOS="397" VPOS="1104" WIDTH="172" HEIGHT="28" WC="0.92" CONTENT="sammanlagdt"/><SP WIDTH="18" VPOS="1104" HPOS="569"/>
							<String ID="string_192" HPOS="587" VPOS="1107" WIDTH="38" HEIGHT="19" WC="0.96" CONTENT="132"/><SP WIDTH="17" VPOS="1107" HPOS="625"/>
							<String ID="string_193" HPOS="642" VPOS="1104" WIDTH="66" HEIGHT="21" WC="0.96" CONTENT="mark"/><SP WIDTH="16" VPOS="1104" HPOS="708"/>
							<String ID="string_194" HPOS="724" VPOS="1107" WIDTH="25" HEIGHT="18" WC="0.96" CONTENT="77"/><SP WIDTH="16" VPOS="1107" HPOS="749"/>
							<String ID="string_195" HPOS="765" VPOS="1104" WIDTH="77" HEIGHT="28" WC="0.96" CONTENT="penni,"/>
						</TextLine>
						<TextLine ID="line_25" HPOS="88" VPOS="1144" WIDTH="755" HEIGHT="28">
							<String ID="string_196" HPOS="88" VPOS="1145" WIDTH="120" HEIGHT="22" WC="0.96" CONTENT="äfvensom"/><SP WIDTH="15" VPOS="1145" HPOS="208"/>
							<String ID="string_197" HPOS="223" VPOS="1145" WIDTH="90" HEIGHT="21" WC="0.96" CONTENT="kronan"/><SP WIDTH="16" VPOS="1145" HPOS="313"/>
							<String ID="string_198" HPOS="329" VPOS="1145" WIDTH="47" HEIGHT="20" WC="0.93" CONTENT="fått"/><SP WIDTH="15" VPOS="1145" HPOS="376"/>
							<String ID="string_199" HPOS="391" VPOS="1144" WIDTH="130" HEIGHT="21" WC="0.91" CONTENT="vidkännas"/><SP WIDTH="16" VPOS="1144" HPOS="521"/>
							<String ID="string_200" HPOS="537" VPOS="1144" WIDTH="100" HEIGHT="28" WC="0.96" CONTENT="utgifter"/><SP WIDTH="16" VPOS="1144" HPOS="637"/>
							<String ID="string_201" HPOS="653" VPOS="1144" WIDTH="38" HEIGHT="21" WC="0.96" CONTENT="för"/><SP WIDTH="14" VPOS="1144" HPOS="691"/>
							<String ID="string_202" HPOS="705" VPOS="1144" WIDTH="78" HEIGHT="21" WC="0.93" CONTENT="Johan"/><SP WIDTH="11" VPOS="1144" HPOS="783"/>
							<String ID="string_203" HPOS="794" VPOS="1144" WIDTH="49" HEIGHT="21" WC="0.65" CONTENT="H.:s"/>
						</TextLine>
						<TextLine ID="line_26" HPOS="88" VPOS="1183" WIDTH="756" HEIGHT="29">
							<String ID="string_204" HPOS="88" VPOS="1185" WIDTH="119" HEIGHT="21" WC="0.92" CONTENT="forslande"/><SP WIDTH="16" VPOS="1185" HPOS="207"/>
							<String ID="string_205" HPOS="223" VPOS="1185" WIDTH="37" HEIGHT="21" WC="0.96" CONTENT="till"/><SP WIDTH="16" VPOS="1185" HPOS="260"/>
							<String ID="string_206" HPOS="276" VPOS="1185" WIDTH="44" HEIGHT="21" WC="0.93" CONTENT="och"/><SP WIDTH="16" VPOS="1185" HPOS="320"/>
							<String ID="string_207" HPOS="336" VPOS="1185" WIDTH="53" HEIGHT="20" WC="0.93" CONTENT="frän"/><SP WIDTH="15" VPOS="1185" HPOS="389"/>
							<String ID="string_208" HPOS="404" VPOS="1184" WIDTH="171" HEIGHT="28" WC="0.91" CONTENT="länsfängelset"/><SP WIDTH="16" VPOS="1184" HPOS="575"/>
							<String ID="string_209" HPOS="591" VPOS="1184" WIDTH="42" HEIGHT="21" WC="0.96" CONTENT="och"/><SP WIDTH="12" VPOS="1184" HPOS="633"/>
							<String ID="string_210" HPOS="645" VPOS="1184" WIDTH="36" HEIGHT="21" WC="0.96" CONTENT="för"/><SP WIDTH="11" VPOS="1184" HPOS="681"/>
							<String ID="string_211" HPOS="692" VPOS="1184" WIDTH="57" HEIGHT="21" WC="0.93" CONTENT="hans"/><SP WIDTH="10" VPOS="1184" HPOS="749"/>
							<String ID="string_212" HPOS="759" VPOS="1183" WIDTH="85" HEIGHT="22" WC="0.92" CONTENT="under-"/>
						</TextLine>
						<TextLine ID="line_27" HPOS="87" VPOS="1223" WIDTH="757" HEIGHT="29">
							<String ID="string_213" HPOS="87" VPOS="1225" WIDTH="49" HEIGHT="22" WC="0.90" CONTENT="häll"/><SP WIDTH="23" VPOS="1225" HPOS="136"/>
							<String ID="string_214" HPOS="159" VPOS="1224" WIDTH="119" HEIGHT="22" WC="0.92" CONTENT="derstädes"/><SP WIDTH="23" VPOS="1224" HPOS="278"/>
							<String ID="string_215" HPOS="301" VPOS="1227" WIDTH="60" HEIGHT="18" WC="0.96" CONTENT="samt"/><SP WIDTH="21" VPOS="1227" HPOS="361"/>
							<String ID="string_216" HPOS="382" VPOS="1224" WIDTH="75" HEIGHT="21" WC="0.93" CONTENT="under"/><SP WIDTH="19" VPOS="1224" HPOS="457"/>
							<String ID="string_217" HPOS="476" VPOS="1224" WIDTH="136" HEIGHT="28" WC="0.91" CONTENT="forslingen,"/><SP WIDTH="16" VPOS="1224" HPOS="612"/>
							<String ID="string_218" HPOS="628" VPOS="1224" WIDTH="88" HEIGHT="28" WC="0.92" CONTENT="yrkade"/><SP WIDTH="17" VPOS="1224" HPOS="716"/>
							<String ID="string_219" HPOS="733" VPOS="1223" WIDTH="111" HEIGHT="22" WC="0.91" CONTENT="advokat-"/>
						</TextLine>
						<TextLine ID="line_28" HPOS="87" VPOS="1264" WIDTH="756" HEIGHT="28">
							<String ID="string_220" HPOS="87" VPOS="1265" WIDTH="98" HEIGHT="21" WC="0.92" CONTENT="fiskalen"/><SP WIDTH="11" VPOS="1265" HPOS="185"/>
							<String ID="string_221" HPOS="196" VPOS="1267" WIDTH="34" HEIGHT="19" WC="0.93" CONTENT="att"/><SP WIDTH="10" VPOS="1267" HPOS="230"/>
							<String ID="string_222" HPOS="240" VPOS="1264" WIDTH="270" HEIGHT="28" WC="0.92" CONTENT="vicehäradshöfdingen"/><SP WIDTH="10" VPOS="1264" HPOS="510"/>
							<String ID="string_223" HPOS="520" VPOS="1265" WIDTH="21" HEIGHT="20" WC="0.93" CONTENT="J."/><SP WIDTH="12" VPOS="1265" HPOS="541"/>
							<String ID="string_224" HPOS="553" VPOS="1265" WIDTH="73" HEIGHT="20" WC="0.92" CONTENT="mätte"/><SP WIDTH="11" VPOS="1265" HPOS="626"/>
							<String ID="string_225" HPOS="637" VPOS="1265" WIDTH="38" HEIGHT="20" WC="0.93" CONTENT="för"/><SP WIDTH="10" VPOS="1265" HPOS="675"/>
							<String ID="string_226" HPOS="685" VPOS="1264" WIDTH="62" HEIGHT="21" WC="0.92" CONTENT="hvad"/><SP WIDTH="10" VPOS="1264" HPOS="747"/>
							<String ID="string_227" HPOS="757" VPOS="1264" WIDTH="86" HEIGHT="21" WC="0.96" CONTENT="honom"/>
						</TextLine>
						<TextLine ID="line_29" HPOS="88" VPOS="1304" WIDTH="756" HEIGHT="27">
							<String ID="string_228" HPOS="88" VPOS="1305" WIDTH="98" HEIGHT="21" WC="0.91" CONTENT="sälunda"/><SP WIDTH="22" VPOS="1305" HPOS="186"/>
							<String ID="string_229" HPOS="208" VPOS="1304" WIDTH="114" HEIGHT="21" WC="0.92" CONTENT="stannade"/><SP WIDTH="19" VPOS="1304" HPOS="322"/>
							<String ID="string_230" HPOS="341" VPOS="1304" WIDTH="36" HEIGHT="20" WC="0.96" CONTENT="till"/><SP WIDTH="20" VPOS="1304" HPOS="377"/>
							<String ID="string_231" HPOS="397" VPOS="1304" WIDTH="46" HEIGHT="21" WC="0.93" CONTENT="last"/><SP WIDTH="18" VPOS="1304" HPOS="443"/>
							<String ID="string_232" HPOS="461" VPOS="1305" WIDTH="70" HEIGHT="20" WC="0.92" CONTENT="fällas"/><SP WIDTH="16" VPOS="1305" HPOS="531"/>
							<String ID="string_233" HPOS="547" VPOS="1304" WIDTH="37" HEIGHT="21" WC="0.93" CONTENT="till"/><SP WIDTH="16" VPOS="1304" HPOS="584"/>
							<String ID="string_234" HPOS="600" VPOS="1311" WIDTH="85" HEIGHT="14" WC="0.92" CONTENT="ansvar"/><SP WIDTH="15" VPOS="1311" HPOS="685"/>
							<String ID="string_235" HPOS="700" VPOS="1304" WIDTH="73" HEIGHT="27" WC="0.96" CONTENT="enligt"/><SP WIDTH="18" VPOS="1304" HPOS="773"/>
							<String ID="string_236" HPOS="791" VPOS="1305" WIDTH="24" HEIGHT="19" WC="0.92" CONTENT="12"/><SP WIDTH="17" VPOS="1305" HPOS="815"/>
							<String ID="string_237" HPOS="832" VPOS="1304" WIDTH="12" HEIGHT="26" WC="0.92" CONTENT="$"/>
						</TextLine>
						<TextLine ID="line_30" HPOS="90" VPOS="1344" WIDTH="754" HEIGHT="28">
							<String ID="string_238" HPOS="90" VPOS="1347" WIDTH="8" HEIGHT="19" WC="0.96" CONTENT="1"/><SP WIDTH="21" VPOS="1347" HPOS="98"/>
							<String ID="string_239" HPOS="119" VPOS="1344" WIDTH="53" HEIGHT="28" WC="0.95" CONTENT="kap."/><SP WIDTH="16" VPOS="1344" HPOS="172"/>
							<String ID="string_240" HPOS="188" VPOS="1344" WIDTH="28" HEIGHT="22" WC="0.93" CONTENT="R."/><SP WIDTH="16" VPOS="1344" HPOS="216"/>
							<String ID="string_241" HPOS="232" VPOS="1344" WIDTH="26" HEIGHT="21" WC="0.92" CONTENT="B."/><SP WIDTH="18" VPOS="1344" HPOS="258"/>
							<String ID="string_242" HPOS="276" VPOS="1344" WIDTH="41" HEIGHT="21" WC="0.93" CONTENT="och"/><SP WIDTH="18" VPOS="1344" HPOS="317"/>
							<String ID="string_243" HPOS="335" VPOS="1344" WIDTH="185" HEIGHT="28" WC="0.89" CONTENT="skyldigkännas"/><SP WIDTH="17" VPOS="1344" HPOS="520"/>
							<String ID="string_244" HPOS="537" VPOS="1346" WIDTH="86" HEIGHT="19" WC="0.90" CONTENT="ersätta"/><SP WIDTH="15" VPOS="1346" HPOS="623"/>
							<String ID="string_245" HPOS="638" VPOS="1344" WIDTH="90" HEIGHT="21" WC="0.92" CONTENT="kronan"/><SP WIDTH="16" VPOS="1344" HPOS="728"/>
							<String ID="string_246" HPOS="744" VPOS="1344" WIDTH="37" HEIGHT="20" WC="0.93" CONTENT="för"/><SP WIDTH="16" VPOS="1344" HPOS="781"/>
							<String ID="string_247" HPOS="797" VPOS="1350" WIDTH="47" HEIGHT="14" WC="0.92" CONTENT="om-"/>
						</TextLine>
						<TextLine ID="line_31" HPOS="88" VPOS="1383" WIDTH="757" HEIGHT="29">
							<String ID="string_248" HPOS="88" VPOS="1384" WIDTH="115" HEIGHT="22" WC="0.92" CONTENT="förmälda"/><SP WIDTH="21" VPOS="1384" HPOS="203"/>
							<String ID="string_249" HPOS="224" VPOS="1385" WIDTH="100" HEIGHT="27" WC="0.96" CONTENT="utgifter"/><SP WIDTH="24" VPOS="1385" HPOS="324"/>
							<String ID="string_250" HPOS="348" VPOS="1386" WIDTH="60" HEIGHT="20" WC="0.96" CONTENT="samt"/><SP WIDTH="14" VPOS="1386" HPOS="408"/>
							<String ID="string_251" HPOS="422" VPOS="1384" WIDTH="79" HEIGHT="22" WC="0.96" CONTENT="Johan"/><SP WIDTH="16" VPOS="1384" HPOS="501"/>
							<String ID="string_252" HPOS="517" VPOS="1385" WIDTH="28" HEIGHT="20" WC="0.95" CONTENT="H."/><SP WIDTH="17" VPOS="1385" HPOS="545"/>
							<String ID="string_253" HPOS="562" VPOS="1384" WIDTH="38" HEIGHT="21" WC="0.96" CONTENT="för"/><SP WIDTH="15" VPOS="1384" HPOS="600"/>
							<String ID="string_254" HPOS="615" VPOS="1384" WIDTH="28" HEIGHT="21" WC="0.97" CONTENT="de"/><SP WIDTH="16" VPOS="1384" HPOS="643"/>
							<String ID="string_255" HPOS="659" VPOS="1384" WIDTH="126" HEIGHT="21" WC="0.96" CONTENT="kostnader"/><SP WIDTH="16" VPOS="1384" HPOS="785"/>
							<String ID="string_256" HPOS="801" VPOS="1383" WIDTH="44" HEIGHT="21" WC="0.96" CONTENT="och"/>
						</TextLine>
						<TextLine ID="line_32" HPOS="89" VPOS="1423" WIDTH="756" HEIGHT="29">
							<String ID="string_257" HPOS="89" VPOS="1424" WIDTH="42" HEIGHT="21" WC="0.95" CONTENT="den"/><SP WIDTH="28" VPOS="1424" HPOS="131"/>
							<String ID="string_258" HPOS="159" VPOS="1424" WIDTH="78" HEIGHT="28" WC="0.93" CONTENT="skada,"/><SP WIDTH="23" VPOS="1424" HPOS="237"/>
							<String ID="string_259" HPOS="260" VPOS="1424" WIDTH="73" HEIGHT="22" WC="0.92" CONTENT="hvarä"/><SP WIDTH="22" VPOS="1424" HPOS="333"/>
							<String ID="string_260" HPOS="355" VPOS="1424" WIDTH="47" HEIGHT="21" WC="0.96" CONTENT="han"/><SP WIDTH="22" VPOS="1424" HPOS="402"/>
							<String ID="string_261" HPOS="424" VPOS="1432" WIDTH="85" HEIGHT="20" WC="0.92" CONTENT="genom"/><SP WIDTH="23" VPOS="1432" HPOS="509"/>
							<String ID="string_262" HPOS="532" VPOS="1424" WIDTH="154" HEIGHT="21" WC="0.92" CONTENT="förenämnda"/><SP WIDTH="23" VPOS="1424" HPOS="686"/>
							<String ID="string_263" HPOS="709" VPOS="1423" WIDTH="136" HEIGHT="21" WC="0.96" CONTENT="förfarande"/>
						</TextLine>
					</TextBlock>
				</ComposedBlock>
			</PrintSpace>
		</Page>
	</Layout>
</alto>
