1092 1786
218 142 27 20 32
441 141 29 22 U.
485 141 28 22 B.
531 153 26 2 —
573 139 181 22 111--XXXIIIL

289 203 291 28 Krigsmanshuskassans
599 203 145 27 räkenskaper
763 201 80 28 (XIIL)
867 200 64 21 hafva
955 199 18 28 ej

217 237 109 22 föranledt
347 238 32 21 till
395 238 66 28 några
483 237 169 28 anmärkningar.
682 237 114 21 Utskottet
810 235 39 21 har
861 235 71 21 funnit
947 233 26 22 de

217 271 82 22 fonden
321 272 127 21 tillhörande
465 272 169 28 obligationerna
649 269 155 29 sammanlagdt
819 271 5 20 i
842 269 65 22 värde
925 268 49 21 fullt

217 308 108 19 motsvara
341 306 40 21 den
395 306 131 26 slutsumma,
541 306 32 20 till
588 305 87 21 hvilken
692 304 26 22 de
734 306 36 19 äro
786 303 111 25 bokförda,
908 302 65 22 ehuru

219 348 26 13 en
262 340 34 21 del
312 340 140 28 obligationer
468 340 55 21 dock
539 342 36 19 äro
591 340 65 27 något
671 339 35 21 för
720 339 52 27 högt
787 336 147 30 uppskattade.

447 558 299 28 Kommunikationsfonden.

285 627 102 21 Likasom
409 628 7 20 i
438 628 27 20 de
484 627 118 27 relationer,
619 627 73 21 hvilka
708 626 109 22 aflämnats
833 625 32 21 till
881 625 92 20 närmast

214 660 131 29 föregående
358 662 133 28 landtdagar,
503 662 49 28 ingå
566 662 7 20 i
590 661 41 21 den
648 669 28 13 nu
686 661 32 21 till
730 660 119 22 Ständerna
860 658 113 22 öfverläm-

214 695 57 21 nade
287 696 116 21 relationen
419 696 60 21 såväl
490 696 196 28 kapitalräkningar
696 695 62 21 öfver
768 693 204 22 kommunikations-

214 729 82 21 fonden
319 730 33 20 för
375 730 50 21 åren
450 731 146 26 1893-—1895,
620 738 44 13 som
685 728 133 30 jämförande
838 727 58 22 tablå
911 727 62 21 öfver

214 764 94 21 fondens
331 764 118 22 inkomster
465 764 40 22 och
521 765 89 27 utgifter
626 764 66 28 enligt
707 763 157 27 statsförslaget
880 761 40 21 och
936 768 34 14 en-

215 798 41 28 ligt
272 798 163 22 statsbokslutet
451 799 34 21 för
500 806 80 14 samma
595 798 37 21 tid.

286 832 75 28 Enligt
375 832 37 22 det
427 833 23 21 af
464 832 164 22 Statsutskottet
638 832 36 21 vid
686 834 84 19 senaste
780 830 127 28 landtdagar
917 832 55 18 utta-

216 866 49 21 lade
281 867 160 27 önskningsmål
452 870 94 25 upptaga
557 867 233 27 kapitalräkningarnas
804 864 86 28 (XVII)
902 864 71 20 balan-

217 907 34 14 ser
267 908 86 13 numera
369 901 105 20 särskilda
489 901 142 22 slutsummor,
646 899 130 29 angifvande
788 899 100 28 beloppet
898 898 23 21 af
931 897 41 21 den

217 934 122 28 disponibla
361 935 150 28 behållningen
535 936 5 19 i
564 935 119 25 kontanter,
706 933 66 22 skildt
794 933 46 21 från
861 932 75 21 värdet
951 931 22 21 af

217 969 206 28 statsjärnvägarnes
439 969 126 28 fastigheter
580 977 26 13 m.
622 977 26 13 m.
674 964 73 25 Äfven
764 967 70 21 denna
849 967 57 28 gäng
921 966 52 21 nöd-

216 1010 39 20 gas
267 1002 56 22 dock
333 1003 165 22 Statsutskottet
509 1003 82 28 päpeka
600 1003 148 28 önskligheten
757 1002 23 21 af
790 1005 31 18 att
829 1009 26 13 en
864 1001 109 21 öfverens-

219 1037 121 21 stämmelse
356 1038 89 21 emellan
463 1038 223 28 kapitalräkningarna
702 1037 40 21 och
758 1035 215 30 järnvägsstyrelsens

219 1071 162 22 ärsberättelser
396 1072 69 21 skulle
474 1072 72 21 kunna
556 1072 67 21 ernäs.
638 1072 48 21 Den
696 1071 124 27 förklaring,
833 1077 45 14 som
894 1069 79 21 lämnas

217 1106 6 19 i
235 1105 43 21 den
291 1106 32 21 till
330 1106 185 21 finansrelationen
525 1106 64 28 fogade
607 1099 117 39 relationen
731 1113 33 13 om
781 1105 56 21 hvad
849 1111 45 14 som
904 1103 71 21 blifvit

217 1139 105 28 tillgjordt
337 1140 48 21 med
401 1141 116 27 anledning
528 1141 22 20 af
561 1140 175 21 Statsutskottets
747 1139 37 21 vid
796 1140 55 20 1894
862 1138 33 21 års
906 1137 69 22 landt-

217 1173 43 28 dag
283 1174 82 28 afgifna
387 1175 134 21 betänkande
545 1175 114 26 (KXXXIII
678 1183 16 12 s.
716 1176 20 24 4,
758 1173 70 28 punkt
850 1174 40 24 13),
912 1179 62 21 synes

217 1207 78 21 endast
316 1208 71 28 skjuta
409 1209 76 27 frågan
507 1209 22 21 åt
544 1209 66 25 sidan,
625 1212 23 25 ty
663 1208 119 29 uppgiften,
798 1210 31 18 att
844 1206 131 22 olikheterna

217 1249 54 13 voro
287 1242 76 22 endast
380 1243 130 21 »skenbara»
527 1250 50 21 eger
592 1244 34 20 väl
639 1244 32 20 sin
692 1242 102 28 riktighet
816 1240 113 26 såtillvida,
945 1242 32 18 att

217 1276 156 22 slutresultatet
395 1277 40 21 blir
451 1277 117 21 detsamma
584 1278 55 20 efter
654 1277 104 21 hvardera
774 1275 139 25 förfarandet,
928 1282 47 13 men

218 1310 169 28 anmärkningen
409 1308 62 31 gälde
492 1312 43 28 just
551 1312 58 20 detta
626 1311 130 25 förfarande,
770 1310 51 21 eller
836 1309 140 29 uppställnin-

217 1351 50 21 gen,
289 1344 87 22 hvilken
400 1346 116 27 ingalunda
540 1348 23 18 är
585 1346 45 20 klar
650 1346 12 20 å
678 1344 118 29 någotdera
811 1344 71 20 hållet.
912 1343 65 21 Detta

218 1378 129 22 framträder
368 1386 34 14 om
418 1382 15 18 t.
449 1387 32 13 ex.
496 1388 25 13 ur
536 1380 198 28 kapitalräkningen
750 1378 36 21 för
802 1379 54 20 1895
872 1376 105 29 ingående

217 1413 102 22 balansen
335 1415 35 20 för
385 1415 130 21 inventarier
529 1414 54 21 Fmk
599 1415 130 26 27,657,492:
746 1415 27 20 68
789 1413 52 21 ökas
857 1411 48 22 med
913 1411 65 28 utgif-

218 1450 36 18 ten
268 1447 35 22 för
317 1449 73 28 rörligt
401 1450 95 20 materiel
511 1457 26 13 m.
545 1457 26 13 m.
579 1449 126 28 uppgående
713 1449 32 21 till
754 1449 56 20 Fmk
820 1449 114 26 1,542,654:
951 1449 26 20 90

289 1488 142 18 Statsutskottets
445 1489 109 17 betänkande
567 1488 35 18 N:o
615 1489 17 17 2.
