<?xml version="1.0" encoding="UTF-8"?>
<alto xmlns="http://www.loc.gov/standards/alto/ns-v3#" xmlns:xlink="http://www.w3.org/1999/xlink" xmlns:xsi="http://www.w3.org/2001/XMLSchema-instance" xsi:schemaLocation="http://www.loc.gov/standards/alto/ns-v3# http://www.loc.gov/alto/v3/alto-3-0.xsd">
	<Description>
		<MeasurementUnit>pixel</MeasurementUnit>
		<sourceImageInformation>
			<fileName>/tmp/tess_dw6p__hc_input.PNG</fileName>
		</sourceImageInformation>
		<OCRProcessing ID="OCR_0">
			<ocrProcessingStep>
				<processingSoftware>
					<softwareName>tesseract 5.3.4</softwareName>
				</processingSoftware>
			</ocrProcessingStep>
		</OCRProcessing>
	</Description>
	<Layout>
		<Page WIDTH="1098" HEIGHT="1756" PHYSICAL_IMG_NR="0" ID="page_0">
			<PrintSpace HPOS="0" VPOS="0" WIDTH="1098" HEIGHT="1756">
				<ComposedBlock ID="cblock_0" HPOS="378" VPOS="146" WIDTH="507" HEIGHT="24">
					<TextBlock ID="block_0" HPOS="378" VPOS="146" WIDTH="507" HEIGHT="24">
						<TextLine ID="line_0" HPOS="378" VPOS="146" WIDTH="507" HEIGHT="24">
							<String ID="string_0" HPOS="378" VPOS="147" WIDTH="29" HEIGHT="23" WC="0.93" CONTENT="U."/><SP WIDTH="17" VPOS="147" HPOS="407"/>
							<String ID="string_1" HPOS="424" VPOS="147" WIDTH="28" HEIGHT="22" WC="0.92" CONTENT="B."/><SP WIDTH="17" VPOS="147" HPOS="452"/>
							<String ID="string_2" HPOS="469" VPOS="160" WIDTH="28" HEIGHT="2" WC="0.92" CONTENT="—"/><SP WIDTH="15" VPOS="160" HPOS="497"/>
							<String ID="string_3" HPOS="512" VPOS="146" WIDTH="100" HEIGHT="22" WC="0.91" CONTENT="XXXIV."/><SP WIDTH="245" VPOS="146" HPOS="612"/>
							<String ID="string_4" HPOS="857" VPOS="146" WIDTH="28" HEIGHT="21" WC="0.96" CONTENT="29"/>
						</TextLine>
					</TextBlock>
				</ComposedBlock>
				<ComposedBlock ID="cblock_1" HPOS="124" VPOS="206" WIDTH="754" HEIGHT="168">
					<TextBlock ID="block_1" HPOS="124" VPOS="206" WIDTH="754" HEIGHT="168">
						<TextLine ID="line_1" HPOS="124" VPOS="206" WIDTH="754" HEIGHT="30">
							<String ID="string_5" HPOS="124" VPOS="206" WIDTH="19" HEIGHT="27" WC="0.93" CONTENT="Å"/><SP WIDTH="15" VPOS="206" HPOS="143"/>
							<String ID="string_6" HPOS="158" VPOS="211" WIDTH="146" HEIGHT="21" WC="0.90" CONTENT="återstoden"/><SP WIDTH="-2" VPOS="211" HPOS="304"/>
							<String ID="string_7" HPOS="302" VPOS="202" WIDTH="12" HEIGHT="43" WC="0.87" CONTENT="."/><SP WIDTH="23" VPOS="202" HPOS="314"/>
							<String ID="string_8" HPOS="337" VPOS="227" WIDTH="3" HEIGHT="4" WC="0.89" CONTENT="."/><SP WIDTH="33" VPOS="227" HPOS="340"/>
							<String ID="string_9" HPOS="373" VPOS="227" WIDTH="3" HEIGHT="4" WC="0.91" CONTENT="."/><SP WIDTH="141" VPOS="227" HPOS="376"/>
							<String ID="string_10" HPOS="517" VPOS="227" WIDTH="3" HEIGHT="4" WC="0.37" CONTENT="&lt;"/><SP WIDTH="33" VPOS="227" HPOS="520"/>
							<String ID="string_11" HPOS="553" VPOS="227" WIDTH="3" HEIGHT="3" WC="0.65" CONTENT="&lt;"/><SP WIDTH="32" VPOS="227" HPOS="556"/>
							<String ID="string_12" HPOS="588" VPOS="227" WIDTH="4" HEIGHT="3" WC="0.45" CONTENT="&lt;"/><SP WIDTH="32" VPOS="227" HPOS="592"/>
							<String ID="string_13" HPOS="624" VPOS="209" WIDTH="61" HEIGHT="21" WC="0.84" CONTENT="Fmk"/><SP WIDTH="29" VPOS="209" HPOS="685"/>
							<String ID="string_14" HPOS="714" VPOS="210" WIDTH="119" HEIGHT="26" WC="0.78" CONTENT="4,608,537:"/><SP WIDTH="17" VPOS="210" HPOS="833"/>
							<String ID="string_15" HPOS="850" VPOS="209" WIDTH="28" HEIGHT="21" WC="0.97" CONTENT="56"/>
						</TextLine>
						<TextLine ID="line_2" HPOS="152" VPOS="223" WIDTH="533" HEIGHT="52">
							<String ID="string_16" HPOS="152" VPOS="245" WIDTH="60" HEIGHT="21" WC="0.96" CONTENT="hade"/><SP WIDTH="17" VPOS="245" HPOS="212"/>
							<String ID="string_17" HPOS="229" VPOS="246" WIDTH="54" HEIGHT="20" WC="0.93" CONTENT="1894"/><SP WIDTH="16" VPOS="246" HPOS="283"/>
							<String ID="string_18" HPOS="299" VPOS="245" WIDTH="37" HEIGHT="21" WC="0.93" CONTENT="ärs"/><SP WIDTH="16" VPOS="245" HPOS="336"/>
							<String ID="string_19" HPOS="352" VPOS="223" WIDTH="97" HEIGHT="52" WC="0.92" CONTENT="Ständer"/><SP WIDTH="15" VPOS="223" HPOS="449"/>
							<String ID="string_20" HPOS="464" VPOS="223" WIDTH="114" HEIGHT="52" WC="0.92" CONTENT="eventuelt"/><SP WIDTH="15" VPOS="223" HPOS="578"/>
							<String ID="string_21" HPOS="593" VPOS="244" WIDTH="92" HEIGHT="21" WC="0.96" CONTENT="anvisat"/>
						</TextLine>
						<TextLine ID="line_3" HPOS="153" VPOS="279" WIDTH="532" HEIGHT="26">
							<String ID="string_22" HPOS="153" VPOS="279" WIDTH="61" HEIGHT="21" WC="0.96" CONTENT="ända"/><SP WIDTH="19" VPOS="279" HPOS="214"/>
							<String ID="string_23" HPOS="233" VPOS="279" WIDTH="33" HEIGHT="21" WC="0.91" CONTENT="till"/><SP WIDTH="23" VPOS="279" HPOS="266"/>
							<String ID="string_24" HPOS="289" VPOS="280" WIDTH="92" HEIGHT="25" WC="0.90" CONTENT="500,000"/><SP WIDTH="21" VPOS="280" HPOS="381"/>
							<String ID="string_25" HPOS="402" VPOS="279" WIDTH="67" HEIGHT="20" WC="0.96" CONTENT="mark"/><SP WIDTH="23" VPOS="279" HPOS="469"/>
							<String ID="string_26" HPOS="492" VPOS="279" WIDTH="35" HEIGHT="21" WC="0.96" CONTENT="för"/><SP WIDTH="15" VPOS="279" HPOS="527"/>
							<String ID="string_27" HPOS="542" VPOS="278" WIDTH="26" HEIGHT="21" WC="0.97" CONTENT="år"/><SP WIDTH="14" VPOS="278" HPOS="568"/>
							<String ID="string_28" HPOS="582" VPOS="279" WIDTH="55" HEIGHT="20" WC="0.93" CONTENT="eller"/><SP WIDTH="15" VPOS="279" HPOS="637"/>
							<String ID="string_29" HPOS="652" VPOS="278" WIDTH="33" HEIGHT="21" WC="0.91" CONTENT="in-"/>
						</TextLine>
						<TextLine ID="line_4" HPOS="153" VPOS="312" WIDTH="531" HEIGHT="28">
							<String ID="string_30" HPOS="153" VPOS="314" WIDTH="55" HEIGHT="20" WC="0.93" CONTENT="alles"/><SP WIDTH="23" VPOS="314" HPOS="208"/>
							<String ID="string_31" HPOS="231" VPOS="314" WIDTH="111" HEIGHT="26" WC="0.91" CONTENT="1,500,000"/><SP WIDTH="17" VPOS="314" HPOS="342"/>
							<String ID="string_32" HPOS="359" VPOS="313" WIDTH="66" HEIGHT="27" WC="0.91" CONTENT="Fmk,"/><SP WIDTH="16" VPOS="313" HPOS="425"/>
							<String ID="string_33" HPOS="441" VPOS="313" WIDTH="84" HEIGHT="21" WC="0.95" CONTENT="hvaraf"/><SP WIDTH="14" VPOS="313" HPOS="525"/>
							<String ID="string_34" HPOS="539" VPOS="313" WIDTH="61" HEIGHT="21" WC="0.96" CONTENT="dock"/><SP WIDTH="14" VPOS="313" HPOS="600"/>
							<String ID="string_35" HPOS="614" VPOS="312" WIDTH="70" HEIGHT="27" WC="0.96" CONTENT="enligt"/>
						</TextLine>
						<TextLine ID="line_5" HPOS="153" VPOS="348" WIDTH="532" HEIGHT="26">
							<String ID="string_36" HPOS="153" VPOS="348" WIDTH="135" HEIGHT="21" WC="0.91" CONTENT="förenämda"/><SP WIDTH="15" VPOS="348" HPOS="288"/>
							<String ID="string_37" HPOS="303" VPOS="348" WIDTH="135" HEIGHT="26" WC="0.96" CONTENT="kungörelse"/><SP WIDTH="13" VPOS="348" HPOS="438"/>
							<String ID="string_38" HPOS="451" VPOS="348" WIDTH="124" HEIGHT="20" WC="0.96" CONTENT="beräknats"/><SP WIDTH="14" VPOS="348" HPOS="575"/>
							<String ID="string_39" HPOS="589" VPOS="348" WIDTH="96" HEIGHT="20" WC="0.94" CONTENT="komma"/>
						</TextLine>
					</TextBlock>
				</ComposedBlock>
				<ComposedBlock ID="cblock_2" HPOS="126" VPOS="380" WIDTH="753" HEIGHT="103">
					<TextBlock ID="block_2" HPOS="126" VPOS="380" WIDTH="753" HEIGHT="103">
						<TextLine ID="line_6" HPOS="153" VPOS="380" WIDTH="726" HEIGHT="28">
							<String ID="string_40" HPOS="153" VPOS="382" WIDTH="34" HEIGHT="21" WC="0.96" CONTENT="till"/><SP WIDTH="15" VPOS="382" HPOS="187"/>
							<String ID="string_41" HPOS="202" VPOS="382" WIDTH="149" HEIGHT="26" WC="0.95" CONTENT="användning"/><SP WIDTH="15" VPOS="382" HPOS="351"/>
							<String ID="string_42" HPOS="366" VPOS="382" WIDTH="58" HEIGHT="20" WC="0.77" CONTENT="blott"/><SP WIDTH="42" VPOS="382" HPOS="424"/>
							<String ID="string_43" HPOS="466" VPOS="399" WIDTH="3" HEIGHT="3" WC="0.77" CONTENT="."/><SP WIDTH="33" VPOS="399" HPOS="469"/>
							<String ID="string_44" HPOS="502" VPOS="399" WIDTH="3" HEIGHT="3" WC="0.90" CONTENT="."/><SP WIDTH="32" VPOS="399" HPOS="505"/>
							<String ID="string_45" HPOS="537" VPOS="399" WIDTH="4" HEIGHT="3" WC="0.84" CONTENT="."/><SP WIDTH="33" VPOS="399" HPOS="541"/>
							<String ID="string_46" HPOS="574" VPOS="399" WIDTH="3" HEIGHT="3" WC="0.81" CONTENT="."/><SP WIDTH="33" VPOS="399" HPOS="577"/>
							<String ID="string_47" HPOS="610" VPOS="399" WIDTH="3" HEIGHT="3" WC="0.86" CONTENT="."/><SP WIDTH="32" VPOS="399" HPOS="613"/>
							<String ID="string_48" HPOS="645" VPOS="398" WIDTH="3" HEIGHT="4" WC="0.86" CONTENT="."/><SP WIDTH="34" VPOS="398" HPOS="648"/>
							<String ID="string_49" HPOS="682" VPOS="398" WIDTH="3" HEIGHT="4" WC="0.84" CONTENT="."/><SP WIDTH="33" VPOS="398" HPOS="685"/>
							<String ID="string_50" HPOS="718" VPOS="381" WIDTH="117" HEIGHT="26" WC="0.90" CONTENT="1,375,012:"/><SP WIDTH="16" VPOS="381" HPOS="835"/>
							<String ID="string_51" HPOS="851" VPOS="380" WIDTH="28" HEIGHT="20" WC="0.96" CONTENT="99"/>
						</TextLine>
						<TextLine ID="line_7" HPOS="126" VPOS="421" WIDTH="559" HEIGHT="29">
							<String ID="string_52" HPOS="126" VPOS="423" WIDTH="50" HEIGHT="20" WC="0.95" CONTENT="Den"/><SP WIDTH="26" VPOS="423" HPOS="176"/>
							<String ID="string_53" HPOS="202" VPOS="429" WIDTH="32" HEIGHT="14" WC="0.95" CONTENT="nu"/><SP WIDTH="21" VPOS="429" HPOS="234"/>
							<String ID="string_54" HPOS="255" VPOS="422" WIDTH="136" HEIGHT="26" WC="0.93" CONTENT="förefintliga"/><SP WIDTH="26" VPOS="422" HPOS="391"/>
							<String ID="string_55" HPOS="417" VPOS="422" WIDTH="156" HEIGHT="28" WC="0.91" CONTENT="odisponerade"/><SP WIDTH="21" VPOS="422" HPOS="573"/>
							<String ID="string_56" HPOS="594" VPOS="421" WIDTH="91" HEIGHT="21" WC="0.96" CONTENT="vinsten"/>
						</TextLine>
						<TextLine ID="line_8" HPOS="154" VPOS="455" WIDTH="723" HEIGHT="28">
							<String ID="string_57" HPOS="154" VPOS="458" WIDTH="66" HEIGHT="25" WC="0.96" CONTENT="utgör"/><SP WIDTH="15" VPOS="458" HPOS="220"/>
							<String ID="string_58" HPOS="235" VPOS="457" WIDTH="98" HEIGHT="21" WC="0.84" CONTENT="sålunda"/><SP WIDTH="40" VPOS="457" HPOS="333"/>
							<String ID="string_59" HPOS="373" VPOS="474" WIDTH="4" HEIGHT="3" WC="0.80" CONTENT="."/><SP WIDTH="32" VPOS="474" HPOS="377"/>
							<String ID="string_60" HPOS="409" VPOS="474" WIDTH="4" HEIGHT="3" WC="0.83" CONTENT="."/><SP WIDTH="32" VPOS="474" HPOS="413"/>
							<String ID="string_61" HPOS="445" VPOS="474" WIDTH="4" HEIGHT="3" WC="0.71" CONTENT="."/><SP WIDTH="33" VPOS="474" HPOS="449"/>
							<String ID="string_62" HPOS="482" VPOS="474" WIDTH="3" HEIGHT="3" WC="0.67" CONTENT="."/><SP WIDTH="33" VPOS="474" HPOS="485"/>
							<String ID="string_63" HPOS="518" VPOS="474" WIDTH="3" HEIGHT="3" WC="0.68" CONTENT="."/><SP WIDTH="33" VPOS="474" HPOS="521"/>
							<String ID="string_64" HPOS="554" VPOS="473" WIDTH="4" HEIGHT="4" WC="0.71" CONTENT="."/><SP WIDTH="32" VPOS="473" HPOS="558"/>
							<String ID="string_65" HPOS="590" VPOS="473" WIDTH="3" HEIGHT="4" WC="0.86" CONTENT="."/><SP WIDTH="32" VPOS="473" HPOS="593"/>
							<String ID="string_66" HPOS="625" VPOS="456" WIDTH="60" HEIGHT="20" WC="0.89" CONTENT="Fmk"/><SP WIDTH="30" VPOS="456" HPOS="685"/>
							<String ID="string_67" HPOS="715" VPOS="455" WIDTH="119" HEIGHT="27" WC="0.89" CONTENT="3,233,524:"/><SP WIDTH="17" VPOS="455" HPOS="834"/>
							<String ID="string_68" HPOS="851" VPOS="455" WIDTH="26" HEIGHT="20" WC="0.96" CONTENT="57"/>
						</TextLine>
					</TextBlock>
				</ComposedBlock>
				<ComposedBlock ID="cblock_3" HPOS="126" VPOS="531" WIDTH="371" HEIGHT="22">
					<TextBlock ID="block_3" HPOS="126" VPOS="531" WIDTH="371" HEIGHT="22">
						<TextLine ID="line_9" HPOS="126" VPOS="531" WIDTH="371" HEIGHT="22">
							<String ID="string_69" HPOS="126" VPOS="532" WIDTH="30" HEIGHT="21" WC="0.96" CONTENT="Af"/><SP WIDTH="20" VPOS="532" HPOS="156"/>
							<String ID="string_70" HPOS="176" VPOS="532" WIDTH="28" HEIGHT="21" WC="0.95" CONTENT="de"/><SP WIDTH="23" VPOS="532" HPOS="204"/>
							<String ID="string_71" HPOS="227" VPOS="532" WIDTH="34" HEIGHT="21" WC="0.93" CONTENT="för"/><SP WIDTH="16" VPOS="532" HPOS="261"/>
							<String ID="string_72" HPOS="277" VPOS="531" WIDTH="165" HEIGHT="22" WC="0.91" CONTENT="statsändamål"/><SP WIDTH="16" VPOS="531" HPOS="442"/>
							<String ID="string_73" HPOS="458" VPOS="539" WIDTH="39" HEIGHT="14" WC="0.91" CONTENT="an-"/>
						</TextLine>
					</TextBlock>
				</ComposedBlock>
				<ComposedBlock ID="cblock_4" HPOS="127" VPOS="565" WIDTH="754" HEIGHT="172">
					<TextBlock ID="block_4" HPOS="155" VPOS="565" WIDTH="524" HEIGHT="28">
						<TextLine ID="line_10" HPOS="155" VPOS="565" WIDTH="524" HEIGHT="28">
							<String ID="string_74" HPOS="155" VPOS="567" WIDTH="79" HEIGHT="26" WC="0.95" CONTENT="slagna"/><SP WIDTH="15" VPOS="567" HPOS="234"/>
							<String ID="string_75" HPOS="249" VPOS="566" WIDTH="114" HEIGHT="27" WC="0.96" CONTENT="beloppen"/><SP WIDTH="16" VPOS="566" HPOS="363"/>
							<String ID="string_76" HPOS="379" VPOS="566" WIDTH="54" HEIGHT="21" WC="0.93" CONTENT="eller"/><SP WIDTH="22" VPOS="566" HPOS="433"/>
							<String ID="string_77" HPOS="455" VPOS="583" WIDTH="4" HEIGHT="4" WC="0.86" CONTENT="."/><SP WIDTH="33" VPOS="583" HPOS="459"/>
							<String ID="string_78" HPOS="492" VPOS="583" WIDTH="3" HEIGHT="4" WC="0.71" CONTENT="."/><SP WIDTH="20" VPOS="583" HPOS="495"/>
							<String ID="string_79" HPOS="515" VPOS="566" WIDTH="119" HEIGHT="27" WC="0.77" CONTENT="2,650,172:"/><SP WIDTH="19" VPOS="566" HPOS="634"/>
							<String ID="string_80" HPOS="653" VPOS="565" WIDTH="26" HEIGHT="21" WC="0.97" CONTENT="14"/>
						</TextLine>
					</TextBlock>
					<TextBlock ID="block_5" HPOS="127" VPOS="600" WIDTH="754" HEIGHT="101">
						<TextLine ID="line_11" HPOS="156" VPOS="600" WIDTH="723" HEIGHT="61">
							<String ID="string_81" HPOS="156" VPOS="601" WIDTH="44" HEIGHT="20" WC="0.96" CONTENT="och"/><SP WIDTH="41" VPOS="601" HPOS="200"/>
							<String ID="string_82" HPOS="241" VPOS="617" WIDTH="39" HEIGHT="4" WC="0.56" CONTENT="ss"/><SP WIDTH="33" VPOS="617" HPOS="280"/>
							<String ID="string_83" HPOS="313" VPOS="617" WIDTH="38" HEIGHT="4" WC="0.26" CONTENT="so"/><SP WIDTH="33" VPOS="617" HPOS="351"/>
							<String ID="string_84" HPOS="384" VPOS="617" WIDTH="39" HEIGHT="4" WC="0.14" CONTENT="sc"/><SP WIDTH="33" VPOS="617" HPOS="423"/>
							<String ID="string_85" HPOS="456" VPOS="617" WIDTH="39" HEIGHT="4" WC="0.14" CONTENT="cc"/><SP WIDTH="11" VPOS="617" HPOS="495"/>
							<String ID="string_86" HPOS="506" VPOS="600" WIDTH="177" HEIGHT="61" WC="0.25" CONTENT="LONE"/><SP WIDTH="33" VPOS="600" HPOS="683"/>
							<String ID="string_87" HPOS="716" VPOS="605" WIDTH="119" HEIGHT="26" WC="0.89" CONTENT="4,025,185:"/><SP WIDTH="19" VPOS="605" HPOS="835"/>
							<String ID="string_88" HPOS="854" VPOS="605" WIDTH="25" HEIGHT="19" WC="0.96" CONTENT="13"/>
						</TextLine>
						<TextLine ID="line_12" HPOS="127" VPOS="639" WIDTH="754" HEIGHT="26">
							<String ID="string_89" HPOS="127" VPOS="641" WIDTH="43" HEIGHT="20" WC="0.96" CONTENT="har"/><SP WIDTH="15" VPOS="641" HPOS="170"/>
							<String ID="string_90" HPOS="185" VPOS="641" WIDTH="25" HEIGHT="20" WC="0.96" CONTENT="år"/><SP WIDTH="17" VPOS="641" HPOS="210"/>
							<String ID="string_91" HPOS="227" VPOS="641" WIDTH="53" HEIGHT="20" WC="0.95" CONTENT="1895"/><SP WIDTH="16" VPOS="641" HPOS="280"/>
							<String ID="string_92" HPOS="296" VPOS="641" WIDTH="135" HEIGHT="20" WC="0.89" CONTENT="utbetalats."/><SP WIDTH="32" VPOS="641" HPOS="431"/>
							<String ID="string_93" HPOS="463" VPOS="657" WIDTH="4" HEIGHT="4" WC="0.89" CONTENT="."/><SP WIDTH="32" VPOS="657" HPOS="467"/>
							<String ID="string_94" HPOS="499" VPOS="658" WIDTH="4" HEIGHT="3" WC="0.80" CONTENT="."/><SP WIDTH="32" VPOS="658" HPOS="503"/>
							<String ID="string_95" HPOS="535" VPOS="658" WIDTH="4" HEIGHT="3" WC="0.85" CONTENT="."/><SP WIDTH="180" VPOS="658" HPOS="539"/>
							<String ID="string_96" HPOS="719" VPOS="639" WIDTH="117" HEIGHT="26" WC="0.90" CONTENT="1,000,000:"/><SP WIDTH="16" VPOS="639" HPOS="836"/>
							<String ID="string_97" HPOS="852" VPOS="650" WIDTH="29" HEIGHT="2" WC="0.90" CONTENT="—"/>
						</TextLine>
						<TextLine ID="line_13" HPOS="128" VPOS="657" WIDTH="559" HEIGHT="44">
							<String ID="string_98" HPOS="128" VPOS="675" WIDTH="93" HEIGHT="20" WC="0.96" CONTENT="hvarför"/><SP WIDTH="18" VPOS="675" HPOS="221"/>
							<String ID="string_99" HPOS="239" VPOS="675" WIDTH="28" HEIGHT="20" WC="0.96" CONTENT="de"/><SP WIDTH="19" VPOS="675" HPOS="267"/>
							<String ID="string_100" HPOS="286" VPOS="675" WIDTH="43" HEIGHT="21" WC="0.96" CONTENT="hos"/><SP WIDTH="16" VPOS="675" HPOS="329"/>
							<String ID="string_101" HPOS="345" VPOS="675" WIDTH="92" HEIGHT="20" WC="0.96" CONTENT="banken"/><SP WIDTH="17" VPOS="675" HPOS="437"/>
							<String ID="string_102" HPOS="454" VPOS="657" WIDTH="157" HEIGHT="44" WC="0.96" CONTENT="innestående,"/><SP WIDTH="15" VPOS="657" HPOS="611"/>
							<String ID="string_103" HPOS="626" VPOS="681" WIDTH="61" HEIGHT="14" WC="0.92" CONTENT="even-"/>
						</TextLine>
					</TextBlock>
					<TextBlock ID="block_6" HPOS="157" VPOS="707" WIDTH="722" HEIGHT="30">
						<TextLine ID="line_14" HPOS="157" VPOS="707" WIDTH="722" HEIGHT="30">
							<String ID="string_104" HPOS="157" VPOS="709" WIDTH="51" HEIGHT="20" WC="0.92" CONTENT="tuelt"/><SP WIDTH="14" VPOS="709" HPOS="208"/>
							<String ID="string_105" HPOS="222" VPOS="709" WIDTH="141" HEIGHT="28" WC="0.93" CONTENT="disponerade"/><SP WIDTH="14" VPOS="709" HPOS="363"/>
							<String ID="string_106" HPOS="377" VPOS="709" WIDTH="154" HEIGHT="21" WC="0.91" CONTENT="vinstmedlen"/><SP WIDTH="16" VPOS="709" HPOS="531"/>
							<String ID="string_107" HPOS="547" VPOS="710" WIDTH="80" HEIGHT="25" WC="0.93" CONTENT="utgöra"/><SP WIDTH="19" VPOS="710" HPOS="627"/>
							<String ID="string_108" HPOS="646" VPOS="726" WIDTH="3" HEIGHT="3" WC="0.81" CONTENT="."/><SP WIDTH="32" VPOS="726" HPOS="649"/>
							<String ID="string_109" HPOS="681" VPOS="725" WIDTH="4" HEIGHT="4" WC="0.89" CONTENT="."/><SP WIDTH="31" VPOS="725" HPOS="685"/>
							<String ID="string_110" HPOS="716" VPOS="708" WIDTH="119" HEIGHT="27" WC="0.92" CONTENT="3,025,185:"/><SP WIDTH="19" VPOS="708" HPOS="835"/>
							<String ID="string_111" HPOS="854" VPOS="707" WIDTH="25" HEIGHT="20" WC="0.96" CONTENT="13"/>
						</TextLine>
					</TextBlock>
				</ComposedBlock>
				<ComposedBlock ID="cblock_5" HPOS="128" VPOS="743" WIDTH="755" HEIGHT="268">
					<TextBlock ID="block_7" HPOS="128" VPOS="743" WIDTH="755" HEIGHT="268">
						<TextLine ID="line_15" HPOS="128" VPOS="743" WIDTH="558" HEIGHT="28">
							<String ID="string_112" HPOS="128" VPOS="743" WIDTH="30" HEIGHT="21" WC="0.96" CONTENT="Af"/><SP WIDTH="13" VPOS="743" HPOS="158"/>
							<String ID="string_113" HPOS="171" VPOS="743" WIDTH="127" HEIGHT="21" WC="0.95" CONTENT="sistnämda"/><SP WIDTH="20" VPOS="743" HPOS="298"/>
							<String ID="string_114" HPOS="318" VPOS="743" WIDTH="84" HEIGHT="28" WC="0.96" CONTENT="belopp"/><SP WIDTH="16" VPOS="743" HPOS="402"/>
							<String ID="string_115" HPOS="418" VPOS="743" WIDTH="122" HEIGHT="27" WC="0.96" CONTENT="beräknas,"/><SP WIDTH="17" VPOS="743" HPOS="540"/>
							<String ID="string_116" HPOS="557" VPOS="743" WIDTH="70" HEIGHT="27" WC="0.96" CONTENT="enligt"/><SP WIDTH="15" VPOS="743" HPOS="627"/>
							<String ID="string_117" HPOS="642" VPOS="743" WIDTH="44" HEIGHT="20" WC="0.96" CONTENT="den"/>
						</TextLine>
						<TextLine ID="line_16" HPOS="156" VPOS="777" WIDTH="531" HEIGHT="28">
							<String ID="string_118" HPOS="156" VPOS="777" WIDTH="92" HEIGHT="28" WC="0.96" CONTENT="nyligen"/><SP WIDTH="22" VPOS="777" HPOS="248"/>
							<String ID="string_119" HPOS="270" VPOS="777" WIDTH="34" HEIGHT="21" WC="0.93" CONTENT="till"/><SP WIDTH="23" VPOS="777" HPOS="304"/>
							<String ID="string_120" HPOS="327" VPOS="777" WIDTH="128" HEIGHT="21" WC="0.92" CONTENT="Ständerna"/><SP WIDTH="23" VPOS="777" HPOS="455"/>
							<String ID="string_121" HPOS="478" VPOS="777" WIDTH="106" HEIGHT="21" WC="0.95" CONTENT="utdelade"/><SP WIDTH="19" VPOS="777" HPOS="584"/>
							<String ID="string_122" HPOS="603" VPOS="777" WIDTH="84" HEIGHT="26" WC="0.96" CONTENT="nådiga"/>
						</TextLine>
						<TextLine ID="line_17" HPOS="157" VPOS="811" WIDTH="530" HEIGHT="28">
							<String ID="string_123" HPOS="157" VPOS="811" WIDTH="173" HEIGHT="28" WC="0.95" CONTENT="propositionen"/><SP WIDTH="23" VPOS="811" HPOS="330"/>
							<String ID="string_124" HPOS="353" VPOS="811" WIDTH="42" HEIGHT="22" WC="0.96" CONTENT="N:o"/><SP WIDTH="24" VPOS="811" HPOS="395"/>
							<String ID="string_125" HPOS="419" VPOS="813" WIDTH="26" HEIGHT="19" WC="0.96" CONTENT="31"/><SP WIDTH="26" VPOS="813" HPOS="445"/>
							<String ID="string_126" HPOS="471" VPOS="811" WIDTH="118" HEIGHT="28" WC="0.96" CONTENT="angående"/><SP WIDTH="15" VPOS="811" HPOS="589"/>
							<String ID="string_127" HPOS="604" VPOS="811" WIDTH="28" HEIGHT="21" WC="0.95" CONTENT="de"/><SP WIDTH="16" VPOS="811" HPOS="632"/>
							<String ID="string_128" HPOS="648" VPOS="811" WIDTH="39" HEIGHT="21" WC="0.96" CONTENT="vid"/>
						</TextLine>
						<TextLine ID="line_18" HPOS="158" VPOS="845" WIDTH="529" HEIGHT="28">
							<String ID="string_129" HPOS="158" VPOS="845" WIDTH="155" HEIGHT="22" WC="0.93" CONTENT="innevarande"/><SP WIDTH="15" VPOS="845" HPOS="313"/>
							<String ID="string_130" HPOS="328" VPOS="846" WIDTH="110" HEIGHT="27" WC="0.91" CONTENT="landtdag"/><SP WIDTH="15" VPOS="846" HPOS="438"/>
							<String ID="string_131" HPOS="453" VPOS="846" WIDTH="86" HEIGHT="21" WC="0.92" CONTENT="äskade"/><SP WIDTH="16" VPOS="846" HPOS="539"/>
							<String ID="string_132" HPOS="555" VPOS="846" WIDTH="86" HEIGHT="27" WC="0.93" CONTENT="anslag,"/><SP WIDTH="13" VPOS="846" HPOS="641"/>
							<String ID="string_133" HPOS="654" VPOS="848" WIDTH="33" HEIGHT="19" WC="0.93" CONTENT="ut-"/>
						</TextLine>
						<TextLine ID="line_19" HPOS="158" VPOS="880" WIDTH="530" HEIGHT="28">
							<String ID="string_134" HPOS="158" VPOS="880" WIDTH="63" HEIGHT="21" WC="0.96" CONTENT="öfver"/><SP WIDTH="14" VPOS="880" HPOS="221"/>
							<String ID="string_135" HPOS="235" VPOS="880" WIDTH="94" HEIGHT="27" WC="0.93" CONTENT="tidigare"/><SP WIDTH="16" VPOS="880" HPOS="329"/>
							<String ID="string_136" HPOS="345" VPOS="881" WIDTH="85" HEIGHT="27" WC="0.92" CONTENT="lyftade"/><SP WIDTH="11" VPOS="881" HPOS="430"/>
							<String ID="string_137" HPOS="441" VPOS="881" WIDTH="61" HEIGHT="20" WC="0.88" CONTENT="Fmk"/><SP WIDTH="13" VPOS="881" HPOS="502"/>
							<String ID="string_138" HPOS="515" VPOS="881" WIDTH="119" HEIGHT="26" WC="0.91" CONTENT="1,000,000,"/><SP WIDTH="11" VPOS="881" HPOS="634"/>
							<String ID="string_139" HPOS="645" VPOS="880" WIDTH="43" HEIGHT="21" WC="0.92" CONTENT="för-"/>
						</TextLine>
						<TextLine ID="line_20" HPOS="159" VPOS="913" WIDTH="722" HEIGHT="28">
							<String ID="string_140" HPOS="159" VPOS="915" WIDTH="95" HEIGHT="26" WC="0.92" CONTENT="slagsvis"/><SP WIDTH="16" VPOS="915" HPOS="254"/>
							<String ID="string_141" HPOS="270" VPOS="914" WIDTH="93" HEIGHT="22" WC="0.92" CONTENT="endast."/><SP WIDTH="32" VPOS="914" HPOS="363"/>
							<String ID="string_142" HPOS="395" VPOS="932" WIDTH="3" HEIGHT="3" WC="0.88" CONTENT="."/><SP WIDTH="33" VPOS="932" HPOS="398"/>
							<String ID="string_143" HPOS="431" VPOS="932" WIDTH="4" HEIGHT="3" WC="0.85" CONTENT="."/><SP WIDTH="32" VPOS="932" HPOS="435"/>
							<String ID="string_144" HPOS="467" VPOS="932" WIDTH="4" HEIGHT="3" WC="0.84" CONTENT="."/><SP WIDTH="248" VPOS="932" HPOS="471"/>
							<String ID="string_145" HPOS="719" VPOS="914" WIDTH="117" HEIGHT="27" WC="0.91" CONTENT="1,592,360:"/><SP WIDTH="18" VPOS="914" HPOS="836"/>
							<String ID="string_146" HPOS="854" VPOS="913" WIDTH="27" HEIGHT="21" WC="0.96" CONTENT="69"/>
						</TextLine>
						<TextLine ID="line_21" HPOS="158" VPOS="927" WIDTH="725" HEIGHT="53">
							<String ID="string_147" HPOS="158" VPOS="949" WIDTH="96" HEIGHT="21" WC="0.96" CONTENT="komma"/><SP WIDTH="15" VPOS="949" HPOS="254"/>
							<String ID="string_148" HPOS="269" VPOS="951" WIDTH="32" HEIGHT="19" WC="0.93" CONTENT="att"/><SP WIDTH="14" VPOS="951" HPOS="301"/>
							<String ID="string_149" HPOS="315" VPOS="951" WIDTH="64" HEIGHT="25" WC="0.92" CONTENT="tagas"/><SP WIDTH="15" VPOS="951" HPOS="379"/>
							<String ID="string_150" HPOS="394" VPOS="949" WIDTH="7" HEIGHT="20" WC="0.96" CONTENT="i"/><SP WIDTH="12" VPOS="949" HPOS="401"/>
							<String ID="string_151" HPOS="413" VPOS="932" WIDTH="109" HEIGHT="45" WC="0.42" CONTENT="anspråk:"/><SP WIDTH="17" VPOS="932" HPOS="522"/>
							<String ID="string_152" HPOS="539" VPOS="927" WIDTH="149" HEIGHT="53" WC="0.91" CONTENT="Återstående"/><SP WIDTH="32" VPOS="927" HPOS="688"/>
							<String ID="string_153" HPOS="720" VPOS="949" WIDTH="117" HEIGHT="26" WC="0.91" CONTENT="1,432,824:"/><SP WIDTH="17" VPOS="949" HPOS="837"/>
							<String ID="string_154" HPOS="854" VPOS="948" WIDTH="29" HEIGHT="20" WC="0.96" CONTENT="44"/>
						</TextLine>
						<TextLine ID="line_22" HPOS="156" VPOS="983" WIDTH="725" HEIGHT="28">
							<String ID="string_155" HPOS="156" VPOS="983" WIDTH="72" HEIGHT="27" WC="0.93" CONTENT="jämte"/><SP WIDTH="7" VPOS="983" HPOS="228"/>
							<String ID="string_156" HPOS="235" VPOS="983" WIDTH="134" HEIGHT="21" WC="0.92" CONTENT="förenämda"/><SP WIDTH="7" VPOS="983" HPOS="369"/>
							<String ID="string_157" HPOS="376" VPOS="983" WIDTH="169" HEIGHT="28" WC="0.92" CONTENT="odisponerade"/><SP WIDTH="7" VPOS="983" HPOS="545"/>
							<String ID="string_158" HPOS="552" VPOS="983" WIDTH="136" HEIGHT="21" WC="0.91" CONTENT="vinstmedel"/><SP WIDTH="31" VPOS="983" HPOS="688"/>
							<String ID="string_159" HPOS="719" VPOS="983" WIDTH="118" HEIGHT="26" WC="0.50" CONTENT="3,233,524:"/><SP WIDTH="16" VPOS="983" HPOS="837"/>
							<String ID="string_160" HPOS="853" VPOS="983" WIDTH="28" HEIGHT="20" WC="0.97" CONTENT="57"/>
						</TextLine>
					</TextBlock>
				</ComposedBlock>
				<ComposedBlock ID="cblock_6" HPOS="160" VPOS="1023" WIDTH="731" HEIGHT="31">
					<TextBlock ID="block_8" HPOS="160" VPOS="1023" WIDTH="731" HEIGHT="31">
						<TextLine ID="line_23" HPOS="160" VPOS="1023" WIDTH="731" HEIGHT="31">
							<String ID="string_161" HPOS="160" VPOS="1023" WIDTH="54" HEIGHT="21" WC="0.90" CONTENT="eller"/><SP WIDTH="15" VPOS="1023" HPOS="214"/>
							<String ID="string_162" HPOS="229" VPOS="1023" WIDTH="100" HEIGHT="21" WC="0.40" CONTENT="inalles"/><SP WIDTH="2" VPOS="1023" HPOS="329"/>
							<String ID="string_163" HPOS="331" VPOS="1009" WIDTH="13" HEIGHT="50" WC="0.40" CONTENT="."/><SP WIDTH="17" VPOS="1009" HPOS="344"/>
							<String ID="string_164" HPOS="361" VPOS="1040" WIDTH="4" HEIGHT="4" WC="0.72" CONTENT="."/><SP WIDTH="32" VPOS="1040" HPOS="365"/>
							<String ID="string_165" HPOS="397" VPOS="1040" WIDTH="3" HEIGHT="4" WC="0.79" CONTENT="."/><SP WIDTH="33" VPOS="1040" HPOS="400"/>
							<String ID="string_166" HPOS="433" VPOS="1041" WIDTH="3" HEIGHT="3" WC="0.63" CONTENT="."/><SP WIDTH="33" VPOS="1041" HPOS="436"/>
							<String ID="string_167" HPOS="469" VPOS="1041" WIDTH="4" HEIGHT="3" WC="0.54" CONTENT="."/><SP WIDTH="32" VPOS="1041" HPOS="473"/>
							<String ID="string_168" HPOS="505" VPOS="1041" WIDTH="4" HEIGHT="3" WC="0.58" CONTENT="."/><SP WIDTH="32" VPOS="1041" HPOS="509"/>
							<String ID="string_169" HPOS="541" VPOS="1041" WIDTH="4" HEIGHT="3" WC="0.67" CONTENT="."/><SP WIDTH="33" VPOS="1041" HPOS="545"/>
							<String ID="string_170" HPOS="578" VPOS="1040" WIDTH="4" HEIGHT="4" WC="0.80" CONTENT="."/><SP WIDTH="31" VPOS="1040" HPOS="582"/>
							<String ID="string_171" HPOS="613" VPOS="1023" WIDTH="77" HEIGHT="20" WC="0.51" CONTENT=".Fmk"/><SP WIDTH="29" VPOS="1023" HPOS="690"/>
							<String ID="string_172" HPOS="719" VPOS="1023" WIDTH="124" HEIGHT="31" WC="0.64" CONTENT="4,666,349:"/><SP WIDTH="1" VPOS="1023" HPOS="843"/>
							<String ID="string_173" HPOS="844" VPOS="1023" WIDTH="47" HEIGHT="30" WC="0.92" CONTENT="01"/>
						</TextLine>
					</TextBlock>
				</ComposedBlock>
				<ComposedBlock ID="cblock_7" HPOS="160" VPOS="1067" WIDTH="730" HEIGHT="62">
					<TextBlock ID="block_9" HPOS="160" VPOS="1067" WIDTH="730" HEIGHT="62">
						<TextLine ID="line_24" HPOS="160" VPOS="1067" WIDTH="730" HEIGHT="30">
							<String ID="string_174" HPOS="160" VPOS="1069" WIDTH="35" HEIGHT="20" WC="0.93" CONTENT="stä"/><SP WIDTH="15" VPOS="1069" HPOS="195"/>
							<String ID="string_175" HPOS="210" VPOS="1069" WIDTH="98" HEIGHT="20" WC="0.93" CONTENT="sälunda"/><SP WIDTH="15" VPOS="1069" HPOS="308"/>
							<String ID="string_176" HPOS="323" VPOS="1069" WIDTH="33" HEIGHT="21" WC="0.93" CONTENT="till"/><SP WIDTH="17" VPOS="1069" HPOS="356"/>
							<String ID="string_177" HPOS="373" VPOS="1069" WIDTH="140" HEIGHT="21" WC="0.92" CONTENT="Ständernas"/><SP WIDTH="16" VPOS="1069" HPOS="513"/>
							<String ID="string_178" HPOS="529" VPOS="1069" WIDTH="138" HEIGHT="28" WC="0.92" CONTENT="disposition"/><SP WIDTH="16" VPOS="1069" HPOS="667"/>
							<String ID="string_179" HPOS="683" VPOS="1069" WIDTH="38" HEIGHT="22" WC="0.93" CONTENT="vid"/><SP WIDTH="13" VPOS="1069" HPOS="721"/>
							<String ID="string_180" HPOS="734" VPOS="1067" WIDTH="156" HEIGHT="23" WC="0.92" CONTENT="innevarande"/>
						</TextLine>
						<TextLine ID="line_25" HPOS="160" VPOS="1103" WIDTH="115" HEIGHT="26">
							<String ID="string_181" HPOS="160" VPOS="1103" WIDTH="115" HEIGHT="26" WC="0.91" CONTENT="landtdag."/>
						</TextLine>
					</TextBlock>
				</ComposedBlock>
				<GraphicalElement ID="cblock_8" HPOS="754" VPOS="1053" WIDTH="76" HEIGHT="2"></GraphicalElement >
				<ComposedBlock ID="cblock_9" HPOS="132" VPOS="1165" WIDTH="762" HEIGHT="302">
					<TextBlock ID="block_10" HPOS="132" VPOS="1165" WIDTH="761" HEIGHT="199">
						<TextLine ID="line_26" HPOS="201" VPOS="1165" WIDTH="691" HEIGHT="28">
							<String ID="string_182" HPOS="201" VPOS="1165" WIDTH="76" HEIGHT="21" WC="0.92" CONTENT="Jämte"/><SP WIDTH="16" VPOS="1165" HPOS="277"/>
							<String ID="string_183" HPOS="293" VPOS="1165" WIDTH="38" HEIGHT="22" WC="0.93" CONTENT="det"/><SP WIDTH="15" VPOS="1165" HPOS="331"/>
							<String ID="string_184" HPOS="346" VPOS="1166" WIDTH="115" HEIGHT="21" WC="0.92" CONTENT="Utskottet"/><SP WIDTH="16" VPOS="1166" HPOS="461"/>
							<String ID="string_185" HPOS="477" VPOS="1166" WIDTH="34" HEIGHT="21" WC="0.92" CONTENT="fär"/><SP WIDTH="16" VPOS="1166" HPOS="511"/>
							<String ID="string_186" HPOS="527" VPOS="1167" WIDTH="82" HEIGHT="20" WC="0.91" CONTENT="härom"/><SP WIDTH="16" VPOS="1167" HPOS="609"/>
							<String ID="string_187" HPOS="625" VPOS="1167" WIDTH="100" HEIGHT="26" WC="0.91" CONTENT="anmäla,"/><SP WIDTH="15" VPOS="1167" HPOS="725"/>
							<String ID="string_188" HPOS="740" VPOS="1166" WIDTH="65" HEIGHT="21" WC="0.96" CONTENT="torde"/><SP WIDTH="13" VPOS="1166" HPOS="805"/>
							<String ID="string_189" HPOS="818" VPOS="1165" WIDTH="38" HEIGHT="21" WC="0.96" CONTENT="det"/><SP WIDTH="10" VPOS="1165" HPOS="856"/>
							<String ID="string_190" HPOS="866" VPOS="1165" WIDTH="26" HEIGHT="21" WC="0.97" CONTENT="sä"/>
						</TextLine>
						<TextLine ID="line_27" HPOS="134" VPOS="1199" WIDTH="758" HEIGHT="29">
							<String ID="string_191" HPOS="134" VPOS="1199" WIDTH="92" HEIGHT="27" WC="0.93" CONTENT="mycket"/><SP WIDTH="22" VPOS="1199" HPOS="226"/>
							<String ID="string_192" HPOS="248" VPOS="1200" WIDTH="71" HEIGHT="21" WC="0.92" CONTENT="hällre"/><SP WIDTH="24" VPOS="1200" HPOS="319"/>
							<String ID="string_193" HPOS="343" VPOS="1200" WIDTH="93" HEIGHT="21" WC="0.92" CONTENT="tillhöra"/><SP WIDTH="25" VPOS="1200" HPOS="436"/>
							<String ID="string_194" HPOS="461" VPOS="1201" WIDTH="114" HEIGHT="21" WC="0.93" CONTENT="Utskottet"/><SP WIDTH="18" VPOS="1201" HPOS="575"/>
							<String ID="string_195" HPOS="593" VPOS="1203" WIDTH="33" HEIGHT="18" WC="0.93" CONTENT="att"/><SP WIDTH="17" VPOS="1203" HPOS="626"/>
							<String ID="string_196" HPOS="643" VPOS="1203" WIDTH="59" HEIGHT="25" WC="0.92" CONTENT="yttra"/><SP WIDTH="16" VPOS="1203" HPOS="702"/>
							<String ID="string_197" HPOS="718" VPOS="1200" WIDTH="40" HEIGHT="27" WC="0.95" CONTENT="sig,"/><SP WIDTH="16" VPOS="1200" HPOS="758"/>
							<String ID="string_198" HPOS="774" VPOS="1200" WIDTH="7" HEIGHT="21" WC="0.93" CONTENT="i"/><SP WIDTH="16" VPOS="1200" HPOS="781"/>
							<String ID="string_199" HPOS="797" VPOS="1200" WIDTH="95" HEIGHT="21" WC="0.92" CONTENT="hvilken"/>
						</TextLine>
						<TextLine ID="line_28" HPOS="133" VPOS="1233" WIDTH="759" HEIGHT="28">
							<String ID="string_200" HPOS="133" VPOS="1233" WIDTH="56" HEIGHT="21" WC="0.94" CONTENT="män"/><SP WIDTH="33" VPOS="1233" HPOS="189"/>
							<String ID="string_201" HPOS="222" VPOS="1234" WIDTH="74" HEIGHT="21" WC="0.78" CONTENT="beslut"/><SP WIDTH="35" VPOS="1234" HPOS="296"/>
							<String ID="string_202" HPOS="331" VPOS="1235" WIDTH="26" HEIGHT="20" WC="0.88" CONTENT="af"/><SP WIDTH="26" VPOS="1235" HPOS="357"/>
							<String ID="string_203" HPOS="383" VPOS="1235" WIDTH="130" HEIGHT="21" WC="0.88" CONTENT="Ständerna"/><SP WIDTH="28" VPOS="1235" HPOS="513"/>
							<String ID="string_204" HPOS="541" VPOS="1235" WIDTH="39" HEIGHT="21" WC="0.96" CONTENT="vid"/><SP WIDTH="28" VPOS="1235" HPOS="580"/>
							<String ID="string_205" HPOS="608" VPOS="1235" WIDTH="76" HEIGHT="21" WC="0.93" CONTENT="denna"/><SP WIDTH="28" VPOS="1235" HPOS="684"/>
							<String ID="string_206" HPOS="712" VPOS="1234" WIDTH="110" HEIGHT="27" WC="0.91" CONTENT="landtdag"/><SP WIDTH="30" VPOS="1234" HPOS="822"/>
							<String ID="string_207" HPOS="852" VPOS="1235" WIDTH="40" HEIGHT="20" WC="0.89" CONTENT="äro"/>
						</TextLine>
						<TextLine ID="line_29" HPOS="133" VPOS="1267" WIDTH="760" HEIGHT="28">
							<String ID="string_208" HPOS="133" VPOS="1267" WIDTH="123" HEIGHT="27" WC="0.91" CONTENT="päkallade"/><SP WIDTH="19" VPOS="1267" HPOS="256"/>
							<String ID="string_209" HPOS="275" VPOS="1269" WIDTH="34" HEIGHT="20" WC="0.93" CONTENT="för"/><SP WIDTH="18" VPOS="1269" HPOS="309"/>
							<String ID="string_210" HPOS="327" VPOS="1269" WIDTH="88" HEIGHT="26" WC="0.92" CONTENT="ökning"/><SP WIDTH="18" VPOS="1269" HPOS="415"/>
							<String ID="string_211" HPOS="433" VPOS="1269" WIDTH="26" HEIGHT="20" WC="0.93" CONTENT="af"/><SP WIDTH="16" VPOS="1269" HPOS="459"/>
							<String ID="string_212" HPOS="475" VPOS="1269" WIDTH="105" HEIGHT="21" WC="0.91" CONTENT="bankens"/><SP WIDTH="16" VPOS="1269" HPOS="580"/>
							<String ID="string_213" HPOS="596" VPOS="1269" WIDTH="139" HEIGHT="26" WC="0.92" CONTENT="reservfond,"/><SP WIDTH="16" VPOS="1269" HPOS="735"/>
							<String ID="string_214" HPOS="751" VPOS="1275" WIDTH="51" HEIGHT="14" WC="0.93" CONTENT="som"/><SP WIDTH="16" VPOS="1275" HPOS="802"/>
							<String ID="string_215" HPOS="818" VPOS="1268" WIDTH="75" HEIGHT="21" WC="0.90" CONTENT="Bank-"/>
						</TextLine>
						<TextLine ID="line_30" HPOS="133" VPOS="1301" WIDTH="760" HEIGHT="29">
							<String ID="string_216" HPOS="133" VPOS="1301" WIDTH="143" HEIGHT="28" WC="0.92" CONTENT="fullmäktige"/><SP WIDTH="15" VPOS="1301" HPOS="276"/>
							<String ID="string_217" HPOS="291" VPOS="1303" WIDTH="35" HEIGHT="21" WC="0.96" CONTENT="för"/><SP WIDTH="15" VPOS="1303" HPOS="326"/>
							<String ID="string_218" HPOS="341" VPOS="1303" WIDTH="36" HEIGHT="21" WC="0.97" CONTENT="sin"/><SP WIDTH="16" VPOS="1303" HPOS="377"/>
							<String ID="string_219" HPOS="393" VPOS="1303" WIDTH="36" HEIGHT="21" WC="0.93" CONTENT="del"/><SP WIDTH="17" VPOS="1303" HPOS="429"/>
							<String ID="string_220" HPOS="446" VPOS="1303" WIDTH="122" HEIGHT="27" WC="0.92" CONTENT="föreslagit,"/><SP WIDTH="16" VPOS="1303" HPOS="568"/>
							<String ID="string_221" HPOS="584" VPOS="1306" WIDTH="32" HEIGHT="19" WC="0.96" CONTENT="att"/><SP WIDTH="15" VPOS="1306" HPOS="616"/>
							<String ID="string_222" HPOS="631" VPOS="1304" WIDTH="52" HEIGHT="20" WC="0.96" CONTENT="hela"/><SP WIDTH="15" VPOS="1304" HPOS="683"/>
							<String ID="string_223" HPOS="698" VPOS="1303" WIDTH="45" HEIGHT="22" WC="0.93" CONTENT="den"/><SP WIDTH="15" VPOS="1303" HPOS="743"/>
							<String ID="string_224" HPOS="758" VPOS="1303" WIDTH="68" HEIGHT="26" WC="0.91" CONTENT="vinst,"/><SP WIDTH="16" VPOS="1303" HPOS="826"/>
							<String ID="string_225" HPOS="842" VPOS="1309" WIDTH="51" HEIGHT="14" WC="0.96" CONTENT="som"/>
						</TextLine>
						<TextLine ID="line_31" HPOS="132" VPOS="1337" WIDTH="691" HEIGHT="27">
							<String ID="string_226" HPOS="132" VPOS="1342" WIDTH="33" HEIGHT="14" WC="0.96" CONTENT="nu"/><SP WIDTH="15" VPOS="1342" HPOS="165"/>
							<String ID="string_227" HPOS="180" VPOS="1337" WIDTH="26" HEIGHT="20" WC="0.93" CONTENT="är"/><SP WIDTH="15" VPOS="1337" HPOS="206"/>
							<String ID="string_228" HPOS="221" VPOS="1337" WIDTH="136" HEIGHT="27" WC="0.92" CONTENT="disponibel,"/><SP WIDTH="16" VPOS="1337" HPOS="357"/>
							<String ID="string_229" HPOS="373" VPOS="1337" WIDTH="76" HEIGHT="21" WC="0.96" CONTENT="skulle"/><SP WIDTH="15" VPOS="1337" HPOS="449"/>
							<String ID="string_230" HPOS="464" VPOS="1337" WIDTH="35" HEIGHT="21" WC="0.93" CONTENT="till"/><SP WIDTH="15" VPOS="1337" HPOS="499"/>
							<String ID="string_231" HPOS="514" VPOS="1337" WIDTH="162" HEIGHT="22" WC="0.91" CONTENT="reservfonden"/><SP WIDTH="16" VPOS="1337" HPOS="676"/>
							<String ID="string_232" HPOS="692" VPOS="1337" WIDTH="131" HEIGHT="22" WC="0.92" CONTENT="öfverföras."/>
						</TextLine>
					</TextBlock>
					<TextBlock ID="block_11" HPOS="132" VPOS="1370" WIDTH="762" HEIGHT="97">
						<TextLine ID="line_32" HPOS="202" VPOS="1370" WIDTH="692" HEIGHT="28">
							<String ID="string_233" HPOS="202" VPOS="1370" WIDTH="101" HEIGHT="21" WC="0.92" CONTENT="Oaktadt"/><SP WIDTH="22" VPOS="1370" HPOS="303"/>
							<String ID="string_234" HPOS="325" VPOS="1371" WIDTH="105" HEIGHT="21" WC="0.92" CONTENT="bankens"/><SP WIDTH="21" VPOS="1371" HPOS="430"/>
							<String ID="string_235" HPOS="451" VPOS="1371" WIDTH="153" HEIGHT="22" WC="0.92" CONTENT="förbindelser"/><SP WIDTH="22" VPOS="1371" HPOS="604"/>
							<String ID="string_236" HPOS="626" VPOS="1371" WIDTH="39" HEIGHT="22" WC="0.92" CONTENT="vid"/><SP WIDTH="22" VPOS="1371" HPOS="665"/>
							<String ID="string_237" HPOS="687" VPOS="1371" WIDTH="114" HEIGHT="27" WC="0.91" CONTENT="utgängen"/><SP WIDTH="22" VPOS="1371" HPOS="801"/>
							<String ID="string_238" HPOS="823" VPOS="1371" WIDTH="25" HEIGHT="21" WC="0.96" CONTENT="af"/><SP WIDTH="21" VPOS="1371" HPOS="848"/>
							<String ID="string_239" HPOS="869" VPOS="1371" WIDTH="25" HEIGHT="21" WC="0.96" CONTENT="är"/>
						</TextLine>
						<TextLine ID="line_33" HPOS="134" VPOS="1404" WIDTH="760" HEIGHT="29">
							<String ID="string_240" HPOS="134" VPOS="1404" WIDTH="56" HEIGHT="21" WC="0.96" CONTENT="1896"/><SP WIDTH="14" VPOS="1404" HPOS="190"/>
							<String ID="string_241" HPOS="204" VPOS="1405" WIDTH="52" HEIGHT="20" WC="0.93" CONTENT="med"/><SP WIDTH="24" VPOS="1405" HPOS="256"/>
							<String ID="string_242" HPOS="280" VPOS="1405" WIDTH="106" HEIGHT="21" WC="0.87" CONTENT="afseende"/><SP WIDTH="17" VPOS="1405" HPOS="386"/>
							<String ID="string_243" HPOS="403" VPOS="1405" WIDTH="14" HEIGHT="21" WC="0.87" CONTENT="&amp;"/><SP WIDTH="19" VPOS="1405" HPOS="417"/>
							<String ID="string_244" HPOS="436" VPOS="1405" WIDTH="39" HEIGHT="22" WC="0.93" CONTENT="det"/><SP WIDTH="22" VPOS="1405" HPOS="475"/>
							<String ID="string_245" HPOS="497" VPOS="1406" WIDTH="103" HEIGHT="26" WC="0.92" CONTENT="ovanligt"/><SP WIDTH="19" VPOS="1406" HPOS="600"/>
							<String ID="string_246" HPOS="619" VPOS="1408" WIDTH="61" HEIGHT="19" WC="0.96" CONTENT="stora"/><SP WIDTH="21" VPOS="1408" HPOS="680"/>
							<String ID="string_247" HPOS="701" VPOS="1405" WIDTH="108" HEIGHT="28" WC="0.93" CONTENT="beloppet"/><SP WIDTH="14" VPOS="1405" HPOS="809"/>
							<String ID="string_248" HPOS="823" VPOS="1405" WIDTH="71" HEIGHT="21" WC="0.92" CONTENT="utelö-"/>
						</TextLine>
						<TextLine ID="line_34" HPOS="132" VPOS="1438" WIDTH="762" HEIGHT="29">
							<String ID="string_249" HPOS="132" VPOS="1438" WIDTH="77" HEIGHT="27" WC="0.92" CONTENT="pande"/><SP WIDTH="15" VPOS="1438" HPOS="209"/>
							<String ID="string_250" HPOS="224" VPOS="1439" WIDTH="75" HEIGHT="21" WC="0.92" CONTENT="sedlar"/><SP WIDTH="14" VPOS="1439" HPOS="299"/>
							<String ID="string_251" HPOS="313" VPOS="1439" WIDTH="111" HEIGHT="27" WC="0.93" CONTENT="betydligt"/><SP WIDTH="15" VPOS="1439" HPOS="424"/>
							<String ID="string_252" HPOS="439" VPOS="1440" WIDTH="127" HEIGHT="26" WC="0.91" CONTENT="öfverstego"/><SP WIDTH="12" VPOS="1440" HPOS="566"/>
							<String ID="string_253" HPOS="578" VPOS="1440" WIDTH="37" HEIGHT="21" WC="0.96" CONTENT="det"/><SP WIDTH="10" VPOS="1440" HPOS="615"/>
							<String ID="string_254" HPOS="625" VPOS="1440" WIDTH="112" HEIGHT="27" WC="0.93" CONTENT="normala,"/><SP WIDTH="11" VPOS="1440" HPOS="737"/>
							<String ID="string_255" HPOS="748" VPOS="1439" WIDTH="146" HEIGHT="22" WC="0.92" CONTENT="motsvarade"/>
						</TextLine>
					</TextBlock>
				</ComposedBlock>
				<ComposedBlock ID="cblock_10" HPOS="202" VPOS="1489" WIDTH="346" HEIGHT="19">
					<TextBlock ID="block_12" HPOS="202" VPOS="1489" WIDTH="346" HEIGHT="19">
						<TextLine ID="line_35" HPOS="202" VPOS="1489" WIDTH="346" HEIGHT="19">
							<String ID="string_256" HPOS="202" VPOS="1489" WIDTH="143" HEIGHT="18" WC="0.78" CONTENT="Bankutskotteis"/><SP WIDTH="12" VPOS="1489" HPOS="345"/>
							<String ID="string_257" HPOS="357" VPOS="1489" WIDTH="114" HEIGHT="18" WC="0.79" CONTENT="betänkande"/><SP WIDTH="6" VPOS="1489" HPOS="471"/>
							<String ID="string_258" HPOS="477" VPOS="1490" WIDTH="41" HEIGHT="18" WC="0.54" CONTENT="N:o"/><SP WIDTH="13" VPOS="1490" HPOS="518"/>
							<String ID="string_259" HPOS="531" VPOS="1490" WIDTH="17" HEIGHT="17" WC="0.96" CONTENT="2."/>
						</TextLine>
					</TextBlock>
				</ComposedBlock>
			</PrintSpace>
		</Page>
	</Layout>
</alto>
