1095 1773
213 148 26 20 10
487 148 28 22 U.
532 148 28 22 B.
576 161 28 2 —
619 148 100 21 XXXIV.

212 210 36 21 sin
265 210 61 21 åsikt
341 210 69 22 hafva
426 211 210 27 Bankfullmäktige
651 212 84 20 anfört:
752 213 32 19 att
794 211 131 27 visserligen
938 216 28 15 en

211 244 101 27 betydlig
334 245 104 27 nedgäng
456 246 7 20 i
484 246 118 20 kontorets
623 246 84 20 rörelse
727 248 35 24 egt
780 252 61 20 rum,
862 245 34 21 till
911 244 55 27 följd

213 279 84 20 hvaraf
314 279 212 22 bruttoinkomsten
536 280 51 20 frän
601 280 59 20 Fmk
675 280 76 26 68,641
769 280 25 20 är
811 280 54 20 1894
876 279 90 27 nedgätt

212 312 34 21 till
263 313 60 21 Fmk
338 314 76 26 24,535
431 314 25 20 är
473 315 54 20 1895
546 314 44 21 och
606 314 67 21 äfven
689 314 25 20 är
729 314 54 20 1896
794 314 83 27 utgjort
887 314 80 21 endast

213 347 60 20 Fmk
288 348 84 26 26,585,
388 355 52 14 men
457 351 37 24 att,
520 348 67 21 äfven
612 355 38 14 om
669 348 62 21 detta
745 348 144 20 förhällande
910 348 55 23 icke,

213 381 77 21 säsom
314 382 209 27 Bankfullmäktige
544 382 53 21 ville
616 385 89 24 antaga,
724 389 54 14 vore
798 382 25 21 af
843 382 71 21 delvis
935 382 31 20 öf-

212 416 126 26 vergäende
356 419 74 24 natur,
452 417 106 21 kontoret
573 416 87 28 jämväl
680 424 33 13 nu
728 416 107 22 lämnade
851 423 28 14 en
895 418 70 19 netto-

212 450 61 21 vinst
289 450 24 21 af
337 451 47 20 Fmk
400 452 84 26 11,543;
506 454 32 18 att
556 451 69 21 redan
646 451 38 21 vid
703 451 117 21 kontorets
838 450 128 22 inrättande

213 484 13 21 å
250 488 63 17 orten
342 486 123 26 opererade
495 486 39 20 två
560 485 162 28 privatbanker
747 485 44 21 och
817 485 43 21 den
888 491 78 15 senare

213 519 87 20 skedda
327 519 142 22 tillkomsten
489 520 25 21 af
533 522 30 19 ett
583 520 69 27 tredje
674 519 223 28 privatbankkontor
917 519 49 21 icke

212 553 78 20 kunde
312 553 69 21 hafva
402 554 98 21 medfört
520 554 73 21 sädan
615 554 132 27 förändring
763 554 7 21 i
786 553 179 26 förhällandena,

213 589 32 18 att
261 587 111 22 Finlands
389 589 78 20 Banks
488 589 83 20 kontor
592 595 96 14 numera
710 595 54 14 vore
787 590 31 19 att
834 595 66 14 anses
916 587 50 21 obe-

212 621 91 27 höfligt;
318 624 60 19 samt
393 625 32 18 att
439 623 170 20 affärsrörelsen
631 623 7 20 i
660 623 103 25 Karelen,
779 622 55 21 efter
849 622 37 21 det
900 622 66 21 Joen-

213 663 44 13 suu
275 657 91 20 erhällit
378 656 248 28 järnvägsförbindelse
643 657 52 20 med
710 657 96 26 Wiborg
821 657 44 20 och
882 657 29 20 St.
929 656 37 21 Pe-

211 690 111 27 tersburg,
333 691 112 26 ansenligt
453 691 88 21 tillväxt
548 692 44 20 och
601 691 128 27 antagligen
737 691 127 28 ytterligare
874 691 92 20 komme

212 726 32 19 att
259 725 63 20 ökas.

282 759 44 20 Vid
350 759 107 28 pröfning
479 760 25 21 af
525 760 76 21 denna
624 760 62 26 fräga
702 760 42 20 har
760 759 131 27 visserligen
906 761 61 18 emot

213 793 221 27 Bankfullmäktiges
449 794 129 27 beräkning
593 794 25 21 af
630 794 44 21 den
689 794 68 26 vinst,
769 800 50 14 som
830 793 136 28 tillskyndas

212 827 93 21 banken
330 833 83 21 genom
440 828 212 27 upprätthällandet
678 828 25 21 af
725 828 84 21 kontor
829 827 8 21 i
856 828 109 25 Joensuu,

213 861 64 22 inom
294 862 113 21 Utskottet
422 862 70 28 gjorts
508 863 45 20 den
562 863 149 26 invändning,
720 865 32 18 att
760 862 104 21 bankens
875 862 91 21 rörelse-

212 896 94 27 kapital,
322 896 69 21 hvars
407 898 84 20 storlek
507 897 7 21 i
538 898 94 20 främsta
650 899 100 19 rummet
764 897 67 21 beror
846 896 30 28 pä
891 896 75 27 belop-

212 932 38 25 pet
271 931 137 27 utelöpande
428 931 81 27 sedlar,
532 932 50 20 icke
598 931 107 21 influeras
721 931 71 26 däraf,
808 938 39 14 om
862 931 105 21 kontoret

212 964 7 20 i
235 965 104 21 Joensuu
354 965 74 21 finnes
444 966 54 20 eller
512 965 27 27 ej,
556 968 59 18 samt
630 968 32 18 att
677 965 44 21 den
734 965 167 27 jämförelsevis
916 964 51 21 obe-

211 999 87 27 tydliga
320 999 37 21 del
380 1000 25 20 af
418 1000 60 21 detta
494 1000 177 27 rörelsekapital,
691 1006 50 14 som
757 1006 32 14 nu
805 999 76 20 funnit
895 999 71 27 place-

212 1032 51 27 ring
284 1033 38 21 vid
345 1034 86 20 nämda
455 1034 89 26 kontor,
563 1034 90 20 kunnat
668 1034 103 27 placeras
787 1033 29 27 pä
831 1035 71 19 annat
917 1034 49 24 sätt,

213 1074 51 14 som
291 1068 89 20 lämnat
397 1068 95 26 ungefär
512 1068 161 21 motsvarande
688 1067 145 26 bruttovinst,
849 1074 53 14 men
918 1067 49 20 icke

213 1102 102 26 päkallat
336 1102 38 20 det
390 1102 85 27 afdrag,
491 1102 135 28 uppgäende
644 1102 33 20 till
694 1102 107 26 omkring
816 1101 60 21 Fmk
892 1102 75 26 15,000

213 1142 38 14 om
274 1136 53 26 äret,
349 1136 92 21 hvartill
463 1136 194 21 omkostnaderna
678 1136 39 21 vid
739 1136 107 21 kontoret
866 1135 100 28 uppgätt.

214 1170 53 20 Men
288 1170 30 20 dä
342 1170 220 27 afdelningskontor,
585 1177 50 14 som
658 1177 28 14 en
701 1170 59 27 gäng
776 1170 126 26 etablerats,
918 1170 49 20 icke

213 1204 71 21 borde
305 1206 56 19 utan
384 1204 52 21 fullt
457 1205 102 27 vägande
575 1205 50 20 skäl
641 1204 106 27 indragas
764 1204 43 21 och
823 1204 44 20 den
883 1203 85 21 minsk-

213 1238 56 27 ning
291 1238 7 21 i
314 1239 100 21 rörelsen
430 1239 39 21 vid
485 1239 124 21 kontoret
602 1234 15 36 i
624 1240 110 25 Joensuu,
752 1245 50 14 som
817 1238 28 21 de
861 1238 55 21 sista
931 1238 37 20 tvä

213 1272 55 21 ären
284 1275 35 24 egt
334 1280 58 19 rum,
412 1273 107 27 möjligen
535 1274 53 26 kan,
605 1273 29 27 pä
647 1274 44 20 sätt
706 1272 209 26 Bankfullmäktige
931 1278 37 14 an-

213 1307 62 26 tagit,
298 1307 49 21 visa
370 1307 33 27 sig
425 1314 55 14 vara
502 1308 25 20 af
544 1307 149 27 öfvergäende
715 1309 75 24 natur,
813 1313 68 15 anser
902 1306 66 20 äfven

215 1341 120 26 Utskottet,
351 1344 33 18 att
398 1341 76 21 beslut
489 1348 39 14 om
543 1342 117 20 kontorets
676 1340 141 28 indragande
833 1340 50 21 icke
898 1340 71 21 borde

214 1374 35 22 för
273 1375 144 21 närvarande
439 1376 173 26 ifrägakomma.
645 1375 83 21 Härför
748 1375 59 21 talar
822 1374 87 28 jämväl
925 1374 44 21 den

215 1409 177 27 omständighet,
408 1412 32 18 att
455 1410 104 21 Joensuu
575 1410 89 26 kontor,
681 1409 78 21 säsom
769 1408 101 22 varande
881 1408 89 21 ordina-

213 1443 39 26 rie,
269 1443 49 21 icke
334 1443 47 21 kan
397 1443 107 27 indragas
520 1446 55 18 utan
584 1443 115 27 ändring
690 1439 15 35 i
712 1443 104 21 bankens
827 1443 142 26 reglemente,

283 1488 144 18 Bankutskottets
440 1488 110 18 betänkande
562 1488 38 18 N:o
614 1488 15 18 2.
