1092 1781
203 146 28 20 30
414 147 27 22 U.
459 147 28 22 B.
503 160 28 3 —
547 147 209 22 III-XXX—HII.

203 208 114 22 reduceras
343 209 37 22 det
395 210 78 29 belopp
499 211 101 21 hvarmed
624 211 108 28 budgeten
754 211 151 22 öfverskridits
927 211 33 22 till

202 243 76 21 inalles
293 243 75 22 endast
383 244 55 21 Fmk
454 246 81 26 19,000:
552 246 26 21 07
594 246 28 28 pä
638 253 25 14 en
679 245 67 22 treärs
763 245 82 28 budget
860 253 45 14 som
917 246 43 21 slu-

202 277 50 21 tade
268 277 48 22 med
334 279 124 25 19,291,216
474 280 66 21 mark.
931 307 4 3 N

271 311 32 22 Af
313 312 40 21 den
361 313 132 28 jämförande
501 314 73 21 tablån
582 314 34 21 för
628 315 54 20 1895
694 314 55 27 (XII
758 322 16 13 s.
783 315 32 26 7.),
828 321 33 14 om
872 314 87 21 hvilken

203 345 66 22 ehuru
285 347 6 20 i
312 347 82 21 mindre
409 347 52 28 grad
476 348 67 28 gäller
558 356 80 13 samma
654 349 83 20 erinran
760 356 46 14 som
822 348 87 21 uttalats
925 356 34 13 om

202 379 42 21 den
267 380 136 29 föregående,
422 381 95 29 framgår
539 385 31 18 att
585 382 27 22 de
628 383 106 21 ordinarie
750 383 117 28 utgifterna
882 382 77 22 under-

202 414 61 27 stigit
285 414 26 21 de
328 415 120 22 beräknade
465 416 46 21 med
532 416 55 21 Fmk
611 418 96 25 120,655:
723 419 34 25 44,
774 417 51 21 eller
840 424 34 14 om
889 417 71 21 härtill

202 448 74 28 läggas
292 449 66 28 enligt
372 450 172 29 räkenskaperna
559 451 115 21 äterburna
684 451 69 22 medel
764 451 55 21 Fmk
830 452 82 26 67,582:
927 452 33 25 70,

202 482 48 21 med
274 483 55 21 Fmk
346 485 95 25 188,238:
459 485 32 26 14,
506 485 88 21 oaktadt
609 486 7 20 i
631 485 73 21 tablän
720 493 46 14 som
782 485 66 28 utgift
862 485 34 21 för
911 485 48 22 dra-

201 520 181 25 gonregementet,
405 519 108 29 upptagits
543 519 119 22 kostnaden
688 519 34 22 för
749 519 211 29 krigsnumerärupp-

202 551 57 28 laget
281 551 54 22 Fmk
359 554 81 25 59,688:
461 554 33 25 83,
509 554 86 21 hvilken
611 554 6 20 i
638 554 172 28 räkenskaperna
825 554 54 21 förts
896 554 63 21 bland

203 588 60 18 extra
281 586 94 28 utgifter.
405 587 171 29 Besparingarna
590 588 66 21 hafva
668 588 98 29 uppstätt
777 588 182 28 hufvudsakligen

202 619 28 29 pä
246 620 268 23 underhällskostnaderna
529 622 35 21 för
579 622 26 21 de
621 622 70 22 skilda
706 626 122 25 trupperna,
842 622 35 21 för
886 622 73 22 hvilka

202 654 102 28 anslagen
328 655 133 22 beräknades
483 656 28 28 pä
532 656 69 28 grund
624 657 24 21 af
663 658 55 20 1894
734 656 95 22 rädande
844 656 56 28 höga
915 658 44 27 pris

202 688 27 28 pä
252 688 172 28 förnödenheter,
447 693 54 18 samt
523 690 28 29 pä
573 690 280 29 ingvarteringskostnader,
872 690 85 22 hvilken

202 725 49 25 post
273 724 94 20 varierar
387 724 68 21 starkt
470 724 24 22 år
508 724 48 22 från
572 724 24 22 år
611 725 41 21 och
667 726 18 27 ej
703 725 27 28 pä
744 725 92 21 förhand
853 725 41 21 kan
907 732 52 21 nog-

201 760 64 24 grant
279 757 126 29 kalkyleras.

271 791 102 22 Förutom
396 792 27 22 de
443 794 117 27 erinringar
574 794 39 21 här
628 794 66 21 ofvan
709 794 67 28 gjorts
792 794 38 21 har
846 794 113 21 Utskottet

203 826 18 28 ej
237 825 73 22 funnit
330 826 46 22 skäl
391 827 32 21 till
438 828 140 28 anmärkning
594 828 90 22 rörande
700 828 168 22 militiefondens
883 828 76 20 räken-

202 860 79 28 skaper
303 860 40 22 och
365 861 160 29 förvaltningen
547 862 23 21 af
584 862 27 22 de
626 862 35 21 för
676 862 117 22 militärens
809 862 98 21 ändamål
923 869 37 14 an-

202 894 75 28 slagna
292 895 75 21 medel.

272 1049 71 22 Sedan
364 1049 248 29 krigskommissariatets
628 1050 146 29 räkenskaper
796 1050 34 21 för
846 1051 54 20 1896
920 1058 39 13 nu-

201 1091 58 13 mera
275 1083 105 28 afslutats,
396 1084 108 21 meddelas
520 1085 38 20 här
572 1084 95 29 följande
682 1085 136 27 redogörelse
833 1084 35 21 för
875 1084 84 21 militie-

201 1117 93 22 fondens
310 1118 89 28 utgifter
413 1119 35 20 för
464 1119 90 21 nämnda
570 1119 34 20 år:

271 1489 140 19 Statsutskottets
423 1490 110 18 betänkande
546 1492 36 16 N:o
595 1490 17 18 2.
