1092 1795
265 117 26 20 32
601 116 25 22 II

236 179 46 20 den
297 178 86 22 honom
398 179 143 22 tillräknade
551 179 114 22 balansen
675 179 45 28 gaf
728 177 133 29 anledning,
875 181 30 18 än
916 177 76 28 äfven,

235 221 56 18 enär
309 218 27 21 af
351 218 175 29 handlingarna
544 219 9 21 i
572 219 97 22 ärendet
685 221 78 26 syntes
780 218 99 27 framgä,
897 219 34 20 att
947 217 46 22 bri-

236 257 83 21 stande
338 257 104 23 kontroll
459 259 67 21 öfver
540 259 39 21 F:s
595 258 108 29 uppbörd
719 258 43 22 och
777 257 217 28 penningeförvalt-

235 297 58 28 ning
316 298 149 29 möjliggjort
486 299 183 28 ifrägavarande
691 298 82 21 balans
797 297 44 22 och
860 297 8 21 i
888 297 36 21 sin
939 297 55 21 män

236 337 104 30 bidragit
356 338 84 28 dertill,
458 341 35 19 att
509 339 135 22 densamma
660 338 124 22 efterhand
795 337 91 22 kunnat
896 337 98 22 tillväxa

236 377 38 21 till
296 378 173 29 ofvanangifna
492 379 61 28 höga
569 379 92 28 belopp,
678 379 59 21 efter
752 377 121 22 inhemtad
888 381 106 17 närmare

235 417 127 29 utredning
378 426 37 14 om
430 419 69 21 hvem
515 419 56 21 eller
586 419 82 21 hvilka
684 419 27 21 af
727 418 179 28 länsstyrelsens
921 425 73 14 nuva-

235 458 73 21 rande
332 458 55 21 eller
410 459 89 21 vordne
522 459 99 21 embets-
644 458 44 22 och
711 458 283 30 tjenstemän-anmärkta

236 498 162 22 försummelse
421 499 79 21 kunde
523 501 85 19 stanna
631 499 38 21 till
691 499 52 28 last,
766 498 81 22 utföra
869 498 46 22 den
929 498 66 22 talan

236 538 233 28 omständigheterna
491 540 117 21 befunnos
631 539 101 29 päkalla,
752 538 136 29 hvarjemte,
905 538 44 22 och
965 538 29 22 dä

234 582 149 24 guvernören
407 580 60 21 efter
490 579 177 29 emottagandet
690 580 26 21 af
737 580 114 21 Senatens
876 578 119 29 ifrägava-

235 618 73 22 rande
331 619 79 29 utslag
432 620 52 21 icke
508 620 95 22 förfarit
618 620 53 21 med
687 620 45 22 den
747 619 174 29 skyndsamhet,
938 626 55 22 som,

235 659 113 21 särskildt
371 660 30 21 dä
424 661 73 21 saken
520 661 85 29 angick
627 661 90 21 häktad
732 668 90 21 person,
839 660 156 28 ovilkorligen

235 699 53 21 bort
310 700 126 29 iakttagas,
459 701 9 21 i
491 701 39 21 det
551 704 154 26 guvernören,
730 701 74 21 ehuru
827 700 72 28 sagda
914 700 81 28 utslag

235 740 73 21 redan
330 741 9 21 i
358 741 84 29 början
458 742 26 21 af
497 742 48 28 Maj
561 742 86 21 månad
663 741 146 22 sistnämnda
825 742 26 20 är
866 740 129 22 ankommit

235 780 38 21 till
304 780 175 30 länsstyrelsen,
512 782 51 21 icke
587 782 50 21 förr
661 786 30 17 än
714 782 45 21 den
783 784 12 18 9
818 780 177 29 derpäföljande

236 820 137 28 September
395 821 103 29 vidtagit
522 822 72 21 sädan
618 822 90 28 ätgärd,
729 828 50 15 som
796 820 79 22 kunde
890 820 53 22 leda
958 820 38 21 till

235 860 60 21 ätals
318 860 148 22 anställande
486 864 49 19 mot
556 862 33 28 F.,
606 862 161 21 Prokuratorn
785 860 124 22 anbefalde
925 860 70 22 advo-

235 899 142 22 katfiskalen
392 903 36 19 att
443 901 99 28 vidtaga
557 901 85 28 ätgärd
657 901 95 28 derhän,
770 903 35 19 att
820 901 175 21 vederbörande

236 939 37 22 för
289 940 156 22 omförmälda
462 941 110 29 dröjsmäl
587 941 38 21 till
640 941 55 28 laga
711 948 85 15 ansvar
811 941 159 21 befordrades.

304 980 33 21 Pä
360 981 78 27 grund
461 981 74 28 häraf,
559 981 44 22 och
625 989 49 14 som
698 981 39 22 det
757 981 95 28 jemlikt
876 983 26 20 24
925 983 12 25 &
960 981 36 21 uti

235 1019 176 22 instruktionen
430 1021 38 22 för
487 1021 226 29 landshöfdingarne
733 1022 26 21 af
774 1021 46 21 den
835 1024 12 18 4
863 1021 132 22 November

237 1062 54 19 1734
308 1062 60 19 samt
375 1061 398 22 Kammarrevisionenscirkuläraf
777 1061 46 22 den
829 1063 26 20 28
887 1061 109 22 November

236 1102 61 26 1788,
314 1100 78 29 älegat
412 1105 148 25 guvernören
582 1103 9 20 i
606 1102 36 22 W.
658 1102 46 28 län,
721 1102 76 22 under
811 1101 70 22 hvars
897 1101 98 22 embets-

234 1140 142 28 myndighet
394 1141 242 22 landträntmästaren
646 1142 26 22 F.
684 1143 106 20 närmast
801 1141 58 29 lydt,
869 1143 35 19 att
911 1143 85 26 genast

234 1180 69 27 efter
312 1180 39 22 det
366 1181 241 23 landträntmästaren
622 1183 46 21 F.:s
680 1182 82 22 balans
774 1182 81 21 blifvit
866 1182 27 21 af
902 1182 94 28 Kejser-

233 1220 50 28 liga
298 1220 104 22 Senaten
417 1229 85 20 genom
517 1222 103 29 utslaget
635 1222 46 22 den
697 1225 11 19 3
723 1222 49 28 Maj
791 1224 53 20 1892
860 1222 38 20 till
914 1221 83 22 siffran

234 1259 108 22 bestämd
357 1262 31 26 gå
399 1261 9 21 i
418 1262 144 28 författning
574 1270 38 14 om
623 1264 34 20 att
667 1263 27 21 F.
706 1262 80 22 blefve
796 1262 41 21 vid
847 1261 149 29 vederbörlig

234 1299 102 23 domstol
350 1301 106 29 lagligen
470 1302 108 29 tilltalad,
595 1310 53 14 men
663 1306 155 25 guvernören,
835 1302 74 21 ehuru
923 1302 74 28 sagda

235 1340 78 28 utslag
328 1342 74 20 redan
418 1342 46 22 den
480 1343 45 22 21i
543 1351 88 13 samma
649 1344 86 21 mänad
745 1342 132 22 ankommit
887 1342 38 21 till
935 1342 61 21 läns-

234 1381 122 29 styrelsen,
379 1382 54 22 icke
456 1383 50 22 förr
524 1387 30 18 än
570 1384 45 21 den
632 1386 11 19 9
661 1382 180 30 derpäföljande
858 1382 139 28 September

232 1421 105 29 vidtagit
352 1423 75 22 sådan
444 1424 90 28 åtgärd,
551 1431 50 14 som
615 1424 80 21 kunde
710 1424 54 21 leda
780 1423 39 21 till
834 1423 60 22 ätals
911 1423 85 22 anstäl-
