<?xml version="1.0" encoding="UTF-8"?>
<alto xmlns="http://www.loc.gov/standards/alto/ns-v3#" xmlns:xlink="http://www.w3.org/1999/xlink" xmlns:xsi="http://www.w3.org/2001/XMLSchema-instance" xsi:schemaLocation="http://www.loc.gov/standards/alto/ns-v3# http://www.loc.gov/alto/v3/alto-3-0.xsd">
	<Description>
		<MeasurementUnit>pixel</MeasurementUnit>
		<sourceImageInformation>
			<fileName>/tmp/tess_atb2u4la_input.PNG</fileName>
		</sourceImageInformation>
		<OCRProcessing ID="OCR_0">
			<ocrProcessingStep>
				<processingSoftware>
					<softwareName>tesseract 5.3.4</softwareName>
				</processingSoftware>
			</ocrProcessingStep>
		</OCRProcessing>
	</Description>
	<Layout>
		<Page WIDTH="1092" HEIGHT="1745" PHYSICAL_IMG_NR="0" ID="page_0">
			<PrintSpace HPOS="0" VPOS="0" WIDTH="1092" HEIGHT="1745">
				<ComposedBlock ID="cblock_0" HPOS="284" VPOS="122" WIDTH="358" HEIGHT="20">
					<TextBlock ID="block_0" HPOS="284" VPOS="122" WIDTH="358" HEIGHT="20">
						<TextLine ID="line_0" HPOS="284" VPOS="122" WIDTH="358" HEIGHT="20">
							<String ID="string_0" HPOS="284" VPOS="123" WIDTH="39" HEIGHT="19" WC="0.96" CONTENT="100"/><SP WIDTH="297" VPOS="123" HPOS="323"/>
							<String ID="string_1" HPOS="620" VPOS="122" WIDTH="22" HEIGHT="20" WC="0.72" CONTENT="II"/>
						</TextLine>
					</TextBlock>
				</ComposedBlock>
				<ComposedBlock ID="cblock_1" HPOS="250" VPOS="183" WIDTH="762" HEIGHT="1269">
					<TextBlock ID="block_1" HPOS="250" VPOS="183" WIDTH="762" HEIGHT="1269">
						<TextLine ID="line_1" HPOS="253" VPOS="183" WIDTH="759" HEIGHT="30">
							<String ID="string_2" HPOS="253" VPOS="183" WIDTH="110" HEIGHT="22" WC="0.92" CONTENT="rektören"/><SP WIDTH="15" VPOS="183" HPOS="363"/>
							<String ID="string_3" HPOS="378" VPOS="185" WIDTH="40" HEIGHT="20" WC="0.93" CONTENT="vid"/><SP WIDTH="19" VPOS="185" HPOS="418"/>
							<String ID="string_4" HPOS="437" VPOS="185" WIDTH="172" HEIGHT="28" WC="0.90" CONTENT="länsfängelset"/><SP WIDTH="15" VPOS="185" HPOS="609"/>
							<String ID="string_5" HPOS="624" VPOS="185" WIDTH="8" HEIGHT="20" WC="0.96" CONTENT="i"/><SP WIDTH="15" VPOS="185" HPOS="632"/>
							<String ID="string_6" HPOS="647" VPOS="185" WIDTH="30" HEIGHT="21" WC="0.93" CONTENT="M."/><SP WIDTH="18" VPOS="185" HPOS="677"/>
							<String ID="string_7" HPOS="695" VPOS="184" WIDTH="188" HEIGHT="21" WC="0.92" CONTENT="tillhandahällit"/><SP WIDTH="15" VPOS="184" HPOS="883"/>
							<String ID="string_8" HPOS="898" VPOS="184" WIDTH="114" HEIGHT="21" WC="0.92" CONTENT="Prokura-"/>
						</TextLine>
						<TextLine ID="line_2" HPOS="253" VPOS="224" WIDTH="758" HEIGHT="29">
							<String ID="string_9" HPOS="253" VPOS="224" WIDTH="152" HEIGHT="21" WC="0.92" CONTENT="torsembetet"/><SP WIDTH="23" VPOS="224" HPOS="405"/>
							<String ID="string_10" HPOS="428" VPOS="225" WIDTH="27" HEIGHT="21" WC="0.93" CONTENT="de"/><SP WIDTH="16" VPOS="225" HPOS="455"/>
							<String ID="string_11" HPOS="471" VPOS="224" WIDTH="150" HEIGHT="29" WC="0.92" CONTENT="handlingar,"/><SP WIDTH="23" VPOS="224" HPOS="621"/>
							<String ID="string_12" HPOS="644" VPOS="225" WIDTH="30" HEIGHT="28" WC="0.96" CONTENT="pä"/><SP WIDTH="15" VPOS="225" HPOS="674"/>
							<String ID="string_13" HPOS="689" VPOS="225" WIDTH="78" HEIGHT="28" WC="0.96" CONTENT="grund"/><SP WIDTH="16" VPOS="225" HPOS="767"/>
							<String ID="string_14" HPOS="783" VPOS="225" WIDTH="26" HEIGHT="21" WC="0.93" CONTENT="af"/><SP WIDTH="14" VPOS="225" HPOS="809"/>
							<String ID="string_15" HPOS="823" VPOS="224" WIDTH="82" HEIGHT="22" WC="0.91" CONTENT="hvilka"/><SP WIDTH="14" VPOS="224" HPOS="905"/>
							<String ID="string_16" HPOS="919" VPOS="224" WIDTH="92" HEIGHT="22" WC="0.96" CONTENT="Anders"/>
						</TextLine>
						<TextLine ID="line_3" HPOS="253" VPOS="264" WIDTH="759" HEIGHT="29">
							<String ID="string_17" HPOS="253" VPOS="264" WIDTH="36" HEIGHT="21" WC="0.92" CONTENT="W."/><SP WIDTH="24" VPOS="264" HPOS="289"/>
							<String ID="string_18" HPOS="313" VPOS="264" WIDTH="97" HEIGHT="29" WC="0.92" CONTENT="intagits"/><SP WIDTH="16" VPOS="264" HPOS="410"/>
							<String ID="string_19" HPOS="426" VPOS="265" WIDTH="8" HEIGHT="20" WC="0.96" CONTENT="i"/><SP WIDTH="16" VPOS="265" HPOS="434"/>
							<String ID="string_20" HPOS="450" VPOS="265" WIDTH="98" HEIGHT="21" WC="0.92" CONTENT="berörda"/><SP WIDTH="25" VPOS="265" HPOS="548"/>
							<String ID="string_21" HPOS="573" VPOS="265" WIDTH="112" HEIGHT="28" WC="0.92" CONTENT="fängelse,"/><SP WIDTH="24" VPOS="265" HPOS="685"/>
							<String ID="string_22" HPOS="709" VPOS="265" WIDTH="75" HEIGHT="21" WC="0.93" CONTENT="erfors"/><SP WIDTH="24" VPOS="265" HPOS="784"/>
							<String ID="string_23" HPOS="808" VPOS="265" WIDTH="26" HEIGHT="21" WC="0.96" CONTENT="af"/><SP WIDTH="16" VPOS="265" HPOS="834"/>
							<String ID="string_24" HPOS="850" VPOS="265" WIDTH="45" HEIGHT="21" WC="0.93" CONTENT="den"/><SP WIDTH="18" VPOS="265" HPOS="895"/>
							<String ID="string_25" HPOS="913" VPOS="264" WIDTH="99" HEIGHT="22" WC="0.92" CONTENT="sälunda"/>
						</TextLine>
						<TextLine ID="line_4" HPOS="254" VPOS="303" WIDTH="756" HEIGHT="30">
							<String ID="string_26" HPOS="254" VPOS="303" WIDTH="106" HEIGHT="22" WC="0.92" CONTENT="erhällna"/><SP WIDTH="15" VPOS="303" HPOS="360"/>
							<String ID="string_27" HPOS="375" VPOS="305" WIDTH="167" HEIGHT="28" WC="0.92" CONTENT="utredningen:"/><SP WIDTH="19" VPOS="305" HPOS="542"/>
							<String ID="string_28" HPOS="561" VPOS="307" WIDTH="34" HEIGHT="19" WC="0.96" CONTENT="att"/><SP WIDTH="11" VPOS="307" HPOS="595"/>
							<String ID="string_29" HPOS="606" VPOS="305" WIDTH="72" HEIGHT="21" WC="0.93" CONTENT="sedan"/><SP WIDTH="12" VPOS="305" HPOS="678"/>
							<String ID="string_30" HPOS="690" VPOS="304" WIDTH="230" HEIGHT="22" WC="0.91" CONTENT="kronolänsmannen"/><SP WIDTH="10" VPOS="304" HPOS="920"/>
							<String ID="string_31" HPOS="930" VPOS="305" WIDTH="25" HEIGHT="20" WC="0.92" CONTENT="P."/><SP WIDTH="12" VPOS="305" HPOS="955"/>
							<String ID="string_32" HPOS="967" VPOS="304" WIDTH="43" HEIGHT="21" WC="0.96" CONTENT="den"/>
						</TextLine>
						<TextLine ID="line_5" HPOS="254" VPOS="344" WIDTH="757" HEIGHT="29">
							<String ID="string_33" HPOS="254" VPOS="346" WIDTH="26" HEIGHT="19" WC="0.96" CONTENT="28"/><SP WIDTH="16" VPOS="346" HPOS="280"/>
							<String ID="string_34" HPOS="296" VPOS="344" WIDTH="99" HEIGHT="22" WC="0.96" CONTENT="Januari"/><SP WIDTH="18" VPOS="344" HPOS="395"/>
							<String ID="string_35" HPOS="413" VPOS="347" WIDTH="52" HEIGHT="20" WC="0.93" CONTENT="1892"/><SP WIDTH="17" VPOS="347" HPOS="465"/>
							<String ID="string_36" HPOS="482" VPOS="345" WIDTH="101" HEIGHT="21" WC="0.92" CONTENT="anhällit"/><SP WIDTH="16" VPOS="345" HPOS="583"/>
							<String ID="string_37" HPOS="599" VPOS="345" WIDTH="43" HEIGHT="22" WC="0.96" CONTENT="och"/><SP WIDTH="16" VPOS="345" HPOS="642"/>
							<String ID="string_38" HPOS="658" VPOS="345" WIDTH="37" HEIGHT="21" WC="0.93" CONTENT="till"/><SP WIDTH="16" VPOS="345" HPOS="695"/>
							<String ID="string_39" HPOS="711" VPOS="345" WIDTH="182" HEIGHT="28" WC="0.92" CONTENT="ifrägavarande"/><SP WIDTH="15" VPOS="345" HPOS="893"/>
							<String ID="string_40" HPOS="908" VPOS="345" WIDTH="103" HEIGHT="21" WC="0.91" CONTENT="länsfän-"/>
						</TextLine>
						<TextLine ID="line_6" HPOS="253" VPOS="384" WIDTH="758" HEIGHT="29">
							<String ID="string_41" HPOS="253" VPOS="384" WIDTH="63" HEIGHT="28" WC="0.92" CONTENT="gelse"/><SP WIDTH="23" VPOS="384" HPOS="316"/>
							<String ID="string_42" HPOS="339" VPOS="384" WIDTH="143" HEIGHT="29" WC="0.91" CONTENT="införpassat"/><SP WIDTH="23" VPOS="384" HPOS="482"/>
							<String ID="string_43" HPOS="505" VPOS="385" WIDTH="93" HEIGHT="21" WC="0.93" CONTENT="Anders"/><SP WIDTH="23" VPOS="385" HPOS="598"/>
							<String ID="string_44" HPOS="621" VPOS="385" WIDTH="44" HEIGHT="28" WC="0.88" CONTENT="W.,"/><SP WIDTH="16" VPOS="385" HPOS="665"/>
							<String ID="string_45" HPOS="681" VPOS="386" WIDTH="77" HEIGHT="20" WC="0.89" CONTENT="säsom"/><SP WIDTH="24" VPOS="386" HPOS="758"/>
							<String ID="string_46" HPOS="782" VPOS="385" WIDTH="125" HEIGHT="21" WC="0.89" CONTENT="misstänkt"/><SP WIDTH="23" VPOS="385" HPOS="907"/>
							<String ID="string_47" HPOS="930" VPOS="385" WIDTH="37" HEIGHT="21" WC="0.96" CONTENT="för"/><SP WIDTH="16" VPOS="385" HPOS="967"/>
							<String ID="string_48" HPOS="983" VPOS="392" WIDTH="28" HEIGHT="13" WC="0.96" CONTENT="en"/>
						</TextLine>
						<TextLine ID="line_7" HPOS="254" VPOS="424" WIDTH="757" HEIGHT="30">
							<String ID="string_49" HPOS="254" VPOS="424" WIDTH="74" HEIGHT="21" WC="0.93" CONTENT="under"/><SP WIDTH="15" VPOS="424" HPOS="328"/>
							<String ID="string_50" HPOS="343" VPOS="425" WIDTH="141" HEIGHT="28" WC="0.96" CONTENT="föregående"/><SP WIDTH="17" VPOS="425" HPOS="484"/>
							<String ID="string_51" HPOS="501" VPOS="425" WIDTH="46" HEIGHT="28" WC="0.96" CONTENT="dag"/><SP WIDTH="15" VPOS="425" HPOS="547"/>
							<String ID="string_52" HPOS="562" VPOS="425" WIDTH="9" HEIGHT="21" WC="0.77" CONTENT="i"/><SP WIDTH="15" VPOS="425" HPOS="571"/>
							<String ID="string_53" HPOS="586" VPOS="426" WIDTH="17" HEIGHT="21" WC="0.96" CONTENT="I."/><SP WIDTH="17" VPOS="426" HPOS="603"/>
							<String ID="string_54" HPOS="620" VPOS="425" WIDTH="86" HEIGHT="22" WC="0.93" CONTENT="socken"/><SP WIDTH="14" VPOS="425" HPOS="706"/>
							<String ID="string_55" HPOS="720" VPOS="425" WIDTH="123" HEIGHT="29" WC="0.92" CONTENT="begängen"/><SP WIDTH="12" VPOS="425" HPOS="843"/>
							<String ID="string_56" HPOS="855" VPOS="425" WIDTH="67" HEIGHT="27" WC="0.93" CONTENT="stöld,"/><SP WIDTH="13" VPOS="425" HPOS="922"/>
							<String ID="string_57" HPOS="935" VPOS="425" WIDTH="76" HEIGHT="21" WC="0.91" CONTENT="hvari-"/>
						</TextLine>
						<TextLine ID="line_8" HPOS="252" VPOS="464" WIDTH="757" HEIGHT="29">
							<String ID="string_58" HPOS="252" VPOS="471" WIDTH="85" HEIGHT="20" WC="0.89" CONTENT="genom"/><SP WIDTH="23" VPOS="471" HPOS="337"/>
							<String ID="string_59" HPOS="360" VPOS="464" WIDTH="93" HEIGHT="22" WC="0.96" CONTENT="bonden"/><SP WIDTH="22" VPOS="464" HPOS="453"/>
							<String ID="string_60" HPOS="475" VPOS="465" WIDTH="65" HEIGHT="22" WC="0.93" CONTENT="Elias"/><SP WIDTH="23" VPOS="465" HPOS="540"/>
							<String ID="string_61" HPOS="563" VPOS="465" WIDTH="30" HEIGHT="22" WC="0.92" CONTENT="K."/><SP WIDTH="17" VPOS="465" HPOS="593"/>
							<String ID="string_62" HPOS="610" VPOS="465" WIDTH="141" HEIGHT="22" WC="0.92" CONTENT="fränhändts"/><SP WIDTH="24" VPOS="465" HPOS="751"/>
							<String ID="string_63" HPOS="775" VPOS="465" WIDTH="100" HEIGHT="22" WC="0.96" CONTENT="särskild"/><SP WIDTH="16" VPOS="465" HPOS="875"/>
							<String ID="string_64" HPOS="891" VPOS="465" WIDTH="118" HEIGHT="28" WC="0.96" CONTENT="egendom,"/>
						</TextLine>
						<TextLine ID="line_9" HPOS="253" VPOS="504" WIDTH="757" HEIGHT="31">
							<String ID="string_65" HPOS="253" VPOS="506" WIDTH="61" HEIGHT="19" WC="0.96" CONTENT="samt"/><SP WIDTH="14" VPOS="506" HPOS="314"/>
							<String ID="string_66" HPOS="328" VPOS="504" WIDTH="8" HEIGHT="21" WC="0.93" CONTENT="i"/><SP WIDTH="16" VPOS="504" HPOS="336"/>
							<String ID="string_67" HPOS="352" VPOS="505" WIDTH="123" HEIGHT="22" WC="0.92" CONTENT="skrifvelse"/><SP WIDTH="17" VPOS="505" HPOS="475"/>
							<String ID="string_68" HPOS="492" VPOS="507" WIDTH="26" HEIGHT="20" WC="0.93" CONTENT="af"/><SP WIDTH="14" VPOS="507" HPOS="518"/>
							<String ID="string_69" HPOS="532" VPOS="506" WIDTH="160" HEIGHT="21" WC="0.92" CONTENT="förstberörde"/><SP WIDTH="15" VPOS="506" HPOS="692"/>
							<String ID="string_70" HPOS="707" VPOS="506" WIDTH="53" HEIGHT="29" WC="0.93" CONTENT="dag,"/><SP WIDTH="17" VPOS="506" HPOS="760"/>
							<String ID="string_71" HPOS="777" VPOS="505" WIDTH="97" HEIGHT="22" WC="0.92" CONTENT="hvilken"/><SP WIDTH="13" VPOS="505" HPOS="874"/>
							<String ID="string_72" HPOS="887" VPOS="505" WIDTH="123" HEIGHT="21" WC="0.92" CONTENT="skrifvelse"/>
						</TextLine>
						<TextLine ID="line_10" HPOS="253" VPOS="544" WIDTH="758" HEIGHT="31">
							<String ID="string_73" HPOS="253" VPOS="544" WIDTH="91" HEIGHT="29" WC="0.90" CONTENT="ätföljts"/><SP WIDTH="17" VPOS="544" HPOS="344"/>
							<String ID="string_74" HPOS="361" VPOS="545" WIDTH="26" HEIGHT="21" WC="0.97" CONTENT="af"/><SP WIDTH="14" VPOS="545" HPOS="387"/>
							<String ID="string_75" HPOS="401" VPOS="545" WIDTH="39" HEIGHT="22" WC="0.97" CONTENT="det"/><SP WIDTH="15" VPOS="545" HPOS="440"/>
							<String ID="string_76" HPOS="455" VPOS="546" WIDTH="39" HEIGHT="21" WC="0.93" CONTENT="vid"/><SP WIDTH="11" VPOS="546" HPOS="494"/>
							<String ID="string_77" HPOS="505" VPOS="546" WIDTH="270" HEIGHT="29" WC="0.91" CONTENT="polisundersökningen"/><SP WIDTH="11" VPOS="546" HPOS="775"/>
							<String ID="string_78" HPOS="786" VPOS="547" WIDTH="8" HEIGHT="20" WC="0.97" CONTENT="i"/><SP WIDTH="11" VPOS="547" HPOS="794"/>
							<String ID="string_79" HPOS="805" VPOS="546" WIDTH="72" HEIGHT="21" WC="0.93" CONTENT="saken"/><SP WIDTH="11" VPOS="546" HPOS="877"/>
							<String ID="string_80" HPOS="888" VPOS="545" WIDTH="123" HEIGHT="22" WC="0.90" CONTENT="tillkomna"/>
						</TextLine>
						<TextLine ID="line_11" HPOS="252" VPOS="585" WIDTH="759" HEIGHT="30">
							<String ID="string_81" HPOS="252" VPOS="585" WIDTH="124" HEIGHT="28" WC="0.92" CONTENT="protokoll,"/><SP WIDTH="17" VPOS="585" HPOS="376"/>
							<String ID="string_82" HPOS="393" VPOS="593" WIDTH="37" HEIGHT="14" WC="0.93" CONTENT="om"/><SP WIDTH="16" VPOS="593" HPOS="430"/>
							<String ID="string_83" HPOS="446" VPOS="586" WIDTH="49" HEIGHT="21" WC="0.91" CONTENT="W:s"/><SP WIDTH="20" VPOS="586" HPOS="495"/>
							<String ID="string_84" HPOS="515" VPOS="587" WIDTH="180" HEIGHT="28" WC="0.92" CONTENT="införpassande"/><SP WIDTH="16" VPOS="587" HPOS="695"/>
							<String ID="string_85" HPOS="711" VPOS="587" WIDTH="37" HEIGHT="21" WC="0.93" CONTENT="till"/><SP WIDTH="17" VPOS="587" HPOS="748"/>
							<String ID="string_86" HPOS="765" VPOS="586" WIDTH="72" HEIGHT="29" WC="0.92" CONTENT="sagda"/><SP WIDTH="16" VPOS="586" HPOS="837"/>
							<String ID="string_87" HPOS="853" VPOS="585" WIDTH="158" HEIGHT="30" WC="0.92" CONTENT="länsfängelse"/>
						</TextLine>
						<TextLine ID="line_12" HPOS="252" VPOS="625" WIDTH="759" HEIGHT="28">
							<String ID="string_88" HPOS="252" VPOS="625" WIDTH="149" HEIGHT="22" WC="0.91" CONTENT="underrättat"/><SP WIDTH="15" VPOS="625" HPOS="401"/>
							<String ID="string_89" HPOS="416" VPOS="630" WIDTH="148" HEIGHT="23" WC="0.93" CONTENT="guvernören"/><SP WIDTH="15" VPOS="630" HPOS="564"/>
							<String ID="string_90" HPOS="579" VPOS="627" WIDTH="7" HEIGHT="20" WC="0.93" CONTENT="i"/><SP WIDTH="17" VPOS="627" HPOS="586"/>
							<String ID="string_91" HPOS="603" VPOS="627" WIDTH="64" HEIGHT="21" WC="0.91" CONTENT="länet"/><SP WIDTH="15" VPOS="627" HPOS="667"/>
							<String ID="string_92" HPOS="682" VPOS="627" WIDTH="53" HEIGHT="20" WC="0.93" CONTENT="med"/><SP WIDTH="17" VPOS="627" HPOS="735"/>
							<String ID="string_93" HPOS="752" VPOS="626" WIDTH="112" HEIGHT="21" WC="0.90" CONTENT="anhällan"/><SP WIDTH="15" VPOS="626" HPOS="864"/>
							<String ID="string_94" HPOS="879" VPOS="633" WIDTH="38" HEIGHT="14" WC="0.93" CONTENT="om"/><SP WIDTH="10" VPOS="633" HPOS="917"/>
							<String ID="string_95" HPOS="927" VPOS="625" WIDTH="84" HEIGHT="28" WC="0.92" CONTENT="ätgärd"/>
						</TextLine>
						<TextLine ID="line_13" HPOS="253" VPOS="664" WIDTH="757" HEIGHT="32">
							<String ID="string_96" HPOS="253" VPOS="664" WIDTH="94" HEIGHT="29" WC="0.90" CONTENT="derhän,"/><SP WIDTH="17" VPOS="664" HPOS="347"/>
							<String ID="string_97" HPOS="364" VPOS="668" WIDTH="34" HEIGHT="19" WC="0.93" CONTENT="att"/><SP WIDTH="16" VPOS="668" HPOS="398"/>
							<String ID="string_98" HPOS="414" VPOS="666" WIDTH="54" HEIGHT="28" WC="0.92" CONTENT="laga"/><SP WIDTH="15" VPOS="666" HPOS="468"/>
							<String ID="string_99" HPOS="483" VPOS="666" WIDTH="177" HEIGHT="30" WC="0.93" CONTENT="undersökning"/><SP WIDTH="15" VPOS="666" HPOS="660"/>
							<String ID="string_100" HPOS="675" VPOS="668" WIDTH="72" HEIGHT="20" WC="0.93" CONTENT="mätte"/><SP WIDTH="16" VPOS="668" HPOS="747"/>
							<String ID="string_101" HPOS="763" VPOS="667" WIDTH="7" HEIGHT="20" WC="0.96" CONTENT="i"/><SP WIDTH="12" VPOS="667" HPOS="770"/>
							<String ID="string_102" HPOS="782" VPOS="667" WIDTH="72" HEIGHT="21" WC="0.93" CONTENT="saken"/><SP WIDTH="11" VPOS="667" HPOS="854"/>
							<String ID="string_103" HPOS="865" VPOS="665" WIDTH="145" HEIGHT="28" WC="0.91" CONTENT="verkställas,"/>
						</TextLine>
						<TextLine ID="line_14" HPOS="252" VPOS="704" WIDTH="759" HEIGHT="31">
							<String ID="string_104" HPOS="252" VPOS="704" WIDTH="60" HEIGHT="22" WC="0.93" CONTENT="hade"/><SP WIDTH="16" VPOS="704" HPOS="312"/>
							<String ID="string_105" HPOS="328" VPOS="709" WIDTH="152" HEIGHT="26" WC="0.92" CONTENT="guvernören,"/><SP WIDTH="22" VPOS="709" HPOS="480"/>
							<String ID="string_106" HPOS="502" VPOS="707" WIDTH="61" HEIGHT="21" WC="0.96" CONTENT="efter"/><SP WIDTH="16" VPOS="707" HPOS="563"/>
							<String ID="string_107" HPOS="579" VPOS="707" WIDTH="39" HEIGHT="21" WC="0.96" CONTENT="det"/><SP WIDTH="15" VPOS="707" HPOS="618"/>
							<String ID="string_108" HPOS="633" VPOS="707" WIDTH="92" HEIGHT="21" WC="0.96" CONTENT="Anders"/><SP WIDTH="17" VPOS="707" HPOS="725"/>
							<String ID="string_109" HPOS="742" VPOS="707" WIDTH="36" HEIGHT="21" WC="0.93" CONTENT="W."/><SP WIDTH="18" VPOS="707" HPOS="778"/>
							<String ID="string_110" HPOS="796" VPOS="706" WIDTH="129" HEIGHT="21" WC="0.92" CONTENT="emellertid"/><SP WIDTH="16" VPOS="706" HPOS="925"/>
							<String ID="string_111" HPOS="941" VPOS="706" WIDTH="70" HEIGHT="21" WC="0.89" CONTENT="fram-"/>
						</TextLine>
						<TextLine ID="line_15" HPOS="252" VPOS="745" WIDTH="758" HEIGHT="32">
							<String ID="string_112" HPOS="252" VPOS="745" WIDTH="99" HEIGHT="22" WC="0.96" CONTENT="kommit"/><SP WIDTH="23" VPOS="745" HPOS="351"/>
							<String ID="string_113" HPOS="374" VPOS="747" WIDTH="37" HEIGHT="21" WC="0.93" CONTENT="till"/><SP WIDTH="20" VPOS="747" HPOS="411"/>
							<String ID="string_114" HPOS="431" VPOS="747" WIDTH="171" HEIGHT="30" WC="0.91" CONTENT="länsfängelset"/><SP WIDTH="16" VPOS="747" HPOS="602"/>
							<String ID="string_115" HPOS="618" VPOS="748" WIDTH="45" HEIGHT="21" WC="0.96" CONTENT="den"/><SP WIDTH="16" VPOS="748" HPOS="663"/>
							<String ID="string_116" HPOS="679" VPOS="750" WIDTH="24" HEIGHT="19" WC="0.96" CONTENT="31"/><SP WIDTH="18" VPOS="750" HPOS="703"/>
							<String ID="string_117" HPOS="721" VPOS="748" WIDTH="8" HEIGHT="21" WC="0.96" CONTENT="i"/><SP WIDTH="16" VPOS="748" HPOS="729"/>
							<String ID="string_118" HPOS="745" VPOS="755" WIDTH="89" HEIGHT="14" WC="0.96" CONTENT="samma"/><SP WIDTH="15" VPOS="755" HPOS="834"/>
							<String ID="string_119" HPOS="849" VPOS="747" WIDTH="99" HEIGHT="22" WC="0.93" CONTENT="Januari"/><SP WIDTH="15" VPOS="747" HPOS="948"/>
							<String ID="string_120" HPOS="963" VPOS="747" WIDTH="47" HEIGHT="20" WC="0.92" CONTENT="mä-"/>
						</TextLine>
						<TextLine ID="line_16" HPOS="252" VPOS="785" WIDTH="757" HEIGHT="31">
							<String ID="string_121" HPOS="252" VPOS="785" WIDTH="53" HEIGHT="28" WC="0.92" CONTENT="nad,"/><SP WIDTH="24" VPOS="785" HPOS="305"/>
							<String ID="string_122" HPOS="329" VPOS="786" WIDTH="80" HEIGHT="22" WC="0.92" CONTENT="funnit"/><SP WIDTH="22" VPOS="786" HPOS="409"/>
							<String ID="string_123" HPOS="431" VPOS="787" WIDTH="37" HEIGHT="29" WC="0.93" CONTENT="sig"/><SP WIDTH="19" VPOS="787" HPOS="468"/>
							<String ID="string_124" HPOS="487" VPOS="787" WIDTH="64" HEIGHT="29" WC="0.91" CONTENT="böra,"/><SP WIDTH="24" VPOS="787" HPOS="551"/>
							<String ID="string_125" HPOS="575" VPOS="788" WIDTH="30" HEIGHT="21" WC="0.93" CONTENT="dä"/><SP WIDTH="15" VPOS="788" HPOS="605"/>
							<String ID="string_126" HPOS="620" VPOS="788" WIDTH="92" HEIGHT="21" WC="0.96" CONTENT="Anders"/><SP WIDTH="16" VPOS="788" HPOS="712"/>
							<String ID="string_127" HPOS="728" VPOS="788" WIDTH="37" HEIGHT="21" WC="0.96" CONTENT="W."/><SP WIDTH="16" VPOS="788" HPOS="765"/>
							<String ID="string_128" HPOS="781" VPOS="787" WIDTH="41" HEIGHT="22" WC="0.91" CONTENT="vid"/><SP WIDTH="23" VPOS="787" HPOS="822"/>
							<String ID="string_129" HPOS="845" VPOS="786" WIDTH="164" HEIGHT="27" WC="0.91" CONTENT="kansliförhör,"/>
						</TextLine>
						<TextLine ID="line_17" HPOS="252" VPOS="826" WIDTH="759" HEIGHT="31">
							<String ID="string_130" HPOS="252" VPOS="833" WIDTH="50" HEIGHT="14" WC="0.96" CONTENT="som"/><SP WIDTH="22" VPOS="833" HPOS="302"/>
							<String ID="string_131" HPOS="324" VPOS="827" WIDTH="54" HEIGHT="21" WC="0.96" CONTENT="med"/><SP WIDTH="19" VPOS="827" HPOS="378"/>
							<String ID="string_132" HPOS="397" VPOS="827" WIDTH="86" HEIGHT="22" WC="0.96" CONTENT="honom"/><SP WIDTH="18" VPOS="827" HPOS="483"/>
							<String ID="string_133" HPOS="501" VPOS="828" WIDTH="75" HEIGHT="21" WC="0.93" CONTENT="under"/><SP WIDTH="17" VPOS="828" HPOS="576"/>
							<String ID="string_134" HPOS="593" VPOS="828" WIDTH="136" HEIGHT="29" WC="0.92" CONTENT="päföljande"/><SP WIDTH="17" VPOS="828" HPOS="729"/>
							<String ID="string_135" HPOS="746" VPOS="828" WIDTH="46" HEIGHT="28" WC="0.96" CONTENT="dag"/><SP WIDTH="16" VPOS="828" HPOS="792"/>
							<String ID="string_136" HPOS="808" VPOS="827" WIDTH="45" HEIGHT="22" WC="0.96" CONTENT="den"/><SP WIDTH="19" VPOS="827" HPOS="853"/>
							<String ID="string_137" HPOS="872" VPOS="830" WIDTH="7" HEIGHT="18" WC="0.92" CONTENT="1"/><SP WIDTH="18" VPOS="830" HPOS="879"/>
							<String ID="string_138" HPOS="897" VPOS="826" WIDTH="114" HEIGHT="22" WC="0.96" CONTENT="Februari"/>
						</TextLine>
						<TextLine ID="line_18" HPOS="252" VPOS="866" WIDTH="758" HEIGHT="30">
							<String ID="string_139" HPOS="252" VPOS="866" WIDTH="132" HEIGHT="29" WC="0.90" CONTENT="försiggätt,"/><SP WIDTH="24" VPOS="866" HPOS="384"/>
							<String ID="string_140" HPOS="408" VPOS="867" WIDTH="38" HEIGHT="21" WC="0.96" CONTENT="till"/><SP WIDTH="23" VPOS="867" HPOS="446"/>
							<String ID="string_141" HPOS="469" VPOS="868" WIDTH="39" HEIGHT="21" WC="0.96" CONTENT="det"/><SP WIDTH="18" VPOS="868" HPOS="508"/>
							<String ID="string_142" HPOS="526" VPOS="868" WIDTH="86" HEIGHT="21" WC="0.93" CONTENT="honom"/><SP WIDTH="16" VPOS="868" HPOS="612"/>
							<String ID="string_143" HPOS="628" VPOS="868" WIDTH="135" HEIGHT="28" WC="0.91" CONTENT="päbördade"/><SP WIDTH="15" VPOS="868" HPOS="763"/>
							<String ID="string_144" HPOS="778" VPOS="868" WIDTH="89" HEIGHT="21" WC="0.93" CONTENT="brottet"/><SP WIDTH="15" VPOS="868" HPOS="867"/>
							<String ID="string_145" HPOS="882" VPOS="867" WIDTH="77" HEIGHT="27" WC="0.92" CONTENT="nekat,"/><SP WIDTH="16" VPOS="867" HPOS="959"/>
							<String ID="string_146" HPOS="975" VPOS="867" WIDTH="35" HEIGHT="20" WC="0.93" CONTENT="uti"/>
						</TextLine>
						<TextLine ID="line_19" HPOS="252" VPOS="906" WIDTH="758" HEIGHT="30">
							<String ID="string_147" HPOS="252" VPOS="906" WIDTH="124" HEIGHT="22" WC="0.92" CONTENT="skrifvelse"/><SP WIDTH="16" VPOS="906" HPOS="376"/>
							<String ID="string_148" HPOS="392" VPOS="907" WIDTH="26" HEIGHT="21" WC="0.96" CONTENT="af"/><SP WIDTH="13" VPOS="907" HPOS="418"/>
							<String ID="string_149" HPOS="431" VPOS="914" WIDTH="89" HEIGHT="15" WC="0.96" CONTENT="samma"/><SP WIDTH="15" VPOS="914" HPOS="520"/>
							<String ID="string_150" HPOS="535" VPOS="908" WIDTH="47" HEIGHT="28" WC="0.96" CONTENT="dag"/><SP WIDTH="16" VPOS="908" HPOS="582"/>
							<String ID="string_151" HPOS="598" VPOS="908" WIDTH="42" HEIGHT="21" WC="0.93" CONTENT="hos"/><SP WIDTH="15" VPOS="908" HPOS="640"/>
							<String ID="string_152" HPOS="655" VPOS="908" WIDTH="108" HEIGHT="21" WC="0.92" CONTENT="bemälde"/><SP WIDTH="15" VPOS="908" HPOS="763"/>
							<String ID="string_153" HPOS="778" VPOS="907" WIDTH="182" HEIGHT="21" WC="0.92" CONTENT="kronolänsman"/><SP WIDTH="11" VPOS="907" HPOS="960"/>
							<String ID="string_154" HPOS="971" VPOS="914" WIDTH="39" HEIGHT="14" WC="0.89" CONTENT="an-"/>
						</TextLine>
						<TextLine ID="line_20" HPOS="252" VPOS="945" WIDTH="758" HEIGHT="32">
							<String ID="string_155" HPOS="252" VPOS="945" WIDTH="62" HEIGHT="22" WC="0.95" CONTENT="hålla"/><SP WIDTH="24" VPOS="945" HPOS="314"/>
							<String ID="string_156" HPOS="338" VPOS="954" WIDTH="36" HEIGHT="13" WC="0.93" CONTENT="om"/><SP WIDTH="16" VPOS="954" HPOS="374"/>
							<String ID="string_157" HPOS="390" VPOS="948" WIDTH="102" HEIGHT="28" WC="0.96" CONTENT="uppgift,"/><SP WIDTH="20" VPOS="948" HPOS="492"/>
							<String ID="string_158" HPOS="512" VPOS="948" WIDTH="117" HEIGHT="22" WC="0.93" CONTENT="huruvida"/><SP WIDTH="16" VPOS="948" HPOS="629"/>
							<String ID="string_159" HPOS="645" VPOS="948" WIDTH="61" HEIGHT="22" WC="0.96" CONTENT="stöld"/><SP WIDTH="16" VPOS="948" HPOS="706"/>
							<String ID="string_160" HPOS="722" VPOS="948" WIDTH="40" HEIGHT="22" WC="0.93" CONTENT="vid"/><SP WIDTH="17" VPOS="948" HPOS="762"/>
							<String ID="string_161" HPOS="779" VPOS="948" WIDTH="98" HEIGHT="29" WC="0.92" CONTENT="angifna"/><SP WIDTH="15" VPOS="948" HPOS="877"/>
							<String ID="string_162" HPOS="892" VPOS="947" WIDTH="95" HEIGHT="22" WC="0.96" CONTENT="tillfälle"/><SP WIDTH="15" VPOS="947" HPOS="987"/>
							<String ID="string_163" HPOS="1002" VPOS="947" WIDTH="8" HEIGHT="21" WC="0.97" CONTENT="i"/>
						</TextLine>
						<TextLine ID="line_21" HPOS="252" VPOS="986" WIDTH="758" HEIGHT="31">
							<String ID="string_164" HPOS="252" VPOS="986" WIDTH="85" HEIGHT="28" WC="0.93" CONTENT="sjelfva"/><SP WIDTH="23" VPOS="986" HPOS="337"/>
							<String ID="string_165" HPOS="360" VPOS="987" WIDTH="81" HEIGHT="22" WC="0.93" CONTENT="verket"/><SP WIDTH="23" VPOS="987" HPOS="441"/>
							<String ID="string_166" HPOS="464" VPOS="991" WIDTH="39" HEIGHT="26" WC="0.92" CONTENT="egt"/><SP WIDTH="20" VPOS="991" HPOS="503"/>
							<String ID="string_167" HPOS="523" VPOS="996" WIDTH="51" HEIGHT="14" WC="0.96" CONTENT="rum"/><SP WIDTH="16" VPOS="996" HPOS="574"/>
							<String ID="string_168" HPOS="590" VPOS="989" WIDTH="44" HEIGHT="21" WC="0.96" CONTENT="och"/><SP WIDTH="16" VPOS="989" HPOS="634"/>
							<String ID="string_169" HPOS="650" VPOS="996" WIDTH="37" HEIGHT="14" WC="0.93" CONTENT="om"/><SP WIDTH="16" VPOS="996" HPOS="687"/>
							<String ID="string_170" HPOS="703" VPOS="989" WIDTH="74" HEIGHT="21" WC="0.90" CONTENT="sädan"/><SP WIDTH="15" VPOS="989" HPOS="777"/>
							<String ID="string_171" HPOS="792" VPOS="989" WIDTH="125" HEIGHT="28" WC="0.92" CONTENT="bevisning"/><SP WIDTH="14" VPOS="989" HPOS="917"/>
							<String ID="string_172" HPOS="931" VPOS="988" WIDTH="79" HEIGHT="21" WC="0.96" CONTENT="kunde"/>
						</TextLine>
						<TextLine ID="line_22" HPOS="252" VPOS="1026" WIDTH="757" HEIGHT="29">
							<String ID="string_173" HPOS="252" VPOS="1026" WIDTH="126" HEIGHT="29" WC="0.89" CONTENT="anskaffas,"/><SP WIDTH="16" VPOS="1026" HPOS="378"/>
							<String ID="string_174" HPOS="394" VPOS="1030" WIDTH="34" HEIGHT="19" WC="0.96" CONTENT="att"/><SP WIDTH="16" VPOS="1030" HPOS="428"/>
							<String ID="string_175" HPOS="444" VPOS="1029" WIDTH="36" HEIGHT="21" WC="0.96" CONTENT="W."/><SP WIDTH="17" VPOS="1029" HPOS="480"/>
							<String ID="string_176" HPOS="497" VPOS="1029" WIDTH="79" HEIGHT="21" WC="0.93" CONTENT="kunde"/><SP WIDTH="16" VPOS="1029" HPOS="576"/>
							<String ID="string_177" HPOS="592" VPOS="1029" WIDTH="74" HEIGHT="21" WC="0.92" CONTENT="ätalas"/><SP WIDTH="16" VPOS="1029" HPOS="666"/>
							<String ID="string_178" HPOS="682" VPOS="1029" WIDTH="43" HEIGHT="21" WC="0.96" CONTENT="och"/><SP WIDTH="12" VPOS="1029" HPOS="725"/>
							<String ID="string_179" HPOS="737" VPOS="1029" WIDTH="81" HEIGHT="22" WC="0.93" CONTENT="vidare"/><SP WIDTH="11" VPOS="1029" HPOS="818"/>
							<String ID="string_180" HPOS="829" VPOS="1029" WIDTH="74" HEIGHT="21" WC="0.93" CONTENT="hällas"/><SP WIDTH="11" VPOS="1029" HPOS="903"/>
							<String ID="string_181" HPOS="914" VPOS="1028" WIDTH="95" HEIGHT="27" WC="0.92" CONTENT="häktad,"/>
						</TextLine>
						<TextLine ID="line_23" HPOS="251" VPOS="1066" WIDTH="759" HEIGHT="31">
							<String ID="string_182" HPOS="251" VPOS="1066" WIDTH="120" HEIGHT="22" WC="0.88" CONTENT="hvarefter"/><SP WIDTH="22" VPOS="1066" HPOS="371"/>
							<String ID="string_183" HPOS="393" VPOS="1073" WIDTH="146" HEIGHT="23" WC="0.91" CONTENT="guvernören"/><SP WIDTH="24" VPOS="1073" HPOS="539"/>
							<String ID="string_184" HPOS="563" VPOS="1069" WIDTH="106" HEIGHT="28" WC="0.92" CONTENT="omsider,"/><SP WIDTH="24" VPOS="1069" HPOS="669"/>
							<String ID="string_185" HPOS="693" VPOS="1069" WIDTH="73" HEIGHT="22" WC="0.93" CONTENT="sedan"/><SP WIDTH="16" VPOS="1069" HPOS="766"/>
							<String ID="string_186" HPOS="782" VPOS="1069" WIDTH="228" HEIGHT="22" WC="0.92" CONTENT="kronolänsmannen"/>
						</TextLine>
						<TextLine ID="line_24" HPOS="251" VPOS="1107" WIDTH="759" HEIGHT="30">
							<String ID="string_187" HPOS="251" VPOS="1107" WIDTH="25" HEIGHT="21" WC="0.88" CONTENT="P."/><SP WIDTH="16" VPOS="1107" HPOS="276"/>
							<String ID="string_188" HPOS="292" VPOS="1107" WIDTH="36" HEIGHT="21" WC="0.88" CONTENT="uti"/><SP WIDTH="23" VPOS="1107" HPOS="328"/>
							<String ID="string_189" HPOS="351" VPOS="1115" WIDTH="28" HEIGHT="14" WC="0.96" CONTENT="en"/><SP WIDTH="23" VPOS="1115" HPOS="379"/>
							<String ID="string_190" HPOS="402" VPOS="1109" WIDTH="38" HEIGHT="21" WC="0.93" CONTENT="till"/><SP WIDTH="22" VPOS="1109" HPOS="440"/>
							<String ID="string_191" HPOS="462" VPOS="1110" WIDTH="233" HEIGHT="27" WC="0.92" CONTENT="guvernörsembetet"/><SP WIDTH="20" VPOS="1110" HPOS="695"/>
							<String ID="string_192" HPOS="715" VPOS="1111" WIDTH="7" HEIGHT="20" WC="0.96" CONTENT="i"/><SP WIDTH="15" VPOS="1111" HPOS="722"/>
							<String ID="string_193" HPOS="737" VPOS="1111" WIDTH="30" HEIGHT="20" WC="0.94" CONTENT="M."/><SP WIDTH="22" VPOS="1111" HPOS="767"/>
							<String ID="string_194" HPOS="789" VPOS="1110" WIDTH="45" HEIGHT="21" WC="0.96" CONTENT="den"/><SP WIDTH="22" VPOS="1110" HPOS="834"/>
							<String ID="string_195" HPOS="856" VPOS="1112" WIDTH="25" HEIGHT="19" WC="0.96" CONTENT="13"/><SP WIDTH="15" VPOS="1112" HPOS="881"/>
							<String ID="string_196" HPOS="896" VPOS="1109" WIDTH="114" HEIGHT="22" WC="0.96" CONTENT="Februari"/>
						</TextLine>
						<TextLine ID="line_25" HPOS="253" VPOS="1148" WIDTH="756" HEIGHT="30">
							<String ID="string_197" HPOS="253" VPOS="1149" WIDTH="54" HEIGHT="20" WC="0.93" CONTENT="1892"/><SP WIDTH="16" VPOS="1149" HPOS="307"/>
							<String ID="string_198" HPOS="323" VPOS="1148" WIDTH="87" HEIGHT="22" WC="0.91" CONTENT="anländ"/><SP WIDTH="16" VPOS="1148" HPOS="410"/>
							<String ID="string_199" HPOS="426" VPOS="1150" WIDTH="190" HEIGHT="22" WC="0.91" CONTENT="svarsskrifvelse"/><SP WIDTH="15" VPOS="1150" HPOS="616"/>
							<String ID="string_200" HPOS="631" VPOS="1150" WIDTH="8" HEIGHT="21" WC="0.93" CONTENT="i"/><SP WIDTH="12" VPOS="1150" HPOS="639"/>
							<String ID="string_201" HPOS="651" VPOS="1153" WIDTH="79" HEIGHT="18" WC="0.92" CONTENT="ämnet"/><SP WIDTH="11" VPOS="1153" HPOS="730"/>
							<String ID="string_202" HPOS="741" VPOS="1149" WIDTH="110" HEIGHT="22" WC="0.93" CONTENT="vidhällit"/><SP WIDTH="12" VPOS="1149" HPOS="851"/>
							<String ID="string_203" HPOS="863" VPOS="1149" WIDTH="146" HEIGHT="29" WC="0.92" CONTENT="angifvelsen"/>
						</TextLine>
						<TextLine ID="line_26" HPOS="251" VPOS="1186" WIDTH="758" HEIGHT="33">
							<String ID="string_204" HPOS="251" VPOS="1186" WIDTH="44" HEIGHT="21" WC="0.89" CONTENT="och"/><SP WIDTH="23" VPOS="1186" HPOS="295"/>
							<String ID="string_205" HPOS="318" VPOS="1187" WIDTH="120" HEIGHT="29" WC="0.89" CONTENT="uppgifvit"/><SP WIDTH="23" VPOS="1187" HPOS="438"/>
							<String ID="string_206" HPOS="461" VPOS="1191" WIDTH="35" HEIGHT="19" WC="0.93" CONTENT="att"/><SP WIDTH="22" VPOS="1191" HPOS="496"/>
							<String ID="string_207" HPOS="518" VPOS="1189" WIDTH="125" HEIGHT="30" WC="0.92" CONTENT="bevisning"/><SP WIDTH="23" VPOS="1189" HPOS="643"/>
							<String ID="string_208" HPOS="666" VPOS="1189" WIDTH="37" HEIGHT="22" WC="0.96" CONTENT="till"/><SP WIDTH="16" VPOS="1189" HPOS="703"/>
							<String ID="string_209" HPOS="719" VPOS="1190" WIDTH="52" HEIGHT="21" WC="0.93" CONTENT="dess"/><SP WIDTH="17" VPOS="1190" HPOS="771"/>
							<String ID="string_210" HPOS="788" VPOS="1189" WIDTH="127" HEIGHT="29" WC="0.92" CONTENT="styrkande"/><SP WIDTH="16" VPOS="1189" HPOS="915"/>
							<String ID="string_211" HPOS="931" VPOS="1189" WIDTH="78" HEIGHT="21" WC="0.96" CONTENT="kunde"/>
						</TextLine>
						<TextLine ID="line_27" HPOS="251" VPOS="1227" WIDTH="758" HEIGHT="31">
							<String ID="string_212" HPOS="251" VPOS="1227" WIDTH="126" HEIGHT="28" WC="0.96" CONTENT="anskaffas,"/><SP WIDTH="24" VPOS="1227" HPOS="377"/>
							<String ID="string_213" HPOS="401" VPOS="1228" WIDTH="74" HEIGHT="21" WC="0.96" CONTENT="under"/><SP WIDTH="23" VPOS="1228" HPOS="475"/>
							<String ID="string_214" HPOS="498" VPOS="1229" WIDTH="45" HEIGHT="21" WC="0.96" CONTENT="den"/><SP WIDTH="26" VPOS="1229" HPOS="543"/>
							<String ID="string_215" HPOS="569" VPOS="1231" WIDTH="24" HEIGHT="20" WC="0.86" CONTENT="15"/><SP WIDTH="16" VPOS="1231" HPOS="593"/>
							<String ID="string_216" HPOS="609" VPOS="1230" WIDTH="8" HEIGHT="21" WC="0.86" CONTENT="i"/><SP WIDTH="16" VPOS="1230" HPOS="617"/>
							<String ID="string_217" HPOS="633" VPOS="1229" WIDTH="160" HEIGHT="29" WC="0.96" CONTENT="nyssnämnda"/><SP WIDTH="19" VPOS="1229" HPOS="793"/>
							<String ID="string_218" HPOS="812" VPOS="1229" WIDTH="85" HEIGHT="22" WC="0.93" CONTENT="månad"/><SP WIDTH="15" VPOS="1229" HPOS="897"/>
							<String ID="string_219" HPOS="912" VPOS="1229" WIDTH="97" HEIGHT="22" WC="0.91" CONTENT="beslutit"/>
						</TextLine>
						<TextLine ID="line_28" HPOS="250" VPOS="1267" WIDTH="759" HEIGHT="29">
							<String ID="string_220" HPOS="250" VPOS="1268" WIDTH="36" HEIGHT="19" WC="0.93" CONTENT="att"/><SP WIDTH="16" VPOS="1268" HPOS="286"/>
							<String ID="string_221" HPOS="302" VPOS="1267" WIDTH="174" HEIGHT="29" WC="0.92" CONTENT="handlingarna"/><SP WIDTH="23" VPOS="1267" HPOS="476"/>
							<String ID="string_222" HPOS="499" VPOS="1269" WIDTH="147" HEIGHT="22" WC="0.94" CONTENT="beträffande"/><SP WIDTH="18" VPOS="1269" HPOS="646"/>
							<String ID="string_223" HPOS="664" VPOS="1270" WIDTH="33" HEIGHT="21" WC="0.93" CONTENT="W."/><SP WIDTH="18" VPOS="1270" HPOS="697"/>
							<String ID="string_224" HPOS="715" VPOS="1269" WIDTH="77" HEIGHT="22" WC="0.92" CONTENT="skullo"/><SP WIDTH="16" VPOS="1269" HPOS="792"/>
							<String ID="string_225" HPOS="808" VPOS="1269" WIDTH="123" HEIGHT="22" WC="0.90" CONTENT="tillsändas"/><SP WIDTH="16" VPOS="1269" HPOS="931"/>
							<String ID="string_226" HPOS="947" VPOS="1269" WIDTH="62" HEIGHT="22" WC="0.92" CONTENT="dom-"/>
						</TextLine>
						<TextLine ID="line_29" HPOS="250" VPOS="1307" WIDTH="759" HEIGHT="31">
							<String ID="string_227" HPOS="250" VPOS="1307" WIDTH="136" HEIGHT="21" WC="0.92" CONTENT="hafvanden"/><SP WIDTH="15" VPOS="1307" HPOS="386"/>
							<String ID="string_228" HPOS="401" VPOS="1308" WIDTH="8" HEIGHT="21" WC="0.96" CONTENT="i"/><SP WIDTH="15" VPOS="1308" HPOS="409"/>
							<String ID="string_229" HPOS="424" VPOS="1309" WIDTH="29" HEIGHT="21" WC="0.93" CONTENT="H."/><SP WIDTH="20" VPOS="1309" HPOS="453"/>
							<String ID="string_230" HPOS="473" VPOS="1309" WIDTH="112" HEIGHT="29" WC="0.96" CONTENT="domsaga"/><SP WIDTH="14" VPOS="1309" HPOS="585"/>
							<String ID="string_231" HPOS="599" VPOS="1310" WIDTH="9" HEIGHT="20" WC="0.93" CONTENT="i"/><SP WIDTH="16" VPOS="1310" HPOS="608"/>
							<String ID="string_232" HPOS="624" VPOS="1310" WIDTH="110" HEIGHT="21" WC="0.93" CONTENT="afseende"/><SP WIDTH="16" VPOS="1310" HPOS="734"/>
							<String ID="string_233" HPOS="750" VPOS="1310" WIDTH="13" HEIGHT="21" WC="0.93" CONTENT="å"/><SP WIDTH="16" VPOS="1310" HPOS="763"/>
							<String ID="string_234" HPOS="779" VPOS="1310" WIDTH="54" HEIGHT="28" WC="0.93" CONTENT="laga"/><SP WIDTH="16" VPOS="1310" HPOS="833"/>
							<String ID="string_235" HPOS="849" VPOS="1309" WIDTH="59" HEIGHT="21" WC="0.92" CONTENT="ätals"/><SP WIDTH="16" VPOS="1309" HPOS="908"/>
							<String ID="string_236" HPOS="924" VPOS="1309" WIDTH="85" HEIGHT="21" WC="0.91" CONTENT="anstäl-"/>
						</TextLine>
						<TextLine ID="line_30" HPOS="250" VPOS="1346" WIDTH="759" HEIGHT="29">
							<String ID="string_237" HPOS="250" VPOS="1346" WIDTH="76" HEIGHT="29" WC="0.93" CONTENT="lande,"/><SP WIDTH="24" VPOS="1346" HPOS="326"/>
							<String ID="string_238" HPOS="350" VPOS="1347" WIDTH="96" HEIGHT="23" WC="0.92" CONTENT="hvarom"/><SP WIDTH="20" VPOS="1347" HPOS="446"/>
							<String ID="string_239" HPOS="466" VPOS="1349" WIDTH="211" HEIGHT="21" WC="0.92" CONTENT="remissresolution"/><SP WIDTH="16" VPOS="1349" HPOS="677"/>
							<String ID="string_240" HPOS="693" VPOS="1350" WIDTH="45" HEIGHT="21" WC="0.96" CONTENT="den"/><SP WIDTH="19" VPOS="1350" HPOS="738"/>
							<String ID="string_241" HPOS="757" VPOS="1352" WIDTH="25" HEIGHT="19" WC="0.96" CONTENT="17"/><SP WIDTH="17" VPOS="1352" HPOS="782"/>
							<String ID="string_242" HPOS="799" VPOS="1350" WIDTH="7" HEIGHT="20" WC="0.96" CONTENT="i"/><SP WIDTH="15" VPOS="1350" HPOS="806"/>
							<String ID="string_243" HPOS="821" VPOS="1357" WIDTH="88" HEIGHT="14" WC="0.93" CONTENT="samma"/><SP WIDTH="15" VPOS="1357" HPOS="909"/>
							<String ID="string_244" HPOS="924" VPOS="1350" WIDTH="85" HEIGHT="21" WC="0.96" CONTENT="månad"/>
						</TextLine>
						<TextLine ID="line_31" HPOS="250" VPOS="1386" WIDTH="757" HEIGHT="32">
							<String ID="string_245" HPOS="250" VPOS="1386" WIDTH="81" HEIGHT="22" WC="0.93" CONTENT="blifvit"/><SP WIDTH="22" VPOS="1386" HPOS="331"/>
							<String ID="string_246" HPOS="353" VPOS="1388" WIDTH="37" HEIGHT="21" WC="0.93" CONTENT="till"/><SP WIDTH="22" VPOS="1388" HPOS="390"/>
							<String ID="string_247" HPOS="412" VPOS="1389" WIDTH="102" HEIGHT="21" WC="0.92" CONTENT="nämnde"/><SP WIDTH="23" VPOS="1389" HPOS="514"/>
							<String ID="string_248" HPOS="537" VPOS="1389" WIDTH="174" HEIGHT="22" WC="0.90" CONTENT="domhafvande"/><SP WIDTH="24" VPOS="1389" HPOS="711"/>
							<String ID="string_249" HPOS="735" VPOS="1390" WIDTH="146" HEIGHT="28" WC="0.90" CONTENT="expedierad,"/><SP WIDTH="21" VPOS="1390" HPOS="881"/>
							<String ID="string_250" HPOS="902" VPOS="1390" WIDTH="54" HEIGHT="21" WC="0.92" CONTENT="derä"/><SP WIDTH="15" VPOS="1390" HPOS="956"/>
							<String ID="string_251" HPOS="971" VPOS="1390" WIDTH="36" HEIGHT="21" WC="0.96" CONTENT="W."/>
						</TextLine>
						<TextLine ID="line_32" HPOS="250" VPOS="1426" WIDTH="757" HEIGHT="26">
							<String ID="string_252" HPOS="250" VPOS="1426" WIDTH="130" HEIGHT="23" WC="0.92" CONTENT="sedermera"/><SP WIDTH="16" VPOS="1426" HPOS="380"/>
							<String ID="string_253" HPOS="396" VPOS="1428" WIDTH="37" HEIGHT="21" WC="0.93" CONTENT="för"/><SP WIDTH="16" VPOS="1428" HPOS="433"/>
							<String ID="string_254" HPOS="449" VPOS="1430" WIDTH="155" HEIGHT="21" WC="0.92" CONTENT="omförmälda"/><SP WIDTH="14" VPOS="1430" HPOS="604"/>
							<String ID="string_255" HPOS="618" VPOS="1430" WIDTH="65" HEIGHT="21" WC="0.93" CONTENT="brott"/><SP WIDTH="11" VPOS="1430" HPOS="683"/>
							<String ID="string_256" HPOS="694" VPOS="1430" WIDTH="81" HEIGHT="21" WC="0.93" CONTENT="blifvit"/><SP WIDTH="11" VPOS="1430" HPOS="775"/>
							<String ID="string_257" HPOS="786" VPOS="1430" WIDTH="44" HEIGHT="21" WC="0.96" CONTENT="den"/><SP WIDTH="13" VPOS="1430" HPOS="830"/>
							<String ID="string_258" HPOS="843" VPOS="1432" WIDTH="25" HEIGHT="20" WC="0.97" CONTENT="26"/><SP WIDTH="11" VPOS="1432" HPOS="868"/>
							<String ID="string_259" HPOS="879" VPOS="1430" WIDTH="62" HEIGHT="22" WC="0.96" CONTENT="Mars"/><SP WIDTH="14" VPOS="1430" HPOS="941"/>
							<String ID="string_260" HPOS="955" VPOS="1433" WIDTH="52" HEIGHT="19" WC="0.91" CONTENT="189?"/>
						</TextLine>
					</TextBlock>
				</ComposedBlock>
			</PrintSpace>
		</Page>
	</Layout>
</alto>
