1089 1745
256 110 38 19 106
588 109 25 21 II

222 170 85 28 utgätt,
328 171 42 21 hos
390 171 203 22 rädstufvurätten
616 172 44 22 och
683 173 52 21 dess
751 172 143 21 ordförande
910 172 69 21 behö-

223 210 67 29 rigen
313 211 76 28 styrkt
405 212 37 21 sin
457 212 127 29 fattigdom
600 213 44 21 och
660 213 83 21 derhos
759 212 101 21 anhällit
876 215 34 18 att
924 214 58 19 utan

223 249 66 22 lösen
311 251 52 21 utfä
385 251 28 22 de
430 252 37 21 för
482 252 151 29 fullföljande
649 253 27 20 af
689 252 58 21 hans
763 252 218 29 ändringsansökan

223 290 8 20 i
255 289 83 22 domen
361 291 86 29 nödiga
468 292 119 29 protokoll
609 295 61 19 samt
685 293 40 21 det
739 292 41 22 vid
795 292 85 21 sädant
895 292 87 22 förhäl-

223 329 70 22 lande
312 330 78 29 älegat
409 331 203 22 rädstufvurätten
629 334 35 19 att
679 333 8 20 i
702 332 47 29 god
764 332 36 21 tid
816 332 102 21 derefter
933 332 49 21 läta

223 370 30 28 pä
270 371 141 28 ostämpladt
426 379 88 22 papper
529 372 44 21 och
583 375 58 19 utan
651 373 66 21 lösen
728 373 24 21 ät
762 372 27 21 L.
800 372 118 21 utskrifva
928 375 54 25 nytt

223 410 120 28 exemplar
365 412 26 21 af
412 412 215 22 rädstufvurättens
650 413 145 28 förrättning
810 412 7 21 i
834 412 78 28 saken,
928 420 51 14 men

223 449 204 24 rädstufvurätten
445 452 130 21 emellertid
591 453 8 20 i
615 453 59 21 strid
689 453 52 21 med
757 455 26 19 34
799 460 68 14 mom.
887 456 25 19 14
928 455 12 26 $
956 453 27 21 af

223 489 88 30 nädiga
334 491 168 30 förordningen
525 493 45 21 den
594 495 23 19 21
643 493 128 22 December
789 495 51 20 1891
859 501 37 13 om
912 495 68 20 stäm-

223 530 170 31 pelbevillning
417 535 59 18 samt
499 535 12 19 8
535 535 12 25 $
570 533 8 21 i
601 533 87 29 nädiga
707 533 171 29 förordningen
894 533 44 21 den
956 535 24 20 15

223 571 100 22 Januari
355 574 53 20 1883
439 580 36 14 om
502 573 212 29 expeditionslösen
741 574 83 21 sädant
850 574 130 27 uraktlätit,

223 610 92 22 hvilket
343 611 52 22 haft
423 613 37 21 till
490 613 92 29 påföljd
611 616 36 19 att
671 615 25 20 L.
723 614 100 28 nödgats
849 614 65 21 såväl
939 614 41 21 hos

223 651 160 22 Prokuratorn
420 653 70 29 klaga
527 654 8 21 i
571 654 97 21 ärendet
704 662 49 13 som
788 654 37 21 till
860 655 121 20 hofrätten

223 691 102 22 inlemna
348 692 136 23 förberörda
507 694 234 29 reservationsskrift,
763 694 90 29 yrkade
869 695 112 21 advokat-

222 731 99 22 fiskalen
344 732 41 22 hos
408 733 121 23 hofrätten
551 736 35 19 att
609 735 214 21 rädstufvurättens
840 734 140 22 ordförande

224 771 175 29 borgmästaren
421 775 29 20 H.
474 777 61 19 samt
557 775 128 21 ledamöter
705 775 237 28 justitierädmannen
957 775 22 21 S.

223 812 43 21 och
289 813 226 28 politierädmannen
539 815 34 27 G.,
592 816 81 21 hvilka
689 816 75 28 enligt
779 815 201 22 advokatfiskalen

222 853 124 21 meddelad
368 855 95 28 uppgift
485 855 172 22 undertecknat
680 856 164 29 ifrägakomna
866 856 114 20 konkurs-

223 892 54 22 dom
293 893 43 22 och
352 894 103 29 bidragit
470 895 37 22 till
523 896 165 28 expeditionen
703 897 73 27 deraf,
792 897 73 20 måtte
876 896 38 21 för
924 895 56 22 slikt

224 932 119 29 tjenstefel
367 935 68 21 fällas
458 935 37 21 till
518 943 85 14 ansvar
622 936 95 29 jemlikt
743 939 24 18 12
784 937 11 26 $
815 939 8 18 1
841 936 52 27 kap.
909 935 27 22 R.
953 935 26 21 B.

222 973 43 20 och
290 974 152 22 förenämnde
466 976 175 28 förordningar;
661 976 100 21 hvarhos
778 975 202 22 advokatfiskalen

221 1014 85 27 påstod
329 1015 177 28 borgmästaren
528 1017 42 21 H:s
591 1020 60 18 samt
670 1017 143 21 rädmännen
830 1017 34 21 S:s
880 1017 44 21 och
940 1016 39 21 G:s

222 1053 161 28 förpliktande
407 1058 34 19 att
460 1060 144 24 gemensamt
620 1059 89 19 ersätta
723 1057 34 28 L.,
773 1064 49 14 som
838 1056 51 21 icke
905 1057 8 20 i
929 1056 50 21 hof-

221 1095 77 19 rätten
315 1094 100 29 fullföljt
431 1095 41 22 sitt
487 1097 95 28 erlagda
593 1097 46 21 vad
649 1099 62 19 emot
723 1096 133 22 ännämnda
866 1096 114 21 konkurs-

221 1132 60 29 dom,
299 1133 73 23 ehuru
388 1135 47 22 han
451 1136 79 21 dertill
545 1137 94 21 erhållit
650 1137 101 27 tillfälle,
764 1137 83 20 endast
857 1137 39 20 L:s
907 1136 72 27 utgif-

221 1176 36 17 ter
280 1174 37 21 för
340 1175 58 21 hans
422 1177 154 21 omförmälda
599 1177 88 28 klagan
703 1177 41 20 hos
760 1177 160 21 Prokuratorn
936 1176 43 21 och

221 1214 105 21 ansökan
351 1216 6 20 i
380 1215 119 22 hofrätten
520 1217 72 28 jemte
615 1217 58 21 hans
697 1217 115 21 särskilda
835 1217 87 28 klagan
937 1216 42 21 hos

221 1255 293 30 advokatfiskalsembetet,
541 1258 60 21 efter
627 1257 111 28 pröfning
763 1258 28 20 af
815 1257 62 21 hvad
902 1257 46 20 han
972 1257 7 20 i

221 1295 85 21 sådant
322 1297 111 21 afseende
448 1297 78 21 kunde
542 1298 63 21 äska.

289 1336 72 21 Målet
377 1337 120 29 afgjordes
509 1338 26 21 af
543 1338 127 28 hofrätten,
683 1338 60 21 efter
754 1338 39 21 det
804 1337 174 22 vederbörande

218 1375 9 20 i
242 1376 81 28 vanlig
339 1377 100 29 ordning
449 1378 100 21 lemnats
560 1378 94 21 tillfälle
666 1381 33 18 att
711 1379 36 28 sig
758 1378 110 28 förklara,
880 1378 98 21 medelst

218 1416 81 27 utslag
314 1416 45 22 den
376 1420 11 19 2
403 1418 67 27 April
489 1421 59 25 1894,
565 1426 49 14 som
630 1419 61 31 efter
706 1419 82 28 anslag
804 1419 80 28 utgafs
896 1418 45 21 den
952 1421 26 19 28
