1098 1759
810 129 28 20 33

173 200 56 21 Enär
248 200 130 21 direktionen
396 198 32 22 för
445 198 101 22 Finlands
561 198 67 24 Bank,
643 198 84 27 jemlikt
742 197 126 27 stadgandet

105 236 7 20 i
129 235 12 26 8
157 234 12 21 7
186 234 22 21 af
221 234 76 27 nådiga
316 233 141 27 reglementet
475 233 31 21 för
525 232 88 22 Banken
633 232 27 21 af
669 232 40 21 den
728 232 25 21 19
768 231 100 21 Februari

107 269 61 25 1895,
189 268 37 21 bör
245 269 86 26 utgöras
350 267 23 21 af
390 273 27 15 en
433 267 124 21 ordförande
573 268 56 20 samt
644 266 35 22 två
694 266 102 21 ordinarie
812 266 56 20 leda-

105 304 68 20 möter
193 302 38 21 och
250 308 26 15 en
292 302 93 21 ledamot
400 302 27 26 på
442 302 58 20 extra
516 302 49 24 stat,
581 302 90 26 upptogs
687 301 35 20 vid
737 301 131 26 gemensamt

106 336 156 22 sammanträde
277 336 49 22 med
341 336 194 21 Bankdirektionen
551 336 41 20 den
608 336 27 20 27
651 335 100 21 Februari
764 335 54 21 1895
828 334 40 21 frå-

106 378 41 20 gan
163 378 34 14 om
211 370 142 22 tillsättandet
368 370 23 21 af
404 370 145 21 nästbemälde
565 370 99 20 ledamot.
687 370 11 20 I
709 370 159 20 öfverensstäm-

106 405 65 21 melse
187 405 47 21 med
249 405 148 21 Direktionens
413 404 73 22 dervid
502 404 72 28 gjorda
589 404 157 27 framställning
756 404 38 21 och
804 404 7 20 i
822 404 47 21 stöd

109 440 23 21 af
145 440 114 27 åberopade
282 440 83 26 lagrum
384 439 81 21 beslöto
484 439 193 27 Bankfullmäktige
693 439 7 20 i
716 439 106 21 skrifvelse
837 438 32 21 för

108 480 83 15 samma
209 474 41 28 dag
269 474 38 21 hos
322 474 119 26 Kejserliga
457 473 92 21 Senaten
564 474 113 20 hemställa
692 480 34 14 om
742 474 72 26 nådigt
828 472 41 22 för-

110 508 106 22 ordnande
235 509 32 21 för
283 508 148 22 Sekreteraren
447 508 7 20 i
469 508 88 21 Banken
572 502 59 27 Juris
645 508 109 26 utriusque
770 507 100 21 kandida-

108 544 36 20 ten
161 542 48 22 Clas
224 543 94 21 Herman
333 549 40 15 von
389 542 81 26 Collan,
486 549 46 15 som
546 542 101 22 förklarat
663 542 32 27 sig
708 542 58 27 villig
776 543 31 20 att
817 542 53 21 mot-

108 578 49 26 taga
177 579 30 20 ett
226 578 67 27 dylikt
311 577 102 27 uppdrag,
435 578 32 20 att
482 577 55 21 intill
553 577 106 27 utgången
676 576 23 22 af
712 577 22 21 år
751 577 54 21 1896
820 582 50 15 vara

109 612 92 20 ledamot
216 612 25 27 på
257 612 57 20 extra
331 612 42 20 stat
387 611 7 21 i
410 611 138 21 Direktionen
564 611 31 21 för
611 611 101 21 Finlands
722 611 67 26 Bank,
801 611 7 20 i
818 611 52 21 hvil-

108 646 35 20 ket
162 646 37 20 fall
218 646 220 26 sekreteraretjensten
458 646 7 20 i
481 646 88 21 Banken
585 646 66 20 skulle
667 646 67 20 under
749 645 121 21 förberörda

108 680 31 21 tid
162 687 75 20 genom
259 680 146 21 tillförordnad
424 680 78 21 vikarie
521 680 160 28 upprätthållas.
714 680 76 21 Denna
808 680 62 20 fram-

109 715 101 26 ställning
223 714 46 22 blef
281 714 41 22 den
340 715 26 21 10
381 714 60 28 April
457 714 23 21 af
488 714 117 28 Kejserliga
617 714 92 22 Senaten
720 714 85 22 bifallen
816 715 54 20 samt

109 749 137 21 förordnande
261 749 7 21 i
283 749 94 27 enlighet
393 749 87 21 dermed
496 748 32 22 för
544 748 148 22 Sekreteraren
704 756 40 14 von
756 748 72 22 Collan
839 749 32 20 ut-

109 783 93 21 färdadt.:
217 783 123 21 Sedermera
351 784 38 20 har
400 790 40 14 von
452 783 80 26 Collan,
544 783 26 27 på
580 783 204 27 Bankfullmäktiges
794 783 7 21 i
812 782 59 22 skrif-

108 818 56 21 velse
175 818 23 20 af
207 818 39 20 den
257 818 26 21 21
296 818 118 20 November
427 818 56 21 1896
494 818 73 21 derom
575 818 72 26 gjorda
657 817 84 27 förslag,
750 818 24 20 af
780 818 91 20 Senaten

107 852 43 21 den
166 852 26 21 10
205 852 155 27 derpäföljande
376 852 118 21 December
509 852 118 21 förordnats
642 853 31 20 att
684 852 46 21 frän
742 852 38 21 och
790 852 48 20 med
849 852 22 20 är

110 886 54 22 1897
180 886 126 22 fortfarande
322 892 49 15 vara
386 886 95 22 ledamot
497 886 25 28 pä
537 888 58 20 extra
611 888 43 20 stat
669 886 7 21 i
692 886 140 21 Direktionen.

178 921 30 21 Pä
223 921 56 27 gjord
295 920 131 28 underdänig
442 921 125 27 ansökning,
583 927 45 15 som
644 920 23 22 af
679 920 192 27 Bankfullmäktige

109 955 49 21 med
180 955 105 21 skrifvelse
309 955 32 21 för
363 955 41 21 den
429 956 10 20 1
460 955 42 27 Maj
526 956 54 20 1894
601 956 31 20 till
647 955 117 27 Kejserliga
780 955 91 21 Senaten

109 989 105 27 insändes,
235 989 101 27 beviljade
361 989 93 21 Senaten
475 990 40 20 den
536 990 26 22 16
577 990 7 20 i
600 996 81 15 samma
698 990 76 21 månad
790 990 22 21 ät
826 989 46 21 ord-

109 1024 102 21 föranden
225 1024 8 20 i
247 1024 193 21 Bankdirektionen
456 1024 181 21 Bankdirektören
654 1024 137 28 Charpentier
799 1024 73 27 tjenst-

109 1058 94 27 ledighet
217 1058 32 21 för
264 1058 95 27 sjukdom
375 1058 68 21 under
458 1058 47 28 fyra
520 1058 107 26 mänader,
643 1058 89 22 räknadt
747 1058 46 22 frän
805 1058 41 21 den
859 1060 8 19 1

108 1092 156 28 derpäföljande
279 1092 57 22 Juni.
359 1092 73 22 Under
451 1093 93 21 nämnda
559 1093 94 27 ledighet
667 1093 122 21 handhades
805 1092 67 22 ordfö-

110 1126 139 28 randeskapet
267 1127 7 21 i
292 1127 194 22 Bankdirektionen
506 1127 22 21 af
543 1127 73 21 Förste
631 1128 141 20 Kamreraren
788 1126 84 22 Stenius

110 1161 33 21 till
166 1161 40 21 den
227 1162 10 20 1
254 1161 96 27 Augusti,
373 1161 26 27 pä
418 1162 70 26 grund
506 1162 23 20 af
544 1162 118 27 Kejserliga
681 1162 101 21 Senatens
801 1161 71 21 derom

109 1195 124 21 meddelade
249 1195 146 25 förordnande,
413 1197 57 20 samt
485 1196 46 21 frän
546 1196 113 27 nästsagde
675 1196 41 27 dag
726 1196 23 21 af
757 1196 115 21 utnämnde

110 1229 179 22 Bankdirektören
312 1230 114 27 Bergbom,
449 1236 47 15 som
515 1230 27 22 dä
561 1230 96 21 inträdde
677 1230 7 21 i
700 1230 172 27 tjensteutöfning

109 1264 40 21 och
165 1264 26 27 pä
206 1264 84 21 hvilken
307 1264 35 21 det
355 1264 84 27 jemlikt
455 1265 11 26 $
484 1265 27 21 76
526 1265 8 20 i
544 1265 194 27 bankreglementet
748 1265 76 21 ankom
834 1265 38 26 att,

111 1298 7 20 i
132 1298 105 28 egenskap
258 1298 23 22 af
298 1298 40 22 den
357 1298 32 21 för
408 1298 60 22 tiden
490 1299 52 21 ende
563 1299 102 21 ordinarie
681 1299 119 21 ledamoten
815 1299 7 20 i
836 1298 37 21 Di-

110 1332 115 28 rektionen,
248 1332 67 21 under
337 1332 120 22 äterstoden
482 1333 23 21 af
524 1333 182 21 Bankdirektören
726 1333 147 27 Charpentiers

111 1366 157 28 tjenstledighet
278 1367 93 21 bestrida
381 1367 280 27 ordförandebefattningen.
679 1367 41 21 Vid
730 1367 92 28 antydda
832 1366 32 21 för

111 1401 97 21 hållande
223 1401 124 21 förordnade
362 1401 197 28 Bankfullmäktige
574 1401 217 22 Justitieräämannen
802 1401 72 21 Heim-

111 1436 82 26 bärger,
209 1442 45 14 som
269 1436 26 27 pä
310 1436 42 20 sätt
367 1435 62 21 ofvan
445 1436 132 21 omförmälts
592 1436 67 26 under
673 1435 136 22 vakanstiden
820 1434 54 22 före-

109 1470 54 20 stätt
179 1469 35 21 det
226 1470 103 26 juridiska
343 1470 206 27 direktörsembetet,
566 1471 31 20 att
612 1470 118 21 detsamma
742 1469 79 27 jemväl
836 1476 38 14 un-

799 1515 11 17 3
