1089 1795
257 130 26 19 78
594 129 25 21 I

225 191 27 20 af
270 191 44 22 den
335 193 11 20 5
366 191 132 22 November
516 194 59 26 1782,
592 193 58 20 utan
666 192 79 21 dertill
760 191 115 22 utverkad
890 192 95 28 permis-

226 230 58 28 sion,
308 231 20 28 ej
352 231 62 22 blott
436 231 46 22 den
504 231 36 22 tid
563 231 138 22 förberörda
723 232 69 28 intyg
814 232 118 21 utfärdats
948 232 36 21 till

224 271 87 21 Michel
328 271 30 21 K.
378 272 131 28 uppehållit
536 272 36 29 sig
587 274 66 19 utom
669 272 46 21 den
730 272 86 21 honom
832 271 153 22 ombetrodda

225 310 112 29 domsaga
352 311 8 21 i
370 312 37 21 W.
419 313 59 28 stad,
493 314 58 20 utan
567 312 88 29 jemväl
673 312 74 29 eljest,
765 312 29 21 då
810 319 118 14 assessorn
943 312 39 22 L:s

224 355 100 18 närvaro
342 352 9 21 i
367 352 128 30 domsagan
511 354 26 21 af
551 354 79 28 någon
645 353 87 22 honom
748 353 126 28 åliggande
889 353 96 28 tjenste-

225 391 145 30 förrättning
393 393 120 22 derstädes
536 393 52 22 icke
610 393 143 29 påkallades,
777 393 84 21 vistats
884 393 8 21 i
912 393 73 28 sagda

226 432 58 28 stad,
308 433 53 21 med
384 433 109 21 afseende
517 434 13 21 å
553 434 65 21 såväl
641 433 28 21 de
686 435 63 20 stora
765 433 157 28 olägenheter,
940 433 44 21 den

224 472 153 22 rättsökande
392 473 158 22 allmänheten
565 474 40 22 vid
620 474 148 22 uträttandet
784 473 27 22 af
824 474 51 21 sina
890 474 94 28 angelä-

225 512 113 28 genheter
352 513 43 21 hos
411 514 190 22 domhafvanden
617 514 184 29 nödvändigtvis
813 514 170 29 tillskyndades

226 552 26 22 af
268 552 85 22 dennes
368 553 96 22 vistelse
480 554 13 22 å
509 562 78 14 annan
603 556 41 26 ort,
661 562 50 14 som
727 554 43 22 ock
786 554 54 22 derå
852 555 34 21 att
896 554 87 22 Michel

225 592 30 21 K.
280 592 134 29 derigenom
433 594 132 22 blottstälts
581 595 37 21 för
634 595 147 29 svårigheter
795 595 9 21 i
820 594 164 28 bevakningen

226 632 27 21 af
275 632 36 22 sin
333 633 66 22 talan
421 634 42 21 vid
486 634 229 29 ändringssökandet
737 635 8 21 i
763 634 155 22 omförmälda
937 634 47 22 mål

226 674 60 19 samt
307 672 88 29 jemväl
418 674 80 28 bragts
522 675 13 21 å
555 675 102 29 onödiga
673 674 134 29 kostnader,
825 682 117 14 assessorn
958 675 26 21 L.

226 712 38 21 för
284 712 39 22 det
346 712 47 22 han
408 721 85 21 genom
509 715 123 21 anmärkta
647 715 125 22 bortavaro
789 715 53 21 från
858 714 127 29 domsagan

225 752 8 21 i
249 754 35 20 tre
299 753 86 21 veckor
398 754 139 22 försummat
548 755 41 21 sitt
600 755 292 29 häradshöfdingeembete
904 754 79 22 blefve

225 792 52 21 fäld
299 792 37 22 till
359 801 84 15 ansvar
460 794 94 28 jemlikt
568 795 160 28 nyssnämnda
743 794 140 28 förordning
899 795 26 21 af
940 794 45 22 den

228 834 25 20 15
270 833 113 21 Februari
400 836 61 20 1763.

294 873 140 23 Hofrättens
458 875 77 28 utslag
558 875 9 21 i
585 876 72 20 målet
671 876 82 27 utgafs
770 875 45 21 den
829 877 13 19 4
858 874 128 22 December

228 914 64 26 1893;
317 913 43 22 och
383 914 59 21 fann
465 915 120 21 hofrätten
605 915 39 22 det
659 915 39 22 väl
713 922 86 22 genom
814 922 117 14 assessorn
946 915 39 20 L:s

226 954 54 27 eget
308 953 150 22 erkännande
488 962 56 14 vara
569 955 80 21 utredt
674 957 35 19 att
725 962 118 15 assessorn
868 955 26 20 L.
920 954 65 22 såväl

226 992 101 21 emellan
351 993 45 21 den
420 995 11 20 5
456 994 43 21 och
522 995 45 20 den
591 997 25 20 15
639 995 69 28 April
725 997 61 26 1893,
803 1002 49 14 som
868 995 44 20 ock
927 995 56 28 eljes

224 1033 80 28 nägon
326 1034 64 29 gäng
412 1035 99 21 emellan
534 1035 83 28 tingen
632 1035 75 22 under
723 1036 46 21 den
784 1035 35 21 tid
834 1035 22 22 J.
874 1035 111 28 domsaga

225 1073 62 22 varit
305 1073 86 22 honom
412 1075 139 22 ombetrodd
566 1076 83 21 vistats
670 1076 3 21 i
689 1076 36 22 W.
742 1075 60 27 stad,
818 1083 49 14 som
884 1079 24 18 är
922 1075 63 22 belä-

225 1120 47 21 gen
295 1113 108 29 omkring
429 1117 25 20 14
470 1115 123 23 kilometer
608 1116 63 22 ifrån
686 1116 29 28 J.
732 1115 39 22 till
787 1115 72 29 sagda
875 1115 111 28 domsaga

225 1153 105 22 hörande
346 1155 99 22 sockens
462 1160 75 25 gräns,
555 1164 53 14 men
624 1156 97 22 emedan
737 1163 119 14 assessorn
866 1156 33 28 L.,
912 1156 74 28 enligt

224 1193 64 22 hvad
308 1194 46 21 han
372 1194 8 21 i
396 1195 37 21 sin
449 1196 131 28 förklaring
596 1196 115 22 obestridt
725 1195 128 29 uppgifvit,
870 1196 116 21 derunder

225 1234 171 28 tillhandagått
410 1243 117 21 personer,
544 1244 49 14 som
609 1236 8 22 i
633 1236 129 29 domsagan
777 1236 99 21 rörande
892 1239 94 25 angelä-

224 1274 113 27 genheter
352 1275 65 21 velat
427 1276 97 22 rådföra
535 1276 36 28 sig
582 1276 53 22 med
646 1283 119 15 assessorn
775 1275 26 22 L.
813 1276 64 21 såväl
888 1276 98 20 medelst

224 1314 91 22 telefon
334 1322 50 14 som
401 1323 85 21 genom
503 1316 167 28 skriftvexling
686 1318 61 20 samt
763 1322 119 15 assessorn
897 1316 26 21 L.
940 1316 8 21 i
962 1316 22 21 J.

225 1354 87 21 socken
334 1355 61 21 hade
418 1363 29 14 en
470 1363 84 22 person
570 1357 93 21 anstäld
679 1357 78 21 såsom
772 1355 160 22 föreståndare
961 1359 25 18 för

225 1394 141 29 domsagans
389 1395 65 22 inom
470 1397 72 28 sagda
558 1397 87 21 socken
660 1396 125 28 befintliga
801 1395 72 29 arkiv,
890 1395 96 22 hvilken

224 1442 85 21 person
325 1435 50 21 året
391 1443 37 14 om
446 1436 111 29 dagligen
573 1444 41 14 var
624 1436 138 29 tillgänglig
773 1436 37 21 för
820 1435 164 28 allmänheten,
