1086 1764
473 105 25 21 II
810 107 25 19 91

180 167 201 29 Torparehustrun
397 168 106 21 Gustava
518 168 32 27 P.,
567 168 54 21 frän
631 168 28 21 N.
674 167 93 28 socken,
777 167 88 29 yrkade

109 208 40 21 vid
163 208 164 22 häradsrätten
343 208 8 21 i
366 208 74 28 sagda
455 208 44 22 och
514 209 30 21 K.
560 208 112 22 socknars
682 208 105 28 tingslag
798 208 68 28 gods-

109 248 130 28 egarinnan
265 248 100 29 Tatjana
390 250 47 26 A:s,
461 249 54 21 frän
537 249 28 21 N.
589 248 93 27 socken,
706 247 159 29 förpligtande

110 290 35 19 att
164 288 37 22 till
222 288 105 22 Gustava
341 289 33 27 P.,
390 296 50 14 som
456 289 55 21 frän
526 289 45 21 den
589 290 25 20 15
630 289 51 21 Juli
698 290 53 20 1889
767 288 38 22 till
821 288 45 22 den

113 330 24 20 14
159 328 62 22 Mars
242 331 51 19 1891
311 328 113 22 förvaltat
440 329 101 29 Tatjana
555 330 41 20 A:s
611 328 112 28 lägenhet
738 328 9 21 i
762 328 104 22 Mäkien-

110 368 63 21 mäki
188 368 32 28 by
236 368 26 22 af
275 368 153 22 nästberörda
444 369 92 27 socken,
551 368 107 22 utbetala
674 368 76 22 henne
764 368 102 22 tillkom-

110 408 84 21 mande
217 408 54 27 lön,
286 408 60 22 efter
370 410 24 20 15
410 408 68 22 rubel
498 409 38 21 för
550 408 82 29 hvarje
648 408 91 28 mänad,
756 408 53 22 med
825 410 40 19 300

110 448 67 21 rubel
192 448 61 21 efter
269 448 83 28 afdrag
367 448 73 22 likväl
457 449 27 21 af
496 448 63 22 hvad
574 449 48 21 hon
638 450 13 20 å
667 448 70 22 lönen
753 449 46 21 fått
809 455 58 21 upp-

111 488 62 28 bära,
197 488 92 22 hvilket
311 488 85 29 belopp
419 489 105 21 Gustava
546 489 25 20 P.
595 488 62 22 dock
673 488 19 28 ej
709 488 91 22 kunnat
815 491 52 18 när-

111 535 62 15 mare
196 528 121 28 uppgifva,
341 530 60 20 samt
424 531 35 19 att
482 528 83 22 derhos
587 528 117 28 godtgöra
720 528 105 22 Gustava
840 528 25 20 P.

111 568 37 21 för
170 568 278 28 rättegångskostnaden;
472 569 8 21 i
503 568 129 29 anledning
650 569 26 21 af
690 568 96 22 hvilken
801 568 65 21 talan

111 608 163 22 häradsrätten
290 608 20 29 ej
327 608 89 22 mindre
432 616 85 21 genom
532 609 45 21 den
594 611 11 19 7
622 609 63 21 Mars
703 610 52 20 1892
771 608 96 28 afsagdt

112 648 77 22 beslut
212 648 80 22 funnit
315 648 44 22 den
383 650 26 20 af
431 649 105 21 Gustava
550 649 26 21 P.
593 648 109 22 fordrade
719 648 108 28 aflöning
843 648 26 20 af

114 691 24 20 15
161 689 68 21 rubel
251 690 38 20 för
305 689 80 29 hvarje
400 690 86 21 månad
502 690 76 27 skälig
593 689 45 21 och
654 690 64 27 förty
733 689 65 28 ålagt
813 688 54 21 Tat-

108 730 57 28 jana
186 731 29 19 A.
240 732 34 18 att
297 729 8 21 i
328 729 83 28 antydt
435 730 110 21 afseende
561 729 37 22 till
614 730 106 21 Gustava
735 729 24 21 P.
776 729 38 21 för
828 728 39 21 be-

111 770 69 20 rörda
202 770 69 28 tjugu
293 770 111 21 månader
426 770 105 21 utbetala
554 772 41 19 300
618 769 67 21 rubel
708 769 60 21 efter
783 768 84 28 afdrag

112 809 73 21 likväl
209 809 26 21 af
256 809 63 21 hvad
342 810 106 21 Gustava
470 810 25 21 P.
512 810 55 21 derå
582 810 74 20 redan
674 808 118 30 uppburit,
808 815 59 20 men,

113 853 55 17 enär
191 850 127 28 utredning
341 857 36 13 om
400 850 112 29 beloppet
532 851 25 21 af
575 850 74 28 sagda
665 850 84 28 afdrag
765 849 102 26 saknats,

112 889 132 29 uppskjutit
268 890 70 21 målet
360 890 8 20 i
391 889 77 22 denna
491 890 37 21 del
551 890 37 21 till
611 889 136 29 påföljande
770 888 97 28 lagtima

112 930 107 28 höstting
238 930 9 20 i
265 930 134 28 tingslaget,
420 930 28 21 då
466 930 105 22 Gustava
586 930 25 21 P.
628 930 59 28 egde
703 930 35 20 sin
754 928 66 22 talan
834 928 34 21 vi-

113 970 54 21 dare
182 970 86 28 utföra,
285 977 37 14 om
337 970 47 21 hon
400 970 134 21 densamma
550 970 106 28 fullfölja
672 970 61 27 ville,
750 973 29 17 än
791 969 76 23 äfven,

113 1009 71 22 sedan
200 1010 101 28 Tatjana
316 1011 28 20 A.
360 1010 40 22 vid
415 1010 210 22 nästomförmälda
640 1010 52 28 ting
703 1009 120 29 uppgifvit
834 1010 35 19 att

113 1051 47 21 hon
175 1050 38 22 till
224 1051 105 21 Gustava
340 1052 24 20 P.
378 1052 13 20 å
402 1055 87 17 hennes
500 1051 39 21 lön
547 1051 79 28 guldit
637 1053 38 19 102
687 1050 72 28 rubel,
771 1048 98 23 medelst

113 1091 46 21 den
181 1094 12 18 6
218 1091 103 22 Oktober
346 1094 52 20 1892
422 1092 134 21 afkunnadt
579 1092 78 27 utslag
678 1092 36 27 sig
729 1090 80 22 utlåtit
825 1089 44 21 och

113 1131 115 21 förklarat
250 1132 79 21 utredt
351 1139 56 14 vara
431 1134 35 19 att
484 1132 105 21 Gustava
605 1132 25 20 P.
647 1132 13 20 å
676 1131 75 21 henne
766 1129 103 22 tillkom-

113 1172 83 21 mande
219 1172 45 27 lön,
288 1180 49 13 som
357 1172 95 28 jemlikt
471 1172 175 22 häradsrättens
662 1170 153 22 förenämnda
831 1169 38 21 be-

113 1212 48 22 slut
179 1212 90 29 utgjort
285 1215 41 19 300
342 1213 72 27 rubel,
431 1212 112 29 uppburit
558 1211 173 28 sammanlagdt
748 1212 38 20 102
803 1209 66 22 rubel

113 1254 60 20 samt
188 1253 71 28 förty,
276 1253 43 21 och
335 1253 29 21 då
380 1253 106 22 Gustava
501 1253 38 22 P:s
555 1252 147 22 återstående
717 1250 153 29 tillgodohaf-

112 1293 76 22 vande
196 1293 99 22 sålunda
303 1293 109 30 utgjorde
423 1296 39 19 198
470 1293 73 28 rubel,
552 1293 66 28 ålagt
624 1293 100 28 Tatjana
731 1293 27 20 A.
767 1293 35 19 att
809 1293 61 19 emot

113 1334 75 27 qvitto
204 1337 83 24 genast
303 1334 36 21 till
356 1335 106 21 Gustava
477 1335 25 20 P.
513 1334 94 28 utgifva
618 1333 156 22 nästnämnda
784 1331 85 27 belopp

114 1373 112 28 antingen
243 1375 8 20 i
266 1374 67 28 ryskt
349 1374 56 21 eller
420 1375 8 21 i
444 1374 72 21 finskt
527 1377 67 26 mynt
605 1374 61 21 efter
675 1373 41 22 vid
726 1371 145 28 betalnings-

113 1413 65 22 tiden
200 1414 109 27 gällande
334 1414 54 21 kurs
412 1417 60 18 samt
495 1417 35 18 att
552 1413 53 22 med
628 1416 27 18 40
673 1413 65 21 mark
755 1412 116 29 godtgöra
