1092 1786
344 155 83 23 Ständ.
445 155 56 22 Skr.
517 168 27 3 —
559 155 116 22 XXXIV.
872 155 13 21 3

132 228 138 21 kassörerna
294 226 41 22 vid
355 226 256 29 afdelningskontoren,
630 226 154 22 tillerkännas
801 225 86 30 jämväl

130 261 202 22 kommissarierna
353 260 41 22 vid
420 260 178 29 ifrägavarande
626 261 92 27 kontor,
741 264 57 18 enär
821 260 65 21 desse

130 297 142 27 tjänstemän
298 295 9 21 i
334 295 127 21 allmänhet
487 295 51 21 icke
565 294 71 22 hafva
658 295 76 21 utsikt
751 295 38 21 till
806 294 79 22 vidare

130 329 129 28 befordran,
270 328 43 23 och
323 328 45 22 den
375 329 159 29 uppfattning,
542 330 76 20 säsom
624 329 40 21 det
671 336 69 22 synes
748 328 137 28 Ständerna,

130 364 54 22 med
205 364 57 28 skäl,
285 364 63 28 gjort
366 364 36 28 sig
419 363 42 22 hos
479 363 218 29 Bankfullmäktige
716 362 117 30 gällande,
852 365 35 19 att

131 398 66 22 dessa
216 398 175 22 kontorschefer
403 398 48 21 lika
463 398 53 21 litet
528 405 49 15 som
588 397 161 23 ledamöterna
760 398 9 21 i
782 398 105 21 bankens

131 432 123 22 Direktion
283 432 71 22 borde
376 440 27 13 ur
427 432 235 22 diskretionsmedlen
680 432 88 22 erhälla
786 431 101 23 lönetill-

132 467 64 21 skott
214 467 8 21 i
241 466 73 22 andra
331 466 43 22 fall
392 470 29 18 än
439 466 40 22 vid
498 466 113 29 flyttning
629 467 52 21 frän
700 469 34 19 ett
752 467 86 21 kontor
850 466 38 22 till

132 503 35 19 ett
185 503 76 19 annat.

199 534 151 22 Beträffande
373 534 203 23 löneförmänerna
599 534 75 29 enligt
697 537 47 19 stat
760 536 38 21 för
816 535 45 21 den
879 534 8 22 i

131 570 105 21 bankens
253 569 44 22 hus
320 569 91 22 bosatte
433 570 177 22 vaktmästaren
627 569 41 22 vid
686 569 202 23 hufvudkontoret

132 604 43 22 har
193 604 44 22 den
255 603 139 29 förändring
406 606 88 19 ansetts
507 604 117 28 päkallad,
639 606 35 19 att
686 604 46 21 den
744 604 61 22 fasta
817 604 70 22 lönen

132 638 36 22 för
185 638 174 22 vaktmästaren
377 638 8 21 i
402 638 73 29 fräga,
494 639 30 28 pä
542 638 77 28 grund
641 638 23 22 af
682 638 97 22 hvilken
797 638 90 29 pensio-

131 680 47 14 nen
196 673 121 27 beräknas,
335 672 77 22 blefve
435 673 50 21 lika
508 675 48 19 stor
579 680 49 14 som
646 672 70 22 lönen
734 673 36 21 för
789 673 28 21 de
835 672 52 22 bäst

133 706 105 22 aflönade
265 707 190 21 vaktmästarena
480 707 41 22 vid
545 707 105 21 bankens
675 708 85 21 kontor
782 708 8 20 i
811 706 76 23 lands-

134 743 71 26 orten,
234 741 21 21 d.
281 749 22 14 v.
331 749 16 13 s.
377 742 72 27 1,000
475 741 73 28 mark,
575 741 121 22 hvaremot
722 741 59 22 hans
802 740 85 23 arvode

132 775 72 21 borde
222 775 105 29 undergä
345 783 29 14 en
391 776 164 22 motsvarande
573 776 137 28 minskning
728 776 43 22 och
790 775 97 23 sälunda

132 810 127 21 fastställas
277 810 37 21 till
332 810 49 21 200
399 810 72 22 mark.

201 844 82 29 Enligt
306 846 76 20 staten
409 844 141 22 tillkommer
576 845 121 21 förmänen
724 845 24 21 af
771 845 45 21 fria
836 852 51 13 rum

134 878 83 21 endast
242 886 29 13 en
292 879 158 21 vaktmästare
471 879 40 22 vid
532 879 210 27 hufvudkontoret,
764 887 54 14 men
835 878 52 21 icke

133 913 78 28 någon
230 913 41 21 vid
289 912 254 29 afdelningskontoren.
580 913 36 22 Då
635 913 131 22 Ständerna
785 913 102 22 emeller-

132 946 36 22 tid
197 949 77 20 ansett
295 947 104 22 bankens
422 948 98 21 intresse
540 947 156 29 ovilkorligen
724 948 101 28 päkalla,
853 949 35 20 att

133 981 179 28 vaktmästaren,
338 981 37 22 för
397 984 34 19 att
458 982 81 22 kunna
557 983 72 21 vakta
656 982 116 29 kontoret,
790 982 43 21 har
851 981 37 22 sin

132 1015 85 22 bostad
240 1016 9 21 i
271 1015 166 30 sammanhang
460 1016 53 22 med
535 1017 56 21 eller
609 1017 25 21 sä
652 1020 58 18 nära
728 1024 49 14 som
795 1016 93 29 möjligt

133 1049 38 22 till
188 1050 115 28 kontoret,
321 1058 54 13 men
393 1051 45 21 den
456 1051 135 22 nuvarande
604 1051 158 28 affattningen
774 1051 24 22 af
810 1053 78 19 staten

132 1084 79 21 kunde
239 1085 122 22 framkalla
387 1085 88 22 tvekan
498 1085 43 22 hos
567 1085 247 29 bankförvaltningen,
842 1088 46 18 sär-

132 1118 73 22 skildt
225 1119 40 22 vid
288 1119 67 29 fräga
378 1127 36 14 om
432 1119 153 29 upphyrande
604 1120 24 21 af
645 1118 244 23 vaktmästarebostad

132 1155 65 20 utom
223 1153 45 22 den
295 1153 24 22 af
340 1154 110 21 kontoret
471 1154 153 29 disponerade
642 1154 70 27 lokal,
731 1154 71 22 hafva
820 1153 68 22 Stän-

133 1187 72 21 derna
223 1188 92 28 antagit
333 1195 29 14 en
379 1188 149 29 bestämning
546 1188 87 28 därom,
653 1190 35 20 att
701 1189 109 28 samtliga
822 1188 67 22 vakt-

132 1224 100 19 mästare
251 1222 40 22 vid
316 1222 256 29 afdelningskontoren,
590 1223 102 22 förutom
710 1223 8 21 i
736 1225 77 20 staten
831 1230 58 21 upp-

132 1258 72 26 tagna
221 1257 175 28 löneförmäner,
415 1265 43 21 ega
477 1258 93 28 ätnjuta
587 1257 30 22 fri
634 1257 90 22 bostad.

201 1291 114 28 Anslaget
334 1292 13 21 å
369 1291 213 22 hufvudkonturets
604 1294 48 19 stat
669 1292 37 21 för
724 1291 123 22 aflönande
867 1291 23 21 af

132 1327 67 19 extra
222 1325 107 22 biträden
351 1325 71 22 hafva
441 1325 133 22 Ständerna
592 1328 77 19 ansett
687 1326 57 22 böra
762 1327 57 21 ökas
837 1325 52 22 från

135 1359 90 27 10,000
253 1359 37 22 till
321 1360 87 27 15,000
433 1360 73 28 mark,
534 1360 193 29 expensemedlen
747 1361 37 21 för
802 1367 87 14 samma

132 1393 85 22 kontor
234 1394 53 21 från
305 1395 74 27 8,000
397 1394 38 21 till
455 1395 91 27 12,000
564 1395 66 22 mark
648 1395 119 22 äfvensom
784 1394 105 28 anslaget

131 1427 37 22 för
186 1428 122 22 aflönande
326 1429 23 21 af
367 1428 92 22 biträde
475 1429 40 22 vid
529 1429 111 29 Wiborgs
652 1429 86 22 kontor
749 1429 54 22 från
817 1429 72 27 1,200

132 1461 37 22 till
188 1463 73 26 2,400
279 1463 72 21 mark.
