1092 1756
364 138 30 22 U.
409 138 27 22 B.
454 137 181 22 II-XXXIII.
870 139 26 21 47

142 207 55 21 1894
218 207 48 27 Zm
286 208 91 25 223,314
396 208 33 24 05,
445 206 113 22 utvisande
574 214 25 14 en
616 207 85 21 tillväxt
716 207 68 21 under
798 207 102 21 trienniet

141 241 47 21 med
211 242 42 24 9
276 242 67 25 6,354:
368 242 32 20 53.
430 241 34 21 De
486 241 123 26 inkomster,
632 248 45 14 som
699 241 68 21 under
782 241 71 21 denna
867 240 31 21 tid

141 275 104 26 bokförts,
268 275 40 21 och
330 275 74 21 hvilka
426 275 181 28 hufvudsakligen
631 276 91 28 utgjorts
745 275 22 21 af
789 275 110 27 ärsanslag

141 309 40 21 och
202 309 157 28 öfverföringar
379 309 49 21 frän
451 309 66 21 andra
539 309 84 27 fonder,
646 309 66 21 hafva
733 310 83 20 säledes
831 309 68 21 under

140 344 102 28 perioden
258 344 91 28 uppgätt
362 344 33 20 till
410 344 66 27 högre
492 343 77 29 belopp
586 345 26 19 än
626 343 26 21 de
665 344 28 28 pä
703 344 81 21 fonden
797 343 102 21 anvisade

140 378 95 28 utgifter,
257 378 63 21 bland
340 378 73 21 hvilka
428 378 195 21 landtbruksmötet
643 379 1 19 i
661 378 66 21 Wasa
741 380 159 26 representerar

141 412 37 21 det
192 414 78 20 största
286 412 101 28 beloppet
402 413 48 26 Sy
466 413 81 25 64,800.

208 492 118 22 Finlands
348 491 115 24 skolfond
482 492 233 28 (XXVIII-XXX).
745 492 102 21 Fondens
867 493 32 20 in-

141 527 94 21 komster
254 526 64 22 hafva
334 526 68 21 under
416 527 51 20 åren
484 528 141 20 1892—1894
641 527 90 28 uppgått
747 527 31 20 till
794 534 105 13 samman-

141 561 59 28 lagdt
215 562 41 25 Sy
273 562 95 25 591,391:
385 561 33 26 04,
431 561 76 20 hvaraf
519 563 78 19 största
607 561 62 21 delen
681 561 51 20 eller
742 561 48 28 Zac
801 561 97 25 577,043:

142 596 26 20 16
183 596 91 27 utgjorts
290 595 22 21 af
326 595 178 28 terminsafgifter
519 595 35 22 vid
571 595 132 21 läroverken.
716 609 27 2 —
758 595 35 21 De
808 595 28 28 pä
851 595 48 20 fon-

141 629 41 22 den
206 629 102 22 anvisade
330 629 117 28 utgifterna
466 637 52 13 voro
534 629 96 21 däremot
645 629 68 22 under
729 637 80 14 samma
824 629 74 28 period

141 665 47 26 my:
212 665 116 26 1,730,424:
351 665 33 24 21,
406 663 78 22 hvaraf
504 664 34 21 för
552 664 172 28 skolbyggnader
739 663 41 22 och
795 663 66 28 inköp
877 663 22 20 af

140 698 77 28 gårdar
238 698 34 21 för
292 698 98 21 läroverk
410 699 47 26 Say:
474 699 115 24 1,355,128:
606 699 34 20 43.
669 698 102 21 Fondens
788 697 62 22 skuld
866 697 33 21 till

141 732 135 21 statsfonden
304 732 38 21 har
369 732 73 21 därför
468 732 68 21 under
562 733 101 20 trienniet
688 733 61 21 vuxit
776 731 48 22 med
851 733 47 26 Inc

142 767 115 26 1,303,100.
280 766 164 21 Statsutskottet
458 767 38 20 har
511 767 60 21 såväl
585 766 90 28 tidigare
691 774 45 13 som
752 767 41 20 ock
809 766 23 21 är
843 767 55 20 1894

140 801 112 28 föreslagit
266 801 140 21 skolfondens
423 801 126 28 uppgäende
565 801 6 20 i
587 801 106 21 allmänna
705 800 142 27 statsfonden,
857 800 42 21 och

140 835 94 21 komiten
254 835 33 20 för
302 835 106 21 reformen
424 835 23 20 af
462 835 291 28 statsräkenskapsväsendet
769 835 38 20 har
824 835 75 20 uttalat

142 870 32 27 sig
192 870 3 20 i
212 877 80 13 samma
307 869 62 28 syfte.
392 869 44 21 Det
450 871 24 19 är
489 869 72 21 därför
576 872 31 18 att
617 869 88 28 hoppas,
716 871 33 20 att
758 870 43 20 den
811 871 86 26 oegent-

142 904 65 27 lighet
228 911 27 14 en
276 904 61 27 dylik
357 904 55 27 fond
431 904 79 27 företer
525 904 20 27 ej
560 904 62 27 länge
637 911 62 14 mera
713 904 56 21 skall
784 903 113 28 fortbestä.

208 983 324 27 Mossuttorkningsfonden.
561 982 233 28 (XXVIII—-XXX).
818 983 34 21 De
863 982 35 22 för

141 1018 143 21 befordrande
306 1018 23 20 af
351 1018 67 20 sanka
433 1017 95 21 markers
543 1017 119 28 uppodling
677 1017 90 21 afsedda
783 1017 40 21 och
839 1017 59 21 förut

142 1052 68 21 under
232 1052 105 20 allmänna
352 1051 135 21 statsfonden
505 1051 105 21 bokförda
625 1051 70 21 medel
710 1051 64 21 hafva
792 1051 48 21 frän
857 1051 40 21 och

142 1086 49 21 med
213 1086 23 21 år
259 1087 54 20 1892
334 1086 93 28 afskiljts
450 1086 32 20 till
506 1093 26 13 en
555 1085 90 21 särskild
669 1086 52 20 fond
737 1086 68 20 under
821 1086 77 21 ofvan-

142 1120 89 21 stäende
247 1120 134 28 benämning.

209 1154 43 21 Till
275 1154 80 21 fonden
378 1153 135 22 öfverfördes
533 1154 22 20 af
570 1154 258 22 öfverskottsstatsmedel
844 1154 53 21 obli-

141 1195 97 27 gationer
252 1194 32 21 till
300 1196 31 19 ett
346 1194 66 21 värde
427 1194 23 20 af
482 1210 4 5 .
502 1194 47 28 Zag
565 1195 96 25 791,110:
677 1195 28 20 44

142 1229 102 21 kontant.
274 1244 4 5 .
308 1245 4 4 .
343 1244 4 5 <
377 1244 5 5 «<
412 1244 4 5 <
446 1237 80 12 «0-0»
565 1229 96 25 500,000:
678 1241 26 3 —
730 1234 116 27 1291110:
862 1234 35 20 44.

209 1302 77 22 Under
300 1302 102 28 perioden
417 1302 39 21 har
471 1302 98 28 utgifvits

141 1336 32 21 till
188 1337 102 27 rensning
305 1336 23 21 af
342 1336 36 21 åar
413 1352 5 5 .
448 1352 4 5 .
482 1353 5 5 .
502 1337 48 27 mg
565 1338 96 25 472,312:
678 1338 26 20 51

158 1380 9 10 >
186 1370 146 28 torrläggning
347 1370 23 22 af
384 1370 106 22 kärrmar-

210 1405 38 21 ker
280 1422 2 4 .
314 1421 2 5 .
415 1414 114 12 LL»
566 1406 96 25 292,548:
679 1406 26 20 19

158 1448 8 10 »
186 1439 260 27 undersökningsarbeten
483 1456 4 4 .
519 1448 9 11 »>
580 1440 81 26 30,837:
678 1441 27 19 24

210 1478 140 18 Statsutskottets
363 1478 111 18 betänkande
486 1481 37 15 N:o
535 1479 18 17 2.
