1098 1759
115 718 90 17 Finlands

128 746 62 18 Banks

124 775 76 18 ombud:

102 806 18 18 aj
134 804 4 16 i
151 804 25 17 S:t
190 804 30 17 Pe-

120 833 84 21 tersburg.

99 1062 28 21 Di
140 1062 84 18 utlandet.

265 133 13 20 2

236 202 36 20 det
293 202 72 21 härom
387 202 124 28 upprättade
530 202 120 21 kontraktet
668 202 68 22 blifvit
755 202 23 22 af
791 202 206 21 konsortiemedlem-

235 242 73 15 marne
329 236 166 21 undertecknadt
517 236 38 21 och
573 237 113 27 nästsagde
707 237 41 27 dag
767 236 33 22 till
814 236 78 21 Finans
907 236 90 28 Expedi-

235 270 71 22 tionen
320 271 85 21 insändt
421 272 54 20 samt
491 272 31 20 att
536 271 101 21 Finlands
648 272 60 20 Bank
719 272 66 26 enligt
796 271 92 21 nämnda
898 271 98 21 kontrakt

238 304 112 28 öfvertagit
365 306 14 20 4
394 306 95 26 miljoner
512 306 66 25 mark,
597 306 23 20 af
634 306 79 21 hvilket
733 306 75 27 belopp
828 306 51 20 dock
896 306 10 20 1
923 305 71 27 miljon

235 340 59 20 mark
309 340 26 27 på
350 340 87 26 original
452 340 64 21 vilkor
532 340 115 21 öfverlåtits
662 340 22 21 åt
698 347 26 15 en
739 340 56 22 bank
810 340 8 20 i
832 340 102 25 utlandet,
945 340 50 20 hva-

236 374 40 21 dan
298 374 100 21 Finlands
420 374 71 21 Banks
511 374 135 27 ansvarighet
662 374 31 22 för
708 375 57 21 lånet
780 374 95 27 utgjorde
892 374 73 21 endast
980 374 13 20 3

234 408 95 27 miljoner
351 409 59 20 mark
433 409 50 21 eller
501 408 81 22 således
603 407 24 26 '!/6
646 409 23 21 af
680 409 152 27 länebeloppet.
864 408 68 22 Sedan
948 408 24 21 de
988 408 7 20 i

234 442 131 22 förestående
387 443 66 21 måtto
476 443 24 21 af
518 443 116 21 konsortiet
652 444 101 26 erbjudna
771 443 93 21 vilkoren
880 443 32 21 för
927 443 84 21 länets
1007 438 6 36 '

235 477 147 27 öfvertagande
405 478 74 21 vunnit
501 478 59 20 Hans
582 478 118 27 Kejserliga
718 478 110 27 Majestäts
848 478 76 26 nådiga
944 478 50 20 fast-

234 512 98 26 ställelse,
349 512 44 21 blef
406 512 23 21 af
441 512 117 27 Kejserliga
574 512 90 22 Senaten
680 512 104 22 definitivt
798 512 132 27 lånefördrag
945 512 49 21 med

234 546 113 22 konsortiet
362 546 106 22 afslutadt.

589 663 12 26 $
618 663 19 21 2.

306 720 29 21 På
357 720 154 28 framställning
534 720 22 21 af
576 720 192 21 Bankdirektionen
792 720 75 26 antogo
886 719 110 21 Bankfull-

236 754 92 27 mäktige
347 754 40 21 den
406 755 28 21 20
452 755 90 21 Oktober
563 755 55 21 1894
633 755 32 20 till
680 754 77 22 ombud
773 754 33 21 för
820 754 100 21 Finlands
934 754 61 21 Bank

236 788 7 20 i
260 788 31 22 S:t
305 789 127 27 Petersburg
447 789 172 27 Wolga—Kama
634 789 174 21 Kommersbank.
831 788 44 22 Och
889 795 44 14 som
948 788 49 21 affä-

236 829 60 15 rerna
312 824 26 26 på
353 824 111 26 Ryssland,
487 824 32 20 för
540 824 80 20 hvilkas
640 823 126 27 förmedling
784 823 89 21 Banken
892 822 104 21 härintills

235 857 61 21 hållit
310 858 89 27 räkning
413 858 48 21 med
477 858 56 21 såväl
548 858 32 21 S:t
593 858 149 27 Petersburger
753 858 72 20 Privat
836 857 92 21 Handels
940 857 55 21 bank

233 899 45 14 som
294 893 32 21 S:t
341 894 149 26 Petersburger
508 893 163 26 Diskontobank,
690 893 45 21 icke
754 893 73 27 syntes
843 892 85 26 betinga
944 899 52 20 upp-

232 927 151 21 rätthållandet
398 927 23 21 af
433 928 125 20 förbindelse
575 928 48 20 med
639 928 30 20 tre
684 928 79 20 banker
780 926 114 27 derstädes,
908 926 87 27 bemyn-

232 961 86 27 digades
334 962 190 21 Bankdirektionen
539 962 41 20 den
596 962 12 21 7
624 962 117 20 November
757 968 83 14 samma
854 961 23 20 år
893 960 23 21 af
924 960 70 21 Bank-

232 995 131 27 fullmäktige
379 997 31 20 att
425 996 42 21 låta
484 996 45 21 från
545 996 131 21 sistnämnda
690 996 55 20 bank
762 995 119 27 öfverflytta
896 994 99 21 Bankens

232 1030 37 20 der
283 1030 72 21 hållna
370 1030 88 27 räkning
473 1030 32 21 till
520 1030 172 27 Wolga—Kama
706 1030 176 21 Kommersbank.

300 1064 29 21 På
348 1064 45 21 skäl
411 1071 45 15 som
474 1066 102 26 upptagas
592 1064 6 21 i
614 1064 205 26 Bankfullmäktiges
839 1063 100 27 protokoll
954 1063 39 21 och

231 1098 32 20 till
285 1098 190 22 Bankdirektionen
499 1098 77 22 aflåtna
599 1098 47 22 bref
666 1098 31 21 för
720 1098 40 21 den
786 1098 26 21 16
835 1098 57 20 Mars
912 1098 37 20 och
967 1098 26 20 10

230 1132 59 27 April
313 1133 60 25 1895,
390 1133 44 21 blef
454 1133 112 27 nästsagde
590 1133 40 27 dag
652 1133 106 21 Dresdner
781 1132 61 21 Bank
861 1132 7 20 i
884 1131 71 21 Berlin
971 1131 25 21 af

231 1166 140 28 Fullmäktige
393 1168 90 26 antagen
506 1167 32 21 till
561 1167 66 21 andra
650 1167 77 21 ombnd
749 1167 28 27 pä
796 1167 82 27 platsen
898 1166 31 20 för
944 1166 48 20 Fin-

230 1201 61 21 lands
308 1202 66 20 Bank.

299 1236 95 21 Emedan
417 1236 64 21 behof
497 1236 32 21 för
546 1236 101 21 Finlands
662 1236 60 21 Bank
738 1236 55 26 gjort
808 1235 32 27 sig
855 1234 90 22 känbart
960 1235 32 20 att

229 1270 63 20 hafva
314 1271 31 20 ett
371 1270 76 21 ombud
466 1271 7 20 i
493 1271 65 27 Wien,
577 1270 95 21 inleddes
687 1270 7 20 i
710 1270 77 21 sådant
802 1269 97 21 afseende
915 1268 77 21 under-

229 1304 127 27 handlingar
378 1305 49 21 med
448 1302 253 30 Anglo-Österreichische
725 1304 62 21 Bank
810 1303 115 26 derstädes,
946 1309 45 14 som

226 1338 78 26 jemväl
319 1338 118 22 förklarade
453 1340 32 26 sig
499 1339 122 27 beredvillig
637 1340 30 20 att
682 1340 69 26 öppna
768 1339 31 20 ett
810 1338 62 21 konto
882 1337 49 21 med
942 1336 49 21 Fin-

228 1372 61 21 lands
307 1373 61 21 Bank
384 1374 26 26 på
425 1375 96 19 närmare
537 1374 107 27 upptagna
660 1373 64 21 vilkor
740 1373 58 20 samt
812 1372 8 20 i
836 1372 93 26 enlighet
944 1370 47 21 der-

228 1406 48 21 med
292 1407 22 21 af
327 1407 192 28 Bankfullmäktige
535 1408 39 20 den
592 1408 26 20 13
634 1407 50 21 Juni
702 1407 55 21 1895
773 1407 75 26 antogs
864 1406 32 20 till
912 1405 76 21 ombud

228 1440 32 21 för
275 1441 87 21 Banken
378 1442 6 20 i
401 1442 66 21 Wien.
