1098 1745
470 124 12 21 I
803 126 26 21 25

94 192 333 29 jordbruksskolelägenheter
444 194 60 19 samt
520 194 35 19 att
571 192 124 22 enahanda
711 193 78 22 skolor
804 193 54 22 med

96 227 86 28 ettårig
200 227 57 21 kurs
276 227 38 21 för
333 227 114 28 antingen
467 227 105 28 manliga
587 227 58 21 eller
660 227 106 28 qvinliga
781 229 78 21 elever

96 261 38 21 må
156 261 100 22 inrättas
280 261 37 21 till
337 263 34 19 ett
389 261 67 21 antal
476 261 26 21 af
518 263 31 26 14,
566 261 160 21 inberäknadt
741 261 28 22 de
784 262 73 22 redan

96 295 147 22 existerande
261 296 40 21 två
324 295 315 22 kreatursskötareskolorna
658 295 8 22 i
684 295 106 29 Nylands
814 297 44 21 och

97 329 144 22 Tavastehus
257 330 46 27 län,
320 330 43 21 och
379 329 79 29 hafva,
475 330 72 21 sedan
561 329 114 22 kontrakt
685 329 123 29 uppgjorts
820 338 37 14 om

96 364 156 29 förläggande
268 365 27 20 af
309 365 28 21 de
353 364 101 29 ettåriga
470 364 111 22 skolorna
596 365 38 20 till
644 364 94 29 privata
748 372 110 21 personer

96 399 122 29 tillhöriga
239 399 143 29 lägenheter,
399 399 111 28 samtliga
528 399 157 22 förenämnda
700 399 78 22 skolor
794 399 64 22 trädt

96 433 9 21 i
122 433 151 22 verksamhet
290 433 45 21 den
359 436 8 19 1
388 433 134 22 November
545 436 54 19 1896
615 434 54 21 med
683 433 122 29 undantag
821 434 38 20 för

97 467 110 22 skolorna
223 468 13 21 å
251 467 119 22 Koivikko
391 467 44 22 och
450 467 135 28 Korsholm,
601 467 38 22 till
654 467 82 22 hvilka
750 468 57 28 inga
823 471 35 18 sö-

96 501 78 22 kande
190 502 90 21 anmält
296 502 43 28 sig.

169 538 19 19 3.
212 536 69 21 Efter
297 536 40 21 det
348 536 132 21 Ständerna
490 536 36 21 uti
536 535 149 29 underdånig
698 536 123 22 skrifvelse
832 536 28 21 af

97 570 46 21 den
160 573 25 19 17
200 570 69 29 April
287 573 54 19 1894
360 569 100 22 anhållit
476 572 35 19 att
526 571 25 20 åt
566 569 89 29 qvinna
670 570 73 21 måtte
758 569 100 29 beviljas

98 604 170 22 vidsträcktare
291 606 49 20 rätt
363 608 29 17 än
411 603 118 22 härintills
546 605 41 26 att,
603 606 59 19 utan
677 603 84 22 hinder
777 604 25 21 af
817 604 41 21 sitt

97 638 54 28 kön,
171 639 88 21 ansöka
282 639 44 22 och
347 639 73 21 vinna
442 638 151 29 läraretjenst
616 638 40 23 vid
675 640 88 19 statens
779 638 80 21 skolor

98 673 44 21 och
157 673 142 28 seminarier,
317 673 43 21 har
374 673 67 21 Hans
456 672 135 29 Kejserliga
601 673 113 27 Majestät
728 672 41 22 vid
784 672 74 21 skedd

95 707 149 29 underdånig
264 707 170 28 föredragning
451 707 27 21 af
490 707 133 28 petitionen
639 707 9 20 i
663 707 73 21 nåder
751 706 107 22 anbefalt

98 743 35 20 att
149 741 134 22 densamma
299 742 60 21 skall
374 741 90 22 lemnas
480 744 58 19 utan
555 741 116 28 afseende,
687 741 130 29 hvarjemte
834 741 24 22 åt

97 776 104 22 Senaten
224 777 168 21 öfverlemnats
416 778 36 19 att
471 776 71 22 äfven
558 775 133 28 framdeles,
707 776 30 28 på
753 775 105 22 ansökan

98 810 44 22 och
157 811 62 21 efter
233 811 113 28 pröfning
361 811 8 21 i
384 810 82 29 hvarje
482 810 113 22 särskildt
609 810 50 28 fall,
672 810 87 29 bevilja
770 811 88 27 qvinna

97 846 49 20 rätt
161 847 35 19 att
211 845 89 21 ansöka
311 847 60 20 samt
381 845 62 22 efter
454 845 144 28 skicklighet
609 845 44 21 och
664 844 111 29 förtjerist
786 844 72 22 vinna

96 879 229 29 lärareanställning.

170 917 19 18 4.
214 914 78 21 Sedan
301 915 131 21 Ständerna
442 914 36 21 uti
488 914 149 29 underdånig
646 914 124 21 skrifvelse
780 914 26 21 af
813 914 46 21 den

98 949 25 20 21
140 947 69 29 April
230 950 54 20 1894
304 948 99 22 anhållit
420 950 36 19 att
470 948 65 29 lägre
549 948 215 29 jordbruksskolor,
780 948 79 21 förde-

98 981 53 22 lade
173 982 30 28 på
225 982 113 29 lämpliga
361 984 62 20 orter
438 982 9 21 i
462 982 81 29 hvarje
562 982 41 22 län
618 984 61 19 samt
695 981 163 30 organiserade

98 1016 61 21 efter
181 1015 29 22 de
232 1016 79 21 lokala
333 1016 118 22 behofven
472 1016 44 22 och
530 1017 55 21 med
600 1017 112 21 särskildt
728 1016 131 22 beaktande

98 1050 26 21 af
143 1050 262 29 landthushållningens
428 1051 154 28 rentabilitet,
605 1051 80 28 måtte,
702 1051 26 21 så
743 1052 65 20 snart
824 1050 36 28 sig

97 1088 58 25 göra
177 1085 66 28 låter,
259 1085 8 22 i
283 1085 139 29 tillräckligt
447 1085 65 22 antal
534 1085 107 28 inrättas,
657 1085 43 22 har
722 1085 35 22 uti
772 1084 88 29 nådiga

97 1119 158 28 kungörelsen
271 1120 45 21 den
335 1122 24 19 13
375 1120 63 21 Mars
454 1122 60 26 1896,
526 1120 123 29 angående
660 1119 200 29 omorganisation

98 1154 26 21 af
136 1153 236 29 jordbruksskolorna
387 1154 8 21 i
411 1154 87 29 landet,
515 1155 135 21 förordnats
667 1157 41 25 att,
721 1154 95 21 utöfver
831 1153 29 22 de

98 1188 123 29 befintliga
243 1189 66 28 lägre
329 1189 247 28 jordbruksskolorna,
593 1191 34 20 ett
650 1189 61 22 efter
734 1189 44 21 den
796 1187 64 29 jord-

97 1222 123 22 brukande
246 1223 183 29 befolkningens
457 1223 75 22 behof
560 1223 128 29 afpassadt,
720 1222 140 28 tillräckligt

98 1256 65 22 antal
185 1256 66 29 lägre
274 1257 208 29 jordbruksskolor
504 1257 62 22 skall
590 1257 125 22 efterhand
737 1257 8 21 i
767 1256 93 22 landets

98 1291 63 21 olika
184 1291 66 21 delar
272 1291 105 28 inrättas,
401 1291 131 29 hvarjemte
552 1291 108 22 tillstånd
680 1292 8 20 i
706 1291 72 22 nåder
797 1290 63 22 med-

98 1325 75 21 delats
189 1327 35 20 att
240 1326 135 28 organisera
389 1326 39 21 till
444 1333 28 14 en
488 1326 85 29 början
589 1326 33 22 tio
639 1326 81 29 dylika
736 1326 84 22 skolor.

170 1360 54 21 Med
243 1361 53 21 stöd
313 1361 71 21 häraf
401 1361 44 22 har
463 1361 136 28 Kejserliga
615 1361 103 22 Senaten
733 1361 73 22 redan
822 1360 38 21 be-

97 1394 68 22 slutit
181 1402 38 14 om
234 1395 135 22 inrättande
385 1396 27 21 af
426 1396 50 21 åtta
491 1403 47 21 nya
555 1396 84 28 skolor,
651 1395 81 22 hvilka
744 1395 116 29 placerats

98 1429 14 21 å
129 1429 107 28 Sjökulla
251 1429 176 22 kronoboställe
442 1430 9 21 i
466 1430 134 29 Lappträsk
615 1430 87 22 socken
718 1431 26 20 af
752 1429 108 29 Nylands
