1092 1773
467 115 25 20 I
808 115 26 21 59

170 173 23 26 Ä
211 179 53 20 1892
281 178 36 21 års
333 177 132 28 vinterting
480 177 41 22 vid
534 177 166 21 häradsrätten
710 177 9 21 i
729 177 25 21 P.
766 177 98 22 sockens

103 217 105 28 tingslag
230 217 61 22 hade
313 217 152 22 fabrikanten
489 217 97 22 Sanfrid
600 217 29 21 H.
646 217 30 28 pä
692 217 120 30 stämning
826 216 38 22 till

105 257 85 22 aflidne
214 257 93 22 bonden
329 257 87 22 Michel
438 257 138 22 Andersson
590 257 36 21 J:s
642 257 222 27 rättsinnehafvare,

104 297 58 22 hans
186 297 61 22 enka
269 297 116 22 Katarina
399 298 28 21 A.
445 297 44 22 och
512 301 69 18 söner
602 297 100 27 Anders,
718 297 87 22 Michel
820 296 44 23 och

104 337 72 22 Matts
199 337 168 22 Michelssöner
388 337 29 28 J.
437 337 55 21 från
514 337 163 21 Koitsenlahti
699 337 33 28 by
750 336 9 21 i
777 343 88 15 samma

106 377 91 28 socken,
213 377 76 29 yrkat,
306 379 35 20 att
357 377 98 22 emedan
470 377 29 22 H.
516 377 100 22 medelst
626 377 117 28 skriftligt
753 376 113 22 kontrakt

106 418 26 21 af
146 417 46 22 den
208 420 26 19 22
251 417 136 29 September
403 419 55 20 1888
474 418 27 21 af
514 417 108 22 bemälde
632 417 88 22 Michel
730 417 135 21 Andersson

105 459 21 21 J.
151 458 8 21 i
174 458 108 21 lifstiden
305 458 136 21 tillhandlat
463 458 36 29 sig
522 459 79 20 rätten
617 460 35 19 att
667 457 64 22 intill
746 458 120 29 utgängen

106 499 26 21 af
146 499 26 21 är
189 501 53 19 1892
259 499 54 21 frän
333 498 138 29 Syrjäkoski
486 499 134 21 benämnda
635 498 151 29 skogsskifte,
802 497 64 29 tilly-

107 538 75 22 dande
198 539 87 21 Michel
299 539 35 21 J:s
350 539 90 29 egande
456 539 189 21 skattehemman
655 539 43 21 N:o
712 541 25 19 10
748 539 8 21 i
766 537 100 23 berörda

107 579 37 28 by,
161 579 98 21 afverka
275 579 46 21 alla
336 579 147 21 timmerträd
497 579 27 22 af
537 579 9 21 i
560 578 140 22 kontraktet
709 582 107 18 närmare
827 585 39 14 an-

108 619 83 30 gifven
213 619 94 29 storlek,
323 627 53 14 men
391 620 92 21 Anders
499 620 44 21 och
558 619 88 22 Michel
660 619 169 22 Michelssöner
843 618 22 21 J.

106 660 10 21 i
130 660 129 21 December
274 660 85 21 mänad
375 661 25 20 är
417 662 53 20 1891
492 660 97 21 hindrat
604 660 44 21 och
664 659 116 29 förbjudit
795 659 72 21 fabri-

108 700 89 22 kanten
215 700 30 22 H.
261 702 36 20 att
319 700 100 22 slutföra
442 700 180 28 afverkningen,
647 700 29 21 H.
698 700 72 21 måtte
791 700 76 21 berät-

108 740 62 29 tigas
186 742 35 20 att
236 740 9 21 i
261 740 104 28 enlighet
379 740 54 21 med
447 740 139 21 kontraktet
601 740 101 21 fortfara
717 739 53 21 med
780 740 87 27 ifräga-

107 780 87 21 komna
217 780 141 28 afverkning
380 780 57 21 eller
461 780 44 22 ock
526 780 118 22 Katarina
665 780 27 21 A.
713 780 44 21 och
778 779 89 21 hennes

108 820 133 28 medparter
263 820 96 30 äläggas
381 822 88 20 ersätta
491 820 29 22 H.
539 821 39 21 för
603 822 61 26 1,556
683 821 13 21 &
713 819 155 29 skogsskiftet

110 864 62 18 ännu
187 860 130 30 befintliga,
333 861 29 21 H.
378 860 179 22 tillkommande
572 860 60 28 träd,
649 860 61 21 efter
728 862 8 19 1
754 859 66 22 mark
830 859 38 21 för

110 901 88 28 hvarje,
215 901 53 22 med
285 903 60 27 1,556
361 901 72 22 mark.
457 901 178 28 Häradsrätten,
647 901 95 21 hvarest
752 900 116 22 Katarina

109 941 27 21 A.
154 941 44 21 och
213 941 72 22 Matts
304 941 22 22 J.
342 941 121 28 uppgifvit
486 943 35 20 att
537 941 29 21 de
581 941 53 22 icke
649 941 53 22 haft
718 941 78 28 nägon
812 940 56 21 kän-

109 980 85 22 nedom
217 988 38 14 om
277 981 180 29 ifrägavarande
481 981 60 22 aftal
564 981 56 22 eller
644 981 142 27 afverkning
809 982 59 19 samt

110 1021 87 21 Michel
212 1021 142 22 Michelsson
368 1022 22 21 J.
407 1022 100 21 bestridt
523 1024 36 19 att
574 1022 48 21 han
638 1022 96 21 hindrat
749 1021 119 21 fabrikan-

109 1063 41 20 ten
164 1061 29 22 H.
215 1063 35 20 att
269 1061 100 22 slutföra
392 1062 179 29 afverkningen,
595 1069 53 14 men
671 1061 91 22 Anders
780 1061 22 22 J.
819 1061 50 21 äter

111 1101 84 22 erkänt
210 1103 35 20 att
260 1101 47 22 han
322 1102 116 28 uppgifna
453 1102 36 21 tid
499 1102 118 29 förbjudit
627 1102 29 21 H.
668 1103 36 20 att
714 1101 80 22 vidare
802 1100 67 22 verk-

112 1141 69 22 ställa
196 1142 73 29 något
284 1142 78 28 hygge
377 1142 35 21 uti
429 1141 156 22 omförmälda
601 1141 151 30 skogsskifte,
769 1144 55 18 enär
836 1141 33 20 af-

110 1182 146 28 verkningen
272 1182 75 28 enligt
362 1182 39 22 det
416 1182 101 21 emellan
531 1183 30 20 H.
578 1182 44 21 och
636 1181 88 22 Michel
734 1181 136 21 Andersson

110 1222 22 21 J.
148 1221 101 22 träffade
272 1222 59 21 aftal
354 1222 53 21 bort
429 1229 57 15 vara
509 1222 103 21 slutförd
634 1221 62 22 inom
718 1223 35 20 tre
768 1221 26 21 är
810 1221 60 21 efter

111 1263 149 21 kontraktets
276 1262 139 29 afslutande,
431 1262 62 22 utlät
508 1262 36 28 sig
560 1262 58 21 härä
633 1262 40 22 vid
691 1264 53 19 1892
760 1262 36 21 &rs
808 1261 62 21 höst-

111 1302 58 29 ting,
182 1302 35 22 dit
228 1303 71 21 mälet
311 1303 150 29 uppskjutits,
475 1303 99 21 medelst
588 1303 46 21 den
646 1305 26 19 26
685 1302 105 22 Oktober
798 1300 73 29 sagda

111 1343 26 21 år
147 1342 134 22 afkunnadt
298 1344 78 28 utslag
384 1343 44 21 och
444 1343 58 21 fann
518 1343 80 21 utredt
613 1350 57 14 vara
681 1344 35 20 att
726 1341 86 22 Michel
823 1342 48 20 An-

111 1383 97 21 dersson
214 1383 36 21 J.i
258 1383 106 22 lifstiden
373 1391 84 21 genom
466 1383 156 21 förenämnda
631 1383 121 29 skriftliga
759 1381 113 23 kontrakt
