1089 1703
454 114 25 21 IH
792 115 26 20 43

90 177 200 22 advokatfiskalen
320 177 204 22 rädstufvurätten
554 176 73 22 hafva
654 176 95 21 förfarit
775 176 74 22 felak-

90 217 46 28 tigt
158 217 208 28 hufvudsakligast
389 217 149 27 derutinnan,
563 218 35 19 att
621 216 229 22 rädstufvurätten
838 212 16 37 i

91 257 153 22 förenämnda
260 257 77 21 beslut
353 257 26 21 af
393 257 46 21 den
457 259 25 19 12
497 257 64 20 Mars
579 258 53 20 1891
649 257 58 20 utan
723 257 54 21 stöd
791 256 59 28 ilag

93 297 89 28 antydt,
206 299 34 19 att
264 297 41 21 det
328 297 26 20 af
371 297 105 20 Henrika
492 296 25 21 T.
534 296 105 28 begärda
654 296 196 21 vittnesförhöret

90 337 51 21 icke
156 337 78 21 kunde
250 344 44 20 ega
309 344 57 20 rum,
382 337 73 21 innan
472 337 27 21 de
515 338 50 19 mot
582 336 106 21 Henrika
704 336 25 20 T.
745 335 8 21 i
769 336 81 21 ofvan-

92 377 84 21 anförd
194 377 74 21 mätto
287 376 131 28 äberopade
433 376 108 22 vittnena
557 376 80 21 kunde
652 376 89 21 tillätas
757 376 93 28 edgäng

92 417 8 21 i
123 417 77 27 saken,
224 416 87 22 hvaraf
335 417 204 21 rädstufvurätten
561 417 9 21 i
593 416 210 28 handläggningen
826 416 26 20 af

92 456 70 22 mälet
186 457 102 21 derefter
309 456 91 22 kunnat
424 464 55 14 anse
497 457 36 28 sig
552 464 57 14 vara
625 456 95 22 bunden
736 456 44 22 och
795 458 56 26 taga

93 497 35 28 sig
151 497 128 28 anledning
303 498 35 20 att
360 497 148 21 fortfarande
531 497 121 21 uraktläta
671 496 140 22 afhörandet
827 496 26 20 af

93 537 104 21 Henrika
220 538 45 21 T.:s
287 537 99 29 vittnen,
406 538 74 20 innan
495 538 109 21 anmärkt
617 537 38 29 jäf
669 539 49 19 mot
734 537 118 21 allmänna

94 577 138 28 åklagarens
247 578 93 21 vittnen
356 578 108 28 upphört,
476 578 94 21 hvadan
581 578 74 28 sagda
665 578 78 21 beslut
753 576 99 22 sålunda

94 618 118 21 föranledt
234 620 35 19 att
291 618 106 21 Henrika
420 619 25 21 T.
466 619 20 28 ej
503 619 91 21 mindre
610 618 103 28 betagits
729 618 123 21 förmånen

95 660 34 19 att
144 658 25 21 fä
185 658 39 21 det
240 658 130 21 sedermera
385 659 75 21 under
476 659 167 27 rättegängens
659 658 94 28 förlopp
765 657 87 22 aflidna

94 698 86 21 vittnet
203 698 9 21 i
234 698 71 21 mälet
327 698 76 28 hördt,
427 702 30 17 än
480 698 82 28 bragts
585 698 30 28 pä
640 698 93 28 onyttig
753 696 100 22 kostnad

95 737 103 29 sälunda,
216 740 35 19 att
267 738 28 21 de
312 738 102 22 arvoden
429 738 76 22 henne
522 738 76 28 älagts
615 740 36 19 att
665 738 38 21 till
714 738 51 21 sina
777 737 76 28 öfriga

96 778 90 21 vittnen
208 778 94 28 utgifva
325 778 81 22 blifvit
428 779 73 28 högre
525 783 29 17 än
577 778 131 22 vederbort.
740 778 49 22 Och
804 784 50 15 som

95 818 75 28 enligt
199 818 202 22 advokatfiskalen
426 819 124 21 meddelad
575 819 95 29 uppgift
694 819 36 21 uti
754 818 100 22 berörda

95 857 77 21 beslut
179 859 59 19 utan
246 858 109 28 förspord
363 858 276 29 meningsskiljaktighet
647 858 100 29 deltagit
753 858 101 29 justitie-

95 898 144 21 rädmannen
258 898 34 28 A.
312 898 8 21 i
336 898 118 29 egenskap
471 899 26 21 af
511 899 148 27 ordförande,
677 901 63 19 samt
752 898 102 29 justitie-

96 938 143 21 rädmannen
254 938 26 21 L.
292 938 44 21 och
346 938 295 22 rädstufvurättsnotarien
650 940 43 27 W.,
705 940 76 20 säsom
792 938 62 22 leda-

96 980 74 20 möter
192 978 8 21 i
223 978 209 30 rädstufvurätten,
457 980 26 21 af
503 980 83 21 hvilka
608 980 144 21 rädmannen
767 980 27 20 A.
812 978 43 22 och

96 1019 25 21 L.
146 1019 94 22 dämera
262 1020 81 28 aflidit,
368 1020 137 28 öfverlefde,
529 1021 28 20 A.
577 1021 27 20 af
619 1020 66 28 enka,
702 1019 97 22 hvilken
814 1025 42 15 var

97 1058 78 21 bosatt
194 1059 9 21 i
224 1067 87 14 samma
327 1060 53 21 stad
396 1060 44 21 och
455 1068 85 21 genom
555 1062 139 19 testamente
710 1060 47 21 fätt
772 1059 33 21 all
819 1059 37 20 sin

97 1105 65 15 mans
185 1099 168 22 efterlemnade
376 1100 115 29 egendom
509 1100 37 29 sig
561 1100 92 29 tillagd,
669 1102 60 19 samt
744 1100 26 21 L.
787 1099 27 21 af
827 1106 29 13 en

98 1139 111 29 omyndig
225 1140 83 28 dotter,
325 1141 69 21 hvars
411 1141 151 28 förmyndare
578 1141 38 21 för
631 1140 76 21 henne
723 1139 85 22 ansökt
819 1145 37 14 om

97 1180 113 21 afträdes-
236 1180 43 21 och
304 1181 190 21 urarfvaförmän
519 1181 60 21 efter
604 1180 146 21 rädmannen
773 1179 34 28 L.
831 1181 26 26 ty

96 1220 89 29 yrkade
211 1220 207 29 advokatfiskalen,
437 1221 73 28 jemte
526 1221 40 21 det
581 1221 47 20 han
643 1220 53 21 med
712 1220 93 28 hänsyn
819 1219 38 21 till

99 1260 124 21 omordade
246 1260 203 22 urarfvaansökan
468 1261 74 28 ansäg
561 1260 39 22 det
615 1260 52 22 icke
682 1267 57 15 vara
755 1259 52 22 skäl
823 1260 35 20 att

97 1308 32 13 nu
152 1302 49 20 mot
223 1301 145 21 rådmannen
391 1301 46 22 L.:s
460 1301 215 22 rättsinnehafvare
698 1303 56 26 taga
769 1299 89 22 talan
846 1295 17 38 i

99 1341 79 28 saken,
202 1341 20 29 ej
246 1341 91 22 mindre
361 1341 39 22 det
423 1341 109 22 notarien
550 1342 37 22 W.
608 1342 37 21 för
661 1340 197 23 ofvananmärkta

98 1381 103 30 oriktiga
224 1382 136 21 förfarande
376 1382 41 21 vid
433 1381 210 22 domareembetets
658 1381 112 27 utöfning
786 1380 72 21 mätte
