1092 1778
475 127 23 21 I
798 128 37 20 155

175 190 42 22 Uti
233 190 84 29 nädigt
332 190 103 29 reskript
450 190 27 21 af
490 190 45 21 den
553 192 24 20 19
593 190 69 28 April
676 191 52 20 1835
740 189 38 22 till
790 189 76 22 öfver-

108 230 134 22 direktören
276 230 41 21 vid
349 230 365 28 generallandtmäterikontoret,
745 229 121 28 angående

110 269 436 30 skatteförmedlingsundersökningar
565 270 8 21 i
589 270 131 28 Uleåborgs
736 269 44 22 och
795 269 72 22 Wasa

109 312 60 20 samt
191 318 29 13 en
243 310 37 22 del
303 311 27 21 af
351 306 52 26 Åbo
425 310 41 22 län
488 318 29 14 m.
538 318 36 21 m.,
591 311 67 27 hade,
675 310 7 21 i
698 309 128 30 anledning
842 310 26 21 af

110 350 68 29 gjord
197 350 148 28 underdänig
367 350 175 28 framställning
565 357 37 14 om
618 349 208 29 nödvändigheten
842 350 26 20 af

111 398 29 13 en
162 390 105 28 jemnare
290 390 44 21 och
356 390 61 21 efter
441 394 87 25 ägorna
550 390 95 28 lämpad
668 390 152 28 beskattning
842 390 27 21 af

109 430 131 29 nybygges-
268 430 43 22 och
337 430 166 22 ödeshemman
528 431 8 20 i
559 430 117 22 Sastmola
698 430 86 22 socken
807 432 61 19 samt

110 470 112 22 Pämarks
238 470 79 29 kapell
333 470 8 22 i
356 470 88 29 Ulfsby
459 471 92 27 socken,
568 470 135 22 förordnats
715 472 35 19 att
760 470 108 21 innehaf-

111 519 84 14 varene
220 511 26 22 af
267 511 47 22 alla
332 511 28 21 de
376 511 127 28 nybyggen
519 511 8 21 i
542 511 100 22 berörda
658 511 112 27 landsort,
786 510 82 22 hvilka

110 551 38 22 för
170 551 41 22 sitt
235 551 100 22 beständ
357 551 79 22 kunde
459 551 105 22 erfordra
588 551 143 28 förmedling
749 551 36 21 uti
800 551 67 21 deras

112 591 133 22 dävarande
260 591 91 22 mantal
367 591 43 22 och
425 593 86 26 räntor,
527 591 76 22 skulle
618 592 30 28 pä
663 591 101 22 kronans
776 591 92 22 bekost-

111 631 47 22 nad
185 631 88 22 erhålla
297 632 25 21 sä
344 631 137 22 beskaffade
503 631 364 28 förmedlingsundersökningar,

111 678 49 14 som
175 679 85 20 genom
275 671 83 29 nädigt
373 671 54 22 bref
441 671 27 22 af
482 671 45 22 den
541 673 26 20 28
578 671 132 22 November
724 673 52 20 1817
788 671 80 22 blifvit

111 711 117 29 beviljade
243 711 73 22 Ikalis
332 711 44 22 och
392 712 45 21 den
451 711 38 21 till
504 712 65 20 detta
584 712 40 20 län
640 712 105 21 hörande
764 711 68 21 delen
844 711 26 21 af

110 750 104 22 Ruovesi
230 750 93 28 socken,
337 750 81 22 hvilka
429 751 358 29 förmedlingsundersökningar
798 751 70 21 äfven

112 790 91 22 komme
227 792 34 20 att
283 790 93 22 sträcka
399 790 36 29 sig
450 791 38 21 till
503 791 47 21 alla
565 791 29 21 de
609 791 64 21 inom
688 790 117 22 Sastmola
820 797 48 15 soc-

112 831 46 21 ken
181 831 43 21 och
246 831 113 21 Pämarks
382 831 78 29 kapell
484 832 26 21 af
531 831 87 29 Ulfsby
641 832 85 21 socken
746 831 122 28 befintliga

114 871 169 29 ödeshemman,
310 872 107 28 hvarhos,
444 872 44 21 och
510 872 73 28 jemte
606 872 40 21 det
668 872 8 21 i
699 871 169 27 sammanhang

112 911 97 22 härmed
227 912 134 21 förordnats
381 912 120 29 angäende
517 912 45 22 den
578 912 128 28 tillökning
720 912 36 21 uti
771 912 46 20 den
832 912 37 20 för

114 953 33 20 ett
169 952 89 20 mantal
281 952 64 21 förut
367 952 122 22 bestämda
511 952 108 28 egovidd,
643 960 49 14 som
714 952 41 21 vid
770 950 98 23 berörda

113 992 436 30 skatteförmedlingsundersökningar
559 992 99 22 likasom
670 993 70 21 äfven
751 992 40 21 vid
799 992 70 21 fram-

115 1032 63 22 deles
201 1032 100 22 skeende
327 1033 331 29 nybyggesskattläggningar
682 1033 8 21 i
715 1032 154 22 omförmälda

114 1072 85 21 socken
223 1072 43 22 och
285 1073 79 28 kapell
378 1073 63 28 finge
457 1073 177 28 ifrägakomma,
650 1073 78 21 tillika
743 1072 126 22 förklarats

113 1112 73 22 bland
209 1115 72 19 annat
304 1115 41 26 att,
368 1113 8 21 i
400 1113 111 22 händelse
530 1113 40 22 vid
585 1113 235 29 undersökningarna
836 1113 34 20 ett

115 1153 56 21 eller
193 1156 73 18 annat
288 1153 110 30 nybygge
417 1154 9 21 i
441 1153 90 22 saknad
546 1154 27 21 af
586 1153 73 29 nödig
674 1153 196 29 uppodlingsjord

114 1193 52 22 icke
184 1193 79 22 kunde
282 1201 43 21 ega
339 1193 101 22 bestånd
455 1195 76 20 såsom
547 1196 34 19 ett
596 1194 111 22 särskildt
721 1194 109 21 hemman
845 1193 27 21 af

113 1233 72 21 minst
204 1235 34 19 ett
253 1233 122 22 tolftedels
390 1234 95 28 mantal,
501 1234 103 27 hvartill,
620 1241 53 14 men
688 1234 51 21 icke
755 1233 116 22 derunder

116 1275 34 19 ett
166 1273 108 22 hemman
289 1273 8 22 i
313 1273 128 22 allmänhet
456 1274 63 28 finge
530 1274 132 28 förmedlas,
674 1273 72 22 borde
757 1281 30 14 en
798 1273 72 22 sådan

114 1313 111 28 lägenhet
235 1313 52 22 icke
297 1315 76 20 såsom
384 1314 110 21 hemman
503 1313 137 29 bibehållas,
652 1317 57 18 utan
720 1314 60 21 först
787 1313 84 22 under-

117 1353 74 27 sökas,
207 1353 117 22 huruvida
335 1353 28 22 de
374 1353 79 22 dertill
465 1354 113 28 anslagna
589 1361 55 21 egor
655 1354 127 28 lämpligen
792 1353 79 22 kunde

114 1393 54 22 med
193 1393 56 22 eller
271 1396 57 19 utan
351 1394 137 28 minskning
511 1395 26 20 af
558 1394 66 22 deras
644 1394 64 21 förra
723 1393 89 22 mantal
828 1393 43 22 och

114 1436 68 19 ränta
192 1434 107 29 inläggas
311 1434 56 21 eller
378 1434 153 22 sammanslås
539 1434 53 22 med
600 1435 73 28 något
682 1436 70 19 annat
760 1433 111 29 nybygge
