1092 1773
255 104 40 19 208
589 103 25 21 I

224 165 110 21 siffrorna
349 165 38 22 för
402 166 43 21 hor
461 167 39 20 ärö
514 166 180 29 jemförelsevis.
704 166 68 29 höga.
798 167 49 20 För
862 167 56 21 åren
931 169 54 19 1874

224 207 85 20 —1875
332 206 109 29 utgjorde
464 206 43 22 hor
530 206 98 22 sålunda
651 207 9 21 i
683 209 25 20 31
734 208 26 26 %
784 207 44 22 och
848 207 139 29 egenvilligt

224 245 181 28 öfvergifvande
427 247 9 21 i
459 249 26 20 69
507 248 28 27 9/,
551 247 27 21 af
592 247 74 21 fallen
682 247 214 22 skilnadsorsaken.
927 247 60 22 Mot-

225 286 114 21 svarande
361 287 134 28 procenttal
518 287 38 22 för
579 287 167 28 efterföljande
762 287 109 28 perioder
886 291 46 24 äro,
949 288 38 21 för

223 326 58 21 åren
306 328 150 21 1876—1880:
481 330 26 19 28
531 327 45 22 och
599 330 32 26 72,
655 328 38 21 för
717 329 55 20 åren
790 330 152 20 1881—1885:
960 330 26 19 38

225 365 44 22 och
293 367 32 27 62,
349 367 38 21 för
409 368 56 21 åren
487 370 151 19 1886—1890:
655 370 27 19 48
699 367 44 22 och
759 369 26 20 52
802 370 61 19 samt
878 368 37 21 för
931 368 55 21 åren

227 408 151 21 1891-1895:
395 409 26 20 30
438 407 44 22 och
500 410 32 19 70.

293 447 181 22 Nedanstående
489 448 123 28 uppgifter
627 447 136 30 tydliggöra
779 451 112 25 närmare,
903 448 8 21 i
926 448 60 21 huru

223 487 88 28 många
326 487 43 21 fall
384 495 101 14 mannen
502 488 44 21 och
560 488 8 21 i
579 488 61 21 huru
650 488 86 28 många
747 488 44 21 fall
801 488 101 21 hustrun
912 488 75 21 under

223 527 183 28 ifrågavarande
434 528 104 29 tidrymd
561 536 85 21 genom
670 529 43 21 hor
736 528 74 22 vållat
833 528 153 29 äktenskaps-

224 567 137 22 skilnaden:

570 622 30 27 Af
608 632 80 18 domstol
701 632 89 23 upplösta
803 632 105 22 äktenskap
922 632 29 17 för

671 661 35 18 hor
718 659 93 24 begånget
823 660 26 18 af:

555 718 87 18 Mannen.
651 703 12 43 |
663 718 91 18 Hustrun.
765 703 12 43 |
787 707 62 23 P%88%
866 703 15 43 |
890 718 81 18 Summa.

772 736 96 17 makarna.

249 789 140 20 1874—1875
409 804 4 4 .
445 805 4 4 .
481 805 4 4 .
518 805 9 5 .
609 790 11 19 9
705 790 26 18 22
814 800 26 3 —
924 790 24 19 31

249 829 140 20 1876—1880
409 845 4 3 .
445 845 4 4 .
481 845 4 3 .
518 845 3 4 .
595 830 26 19 24
704 830 28 19 48
815 841 25 2 —
924 830 26 18 72

224 889 2 10 |
250 869 139 20 1881—1885
409 885 4 4 .
445 885 4 4 .
482 885 3 4 .
518 885 3 4 .
595 870 26 19 28
705 870 26 21 55
831 870 8 19 1
923 870 27 19 84

224 910 2 6 |
249 909 140 20 1886-1890
410 925 3 4 .
445 925 4 4 cc
482 925 3 4 .
595 910 26 20 35
705 911 26 19 74
814 921 27 3 —
911 911 38 19 109

249 949 139 21 1891—1895
409 965 4 4 .
445 965 4 4 vo
481 965 4 4 sv
518 965 4 4 ov
595 951 26 19 33
704 951 27 19 86
816 962 23 3 —
911 951 38 18 119

425 989 96 21 Summa
579 991 39 20 129
688 991 40 20 285
830 991 7 19 1
908 991 41 20 415

293 1051 112 28 Uttryckt
420 1052 9 21 i
444 1052 132 28 procenttal
591 1051 91 22 fördela
698 1052 36 29 sig
746 1052 75 21 fallen
833 1052 102 27 sålunda,
949 1054 34 19 att

221 1091 76 21 under
313 1091 111 28 perioden
442 1093 140 20 1874—1875
598 1099 102 14 mannen
715 1091 8 21 i
740 1093 25 20 29
782 1093 27 25 %
826 1091 43 22 och
884 1091 100 22 hustrun

221 1131 8 20 i
247 1133 24 19 71
289 1132 34 27 9/,,
339 1131 76 22 under
430 1131 112 28 perioden
560 1133 140 20 1876—1880
716 1138 102 14 mannen
834 1131 8 21 i
859 1133 26 19 33
901 1132 27 26 ?/,
939 1131 45 21 och

221 1171 102 21 hustrun
346 1171 8 21 i
377 1173 26 20 67
426 1173 35 26 9/,,
481 1172 75 21 under
570 1171 112 29 perioden
701 1173 140 20 1881—1885
857 1179 102 13 mannen
975 1171 8 21 i

221 1213 28 19 33
265 1212 34 26 %/o,
316 1211 101 22 hustrun
433 1211 7 22 i
457 1214 26 19 66
500 1213 27 26 ?/,
543 1211 44 22 och
602 1211 76 28 begge
694 1211 112 21 makarna
812 1207 13 37 i
833 1211 1 21 1
865 1213 32 26 "/,,
909 1211 75 21 under

220 1251 115 28 perioden
353 1253 140 20 1886—1890
510 1259 101 14 mannen
626 1251 9 22 i
652 1253 25 20 32
694 1253 28 26 %/
734 1251 43 22 och
788 1251 101 22 hustrun
894 1247 9 36 i
919 1254 25 19 68
956 1253 27 26 ?/,

221 1293 61 19 samt
304 1291 75 21 under
401 1292 112 28 perioden
538 1293 139 21 1891—1895
701 1299 103 14 mannen
823 1291 8 21 i
852 1294 26 19 28
895 1293 26 26 %
938 1292 44 21 och

220 1331 104 21 hustrun
344 1331 8 21 i
372 1334 25 18 72
415 1333 27 25 %
459 1332 26 20 af
498 1332 74 21 fallen
588 1332 74 21 vällat
678 1331 131 21 skilnaden.
841 1331 46 21 Det
902 1331 81 22 behöf-

220 1378 44 14 ver
279 1370 39 22 väl
333 1370 119 29 knappast
467 1371 117 29 tilläggas,
602 1373 34 20 att
653 1378 54 14 man
723 1371 26 22 af
760 1371 67 21 dessa
838 1371 83 28 siffror,
934 1379 49 14 som

216 1410 31 28 ju
263 1412 24 20 te
303 1410 36 29 sig
356 1412 151 28 temmeligen
522 1412 128 21 konstanta
665 1412 37 20 för
719 1411 27 21 de
764 1411 63 21 olika
838 1411 143 29 perioderna,
