1095 1795
209 168 12 21 2
390 168 83 24 Ständ.
491 169 54 24 Skr.
561 183 27 2 —
606 169 41 22 III
648 169 135 22 -XXXIIL

211 235 114 22 särskilda
356 235 23 22 af
407 236 255 29 Finansexpeditionen
691 237 9 22 i
729 236 73 22 HEders
832 236 131 29 Kejserliga

208 269 122 29 Majestäts
355 271 72 22 Senat
451 271 36 22 för
504 271 103 22 Finland
625 271 131 30 uppgjorda
774 271 128 29 räkningar
921 270 43 23 och

207 304 131 22 relationer.

279 339 73 22 Dessa
375 341 128 29 räkningar
530 341 44 22 och
601 341 125 22 relationer
743 340 71 23 hafva
833 341 131 22 Ständerna

208 373 152 23 öfverlemnat
384 375 37 22 till
438 375 169 23 förberedande
625 375 179 30 handläggning
822 376 24 22 af
864 375 100 22 Statsut-

207 408 96 29 skottet,
330 417 54 21 som,
409 410 59 22 efter
494 413 71 27 tagen
591 410 132 23 kännedom
750 417 38 15 om
812 411 151 22 statsverkets

207 443 158 30 räkenskaper
383 445 43 22 och
448 445 75 30 öfriga
541 445 141 30 handlingar
699 447 60 20 samt
777 445 72 22 sedan
867 446 96 21 Utskot-

207 479 34 20 tet
265 479 109 21 särskildt
399 480 113 29 granskat
535 481 31 28 pä
589 479 62 23 hvad
674 482 47 20 sätt
740 479 28 22 de
788 480 23 22 af
830 479 131 23 Ständerna

207 512 116 29 beviljade
357 514 81 29 anslag
471 515 79 22 blifvit
580 515 114 28 använda,
723 515 8 22 i
765 515 73 22 saken
870 514 94 29 afgifvit

207 547 155 29 betänkande,
386 549 163 22 innefattande
570 549 87 29 jämväl
677 551 74 28 nägra
772 549 131 29 erinringar
921 548 42 23 och

207 581 89 30 förslag
319 583 147 22 beträffande
483 584 175 29 förvaltningen
677 585 43 22 och
738 584 225 29 räkenskapsväsen-

207 616 39 21 det
265 620 59 19 samt
342 617 95 24 därmed
455 619 228 29 sammanhängande
700 619 86 29 frägor.

276 651 36 22 Då
344 652 131 23 Ständerna
502 654 37 21 till
565 653 81 30 slutlig
669 653 84 30 åtgärd
777 653 101 23 förehaft
900 652 64 23 detta

207 685 92 30 ärende,
321 686 71 23 hafva
415 688 132 22 Ständerna
570 688 107 29 godkänt
694 687 110 30 samtliga
822 689 24 22 af
864 687 100 23 Statsut-

206 720 89 23 skottet
312 722 84 29 gjorda
413 723 144 22 uttalanden.

275 755 34 22 På
336 756 40 22 dot
400 759 35 20 att
462 757 193 24 Statsutskottets
678 757 180 30 ifrågavarande
881 757 82 22 betän-

206 789 77 22 kande
307 791 71 22 mätte
402 792 8 22 i
434 791 29 23 de
485 792 70 29 delar,
581 792 83 23 sädant
687 797 25 18 är
736 793 24 22 af
783 792 85 29 nöden,
890 791 73 23 varda

206 824 23 21 af
247 825 173 24 vederbörande
442 827 164 29 myndigheter
624 827 119 29 beaktadt,
756 827 78 22 tillåta
846 827 36 29 sig
896 827 67 22 Stän-

206 858 73 23 derna
297 862 34 19 att
349 861 85 22 härhos
452 862 9 21 i
472 861 188 30 underdänighet
676 861 100 24 insända
788 861 128 23 detsamma
928 861 36 22 till

205 893 75 22 Eders
297 895 133 30 Kejserliga
448 897 115 28 Majestät,
581 897 54 22 med
653 897 111 22 anhållan
782 898 36 21 att
834 897 129 22 betänkan-

207 927 40 23 det
270 929 76 22 blefve
364 930 38 22 till
420 931 103 22 Senaten
541 931 170 23 öfverlemnadt
727 932 9 21 i
756 931 109 22 afseende
884 932 13 21 &
915 930 49 23 vid-

206 964 113 28 tagandet
337 965 24 22 af
379 965 27 22 de
426 966 114 29 åtgärder,
559 966 38 22 till
609 966 81 23 hvilka
703 967 28 21 de
744 967 25 21 af
782 966 181 23 Statsutskottet

206 998 85 29 gjorda
313 999 130 30 erinringar
467 1000 43 23 och
531 1001 88 29 förslag
639 1001 80 23 kunna
740 1001 66 30 gifva
831 1001 133 28 anledning.

276 1067 113 24 Finlands
410 1069 99 23 Ständer
526 1069 134 24 framhärda
678 1072 43 20 etc.

275 1136 153 31 Helsingfors,
447 1138 45 23 den
511 1139 30 22 21
561 1139 69 30 April
650 1139 71 23 1897.

269 1498 109 23 Helsingfors
391 1499 49 18 1897.
465 1499 110 24 Helsingfors
587 1500 151 23 Centraltryckeri,
752 1499 23 18 V.
789 1499 91 22 Henriksg.
892 1500 17 17 4.
