<?xml version="1.0" encoding="UTF-8"?>
<alto xmlns="http://www.loc.gov/standards/alto/ns-v3#" xmlns:xlink="http://www.w3.org/1999/xlink" xmlns:xsi="http://www.w3.org/2001/XMLSchema-instance" xsi:schemaLocation="http://www.loc.gov/standards/alto/ns-v3# http://www.loc.gov/alto/v3/alto-3-0.xsd">
	<Description>
		<MeasurementUnit>pixel</MeasurementUnit>
		<sourceImageInformation>
			<fileName>/tmp/tess_vo43oiq__input.PNG</fileName>
		</sourceImageInformation>
		<OCRProcessing ID="OCR_0">
			<ocrProcessingStep>
				<processingSoftware>
					<softwareName>tesseract 5.3.4</softwareName>
				</processingSoftware>
			</ocrProcessingStep>
		</OCRProcessing>
	</Description>
	<Layout>
		<Page WIDTH="1092" HEIGHT="1775" PHYSICAL_IMG_NR="0" ID="page_0">
			<PrintSpace HPOS="0" VPOS="0" WIDTH="1092" HEIGHT="1775">
				<ComposedBlock ID="cblock_0" HPOS="672" VPOS="282" WIDTH="139" HEIGHT="23">
					<TextBlock ID="block_0" HPOS="672" VPOS="282" WIDTH="139" HEIGHT="23">
						<TextLine ID="line_0" HPOS="672" VPOS="282" WIDTH="139" HEIGHT="23">
							<String ID="string_0" HPOS="672" VPOS="282" WIDTH="76" HEIGHT="23" WC="0.93" CONTENT="Litt."/><SP WIDTH="24" VPOS="282" HPOS="748"/>
							<String ID="string_1" HPOS="772" VPOS="282" WIDTH="39" HEIGHT="23" WC="0.90" CONTENT="A."/>
						</TextLine>
					</TextBlock>
				</ComposedBlock>
				<ComposedBlock ID="cblock_1" HPOS="121" VPOS="363" WIDTH="760" HEIGHT="124">
					<TextBlock ID="block_1" HPOS="121" VPOS="363" WIDTH="760" HEIGHT="124">
						<TextLine ID="line_1" HPOS="121" VPOS="363" WIDTH="759" HEIGHT="33">
							<String ID="string_2" HPOS="121" VPOS="363" WIDTH="150" HEIGHT="32" WC="0.95" CONTENT="Förteckning"/><SP WIDTH="30" VPOS="363" HPOS="271"/>
							<String ID="string_3" HPOS="301" VPOS="364" WIDTH="66" HEIGHT="25" WC="0.95" CONTENT="öfver"/><SP WIDTH="26" VPOS="364" HPOS="367"/>
							<String ID="string_4" HPOS="393" VPOS="366" WIDTH="144" HEIGHT="30" WC="0.96" CONTENT="permanenta"/><SP WIDTH="27" VPOS="366" HPOS="537"/>
							<String ID="string_5" HPOS="564" VPOS="363" WIDTH="87" HEIGHT="32" WC="0.95" CONTENT="anslag,"/><SP WIDTH="25" VPOS="363" HPOS="651"/>
							<String ID="string_6" HPOS="676" VPOS="370" WIDTH="46" HEIGHT="18" WC="0.95" CONTENT="som"/><SP WIDTH="25" VPOS="370" HPOS="722"/>
							<String ID="string_7" HPOS="747" VPOS="363" WIDTH="61" HEIGHT="25" WC="0.93" CONTENT="efter"/><SP WIDTH="18" VPOS="363" HPOS="808"/>
							<String ID="string_8" HPOS="826" VPOS="370" WIDTH="54" HEIGHT="25" WC="0.91" CONTENT="upp-"/>
						</TextLine>
						<TextLine ID="line_2" HPOS="190" VPOS="407" WIDTH="691" HEIGHT="34">
							<String ID="string_9" HPOS="190" VPOS="410" WIDTH="113" HEIGHT="25" WC="0.91" CONTENT="rättandet"/><SP WIDTH="27" VPOS="410" HPOS="303"/>
							<String ID="string_10" HPOS="330" VPOS="410" WIDTH="27" HEIGHT="24" WC="0.96" CONTENT="af"/><SP WIDTH="27" VPOS="410" HPOS="357"/>
							<String ID="string_11" HPOS="384" VPOS="409" WIDTH="63" HEIGHT="26" WC="0.92" CONTENT="1896"/><SP WIDTH="26" VPOS="409" HPOS="447"/>
							<String ID="string_12" HPOS="473" VPOS="408" WIDTH="38" HEIGHT="26" WC="0.93" CONTENT="års"/><SP WIDTH="24" VPOS="408" HPOS="511"/>
							<String ID="string_13" HPOS="535" VPOS="409" WIDTH="147" HEIGHT="32" WC="0.92" CONTENT="statsförslag"/><SP WIDTH="19" VPOS="409" HPOS="682"/>
							<String ID="string_14" HPOS="701" VPOS="409" WIDTH="75" HEIGHT="24" WC="0.95" CONTENT="blifvit"/><SP WIDTH="18" VPOS="409" HPOS="776"/>
							<String ID="string_15" HPOS="794" VPOS="409" WIDTH="25" HEIGHT="24" WC="0.93" CONTENT="af"/><SP WIDTH="18" VPOS="409" HPOS="819"/>
							<String ID="string_16" HPOS="837" VPOS="407" WIDTH="44" HEIGHT="26" WC="0.92" CONTENT="all-"/>
						</TextLine>
						<TextLine ID="line_3" HPOS="190" VPOS="455" WIDTH="305" HEIGHT="32">
							<String ID="string_17" HPOS="190" VPOS="457" WIDTH="79" HEIGHT="23" WC="0.45" CONTENT="männä"/><SP WIDTH="18" VPOS="457" HPOS="269"/>
							<String ID="string_18" HPOS="287" VPOS="455" WIDTH="70" HEIGHT="25" WC="0.93" CONTENT="medel"/><SP WIDTH="18" VPOS="455" HPOS="357"/>
							<String ID="string_19" HPOS="375" VPOS="455" WIDTH="120" HEIGHT="32" WC="0.95" CONTENT="beviljade."/>
						</TextLine>
					</TextBlock>
				</ComposedBlock>
				<GraphicalElement ID="cblock_2" HPOS="123" VPOS="521" WIDTH="757" HEIGHT="8"></GraphicalElement >
				<ComposedBlock ID="cblock_3" HPOS="297" VPOS="599" WIDTH="241" HEIGHT="21">
					<TextBlock ID="block_2" HPOS="297" VPOS="599" WIDTH="241" HEIGHT="21">
						<TextLine ID="line_4" HPOS="297" VPOS="599" WIDTH="241" HEIGHT="21">
							<String ID="string_20" HPOS="297" VPOS="599" WIDTH="69" HEIGHT="21" WC="0.93" CONTENT="Första"/><SP WIDTH="21" VPOS="599" HPOS="366"/>
							<String ID="string_21" HPOS="387" VPOS="599" WIDTH="151" HEIGHT="21" WC="0.92" CONTENT="Hufvudtiteln."/>
						</TextLine>
					</TextBlock>
				</ComposedBlock>
				<ComposedBlock ID="cblock_4" HPOS="124" VPOS="649" WIDTH="755" HEIGHT="368">
					<TextBlock ID="block_3" HPOS="144" VPOS="649" WIDTH="551" HEIGHT="127">
						<TextLine ID="line_5" HPOS="144" VPOS="649" WIDTH="550" HEIGHT="23">
							<String ID="string_22" HPOS="144" VPOS="650" WIDTH="65" HEIGHT="22" WC="0.93" CONTENT="Enligt"/><SP WIDTH="11" VPOS="650" HPOS="209"/>
							<String ID="string_23" HPOS="220" VPOS="649" WIDTH="69" HEIGHT="23" WC="0.92" CONTENT="nädiga"/><SP WIDTH="14" VPOS="649" HPOS="289"/>
							<String ID="string_24" HPOS="303" VPOS="650" WIDTH="125" HEIGHT="22" WC="0.91" CONTENT="kungörelsen"/><SP WIDTH="13" VPOS="650" HPOS="428"/>
							<String ID="string_25" HPOS="441" VPOS="650" WIDTH="36" HEIGHT="18" WC="0.96" CONTENT="den"/><SP WIDTH="14" VPOS="650" HPOS="477"/>
							<String ID="string_26" HPOS="491" VPOS="650" WIDTH="20" HEIGHT="17" WC="0.96" CONTENT="14"/><SP WIDTH="12" VPOS="650" HPOS="511"/>
							<String ID="string_27" HPOS="523" VPOS="650" WIDTH="79" HEIGHT="18" WC="0.96" CONTENT="Januari"/><SP WIDTH="14" VPOS="650" HPOS="602"/>
							<String ID="string_28" HPOS="616" VPOS="650" WIDTH="44" HEIGHT="18" WC="0.96" CONTENT="1896"/><SP WIDTH="13" VPOS="650" HPOS="660"/>
							<String ID="string_29" HPOS="673" VPOS="652" WIDTH="21" HEIGHT="16" WC="0.96" CONTENT="är"/>
						</TextLine>
						<TextLine ID="line_6" HPOS="168" VPOS="684" WIDTH="524" HEIGHT="23">
							<String ID="string_30" HPOS="168" VPOS="684" WIDTH="30" HEIGHT="18" WC="0.96" CONTENT="vid"/><SP WIDTH="16" VPOS="684" HPOS="198"/>
							<String ID="string_31" HPOS="214" VPOS="684" WIDTH="52" HEIGHT="18" WC="0.93" CONTENT="Hans"/><SP WIDTH="15" VPOS="684" HPOS="266"/>
							<String ID="string_32" HPOS="281" VPOS="684" WIDTH="89" HEIGHT="23" WC="0.93" CONTENT="Majestät"/><SP WIDTH="12" VPOS="684" HPOS="370"/>
							<String ID="string_33" HPOS="382" VPOS="684" WIDTH="101" HEIGHT="23" WC="0.91" CONTENT="Kejsarens"/><SP WIDTH="12" VPOS="684" HPOS="483"/>
							<String ID="string_34" HPOS="495" VPOS="684" WIDTH="62" HEIGHT="18" WC="0.92" CONTENT="kansli"/><SP WIDTH="12" VPOS="684" HPOS="557"/>
							<String ID="string_35" HPOS="569" VPOS="684" WIDTH="29" HEIGHT="18" WC="0.96" CONTENT="för"/><SP WIDTH="12" VPOS="684" HPOS="598"/>
							<String ID="string_36" HPOS="610" VPOS="684" WIDTH="82" HEIGHT="18" WC="0.96" CONTENT="Finland"/>
						</TextLine>
						<TextLine ID="line_7" HPOS="167" VPOS="718" WIDTH="525" HEIGHT="23">
							<String ID="string_37" HPOS="167" VPOS="718" WIDTH="82" HEIGHT="19" WC="0.91" CONTENT="inrättad"/><SP WIDTH="18" VPOS="718" HPOS="249"/>
							<String ID="string_38" HPOS="267" VPOS="724" WIDTH="23" HEIGHT="12" WC="0.93" CONTENT="en"/><SP WIDTH="18" VPOS="724" HPOS="290"/>
							<String ID="string_39" HPOS="308" VPOS="719" WIDTH="135" HEIGHT="22" WC="0.92" CONTENT="kassörstjenst"/><SP WIDTH="14" VPOS="719" HPOS="443"/>
							<String ID="string_40" HPOS="457" VPOS="718" WIDTH="12" HEIGHT="18" WC="0.89" CONTENT="&amp;"/><SP WIDTH="12" VPOS="718" HPOS="469"/>
							<String ID="string_41" HPOS="481" VPOS="718" WIDTH="93" HEIGHT="18" WC="0.92" CONTENT="ordinarie"/><SP WIDTH="20" VPOS="718" HPOS="574"/>
							<String ID="string_42" HPOS="594" VPOS="720" WIDTH="38" HEIGHT="16" WC="0.96" CONTENT="stat"/><SP WIDTH="18" VPOS="720" HPOS="632"/>
							<String ID="string_43" HPOS="650" VPOS="718" WIDTH="42" HEIGHT="18" WC="0.96" CONTENT="med"/>
						</TextLine>
						<TextLine ID="line_8" HPOS="168" VPOS="752" WIDTH="527" HEIGHT="24">
							<String ID="string_44" HPOS="168" VPOS="754" WIDTH="51" HEIGHT="21" WC="0.96" CONTENT="5,000"/><SP WIDTH="11" VPOS="754" HPOS="219"/>
							<String ID="string_45" HPOS="230" VPOS="753" WIDTH="54" HEIGHT="18" WC="0.96" CONTENT="mark"/><SP WIDTH="11" VPOS="753" HPOS="284"/>
							<String ID="string_46" HPOS="295" VPOS="753" WIDTH="7" HEIGHT="17" WC="0.96" CONTENT="i"/><SP WIDTH="11" VPOS="753" HPOS="302"/>
							<String ID="string_47" HPOS="313" VPOS="753" WIDTH="32" HEIGHT="17" WC="0.96" CONTENT="lön"/><SP WIDTH="13" VPOS="753" HPOS="345"/>
							<String ID="string_48" HPOS="358" VPOS="753" WIDTH="35" HEIGHT="17" WC="0.96" CONTENT="och"/><SP WIDTH="13" VPOS="753" HPOS="393"/>
							<String ID="string_49" HPOS="406" VPOS="754" WIDTH="51" HEIGHT="20" WC="0.96" CONTENT="3,000"/><SP WIDTH="12" VPOS="754" HPOS="457"/>
							<String ID="string_50" HPOS="469" VPOS="752" WIDTH="54" HEIGHT="19" WC="0.96" CONTENT="mark"/><SP WIDTH="12" VPOS="752" HPOS="523"/>
							<String ID="string_51" HPOS="535" VPOS="753" WIDTH="6" HEIGHT="17" WC="0.93" CONTENT="i"/><SP WIDTH="12" VPOS="753" HPOS="541"/>
							<String ID="string_52" HPOS="553" VPOS="752" WIDTH="74" HEIGHT="22" WC="0.92" CONTENT="arvode,"/><SP WIDTH="8" VPOS="752" HPOS="627"/>
							<String ID="string_53" HPOS="635" VPOS="753" WIDTH="60" HEIGHT="23" WC="0.91" CONTENT="jemte"/>
						</TextLine>
					</TextBlock>
					<TextBlock ID="block_4" HPOS="124" VPOS="787" WIDTH="571" HEIGHT="23">
						<TextLine ID="line_9" HPOS="124" VPOS="787" WIDTH="571" HEIGHT="23">
							<String ID="string_54" HPOS="124" VPOS="791" WIDTH="2" HEIGHT="15" WC="0.69" CONTENT="|"/><SP WIDTH="23" VPOS="791" HPOS="126"/>
							<String ID="string_55" HPOS="149" VPOS="783" WIDTH="9" HEIGHT="32" WC="0.69" CONTENT="—"/><SP WIDTH="9" VPOS="783" HPOS="158"/>
							<String ID="string_56" HPOS="167" VPOS="788" WIDTH="90" HEIGHT="22" WC="0.85" CONTENT="rättighet"/><SP WIDTH="12" VPOS="788" HPOS="257"/>
							<String ID="string_57" HPOS="269" VPOS="788" WIDTH="30" HEIGHT="17" WC="0.93" CONTENT="för"/><SP WIDTH="11" VPOS="788" HPOS="299"/>
							<String ID="string_58" HPOS="310" VPOS="788" WIDTH="135" HEIGHT="18" WC="0.92" CONTENT="innehafvaren"/><SP WIDTH="13" VPOS="788" HPOS="445"/>
							<String ID="string_59" HPOS="458" VPOS="788" WIDTH="21" HEIGHT="17" WC="0.92" CONTENT="af"/><SP WIDTH="10" VPOS="788" HPOS="479"/>
							<String ID="string_60" HPOS="489" VPOS="788" WIDTH="83" HEIGHT="22" WC="0.92" CONTENT="tjensten"/><SP WIDTH="12" VPOS="788" HPOS="572"/>
							<String ID="string_61" HPOS="584" VPOS="787" WIDTH="30" HEIGHT="19" WC="0.93" CONTENT="till"/><SP WIDTH="12" VPOS="787" HPOS="614"/>
							<String ID="string_62" HPOS="626" VPOS="787" WIDTH="25" HEIGHT="18" WC="0.93" CONTENT="fri"/><SP WIDTH="13" VPOS="787" HPOS="651"/>
							<String ID="string_63" HPOS="664" VPOS="788" WIDTH="31" HEIGHT="17" WC="0.93" CONTENT="bo-"/>
						</TextLine>
					</TextBlock>
					<TextBlock ID="block_5" HPOS="124" VPOS="822" WIDTH="755" HEIGHT="195">
						<TextLine ID="line_10" HPOS="167" VPOS="822" WIDTH="528" HEIGHT="18">
							<String ID="string_64" HPOS="167" VPOS="822" WIDTH="42" HEIGHT="18" WC="0.96" CONTENT="stad"/><SP WIDTH="12" VPOS="822" HPOS="209"/>
							<String ID="string_65" HPOS="221" VPOS="822" WIDTH="42" HEIGHT="18" WC="0.96" CONTENT="med"/><SP WIDTH="12" VPOS="822" HPOS="263"/>
							<String ID="string_66" HPOS="275" VPOS="822" WIDTH="35" HEIGHT="18" WC="0.80" CONTENT="ved"/><SP WIDTH="12" VPOS="822" HPOS="310"/>
							<String ID="string_67" HPOS="322" VPOS="822" WIDTH="6" HEIGHT="18" WC="0.80" CONTENT="i"/><SP WIDTH="13" VPOS="822" HPOS="328"/>
							<String ID="string_68" HPOS="341" VPOS="822" WIDTH="193" HEIGHT="18" WC="0.93" CONTENT="Statssekretariatets"/><SP WIDTH="8" VPOS="822" HPOS="534"/>
							<String ID="string_69" HPOS="542" VPOS="823" WIDTH="36" HEIGHT="17" WC="0.97" CONTENT="hus"/><SP WIDTH="9" VPOS="823" HPOS="578"/>
							<String ID="string_70" HPOS="587" VPOS="824" WIDTH="49" HEIGHT="16" WC="0.93" CONTENT="samt"/><SP WIDTH="8" VPOS="824" HPOS="636"/>
							<String ID="string_71" HPOS="644" VPOS="822" WIDTH="51" HEIGHT="18" WC="0.92" CONTENT="löne-"/>
						</TextLine>
						<TextLine ID="line_11" HPOS="168" VPOS="856" WIDTH="526" HEIGHT="24">
							<String ID="string_72" HPOS="168" VPOS="856" WIDTH="108" HEIGHT="23" WC="0.89" CONTENT="förhöjning"/><SP WIDTH="11" VPOS="856" HPOS="276"/>
							<String ID="string_73" HPOS="287" VPOS="856" WIDTH="48" HEIGHT="18" WC="0.97" CONTENT="efter"/><SP WIDTH="14" VPOS="856" HPOS="335"/>
							<String ID="string_74" HPOS="349" VPOS="858" WIDTH="21" HEIGHT="16" WC="0.96" CONTENT="10"/><SP WIDTH="12" VPOS="858" HPOS="370"/>
							<String ID="string_75" HPOS="382" VPOS="857" WIDTH="35" HEIGHT="17" WC="0.96" CONTENT="och"/><SP WIDTH="13" VPOS="857" HPOS="417"/>
							<String ID="string_76" HPOS="430" VPOS="858" WIDTH="23" HEIGHT="16" WC="0.93" CONTENT="20"/><SP WIDTH="11" VPOS="858" HPOS="453"/>
							<String ID="string_77" HPOS="464" VPOS="856" WIDTH="31" HEIGHT="19" WC="0.91" CONTENT="ärs"/><SP WIDTH="12" VPOS="856" HPOS="495"/>
							<String ID="string_78" HPOS="507" VPOS="857" WIDTH="58" HEIGHT="23" WC="0.93" CONTENT="tjenst"/><SP WIDTH="11" VPOS="857" HPOS="565"/>
							<String ID="string_79" HPOS="576" VPOS="856" WIDTH="6" HEIGHT="18" WC="0.93" CONTENT="i"/><SP WIDTH="9" VPOS="856" HPOS="582"/>
							<String ID="string_80" HPOS="591" VPOS="856" WIDTH="103" HEIGHT="19" WC="0.89" CONTENT="befattnin-"/>
						</TextLine>
						<TextLine ID="line_12" HPOS="168" VPOS="890" WIDTH="527" HEIGHT="23">
							<String ID="string_81" HPOS="168" VPOS="896" WIDTH="35" HEIGHT="17" WC="0.96" CONTENT="gen"/><SP WIDTH="20" VPOS="896" HPOS="203"/>
							<String ID="string_82" HPOS="223" VPOS="891" WIDTH="42" HEIGHT="18" WC="0.96" CONTENT="med"/><SP WIDTH="19" VPOS="891" HPOS="265"/>
							<String ID="string_83" HPOS="284" VPOS="891" WIDTH="50" HEIGHT="21" WC="0.96" CONTENT="1,000"/><SP WIDTH="20" VPOS="891" HPOS="334"/>
							<String ID="string_84" HPOS="354" VPOS="891" WIDTH="53" HEIGHT="17" WC="0.93" CONTENT="mark"/><SP WIDTH="19" VPOS="891" HPOS="407"/>
							<String ID="string_85" HPOS="426" VPOS="891" WIDTH="93" HEIGHT="18" WC="0.92" CONTENT="hvardera"/><SP WIDTH="19" VPOS="891" HPOS="519"/>
							<String ID="string_86" HPOS="538" VPOS="890" WIDTH="78" HEIGHT="23" WC="0.87" CONTENT="gängen."/><SP WIDTH="24" VPOS="890" HPOS="616"/>
							<String ID="string_87" HPOS="640" VPOS="891" WIDTH="55" HEIGHT="18" WC="0.96" CONTENT="Efter"/>
						</TextLine>
						<TextLine ID="line_13" HPOS="168" VPOS="925" WIDTH="526" HEIGHT="23">
							<String ID="string_88" HPOS="168" VPOS="925" WIDTH="66" HEIGHT="23" WC="0.92" CONTENT="afdrag"/><SP WIDTH="12" VPOS="925" HPOS="234"/>
							<String ID="string_89" HPOS="246" VPOS="925" WIDTH="21" HEIGHT="18" WC="0.96" CONTENT="af"/><SP WIDTH="6" VPOS="925" HPOS="267"/>
							<String ID="string_90" HPOS="273" VPOS="925" WIDTH="32" HEIGHT="18" WC="0.93" CONTENT="det"/><SP WIDTH="8" VPOS="925" HPOS="305"/>
							<String ID="string_91" HPOS="313" VPOS="925" WIDTH="74" HEIGHT="22" WC="0.92" CONTENT="arvode,"/><SP WIDTH="8" VPOS="925" HPOS="387"/>
							<String ID="string_92" HPOS="395" VPOS="927" WIDTH="52" HEIGHT="20" WC="0.96" CONTENT="2,000"/><SP WIDTH="8" VPOS="927" HPOS="447"/>
							<String ID="string_93" HPOS="455" VPOS="926" WIDTH="60" HEIGHT="21" WC="0.96" CONTENT="mark,"/><SP WIDTH="8" VPOS="926" HPOS="515"/>
							<String ID="string_94" HPOS="523" VPOS="931" WIDTH="39" HEIGHT="12" WC="0.93" CONTENT="som"/><SP WIDTH="9" VPOS="931" HPOS="562"/>
							<String ID="string_95" HPOS="571" VPOS="925" WIDTH="123" HEIGHT="19" WC="0.92" CONTENT="härförinnan"/>
						</TextLine>
						<TextLine ID="line_14" HPOS="168" VPOS="959" WIDTH="711" HEIGHT="24">
							<String ID="string_96" HPOS="168" VPOS="959" WIDTH="63" HEIGHT="23" WC="0.96" CONTENT="åtföljt"/><SP WIDTH="12" VPOS="959" HPOS="231"/>
							<String ID="string_97" HPOS="243" VPOS="959" WIDTH="35" HEIGHT="18" WC="0.97" CONTENT="den"/><SP WIDTH="12" VPOS="959" HPOS="278"/>
							<String ID="string_98" HPOS="290" VPOS="959" WIDTH="25" HEIGHT="23" WC="0.96" CONTENT="pä"/><SP WIDTH="12" VPOS="959" HPOS="315"/>
							<String ID="string_99" HPOS="327" VPOS="961" WIDTH="54" HEIGHT="16" WC="0.93" CONTENT="extra"/><SP WIDTH="12" VPOS="961" HPOS="381"/>
							<String ID="string_100" HPOS="393" VPOS="959" WIDTH="93" HEIGHT="19" WC="0.96" CONTENT="ordinarie"/><SP WIDTH="13" VPOS="959" HPOS="486"/>
							<String ID="string_101" HPOS="499" VPOS="961" WIDTH="38" HEIGHT="17" WC="0.93" CONTENT="stat"/><SP WIDTH="12" VPOS="961" HPOS="537"/>
							<String ID="string_102" HPOS="549" VPOS="961" WIDTH="96" HEIGHT="22" WC="0.93" CONTENT="upptagna"/><SP WIDTH="8" VPOS="961" HPOS="645"/>
							<String ID="string_103" HPOS="653" VPOS="960" WIDTH="43" HEIGHT="18" WC="0.93" CONTENT="kas-"/><SP WIDTH="181" VPOS="960" HPOS="696"/>
							<String ID="string_104" HPOS="877" VPOS="960" WIDTH="2" HEIGHT="10" WC="0.94" CONTENT="|"/>
						</TextLine>
						<TextLine ID="line_15" HPOS="124" VPOS="992" WIDTH="744" HEIGHT="25">
							<String ID="string_105" HPOS="124" VPOS="992" WIDTH="2" HEIGHT="15" WC="0.63" CONTENT="|"/><SP WIDTH="21" VPOS="992" HPOS="126"/>
							<String ID="string_106" HPOS="147" VPOS="988" WIDTH="12" HEIGHT="33" WC="0.65" CONTENT="—"/><SP WIDTH="9" VPOS="988" HPOS="159"/>
							<String ID="string_107" HPOS="168" VPOS="994" WIDTH="175" HEIGHT="23" WC="0.91" CONTENT="sörsbefattningen,"/><SP WIDTH="13" VPOS="994" HPOS="343"/>
							<String ID="string_108" HPOS="356" VPOS="996" WIDTH="55" HEIGHT="21" WC="0.93" CONTENT="utgör"/><SP WIDTH="12" VPOS="996" HPOS="411"/>
							<String ID="string_109" HPOS="423" VPOS="994" WIDTH="125" HEIGHT="23" WC="0.19" CONTENT="tillökningen"/><SP WIDTH="27" VPOS="994" HPOS="548"/>
							<String ID="string_110" HPOS="575" VPOS="1008" WIDTH="4" HEIGHT="4" WC="0.87" CONTENT="."/><SP WIDTH="25" VPOS="1008" HPOS="579"/>
							<String ID="string_111" HPOS="604" VPOS="1007" WIDTH="4" HEIGHT="5" WC="0.88" CONTENT="."/><SP WIDTH="26" VPOS="1007" HPOS="608"/>
							<String ID="string_112" HPOS="634" VPOS="1008" WIDTH="2" HEIGHT="3" WC="0.79" CONTENT="."/><SP WIDTH="26" VPOS="1008" HPOS="636"/>
							<String ID="string_113" HPOS="662" VPOS="1008" WIDTH="4" HEIGHT="4" WC="0.43" CONTENT="."/><SP WIDTH="26" VPOS="1008" HPOS="666"/>
							<String ID="string_114" HPOS="692" VPOS="1007" WIDTH="4" HEIGHT="6" WC="0.87" CONTENT="«"/><SP WIDTH="87" VPOS="1007" HPOS="696"/>
							<String ID="string_115" HPOS="783" VPOS="994" WIDTH="52" HEIGHT="21" WC="0.60" CONTENT="6,000]"/><SP WIDTH="12" VPOS="994" HPOS="835"/>
							<String ID="string_116" HPOS="847" VPOS="1003" WIDTH="21" HEIGHT="2" WC="0.92" CONTENT="—"/>
						</TextLine>
					</TextBlock>
				</ComposedBlock>
				<ComposedBlock ID="cblock_5" HPOS="298" VPOS="1081" WIDTH="239" HEIGHT="25">
					<TextBlock ID="block_6" HPOS="298" VPOS="1081" WIDTH="239" HEIGHT="25">
						<TextLine ID="line_16" HPOS="298" VPOS="1081" WIDTH="239" HEIGHT="25">
							<String ID="string_117" HPOS="298" VPOS="1081" WIDTH="72" HEIGHT="25" WC="0.92" CONTENT="Tredje"/><SP WIDTH="15" VPOS="1081" HPOS="370"/>
							<String ID="string_118" HPOS="385" VPOS="1081" WIDTH="152" HEIGHT="21" WC="0.90" CONTENT="Hufvudtiteln."/>
						</TextLine>
					</TextBlock>
				</ComposedBlock>
				<ComposedBlock ID="cblock_6" HPOS="145" VPOS="1131" WIDTH="551" HEIGHT="295">
					<TextBlock ID="block_7" HPOS="146" VPOS="1131" WIDTH="413" HEIGHT="23">
						<TextLine ID="line_17" HPOS="146" VPOS="1131" WIDTH="413" HEIGHT="23">
							<String ID="string_119" HPOS="146" VPOS="1131" WIDTH="167" HEIGHT="18" WC="0.88" CONTENT="Arvodestillskott"/><SP WIDTH="16" VPOS="1131" HPOS="313"/>
							<String ID="string_120" HPOS="329" VPOS="1131" WIDTH="30" HEIGHT="18" WC="0.96" CONTENT="för"/><SP WIDTH="14" VPOS="1131" HPOS="359"/>
							<String ID="string_121" HPOS="373" VPOS="1132" WIDTH="50" HEIGHT="17" WC="0.92" CONTENT="vissa"/><SP WIDTH="12" VPOS="1132" HPOS="423"/>
							<String ID="string_122" HPOS="435" VPOS="1131" WIDTH="92" HEIGHT="23" WC="0.91" CONTENT="tjensteär"/><SP WIDTH="12" VPOS="1131" HPOS="527"/>
							<String ID="string_123" HPOS="539" VPOS="1132" WIDTH="20" HEIGHT="17" WC="0.96" CONTENT="ät"/>
						</TextLine>
					</TextBlock>
					<TextBlock ID="block_8" HPOS="145" VPOS="1165" WIDTH="550" HEIGHT="58">
						<TextLine ID="line_18" HPOS="169" VPOS="1165" WIDTH="526" HEIGHT="24">
							<String ID="string_124" HPOS="169" VPOS="1165" WIDTH="92" HEIGHT="19" WC="0.93" CONTENT="särskilde"/><SP WIDTH="11" VPOS="1165" HPOS="261"/>
							<String ID="string_125" HPOS="272" VPOS="1166" WIDTH="113" HEIGHT="23" WC="0.92" CONTENT="tjenstemän"/><SP WIDTH="13" VPOS="1166" HPOS="385"/>
							<String ID="string_126" HPOS="398" VPOS="1166" WIDTH="31" HEIGHT="17" WC="0.93" CONTENT="vid"/><SP WIDTH="12" VPOS="1166" HPOS="429"/>
							<String ID="string_127" HPOS="441" VPOS="1166" WIDTH="117" HEIGHT="18" WC="0.92" CONTENT="landsstaten"/><SP WIDTH="19" VPOS="1166" HPOS="558"/>
							<String ID="string_128" HPOS="577" VPOS="1161" WIDTH="15" HEIGHT="33" WC="0.72" CONTENT="="/><SP WIDTH="12" VPOS="1161" HPOS="592"/>
							<String ID="string_129" HPOS="604" VPOS="1167" WIDTH="56" HEIGHT="21" WC="0.72" CONTENT="3,350:"/><SP WIDTH="14" VPOS="1167" HPOS="660"/>
							<String ID="string_130" HPOS="674" VPOS="1176" WIDTH="21" HEIGHT="3" WC="0.93" CONTENT="—"/>
						</TextLine>
						<TextLine ID="line_19" HPOS="145" VPOS="1200" WIDTH="413" HEIGHT="23">
							<String ID="string_131" HPOS="145" VPOS="1200" WIDTH="71" HEIGHT="23" WC="0.95" CONTENT="Anslag"/><SP WIDTH="6" VPOS="1200" HPOS="216"/>
							<String ID="string_132" HPOS="222" VPOS="1200" WIDTH="30" HEIGHT="18" WC="0.96" CONTENT="för"/><SP WIDTH="7" VPOS="1200" HPOS="252"/>
							<String ID="string_133" HPOS="259" VPOS="1205" WIDTH="22" HEIGHT="13" WC="0.93" CONTENT="en"/><SP WIDTH="6" VPOS="1205" HPOS="281"/>
							<String ID="string_134" HPOS="287" VPOS="1200" WIDTH="146" HEIGHT="19" WC="0.96" CONTENT="kronolänsman"/><SP WIDTH="8" VPOS="1200" HPOS="433"/>
							<String ID="string_135" HPOS="441" VPOS="1201" WIDTH="7" HEIGHT="17" WC="0.96" CONTENT="i"/><SP WIDTH="9" VPOS="1201" HPOS="448"/>
							<String ID="string_136" HPOS="457" VPOS="1201" WIDTH="101" HEIGHT="18" WC="0.0" CONTENT="Kuolema"/><SP WIDTH="-9" VPOS="1201" HPOS="558"/>
							<String ID="string_137" HPOS="549" VPOS="1196" WIDTH="14" HEIGHT="32" WC="0.0" CONTENT="-"/>
						</TextLine>
					</TextBlock>
					<TextBlock ID="block_9" HPOS="166" VPOS="1234" WIDTH="393" HEIGHT="24">
						<TextLine ID="line_20" HPOS="166" VPOS="1234" WIDTH="393" HEIGHT="24">
							<String ID="string_138" HPOS="166" VPOS="1235" WIDTH="49" HEIGHT="23" WC="0.96" CONTENT="järvi"/><SP WIDTH="18" VPOS="1235" HPOS="215"/>
							<String ID="string_139" HPOS="233" VPOS="1235" WIDTH="69" HEIGHT="18" WC="0.96" CONTENT="socken"/><SP WIDTH="17" VPOS="1235" HPOS="302"/>
							<String ID="string_140" HPOS="319" VPOS="1234" WIDTH="20" HEIGHT="19" WC="0.93" CONTENT="af"/><SP WIDTH="10" VPOS="1234" HPOS="339"/>
							<String ID="string_141" HPOS="349" VPOS="1235" WIDTH="89" HEIGHT="23" WC="0.91" CONTENT="Wiborgs"/><SP WIDTH="12" VPOS="1235" HPOS="438"/>
							<String ID="string_142" HPOS="450" VPOS="1235" WIDTH="37" HEIGHT="21" WC="0.96" CONTENT="län,"/><SP WIDTH="14" VPOS="1235" HPOS="487"/>
							<String ID="string_143" HPOS="501" VPOS="1235" WIDTH="58" HEIGHT="23" WC="0.96" CONTENT="enligt"/>
						</TextLine>
					</TextBlock>
					<TextBlock ID="block_10" HPOS="169" VPOS="1269" WIDTH="390" HEIGHT="23">
						<TextLine ID="line_21" HPOS="169" VPOS="1269" WIDTH="390" HEIGHT="23">
							<String ID="string_144" HPOS="169" VPOS="1269" WIDTH="105" HEIGHT="23" WC="0.92" CONTENT="Kejserliga"/><SP WIDTH="19" VPOS="1269" HPOS="274"/>
							<String ID="string_145" HPOS="293" VPOS="1269" WIDTH="91" HEIGHT="18" WC="0.92" CONTENT="Senatens"/><SP WIDTH="18" VPOS="1269" HPOS="384"/>
							<String ID="string_146" HPOS="402" VPOS="1269" WIDTH="63" HEIGHT="18" WC="0.96" CONTENT="beslut"/><SP WIDTH="18" VPOS="1269" HPOS="465"/>
							<String ID="string_147" HPOS="483" VPOS="1269" WIDTH="35" HEIGHT="18" WC="0.96" CONTENT="den"/><SP WIDTH="18" VPOS="1269" HPOS="518"/>
							<String ID="string_148" HPOS="536" VPOS="1270" WIDTH="23" HEIGHT="17" WC="0.96" CONTENT="20"/>
						</TextLine>
					</TextBlock>
					<TextBlock ID="block_11" HPOS="146" VPOS="1304" WIDTH="550" HEIGHT="58">
						<TextLine ID="line_22" HPOS="168" VPOS="1304" WIDTH="528" HEIGHT="22">
							<String ID="string_149" HPOS="168" VPOS="1304" WIDTH="79" HEIGHT="18" WC="0.96" CONTENT="Januari"/><SP WIDTH="14" VPOS="1304" HPOS="247"/>
							<String ID="string_150" HPOS="261" VPOS="1304" WIDTH="44" HEIGHT="18" WC="0.88" CONTENT="18996"/><SP WIDTH="20" VPOS="1304" HPOS="305"/>
							<String ID="string_151" HPOS="325" VPOS="1317" WIDTH="3" HEIGHT="5" WC="0.85" CONTENT="."/><SP WIDTH="25" VPOS="1317" HPOS="328"/>
							<String ID="string_152" HPOS="353" VPOS="1316" WIDTH="4" HEIGHT="5" WC="0.69" CONTENT="."/><SP WIDTH="24" VPOS="1316" HPOS="357"/>
							<String ID="string_153" HPOS="381" VPOS="1316" WIDTH="5" HEIGHT="5" WC="0.48" CONTENT="&lt;"/><SP WIDTH="25" VPOS="1316" HPOS="386"/>
							<String ID="string_154" HPOS="411" VPOS="1316" WIDTH="4" HEIGHT="5" WC="0.47" CONTENT="4"/><SP WIDTH="26" VPOS="1316" HPOS="415"/>
							<String ID="string_155" HPOS="441" VPOS="1317" WIDTH="32" HEIGHT="4" WC="0.42" CONTENT="ss"/><SP WIDTH="24" VPOS="1317" HPOS="473"/>
							<String ID="string_156" HPOS="497" VPOS="1318" WIDTH="4" HEIGHT="4" WC="0.42" CONTENT="so"/><SP WIDTH="25" VPOS="1318" HPOS="501"/>
							<String ID="string_157" HPOS="526" VPOS="1316" WIDTH="32" HEIGHT="5" WC="0.22" CONTENT="sr"/><SP WIDTH="48" VPOS="1316" HPOS="558"/>
							<String ID="string_158" HPOS="606" VPOS="1304" WIDTH="55" HEIGHT="22" WC="0.90" CONTENT="1,600:"/><SP WIDTH="13" VPOS="1304" HPOS="661"/>
							<String ID="string_159" HPOS="674" VPOS="1314" WIDTH="22" HEIGHT="2" WC="0.90" CONTENT="—"/>
						</TextLine>
						<TextLine ID="line_23" HPOS="146" VPOS="1337" WIDTH="413" HEIGHT="25">
							<String ID="string_160" HPOS="146" VPOS="1338" WIDTH="71" HEIGHT="24" WC="0.96" CONTENT="Anslag"/><SP WIDTH="12" VPOS="1338" HPOS="217"/>
							<String ID="string_161" HPOS="229" VPOS="1338" WIDTH="29" HEIGHT="18" WC="0.96" CONTENT="för"/><SP WIDTH="13" VPOS="1338" HPOS="258"/>
							<String ID="string_162" HPOS="271" VPOS="1344" WIDTH="22" HEIGHT="12" WC="0.93" CONTENT="en"/><SP WIDTH="11" VPOS="1344" HPOS="293"/>
							<String ID="string_163" HPOS="304" VPOS="1338" WIDTH="123" HEIGHT="23" WC="0.92" CONTENT="polisbetjent"/><SP WIDTH="16" VPOS="1338" HPOS="427"/>
							<String ID="string_164" HPOS="443" VPOS="1337" WIDTH="4" HEIGHT="19" WC="0.90" CONTENT="å"/><SP WIDTH="8" VPOS="1337" HPOS="447"/>
							<String ID="string_165" HPOS="455" VPOS="1338" WIDTH="104" HEIGHT="18" WC="0.90" CONTENT="Konnevits"/>
						</TextLine>
					</TextBlock>
					<TextBlock ID="block_12" HPOS="168" VPOS="1373" WIDTH="391" HEIGHT="23">
						<TextLine ID="line_24" HPOS="168" VPOS="1373" WIDTH="391" HEIGHT="23">
							<String ID="string_166" HPOS="168" VPOS="1373" WIDTH="77" HEIGHT="21" WC="0.96" CONTENT="kloster,"/><SP WIDTH="21" VPOS="1373" HPOS="245"/>
							<String ID="string_167" HPOS="266" VPOS="1373" WIDTH="58" HEIGHT="23" WC="0.96" CONTENT="enligt"/><SP WIDTH="17" VPOS="1373" HPOS="324"/>
							<String ID="string_168" HPOS="341" VPOS="1373" WIDTH="107" HEIGHT="23" WC="0.92" CONTENT="Kejserliga"/><SP WIDTH="20" VPOS="1373" HPOS="448"/>
							<String ID="string_169" HPOS="468" VPOS="1373" WIDTH="91" HEIGHT="18" WC="0.92" CONTENT="Senatens"/>
						</TextLine>
					</TextBlock>
					<TextBlock ID="block_13" HPOS="169" VPOS="1407" WIDTH="527" HEIGHT="19">
						<TextLine ID="line_25" HPOS="169" VPOS="1407" WIDTH="527" HEIGHT="19">
							<String ID="string_170" HPOS="169" VPOS="1408" WIDTH="62" HEIGHT="18" WC="0.96" CONTENT="beslut"/><SP WIDTH="12" VPOS="1408" HPOS="231"/>
							<String ID="string_171" HPOS="243" VPOS="1408" WIDTH="36" HEIGHT="18" WC="0.96" CONTENT="den"/><SP WIDTH="12" VPOS="1408" HPOS="279"/>
							<String ID="string_172" HPOS="291" VPOS="1408" WIDTH="22" HEIGHT="17" WC="0.96" CONTENT="27"/><SP WIDTH="12" VPOS="1408" HPOS="313"/>
							<String ID="string_173" HPOS="325" VPOS="1407" WIDTH="79" HEIGHT="18" WC="0.96" CONTENT="Januari"/><SP WIDTH="15" VPOS="1407" HPOS="404"/>
							<String ID="string_174" HPOS="419" VPOS="1408" WIDTH="54" HEIGHT="17" WC="0.92" CONTENT="1896."/><SP WIDTH="24" VPOS="1408" HPOS="473"/>
							<String ID="string_175" HPOS="497" VPOS="1420" WIDTH="5" HEIGHT="5" WC="0.83" CONTENT="."/><SP WIDTH="25" VPOS="1420" HPOS="502"/>
							<String ID="string_176" HPOS="527" VPOS="1421" WIDTH="3" HEIGHT="4" WC="0.91" CONTENT="."/><SP WIDTH="26" VPOS="1421" HPOS="530"/>
							<String ID="string_177" HPOS="556" VPOS="1420" WIDTH="4" HEIGHT="5" WC="0.91" CONTENT="."/><SP WIDTH="63" VPOS="1420" HPOS="560"/>
							<String ID="string_178" HPOS="623" VPOS="1408" WIDTH="39" HEIGHT="16" WC="0.91" CONTENT="450:"/><SP WIDTH="12" VPOS="1408" HPOS="662"/>
							<String ID="string_179" HPOS="674" VPOS="1417" WIDTH="22" HEIGHT="3" WC="0.91" CONTENT="—"/>
						</TextLine>
					</TextBlock>
				</ComposedBlock>
				<ComposedBlock ID="cblock_7" HPOS="456" VPOS="1448" WIDTH="413" HEIGHT="22">
					<TextBlock ID="block_14" HPOS="456" VPOS="1448" WIDTH="413" HEIGHT="22">
						<TextLine ID="line_26" HPOS="456" VPOS="1448" WIDTH="413" HEIGHT="22">
							<String ID="string_180" HPOS="456" VPOS="1448" WIDTH="104" HEIGHT="22" WC="0.96" CONTENT="Transport"/><SP WIDTH="45" VPOS="1448" HPOS="560"/>
							<String ID="string_181" HPOS="605" VPOS="1448" WIDTH="57" HEIGHT="21" WC="0.93" CONTENT="5,400:"/><SP WIDTH="13" VPOS="1448" HPOS="662"/>
							<String ID="string_182" HPOS="675" VPOS="1457" WIDTH="22" HEIGHT="3" WC="0.92" CONTENT="—"/><SP WIDTH="86" VPOS="1457" HPOS="697"/>
							<String ID="string_183" HPOS="783" VPOS="1448" WIDTH="52" HEIGHT="21" WC="0.52" CONTENT="6,000]"/><SP WIDTH="12" VPOS="1448" HPOS="835"/>
							<String ID="string_184" HPOS="847" VPOS="1456" WIDTH="22" HEIGHT="3" WC="0.92" CONTENT="—"/>
						</TextLine>
					</TextBlock>
				</ComposedBlock>
				<GraphicalElement ID="cblock_8" HPOS="122" VPOS="530" WIDTH="7" HEIGHT="940"></GraphicalElement >
				<GraphicalElement ID="cblock_9" HPOS="834" VPOS="527" WIDTH="7" HEIGHT="943"></GraphicalElement >
				<GraphicalElement ID="cblock_10" HPOS="875" VPOS="529" WIDTH="7" HEIGHT="940"></GraphicalElement >
				<GraphicalElement ID="cblock_11" HPOS="709" VPOS="532" WIDTH="7" HEIGHT="938"></GraphicalElement >
			</PrintSpace>
		</Page>
	</Layout>
</alto>
