1092 1773
258 118 38 18 194
590 116 24 22 II

225 178 90 21 elektor
330 178 37 22 för
383 178 72 29 sagda
470 179 122 28 kommun;
609 179 61 22 dock
685 187 50 14 som
750 180 122 28 utgängen
889 180 26 21 af
928 180 57 21 ifrä-

224 220 134 27 gavarande
380 220 259 29 landtdagsmannaval,
662 220 100 22 hvarvid
780 220 146 22 Konstantin
941 222 43 20 Pe-

225 259 50 21 sola
297 262 75 19 röstat
388 261 13 21 ä
416 260 79 22 Johan
510 260 134 28 Härkönen,
665 261 71 21 äfven
752 267 36 15 om
805 268 79 14 annan
899 268 84 21 person

205 311 3 3 +
224 300 7 20 i
247 299 80 21 stället
349 300 38 22 för
408 300 85 22 Pesola
515 300 50 22 deri
588 300 61 28 tagit
672 300 44 28 del,
732 300 52 22 icke
800 300 76 22 skulle
892 300 91 22 utfallit

225 340 146 22 annorlunda
387 344 29 18 än
432 340 129 22 emellertid
578 340 68 28 skett,
663 340 114 29 pröfvade
792 340 134 29 Kejserliga
943 340 39 22 Se-

223 382 72 20 naten
317 381 95 21 rättvist
433 382 30 27 pä
486 380 64 23 detta
574 381 44 22 och
633 381 77 29 öfriga
726 381 26 21 af
766 384 147 26 guvernören
929 381 54 21 äbe-

223 421 87 28 ropade
327 421 50 21 skäl
386 421 55 21 -låta
456 421 114 22 förblifva
585 421 41 21 vid
642 421 39 22 det
693 422 53 27 slut,
758 421 65 22 hvari
834 425 148 25 guvernören

223 468 85 21 genom
324 462 171 21 ofvanberörda
511 462 78 28 utslag
604 462 8 20 i
628 462 73 21 saken
716 464 101 19 stannat.

295 622 76 22 Sedan
394 622 38 22 val
456 623 26 21 af
495 623 182 28 landtdagsman
693 624 37 20 för
745 622 155 28 Kronoborgs
916 622 64 22 dom-

223 670 58 22 saga
303 663 46 21 den
373 665 25 20 26
423 664 136 28 September
577 666 53 20 1893
645 664 65 21 inför
725 662 176 23 vederbörande
916 662 64 22 dom-

221 703 120 22 hafvande
357 704 105 28 anstälts,
479 704 81 22 dervid
576 704 247 28 tidningsredaktören
839 704 72 20 Ernst
925 703 56 21 Ivar

221 744 80 27 Roini,
317 744 53 20 frän
385 744 112 28 Wiborgs
513 744 59 28 stad,
592 744 113 21 tilldelats
721 744 38 21 nio
776 744 44 21 och
836 743 143 29 orgelnisten

221 784 7 20 i
245 783 167 22 Jaakimvaara
431 784 139 28 församling
586 784 72 21 Ernst
674 783 73 22 Zinck
763 784 50 20 ätta
828 785 75 19 röster
919 784 60 20 samt

222 823 7 21 i
245 823 62 29 följd
322 824 71 21 häraf
405 824 72 22 Roini
493 824 127 22 förklarats
635 831 56 14 vara
707 823 137 29 fullmäktig
859 824 37 20 för
906 823 74 28 sagda

221 863 118 29 domsaga,
363 864 99 21 anförde
484 864 93 21 bonden
599 864 63 29 Filip
678 863 132 28 Haikonen,
826 863 55 21 från
896 863 83 21 Sorola

220 903 32 28 by
268 903 9 21 i
292 903 72 29 sagda
380 903 92 29 socken,
488 903 42 22 hos
545 907 148 26 guvernören
703 904 9 21 i
722 903 111 28 Wiborgs
844 903 40 21 län
895 903 83 22 besvär

221 943 67 22 öfver
303 944 102 21 nämnda
419 944 39 21 val
474 944 43 21 och
527 944 88 29 yrkade
626 943 167 29 upphäfvande
805 943 26 22 af
840 943 137 28 detsamma,

219 983 173 22 framhållande
408 984 8 21 i
431 984 84 22 sådant
539 984 109 21 afseende
672 986 40 26 att,
737 983 74 22 ehuru
834 983 143 28 orgelnisten

219 1023 76 22 Zinck
317 1023 82 22 blifvit
421 1024 85 21 utsedd
521 1024 37 21 till
574 1024 90 21 elektor
678 1024 38 21 för
731 1023 167 22 Jaakimvaara
913 1023 64 22 kom-

219 1071 62 21 mun,
306 1064 152 21 arrendatorn
481 1064 77 22 Johan
577 1065 125 21 Pärssinen
718 1064 74 21 likväl
807 1063 95 22 tillåtits
918 1065 35 20 att
969 1063 8 21 i

219 1104 118 28 egenskap
362 1104 26 21 af
409 1104 124 29 suppleant
554 1105 38 21 för
614 1104 74 22 Zinck
703 1106 57 26 taga
775 1104 60 21 del
830 1099 15 38 i
852 1103 124 21 omordade

217 1144 262 29 landtdagsmannaval.

287 1184 250 22 Guvernörsembetets
553 1185 77 29 utslag
646 1185 8 21 i
670 1184 97 22 ärendet
782 1184 53 28 gafs
852 1184 45 21 den
913 1186 11 20 7
935 1184 40 28 på-

217 1224 107 28 följande
339 1224 110 28 Oktober,
467 1224 43 22 och
524 1225 94 29 yttrade
629 1225 36 29 sig
675 1224 233 29 guvernörsembetet
919 1224 56 28 deri,

217 1266 36 19 att
275 1265 234 27 guvernörsembetet
523 1265 39 22 väl
578 1265 80 21 funnit
672 1264 182 29 ifrågavarande
869 1264 39 22 val
923 1264 52 21 icke

216 1304 74 22 hafva
305 1304 8 21 i
329 1304 158 22 föreskrifven
497 1305 101 29 ordning
608 1305 134 29 försiggått,
754 1308 56 18 enär
837 1304 62 22 Johan
908 1304 68 22 Pärs-

215 1344 74 28 sinen,
306 1344 8 21 i
330 1344 59 22 strid
407 1347 62 19 emot
485 1345 141 29 stadgandet
640 1345 8 21 i
664 1347 13 25 $
696 1347 24 19 13
743 1345 27 21 af
782 1344 193 28 Landtdagsord-

215 1384 90 29 ningen
321 1384 27 22 af
366 1384 45 22 den
429 1386 24 21 15
470 1385 67 29 April
555 1388 60 26 1869,
631 1385 94 22 tillätits
742 1387 34 19 att
792 1384 83 22 dervid
890 1384 83 22 utöfva

213 1424 96 29 valrätt,
327 1424 97 22 oaktadt
443 1425 48 21 han
506 1425 20 29 ej
542 1425 82 22 blifvit
639 1426 27 21 af
679 1426 79 28 nägon
773 1425 37 21 till
821 1424 153 29 Kronoborgs
