1092 1731
483 109 24 21 I
804 111 39 19 203

182 171 42 22 Uti
239 174 161 25 guvernörens
415 171 79 28 utslag
505 171 67 21 sökte
583 166 152 27 handlanden
745 172 74 20 Milan
830 171 44 21 och

114 211 58 21 kans
194 211 134 29 medparter
348 218 37 14 om
402 211 100 29 ändring
517 212 9 20 i
541 211 136 29 Kejserliga
693 211 108 29 Senaten,
817 218 57 22 upp-

114 251 113 28 gifvande
238 252 82 21 dervid
330 251 73 22 bland
414 253 78 27 annat,
505 253 35 20 att
548 252 199 21 kommerserädet
753 251 121 22 Ahlström

117 290 60 22 hade
200 292 42 21 sitt
263 292 31 21 bo
310 292 44 21 och
370 292 102 22 hemvist
487 292 13 21 å
515 292 142 22 Norrmarks
673 292 72 21 bruks
761 292 113 28 egendom

115 331 9 21 i
138 332 140 21 Norrmarks
295 332 92 28 socken,
400 340 37 14 om
448 332 46 21 han
506 336 30 17 än
548 332 144 28 obehörigen
703 332 172 21 skattskrifvits

115 371 9 21 i
139 371 153 29 Björneborg.

184 411 46 21 Vid
256 412 108 21 ärendets
392 412 171 28 föredragning
586 412 8 21 i
616 412 134 28 Kejserliga
773 412 102 21 Senaten

118 452 92 28 yppade
226 452 36 28 sig
278 452 62 21 olika
356 452 124 28 meningar
495 452 66 21 såväl
580 452 86 28 derom,
677 452 116 21 huruvida
804 451 72 21 saken

118 492 74 21 skulle
208 492 27 21 af
249 492 101 21 Senaten
366 492 38 21 till
420 492 135 22 omedelbar
569 492 114 29 pröfning
693 495 116 26 upptagas
821 492 55 21 eller

117 532 27 29 ej,
161 540 49 14 som
225 532 148 22 beträffande
390 532 86 29 sjelfva
491 532 172 22 hufvudsaken.

186 573 91 21 Trenne
292 572 129 22 ledamöter
436 572 56 22 ville
507 573 119 28 nemligen
642 573 72 21 hafva
730 576 147 26 guvernören

117 612 8 21 i
147 612 105 29 Nylands
283 612 39 22 län
348 612 124 22 anbefaldt
494 615 35 19 att
553 613 103 21 affordra
678 612 209 26 kommerserådet.

117 652 121 21 Ahlström
254 652 97 29 uppgift
366 653 86 27 derom,
468 652 96 22 hvarest
579 653 46 21 han
642 660 55 14 vore
714 653 84 21 bosatt.

187 693 38 21 En
243 693 103 21 ledamot
361 693 61 21 utlät
438 693 36 28 sig
490 694 50 20 äter
557 695 40 27 att,
614 694 98 20 emedan
727 692 150 22 handlanden

118 732 73 22 Milan
215 733 44 21 och
281 733 59 21 hans
363 733 133 29 medparter
517 733 38 22 till
571 734 77 28 grund
664 734 38 20 för
717 734 42 21 sitt
773 732 105 30 yrkande

120 780 37 14 om
180 773 168 29 upphäfvande
371 774 26 21 af
418 774 199 21 kommerserädet
639 774 133 22 Ahlströms
787 774 39 21 val
841 772 38 22 till

118 813 181 28 landtdagsman
326 814 37 20 för
389 814 160 28 Björneborgs
575 814 53 21 stad
650 814 41 21 vid
713 814 165 28 ifrägakomna

118 853 115 29 landtdag
258 854 88 28 pästätt
372 856 36 19 att
432 854 116 28 Ahlstöm,
575 854 74 21 ehuru
675 854 170 21 skattskrifven
870 852 9 22 i

118 893 153 29 Björneborg,
288 894 60 22 hade
364 894 42 21 sitt
421 894 30 22 bo
468 894 44 22 och
522 894 103 22 hemvist
639 895 4 21 i
654 894 129 22 Norrmark
793 894 86 21 socken

119 934 43 21 och
188 934 151 29 följaktligen
364 934 51 22 icke
442 942 55 14 vore
520 934 83 22 valbar
625 934 39 22 till
686 936 162 27 representant
871 933 8 21 i

119 974 205 28 Borgareständet,
339 982 54 14 men
409 975 143 28 pröfningen
568 975 30 28 af,
608 975 97 21 hvilken
721 977 36 19 -ort
767 975 38 21 för
815 974 64 22 kom-

118 1015 143 22 merserädet
282 1016 133 21 Ahlströms
439 1017 62 20 rätta
524 1016 103 21 hemvist
650 1015 72 22 borde
738 1023 73 20 anses,
827 1014 52 22 icke

120 1055 84 22 ankom
228 1056 13 20 å
264 1056 134 28 Kejserliga
421 1056 115 21 Senatens
559 1056 261 28 Justitiedepartement
836 1055 43 21 och

119 1096 132 22 Ahlströms
270 1096 125 22 valbarhet
410 1096 51 22 icke
477 1096 80 21 kunde
572 1096 118 28 bedömas,
706 1096 73 22 innan
795 1096 85 28 frägan

120 1144 38 14 om
180 1136 58 22 hans
262 1138 62 20 rätta
346 1136 102 22 hemvist
470 1136 83 22 blifvit
575 1136 113 28 slutligen
707 1136 100 29 afgjord,
823 1135 57 22 ville

120 1176 106 22 bemälde
251 1176 103 22 ledamot
380 1177 99 21 för:sin
506 1177 38 21 del
570 1178 8 20 i
601 1177 146 21 sistnämnda
769 1176 110 22 afseende

119 1224 85 22 genom
219 1217 217 28 protokollsutdrag
452 1217 145 22 öfverlemna
613 1217 173 29 handlingarna
796 1217 9 21 i
816 1220 65 18 ären-

120 1257 40 21 det
174 1257 37 21 till
227 1257 134 29 Kejserliga
377 1257 115 21 Senatens
502 1257 300 29 Ekonomiedepartement,
813 1256 68 22 hvar-

122 1298 66 27 efter,
212 1298 44 21 och
279 1298 71 21 sedan
374 1298 52 21 dess
449 1298 124 21 utlätande
596 1298 8 21 i
624 1298 77 21 denna
716 1297 38 22 del
769 1298 27 20 af
810 1297 71 21 saken

120 1338 100 28 erfarits,
237 1338 79 22 vidare
332 1338 85 28 åtgärd
432 1338 8 22 i
456 1338 98 22 ärendet
569 1338 92 22 komme
677 1340 35 20 att
728 1338 64 28 följa.

190 1379 46 21 Sex
258 1379 129 21 ledamöter
404 1380 87 27 ansägo
508 1380 36 27 sig
561 1379 130 22 emellertid
707 1379 80 21 kunna
802 1379 56 27 ingä
873 1378 8 21 i

120 1419 113 28 pröfning
257 1419 26 21 af
304 1419 78 28 saken,
407 1419 111 22 hvarföre
542 1420 136 20 densamma
701 1420 26 20 af
748 1418 134 30 Kejserliga

121 1460 102 22 Senaten
237 1459 88 28 jemväl
342 1459 112 29 slutligen
470 1460 127 28 afgjordes.
