1098 1761
395 136 29 23 U.
440 136 28 22 B.
528 133 99 35 XXXIV.
879 137 12 19 7

135 200 67 21 rörda
227 200 85 26 förslag
337 199 113 21 framstält
479 201 84 19 tvänne
589 199 90 21 mindre
705 199 186 28 anmärkningar,

135 234 79 21 hvilka
236 234 67 21 äfven
326 234 7 20 i
354 234 136 21 berättelsen
513 233 100 22 beröras.
645 233 9 20 I
676 233 107 22 afseende
802 234 13 20 ä
830 234 62 21 tiden

135 269 34 20 för
190 268 185 27 öppenhällande
394 268 25 20 af
431 268 107 21 bankens
558 267 214 27 afdelningskontor
787 268 35 21 för
837 270 56 19 mot-

136 302 97 26 tagande
259 302 25 20 af
304 302 152 26 insättningar
477 302 14 20 ä
507 302 148 20 statsvärkets
671 302 99 26 räkning
785 302 108 21 framhöll

136 336 134 21 förenämda
293 336 85 21 komité
401 336 7 20 i
432 336 35 21 sin
489 336 142 26 motivering,
654 338 38 24 att,
711 336 85 21 medan
811 336 28 21 de
855 336 38 20 all-

136 372 85 19 männa
243 370 156 21 kassavärken
417 370 125 28 lämpligen
561 370 71 21 borde
647 376 56 15 vara
718 370 35 21 för
769 370 124 21 allmänhe-

136 407 37 18 ten
193 404 138 27 tillgängliga
353 405 84 20 mellan
460 405 29 20 kl.
508 405 24 19 11
551 405 43 20 och
610 405 13 20 2
639 404 30 27 på
685 404 80 27 dagen,
782 404 112 21 kassaför-

136 439 115 20 valtarene
263 439 39 20 vid
316 439 119 20 desamma
450 439 98 22 därefter
564 439 44 20 och
623 438 62 21 ända
700 439 33 20 till
750 439 30 21 kl.
797 440 12 20 3
823 438 70 21 borde

136 473 95 21 beredas
246 473 88 20 tillfälle
350 475 32 18 att
397 473 42 21 hos
455 473 93 20 banken
565 473 83 20 insätta
664 473 229 27 öfverskottsbelopp,

138 514 49 14 som
211 507 18 28 ej
254 507 59 26 finge
334 507 34 21 till
384 507 100 27 följande
500 507 45 27 dag
561 507 42 21 hos
619 507 150 21 kassavärket
785 507 108 22 förvaras.

138 542 109 21 Häremot
270 541 90 21 anföres
383 548 31 13 nu
438 542 25 20 af
484 541 157 27 Direktionen,
664 544 32 18 att
718 549 29 14 en
766 542 72 21 sådan
858 542 37 21 be-

138 576 115 26 stämning
274 576 92 20 komme
389 578 33 18 att
441 576 39 20 vid
500 576 249 26 afdelningskontoren,
766 577 79 20 hvilka
860 577 35 20 för

137 610 143 21 närvarande
301 611 91 25 stängas
412 610 29 20 kl.
464 611 20 25 2,
502 610 103 20 medföra
621 616 27 14 en
671 610 49 20 icke
741 610 71 27 ringa,
828 610 44 21 och
888 610 7 20 i

138 644 27 20 de
188 644 46 26 fall,
257 644 30 20 då
310 644 152 26 insättningar
483 644 19 27 ej
527 644 47 26 ske,
597 644 86 26 onödig
705 644 146 27 förlängning
873 644 25 20 af

137 678 152 27 tjänstetiden.
327 678 168 27 Befogenheten
519 678 25 21 af
569 678 76 21 denna
671 678 155 27 anmärkning
856 678 39 21 vill

139 712 113 21 Utskottet
272 712 50 21 icke
343 712 107 27 bestrida,
472 720 54 14 men
550 712 122 27 förmenar,
690 715 32 18 att
737 712 98 22 berörda
851 713 45 21 olä-

138 747 82 26 genhet
239 746 114 27 lätteligen
372 747 78 21 kunde
469 747 123 27 undvikas,
608 754 39 14 om
663 747 232 21 öfverenskommelse

138 780 107 22 träffades
261 781 96 26 därhän,
373 783 32 19 att
420 781 7 20 i
444 781 28 21 de
488 781 168 27 jämförelsevis
675 781 23 21 få
714 781 46 26 fall,
776 781 30 21 då
821 781 28 21 de
857 781 39 21 all-

139 816 86 20 männa
240 815 155 21 kassavärken
412 815 6 21 i
437 815 134 21 landsorten
587 815 63 21 finna
667 816 33 26 sig
715 815 134 21 nödsakade
865 817 32 19 att

138 850 54 26 göra
207 849 151 27 insättningar
373 850 43 20 hos
432 850 101 26 banken,
549 849 28 21 de
594 849 70 21 borde
680 850 47 20 före
743 850 30 20 kl.
791 850 12 20 2
815 850 81 20 därom

138 883 132 21 underrätta
294 883 105 21 bankens
418 883 84 21 kontor
518 884 44 20 och
579 883 25 21 så
619 885 64 19 snart
698 890 51 14 som
765 883 88 28 möjligt
868 883 29 21 ef-

138 919 34 19 ter
186 917 86 21 nämda
287 917 91 27 timslag
393 918 126 21 värkställa
530 917 161 27 insättningen.

208 952 49 20 Den
279 951 73 21 andra
371 952 186 27 anmärkningen
576 953 26 20 är
619 952 120 21 föranledd
767 952 72 26 däraf,
866 953 32 19 att

139 985 102 22 komitén
260 985 7 21 i
286 985 38 21 sitt
339 986 84 27 förslag
438 986 34 21 till
488 987 137 26 kungörelse
642 986 7 20 i
664 987 79 20 ämnet
757 986 61 27 ålagt
834 988 63 19 stats-

139 1020 106 21 kontoret
260 1022 32 19 att
310 1020 139 21 kontrollera
464 1020 28 21 de
509 1023 120 24 rapporter
644 1020 118 27 angående
777 1020 120 21 insättnin-

140 1059 39 21 gar
201 1055 44 20 och
268 1054 145 27 uttagningar
433 1055 13 20 å
471 1061 57 21 upp-
546 1055 45 20 och
613 1055 284 26 afskrifningsräkningen,

140 1088 79 21 hvilka
241 1088 69 27 enligt
331 1089 70 26 sagda
417 1089 85 26 förslag
517 1089 57 20 böra
589 1089 26 20 af
627 1089 28 20 de
671 1089 75 21 skilda
761 1089 87 20 värken
863 1088 36 21 för

140 1122 78 27 hvarje
240 1123 72 20 vecka
331 1123 34 20 till
381 1123 164 21 statskontoret
561 1123 116 26 insändas,
697 1129 83 20 genom
796 1125 33 18 att
840 1122 58 27 jäm-

140 1156 49 20 föra
210 1156 119 21 desamma
352 1157 52 21 med
424 1157 28 21 de
477 1157 115 27 uppgifter
613 1157 63 21 öfver
700 1157 105 26 samtliga
826 1159 73 18 trans-

141 1190 104 21 aktioner
274 1190 30 28 pä
332 1190 76 22 denna
436 1191 99 27 räkning
557 1191 39 21 vid
617 1191 105 21 bankens
742 1191 45 21 alla
808 1191 90 26 kontor,

141 1231 50 14 som
210 1225 162 21 statskontoret
390 1225 36 21 för
447 1232 90 14 samma
559 1225 150 27 tidsperioder
731 1226 59 26 finge
809 1225 25 21 af
848 1224 51 21 Fin-

140 1258 68 22 lands
235 1259 66 21 Bank
328 1261 106 25 mottaga.
474 1260 111 20 Häremot
611 1260 43 20 har
679 1260 43 20 hos
745 1259 154 21 bankförvalt-

140 1292 85 28 ningen
246 1293 44 21 den
312 1293 135 27 principiela
469 1293 157 27 betänklighet
648 1293 59 27 gjort
729 1294 34 26 sig
786 1292 113 28 gällande,

141 1329 32 19 att
200 1329 30 19 ett
253 1327 74 27 dylikt
356 1327 126 27 stadgande
504 1328 113 20 innebure
639 1330 31 18 ett
692 1327 207 27 reglementerande

140 1361 8 20 i
178 1361 106 21 afseende
312 1362 13 20 ä
353 1362 112 20 Finlands
490 1362 74 26 Bank,
588 1362 87 20 hvilket
695 1362 50 21 icke
767 1362 71 21 borde
859 1366 41 22 ega

140 1401 53 15 rum
221 1401 83 21 genom
332 1402 28 14 en
383 1396 7 20 i
418 1396 171 21 administrativ
611 1397 42 25 väg
675 1396 146 21 tillkommen
843 1396 57 20 kun-

140 1430 93 26 görelse,
256 1430 44 20 och
327 1430 42 20 har
394 1430 26 20 af
443 1430 106 21 bankens
576 1430 158 27 myndigheter
755 1429 145 27 framhällits,

210 1474 144 18 Bankuitskottets
367 1474 111 18 betänkande
490 1475 39 17 N:o
541 1475 19 17 2.
