1095 1753
467 109 25 22 HI
806 113 25 20 35

101 171 157 21 befordrande
281 171 38 21 till
342 179 90 21 ansvar,
454 179 49 14 som
518 173 47 21 han
581 173 61 21 dock
658 174 130 23 sedermera
802 175 59 22 nöd-

101 213 53 26 gats
169 211 104 28 vidtaga,
290 212 58 21 fann
364 212 205 22 advokatfiskalen
586 215 35 19 att
636 213 40 22 det
695 214 4 21 i
714 215 145 22 memorialet

102 251 122 22 anmärkta
244 252 136 29 dröjsmälet
397 253 86 21 vällats
503 253 211 29 hufvudsakligast
732 255 26 20 af
772 257 88 20 senats-

101 291 155 28 registratorn
283 292 34 28 G.,
345 292 97 21 hvilken
466 293 75 28 enligt
565 293 114 22 Senatens
702 294 157 23 förordnande

101 331 117 22 handhaft
241 332 306 22 landskamrerareembetet
569 333 8 21 i
600 333 64 21 länet
689 335 63 20 intill
772 336 44 20 den
833 337 27 19 20

102 372 50 21 Juli
177 372 44 21 och
232 372 22 28 ii
280 372 73 22 sådan
375 373 119 28 egenskap
517 374 14 21 ä
550 374 170 28 länestyrelsen
736 376 124 27 emottagit

103 412 112 21 Senatens
231 412 79 28 utslag
326 412 44 22 och
385 413 175 29 handlingarna
575 414 8 21 i
599 414 77 28 mälet,
693 422 53 14 men
758 415 103 22 derefter

102 452 51 21 icke
176 452 101 29 tillgjort
300 453 73 27 nägot
390 453 9 21 i
415 453 78 28 saken,
510 456 61 19 samt
584 453 88 29 jemväl
688 454 26 21 af
727 454 133 22 landskam-

102 500 99 21 reraren,
224 494 173 21 kammarrädet
419 494 44 27 W.,
487 494 46 21 den
559 494 41 21 der
623 494 127 27 såtillvida;
765 495 95 21 förfarit

103 534 98 28 oriktigt
224 536 40 24 att
281 534 48 21 han
353 534 60 22 efter
436 534 41 22 sitt
499 534 106 22 tillträde
625 535 27 21 af
665 534 102 29 tjensten
783 536 77 22 öfver-

102 576 88 21 lemnat
205 582 88 14 samma
303 574 78 28 utslag
393 574 44 22 och
448 574 143 29 handlingar
601 575 37 21 till
649 575 210 22 länebokhällaren

102 616 41 27 F.,'
159 614 97 23 oaktadt
284 614 83 21 sakens
390 614 164 23 beskaffenhet
577 615 52 22 icke
651 616 106 28 påkallat
779 616 79 28 någon

103 656 89 28 åtgärd,
216 656 121 22 äfvensom
359 655 7 21 i
389 655 90 22 mindre
499 651 44 37 män
561 656 32 21 af
609 656 207 21 länebokhällaren
831 656 28 21 F.

103 697 43 21 och
161 696 281 22 vicelandssekreteraren
456 696 37 27 H.,
511 696 26 20 af
548 695 82 21 hvilka
641 696 45 20 den
697 696 161 21 förstnämnde

102 736 58 28 icke,
176 736 30 28 pä
225 738 47 19 sätt
287 735 74 22 likväl
377 735 40 21 ske
433 735 59 28 bort,
509 738 84 25 genast
609 736 60 21 efter
684 738 72 26 tagen
771 736 87 21 känne-

103 776 53 22 dom
182 783 38 14 om
242 775 291 29 Kammarexpeditionens
557 776 161 27 oftanämnda
734 776 123 22 skrifvelse

103 816 87 21 lemnat
204 816 64 21 ifrän
284 816 36 28 sig
329 815 180 28 handlingarna,
521 815 45 21 och
576 816 281 22 vicelandssekreteraren

101 857 30 21 H.
155 856 128 22 underlätit
310 858 41 26 att,
374 856 61 21 efter
462 856 105 21 erhällen
589 856 108 28 kunskap
722 857 79 21 derom
824 858 35 19 att

103 897 87 21 anstalt
212 896 52 22 icke
286 896 79 28 fogats
389 904 37 14 om
442 896 59 22 ätals
519 896 147 22 anställande
683 899 62 19 emot
759 897 33 28 F.,
808 896 52 22 vid-

102 940 56 25 taga
175 937 79 28 nägon
272 936 84 29 ätgärd
375 936 9 21 i
399 936 129 28 anledning
545 936 72 29 deraf,
633 937 98 22 hvarför
747 937 112 21 advokat-

102 977 104 27 fiskalen,
222 976 53 21 med
290 976 146 28 frängäende
452 976 26 22 af
491 976 74 22 ätalet
581 978 62 20 emot
658 976 199 22 landskanslisten

101 1018 26 21 P.
143 1018 43 21 och
201 1017 74 21 under
291 1017 176 21 äterhemtande
483 1017 26 21 af
524 1017 41 21 sitt
581 1019 62 19 emot
658 1017 200 29 generalmajoren

102 1057 27 22 G.
152 1057 84 29 gjorda
257 1057 133 29 påstående,
414 1057 89 28 yrkade
523 1059 35 19 att
574 1058 232 27 senatsregistratorn
822 1057 36 27 G.,

101 1097 172 22 kammarrådet
288 1097 43 28 W.,
347 1097 210 22 länebokhållaren
567 1097 26 22 F.
605 1097 44 22 och
659 1097 199 22 vicelandssekre-

102 1141 91 18 teraren
208 1138 28 21 H.
253 1138 72 21 måtte
341 1138 37 21 för
393 1137 65 22 hvad
469 1137 70 22 dem
527 1133 16 38 i
551 1137 96 22 anfördt
658 1138 72 21 måtto
743 1137 113 22 stannade

102 1179 37 21 till
154 1179 46 21 last
215 1178 70 21 fällas
300 1178 38 21 till
354 1185 85 14 ansvar
454 1178 75 28 enligt
547 1180 24 19 12
589 1179 11 27 $
619 1181 8 18 1
645 1178 53 28 kap.
714 1178 28 21 R.
758 1178 26 21 B.

170 1218 68 22 Efter
261 1218 39 21 det
322 1218 176 22 vederbörande
522 1218 125 21 affordrats
670 1218 159 28 förklaringar
850 1218 10 21 i

102 1259 127 28 anledning
249 1259 27 20 af
289 1258 154 21 förenämnda
457 1258 124 29 yrkanden
597 1258 44 21 och
657 1257 202 22 advokatfiskalen

101 1300 89 21 bemött
213 1299 123 28 desamma,
361 1298 119 29 afgjordes
502 1298 73 21 målet
595 1299 26 20 af
637 1298 120 21 hofrätten
772 1305 85 21 genom

101 1340 85 28 utslag,
203 1347 49 14 som
272 1339 59 21 efter
347 1339 83 28 anslag
445 1339 81 28 utgafs
542 1339 46 21 den
605 1341 25 19 19
646 1338 128 21 December
791 1340 66 25 1893;

101 1381 44 21 och
162 1380 72 29 jemte
256 1379 38 22 det
314 1379 73 22 åtalet
402 1381 63 19 emot
479 1379 174 21 kammarrådet
668 1379 44 28 W.,
728 1378 130 22 vicelands-

101 1421 159 21 sekreteraren
282 1420 29 21 H.
335 1419 44 22 och
398 1419 209 22 länebokhållaren
623 1419 26 21 F.
666 1419 117 21 lemnades
799 1420 58 20 utan
