1092 1800
211 175 13 20 8
361 174 30 23 U.
407 174 28 23 B.
448 188 27 2 —
485 174 28 23 H.
528 174 27 23 F.
568 174 96 23 Antells
679 174 141 28 samlingar.

486 243 94 21 Enhvar
610 243 28 28 af
664 242 158 29 delegationens
853 242 116 21 ledamöter

416 284 48 21 eger
478 279 33 19 att
523 277 36 28 för
574 277 76 28 hvarje
662 277 28 28 af
699 277 83 21 honom
796 276 104 21 bevistadt
910 282 59 15 sam-

416 312 117 21 manträde
556 312 100 27 uppbära
680 313 27 20 ett
724 311 79 22 arvode
815 311 28 28 af
854 311 28 20 25
898 310 70 21 mark.

418 342 77 31 Öfriga
521 345 86 29 utgifter
630 346 121 21 ankomma
775 346 14 21 å
812 344 157 29 delegationens

414 379 109 29 pröfning
539 381 40 20 och
595 380 169 22 bestämmande.

485 415 24 27 4)
525 416 32 19 att
578 415 160 28 delegationens
760 413 100 29 uppdrag
876 413 91 21 bestäm-

416 455 46 14 mes
483 451 32 19 att
533 449 99 28 fortvara
649 449 32 22 till
695 450 110 27 utgången
821 448 28 28 af
860 449 26 20 är
902 448 67 25 1900;

416 485 59 19 samt

486 517 24 28 5)
525 519 33 20 alt
577 518 37 28 för
635 519 53 20 åren
706 519 142 20 1898—1900
863 518 64 21 anslå
943 519 28 20 ett

418 551 76 29 belopp
517 553 28 27 af
558 553 77 25 15,000
656 553 66 20 mark
736 554 32 19 att
782 553 28 27 af
821 552 146 28 delegationen

417 587 58 20 emot
488 586 273 29 redovisningsskyldighet
772 587 116 21 användas
900 587 33 21 till
944 586 25 21 de

419 620 92 28 utgifter,
526 628 46 14 som
589 622 28 27 af
628 622 46 21 dess
690 622 100 28 uppdrag
804 622 131 28 föranledas.

281 693 9 20 I
309 693 110 22 händelse
441 695 67 22 dessa
529 695 84 28 förslag
628 696 70 21 vinna
714 696 139 21 Ständernas
868 695 101 28 godkän-

211 727 76 22 nande

487 793 58 21 torde
558 793 8 22 i
576 794 153 27 underdäning
739 793 110 28 skrifvelse
859 793 40 21 hos
907 793 63 21 Hans

417 827 116 28 Kejserliga
548 828 102 28 Majestät
662 829 79 21 härom
757 829 109 20 anmälas.

281 957 9 20 I
306 957 72 22 likhet
400 958 53 21 med
469 959 163 27 Delegationen
647 959 75 22 finner
737 959 113 22 Utskottet
866 961 31 19 att
913 965 53 15 man

211 991 73 21 måste
306 998 54 15 vara
376 992 85 21 beredd
480 993 79 28 därpå,
575 996 32 19 att
622 994 263 27 Ateneum-byggnaden,
901 994 66 21 äfven

211 1032 39 14 om
267 1025 44 21 den
326 1026 45 21 blir
385 1032 84 21 genom
483 1027 142 28 tillbyggnad
640 1028 120 27 förstorad,
776 1028 70 21 redan
858 1028 6 21 i
876 1035 27 14 en
915 1035 53 14 snar

211 1059 93 22 framtid
325 1061 59 20 skall
405 1068 56 14 vara
483 1062 136 27 otillräcklig
641 1063 36 21 för
695 1063 45 20 alla
756 1062 28 21 de
799 1062 109 21 ändamål
923 1062 45 21 den

211 1095 26 19 är
256 1094 80 21 afsedd
351 1097 33 19 att
398 1095 98 28 betjäna.
528 1097 33 20 De
576 1097 130 27 betydande
721 1097 79 27 inköp,
816 1103 51 14 som
883 1097 85 26 årligen

211 1127 66 22 skola
288 1134 40 21 ega
340 1136 52 14 rum
403 1129 36 21 för
452 1130 173 27 Rosenbergska
635 1131 97 21 fondens
743 1130 146 27 räntemedel,
903 1130 65 21 skola

211 1162 103 21 medföra
329 1169 29 15 en
374 1163 74 27 stadig
464 1164 43 21 och
523 1164 103 28 ansenlig
642 1165 122 27 förökning
780 1164 25 21 af
813 1164 27 21 de
851 1164 117 21 Antellska

211 1196 162 27 samlingarna.
404 1198 50 21 Den
477 1198 121 28 glädjande
620 1199 137 27 utveckling,
782 1205 50 15 som
854 1198 44 28 röjt
913 1198 55 27 sig
957 1192 15 38 i

211 1230 50 21 vårt
283 1231 55 21 land
360 1232 31 27 på
412 1232 27 21 de
463 1233 73 21 sköna
558 1233 137 22 konsternas
718 1233 94 22 område
834 1233 44 21 och
894 1233 74 26 vigten

209 1264 74 28 däraf,
299 1268 32 19 att
345 1266 68 21 äfven
429 1267 124 21 utländska
569 1267 125 22 konstverk
709 1267 39 21 må
763 1267 80 20 kunna
855 1267 34 21 till
902 1267 67 20 främ-

208 1298 71 27 jande
301 1299 25 21 af
345 1300 158 23 konstsinnets
525 1301 79 27 odling
624 1301 8 21 i
650 1301 77 22 landet
742 1301 118 21 anskaffas
876 1301 43 21 och
935 1301 34 21 för

211 1333 156 22 allmänheten
388 1336 111 27 utställas,
515 1336 56 21 låter
586 1336 85 21 förutse
687 1338 32 19 att
734 1343 28 14 en
779 1335 98 22 särskild
892 1335 77 21 konst-

211 1367 182 28 museibyggnad
416 1372 63 19 snart
494 1375 46 22 nog
555 1370 58 21 skall
629 1370 76 21 finnas
721 1369 105 27 behöflig.
857 1370 50 20 Den
923 1376 46 15 om-

211 1401 167 29 ständigheten,
401 1406 32 19 att
448 1403 45 22 den
508 1404 120 21 tillärnade
643 1404 136 28 byggnaden
795 1404 35 21 för
848 1403 38 22 det
900 1403 69 22 histo-

211 1435 63 22 riska
297 1439 94 26 museet,
415 1438 95 21 oaktadt
531 1439 109 27 beviljadt
662 1439 80 26 anslag
763 1438 34 21 till
822 1438 52 21 dess
889 1438 80 27 uppfö-

211 1470 78 27 rande,
311 1471 50 21 icke
377 1473 63 20 ännu
457 1473 98 21 kommit
569 1473 34 21 till
619 1473 74 27 stånd,
708 1473 59 20 talar
782 1479 92 14 snarare
890 1473 35 20 för
939 1474 30 19 än

281 1516 142 19 Statsutskottets
435 1518 111 18 betänkande
558 1519 37 17 N:o
608 1519 17 17 5.
