1095 1764
227 449 53 32 Till
301 449 134 32 Finlands
456 449 159 41 Höglofliga
636 448 117 32 Ständer

524 524 53 27 från
600 523 134 28 Bestyrelsen
756 523 35 28 för
814 522 56 28 utfö-

523 557 69 22 rande
609 557 26 28 af
650 557 169 28 gafvelgruppen
837 556 33 22 till

529 592 162 23 Ständerhuset.

186 651 72 22 Sedan
274 651 159 27 Delegationen
451 650 35 22 för
501 651 138 26 uppresande
655 649 26 22 af
694 657 26 15 en
736 651 88 21 ärestod
838 649 34 22 till

117 685 121 22 äminnelse
256 685 26 22 af
297 685 255 28 Kejsaren-Storfursten
568 685 126 21 Alexander
709 685 24 21 II
748 691 77 21 genom
845 691 27 14 en

117 719 118 23 skrifvelse
258 719 25 22 af
295 720 128 27 Ständerna,
440 720 140 27 dagtecknad
596 720 41 21 den
653 722 26 19 31
696 719 45 28 Maj
762 721 61 25 1894,
840 725 32 16 er-

115 754 63 21 hällit
198 754 7 22 i
227 755 100 27 uppdrag
351 755 38 27 att,
414 754 76 22 förrän
512 755 42 21 den
573 754 101 27 upplöste
690 754 41 27 sig,
747 753 34 22 för
796 753 76 22 slutfö-

116 790 68 21 rande
206 789 26 22 af
251 789 159 28 Delegationen
430 791 58 20 ännu
503 789 163 22 tillkommande
682 788 79 28 ätgärd
777 789 48 21 med
841 788 32 21 af-

117 825 80 20 seende
220 824 12 22 ä
255 825 158 26 uppsättandet
435 823 25 22 af
480 830 100 21 gruppen
601 824 120 27 ,Arbetet'
741 823 7 22 i
763 823 66 22 brons
845 823 28 27 pä

117 859 285 21 Alexandersmonumentet
424 857 114 23 äfvensom
561 859 142 26 uppgörande
723 858 24 21 af
759 857 114 27 slutligvid

117 893 49 21 med
189 893 130 27 skulptören
342 893 85 21 Walter
442 893 119 27 Runeberg
576 893 41 21 och
632 893 158 27 Aktiebolaget
805 892 69 28 ,Gra-

117 927 47 22 nit"
180 929 57 20 samt
252 927 34 22 för
301 928 148 26 uppsättande
465 927 25 22 af
501 927 107 22 kontrakt
619 928 48 21 med
678 927 129 27 skulptören
817 927 58 21 Emil

117 961 121 22 Wikström
258 962 111 27 angäende
389 961 128 22 utförandet
532 961 25 22 af
570 961 162 23 frontonbilden
748 962 13 21 ä
776 963 99 20 ständer-

119 997 65 21 huset
202 996 7 21 i
228 997 96 27 enlighet
346 997 49 21 med
409 997 55 21 hans
480 996 135 27 prisbelönta
630 996 71 22 eskiss
717 997 40 21 och
773 996 101 22 öfverva-

118 1031 72 21 kande
206 1030 26 22 af
244 1031 61 21 detta
320 1031 76 21 arbete
411 1030 7 22 i
435 1030 227 22 öfverensstämmelse
677 1031 48 21 med
740 1031 135 22 Ständernas

121 1065 147 28 anvisningar,
285 1067 47 20 utse
347 1065 78 27 nödigt
441 1065 60 21 antal
516 1071 106 21 personer
637 1066 40 21 och
693 1065 73 22 dertill
781 1066 48 21 valt
844 1065 31 21 öf-

120 1099 182 22 verintendenten
321 1099 22 22 €.
361 1099 24 22 G.
404 1099 116 27 Sanmark,
536 1099 126 22 arkitekten
677 1099 114 28 professor
810 1100 20 21 C.
849 1099 26 22 G.

121 1133 103 28 Nyström
248 1135 41 20 och
304 1134 128 27 skulptören
449 1133 80 22 Robert
545 1133 74 29 Stigell
634 1134 114 22 äfvensom
763 1135 34 21 till
811 1141 65 20 supp-

118 1169 85 21 leanter
225 1168 113 27 professor
356 1167 58 22 Eliel
433 1167 97 28 Aspelin,
547 1169 126 21 arkitekten
689 1168 46 22 Jac.
751 1168 126 28 Ahrenberg

121 1203 41 21 och
177 1203 107 21 docenten
299 1202 20 21 J.
335 1201 22 22 J.
377 1201 120 28 Tikkanen,
514 1202 98 22 anhäller
626 1203 149 27 Bestyrelsen,
787 1209 46 16 som
844 1203 33 21 till

121 1237 35 21 sin
166 1236 134 22 ordförande
308 1238 68 20 utsett
383 1237 52 21 herr
445 1236 115 29 Sanmark,
572 1239 34 20 att
615 1237 133 22 härmedelst
759 1237 22 22 fä
792 1236 86 28 afgifva

120 1271 120 22 berättelse
256 1278 33 15 om
304 1271 33 22 sin
352 1271 148 22 verksamhet.

187 1306 66 22 Hvad
276 1305 106 22 beträffar
404 1307 42 20 den
470 1306 35 21 del
524 1306 25 21 af
566 1306 153 27 Bestyrelsens
738 1306 138 28 äligganden,

119 1340 89 22 hvilken
227 1341 73 27 gällde
318 1340 148 22 slutförandet
482 1340 25 22 af
520 1341 171 27 Delegationens
707 1342 101 26 uppdrag
823 1341 8 21 i
846 1340 31 22 af-

120 1375 80 21 seende
216 1375 12 21 å
244 1375 292 28 Alexandersmonumentet,
552 1375 41 21 har
608 1375 39 21 allt
663 1375 74 22 blifvit
745 1375 86 22 utfördt
840 1381 37 16 un-

120 1410 39 20 der
182 1409 75 27 loppet
280 1409 25 22 af
325 1409 52 22 åren
402 1411 119 26 1894—95,
540 1409 93 22 sålunda
648 1409 109 28 nämligen
773 1411 33 20 att
821 1409 57 22 sido-

119 1449 98 20 gruppen
234 1444 120 27 .,Arbetet'*
370 1444 7 21 i
393 1444 67 21 brons
477 1445 41 20 den
537 1447 23 18 19
577 1444 114 21 december
704 1446 53 19 1894
768 1444 110 27 uppstälts
