1092 1764
345 132 30 23 U.
390 133 28 22 B.
435 145 28 3 —
478 132 181 22 111-XXXIIL
871 132 11 20 7

337 196 24 21 år
382 197 56 21 1894
452 196 57 21 Fmk
532 197 97 26 348,526:
645 196 33 21 16.

346 246 12 11 »
383 231 55 20 1895
479 247 11 10 ,
532 231 95 26 333,679;
645 231 33 21 71.

346 281 12 10 »
383 266 55 20 1896
478 281 12 10 ,
531 266 96 26 385,32:
644 266 33 20 71.

192 332 34 21 De
248 332 38 22 två
307 333 39 21 sist
367 332 90 22 anförda
477 332 60 22 årens
558 333 111 29 uppgifter
689 335 36 19 äro
740 332 145 22 summariska.

127 366 84 22 Samma
229 367 70 28 afgift,
314 375 44 13 som
372 367 68 21 under
454 367 27 21 de
496 370 83 19 senaste
595 375 37 14 sex
647 367 50 21 åren
711 368 56 21 varit
781 366 104 30 gällande,

126 400 39 22 har
181 409 75 21 genom
277 401 124 29 kungörelse
416 401 23 21 af
454 402 27 20 28
497 402 113 21 december
626 402 55 21 1896
695 402 123 28 ytterligare
833 400 52 22 fast-

128 435 59 21 stälts
208 438 32 18 att
254 436 106 28 uppbäras
374 436 68 21 under
456 436 50 21 ären
522 437 53 21 1897
593 436 40 21 och
649 437 62 25 1898,
726 436 117 28 hvarjämte
855 434 30 22 K.

128 469 90 22 Senaten
238 470 50 21 stält
308 470 8 21 i
334 470 73 27 utsikt,
422 473 32 18 att
468 470 70 29 nägon
551 470 36 22 del
602 470 23 22 af
639 470 191 28 sägningsafgiften
845 469 40 21 och

128 504 138 29 exporttullen
280 504 29 29 pä
322 506 96 20 trävaror
433 504 35 22 för
482 505 115 22 framtiden
611 504 66 22 borde
688 504 107 23 användas
805 504 33 21 till
848 504 37 21 be-

128 538 111 22 fordrande
253 539 23 21 af
290 539 89 21 rationel
394 539 116 28 skogsvård
522 540 8 20 i
539 540 84 28 privata
633 539 82 28 skogar,
727 539 87 22 hvilken
825 538 61 29 fråga

128 580 49 14 vore
199 573 65 21 under
286 573 120 28 beredning.
436 573 74 22 Ehuru
528 574 35 21 väl
581 574 42 21 den
638 573 131 22 omvårdnad
783 573 102 28 styrelsen

128 607 87 21 sålunda
237 609 21 19 är
280 608 74 21 sinnad
376 611 32 18 att
430 610 54 26 ägna
502 608 41 21 den
562 609 85 28 privata
661 608 143 28 skogsvården
819 607 66 21 måste

128 641 70 21 hälsas
212 642 49 21 med
275 642 191 27 tillfredsställelse,
484 650 69 21 synas
571 643 52 21 dock
639 643 24 20 de
679 643 147 27 statsutgifter
838 648 47 15 som

128 675 71 28 häraf
220 676 76 27 kunna
319 677 126 26 förorsakas
467 677 45 21 icke
532 677 53 21 böra
606 677 78 21 ställas
704 677 10 20 i
734 676 103 22 beroende
861 675 28 28 af

128 709 208 29 sågningsafgiften,
355 713 53 19 enär
428 711 104 28 budgeten
550 711 143 28 kompliceras
711 718 35 14 om
769 711 45 21 viss
829 711 57 20 skatt

129 744 91 21 anvisas
241 745 37 27 för
299 745 55 21 visst
374 745 48 28 slag
443 745 29 28 af
490 745 98 28 utgifter,
604 745 153 28 hvarförutom
773 752 27 14 en
815 745 71 20 sådan

130 778 152 22 kombination
297 780 107 20 eventuelt
418 780 72 21 kunde
504 780 105 27 åberopas
624 780 73 21 såsom
712 781 30 20 ett
755 779 80 21 hinder
849 779 37 27 för

129 813 213 28 sågningsafgiftens
356 814 140 28 afskaffande
510 815 10 20 i
534 815 129 27 framtiden.

197 847 77 22 Totala
292 848 118 22 inkomsten
429 848 67 21 under
514 849 101 21 rubriken
629 848 106 22 indirekta
750 848 81 21 skatter
846 847 41 22 och

129 881 115 28 utskylder,
265 882 86 21 hvilken
372 882 67 21 under
459 883 127 28 föregående
605 882 141 29 treårsperiod
764 883 8 20 i
787 881 100 22 medeltal

129 916 95 27 utgjorde
239 916 57 21 Fmk
310 917 130 27 20,016,060:
457 918 33 26 79,
505 917 93 29 uppgick
613 917 34 21 för
661 917 112 21 1892—94
788 917 8 20 i
808 915 79 22 medel-

128 950 31 21 tal
173 950 33 21 till
220 950 56 22 Fmk
292 952 129 26 20,279,470:
438 952 33 21 62.

198 1008 40 22 IV.
264 1008 108 28 Afgifter
386 1009 40 23 för
441 1009 138 23 anlitandet
603 1009 27 22 af
645 1008 121 23 särskilda
785 1009 102 21 statsan-

130 1043 94 22 stalter.
254 1043 32 21 Af
300 1043 126 21 hithörande
440 1043 97 21 rubriker
550 1044 71 21 utvisa
628 1044 131 27 postverkets
772 1042 116 22 inkomster

131 1084 26 14 en
170 1076 121 30 betydande
306 1078 90 26 tillväxt,
412 1085 26 13 en
452 1078 54 28 följd
516 1077 24 21 sä
553 1078 36 21 väl
604 1078 23 20 af
636 1078 83 21 landets
730 1077 96 29 stigande
837 1077 50 21 eko-

129 1111 96 21 nomiska
242 1112 124 28 utveckling
383 1120 45 13 som
443 1112 23 21 af
480 1112 41 21 den
536 1112 96 21 sträfvan
647 1112 54 21 efter
715 1112 114 27 tidsenliga
844 1111 44 21 för-

129 1145 123 29 bättringar,
274 1153 44 14 som
340 1146 66 21 under
426 1149 82 18 senaste
524 1146 95 21 ärtionde
633 1146 94 21 utmärkt
741 1146 70 21 denna
825 1148 63 18 stats-

129 1180 83 20 anstalt.
240 1180 152 21 Förhållandet
414 1180 83 28 belyses
518 1180 49 22 bäst
588 1180 23 21 af
633 1180 93 28 följande
747 1180 105 21 öfversikt
866 1179 23 21 af

128 1214 134 28 postverkets
287 1214 115 22 inkomster
426 1214 41 21 och
488 1214 89 28 utgifter
605 1214 109 22 äfvensom
735 1214 38 21 det
795 1214 94 28 ständigt

130 1247 68 22 ökade
213 1248 80 21 antalet
306 1248 156 29 postanstalter,
477 1248 47 22 däri
538 1248 55 22 dock
608 1248 48 22 icke
670 1248 136 22 inberäknats
821 1248 27 22 de
861 1249 27 20 18

128 1282 278 29 postkuplexpeditionerna
420 1282 14 21 å
447 1283 150 28 järnvägarna:

199 1483 139 18 Statsutskottets
351 1483 111 18 betänkande
474 1483 38 17 N:o
524 1483 18 17 2.
