1092 1781
451 108 25 21 I
792 108 26 21 55

88 172 26 20 af
132 170 201 22 advokatfiskalen
353 170 119 22 allaredan
492 171 123 21 anmärkta
631 170 133 28 afseenden,
781 170 68 22 hvar-

88 211 73 28 jemte
184 210 165 22 extrafiskalen
371 210 24 22 Z.
419 212 63 20 emot
496 210 177 22 häradsrättens
689 209 137 22 förfarande
841 209 9 21 i

92 251 71 21 mälet
186 251 37 21 för
247 250 73 28 öfrigt
343 251 72 28 ansäg
438 250 37 29 sig
496 251 59 21 böra
570 250 119 28 anmärka,
706 252 36 19 att
756 249 94 22 härads-

91 292 84 26 rätten,
198 298 50 14 som
271 290 60 21 efter
353 290 39 22 det
411 293 116 25 uppropet
542 291 8 21 i
565 290 156 22 förenämnda
735 290 115 21 konkurs-

91 330 47 22 mäl
159 331 134 28 försiggätt,
317 330 114 29 handlagt
449 332 72 21 mälet
535 331 41 22 vid
591 331 87 21 urtima
693 330 53 28 ting
761 330 46 22 den
824 332 25 20 12

92 370 129 22 December
238 372 53 20 1892
308 373 59 19 samt
382 371 138 29 päföljande
536 372 25 21 är
576 371 41 21 vid
633 370 118 22 ordinarie
763 371 88 21 vinter-

94 411 76 28 tinget
190 411 44 21 den
251 414 11 18 7
278 411 68 28 April
361 411 44 21 och
421 414 26 19 30
463 412 47 29 Maj
527 414 60 19 samt
602 411 41 22 vid
658 411 132 28 hösttinget
806 410 45 22 den

93 454 11 19 9
127 451 132 22 November
283 451 43 21 och
349 451 45 21 den
417 453 12 21 5
445 452 136 28 December,
598 452 40 21 vid
654 452 68 21 dessa
736 458 115 14 samman-

95 492 83 21 träden
200 492 52 21 icke
274 493 54 22 bort
350 493 30 28 pä
403 494 48 20 sätt
474 500 51 14 som
548 492 63 22 skett
633 491 128 30 uppskjuta
780 492 73 21 mälet

95 532 54 21 frän
171 532 171 22 sammanträde
365 532 38 21 till
419 532 179 28 sammanträde,
614 534 58 19 utan
686 532 94 28 jemlikt
796 533 27 21 94
839 532 12 28 $

94 572 8 21 i
116 572 206 29 konkursstadgan
337 573 62 21 fatta
413 573 78 21 beslut
508 580 37 14 om
562 575 35 19 att
612 573 54 21 dom
682 573 171 29 ofördröjligen

92 613 9 21 i
115 612 149 29 vederbörlig
280 614 101 28 ordning
397 614 76 21 skulle
487 614 9 21 i
511 614 72 21 mälet
599 614 127 27 afkunnas;
744 614 43 21 och
802 620 50 14 som

97 653 154 22 förenämnda
271 654 26 20 af
313 654 271 28 vicehäradshöfdingen
600 654 22 22 J.
637 654 125 28 begängna
778 653 75 22 felak-

96 693 109 28 tigheter,
227 694 31 28 pä
281 696 46 19 sätt
351 694 202 21 advokatfiskalen
573 694 137 28 framhällit,
726 693 128 29 ädagalagt

94 733 64 21 såväl
167 733 146 29 okunnighet
321 741 38 14 om
366 734 82 28 lagens
457 734 130 28 stadgande
595 734 149 22 beträffande
749 734 104 21 domare-

92 773 42 29 jäf,
152 780 49 14 som
217 774 71 22 äfven
303 774 122 22 oförständ
441 774 44 22 och
503 774 149 22 förbiseende
668 774 40 22 vid
723 774 130 28 handlägg-

96 813 88 28 ningen
200 814 26 21 af
239 814 204 22 konkursärendet
458 816 62 20 samt
533 814 75 22 vållat
624 816 35 20 att
687 814 62 22 Johan
758 815 30 21 H.
800 814 53 21 obe-

95 853 98 29 hörigen
212 854 81 22 hållits
311 854 89 22 häktad
419 855 43 21 och
479 855 119 21 dessutom
613 854 151 29 tillskyndats
781 854 73 22 skada

94 894 44 21 och
152 894 127 22 kostnader
293 902 84 20 genom
392 895 261 28 konkursförfarandet,
670 895 121 21 äfvensom
801 894 53 22 kro-

98 941 45 14 nan
160 934 47 21 fått
222 934 132 22 vidkännas
369 936 100 27 utgifter
484 936 9 20 i
508 935 151 22 förenämndt
670 934 116 28 afseende,
797 942 58 20 upp-

96 974 90 28 gående
202 974 171 28 sammanlagdt
388 975 37 21 till
441 978 26 18 41
485 976 67 21 mark
562 977 26 21 85
600 976 78 28 penni,
690 977 60 19 samt
760 974 95 22 härads-

98 1016 89 20 rättens
207 1014 144 29 förberörda,
369 1015 88 28 jemväl
473 1016 27 20 af
514 1016 122 21 oförstånd
652 1015 139 22 föranledda
806 1015 49 27 lag-

99 1054 98 28 stridiga
213 1055 137 21 förfarande
365 1055 41 21 vid
417 1056 177 21 ofvannämnda
605 1056 60 21 efter
675 1055 181 29 uppropsdagen

96 1095 81 21 hållna
192 1096 194 28 sammanträden,
403 1096 92 22 hvilket
511 1096 101 29 fördröjt
627 1096 83 22 målets
726 1095 130 28 afgörande

95 1135 43 21 och
154 1136 133 21 förorsakat
302 1136 78 22 Johan
395 1136 29 22 H.
437 1136 103 28 onödiga
550 1136 128 22 kostnader
688 1136 44 22 och
742 1135 114 29 möjligen

97 1176 70 21 äfven
190 1184 78 14 annan
291 1176 78 28 skada,
385 1177 75 21 måste
477 1177 124 21 tillräknas
616 1176 240 22 hofrättsauskultan-

99 1218 65 19 terne
187 1216 36 22 W.
249 1217 43 21 och
315 1217 31 28 C.,
370 1217 28 21 de
418 1217 41 21 der
480 1217 8 21 i
507 1217 117 28 egenskap
641 1218 26 21 af
681 1216 176 22 häradsrättens

98 1256 141 21 ordförande
262 1256 114 28 handlagt
398 1257 79 28 mälet,
494 1257 37 22 W.
546 1256 41 22 vid
610 1256 86 22 urtima
719 1256 77 28 tinget
811 1255 46 21 den

99 1298 24 20 12
139 1294 136 24 December
286 1299 52 20 1892
356 1297 43 21 och
415 1297 41 21 vid
472 1298 155 27 vintertinget
643 1298 25 20 år
686 1299 52 19 1893
755 1298 60 20 samt
832 1296 24 22 C.

96 1336 41 22 vid
153 1344 87 14 samma
257 1338 37 20 års
309 1337 112 28 höstting,
429 1338 91 27 yrkade
532 1337 165 21 extrafiskalen
708 1338 31 27 Z.,
751 1338 35 20 att
796 1336 61 22 vice-

96 1376 218 29 häradshöfdingen
332 1377 22 21 J.
371 1379 60 19 samt
447 1377 298 21 hofrättsauskultanterne
760 1377 37 21 W.
814 1376 45 21 och

97 1416 25 21 C.
138 1416 79 22 blefve
233 1418 38 20 för
286 1417 62 21 hvad
364 1417 52 21 dem
432 1417 102 21 sålunda
549 1417 115 21 stannade
680 1416 38 22 till
731 1416 45 22 last
792 1416 66 21 fälda
