1089 1792
455 113 24 21 II
793 116 26 18 TI

88 176 46 21 den
157 179 11 18 7
191 183 63 14 mars
273 178 53 19 1894
341 175 8 21 i
364 175 134 29 Kejserliga
514 176 115 21 Senatens
644 176 205 28 Justitiedeparte-

88 218 65 18 ment
175 216 59 20 fann
258 215 102 21 Senaten
376 214 178 28 borgmästaren
569 216 28 20 N.
613 215 52 21 icke
681 216 72 20 hafva
771 215 77 21 anfört

88 256 52 21 skäl
155 256 37 21 till
204 255 100 29 ändring
316 255 8 21 i
334 255 133 22 hofrättens
477 256 84 28 utslag,
574 256 99 21 hvarvid
685 256 63 28 förty
758 256 91 21 komme

90 298 35 19 att
140 296 61 21 bero.

159 428 51 21 Den
229 429 24 20 15
268 427 68 29 April
354 430 53 19 1893
423 427 69 29 ingaf
506 427 95 22 bonden
616 427 87 22 Michel
714 427 134 22 Johansson

89 468 37 28 K.,
143 468 53 21 från
211 467 28 22 R.
256 467 92 28 socken,
364 467 38 21 till
418 467 111 30 Wiborgs
545 468 90 21 hofrätt
651 475 29 14 en
696 467 77 29 skrift,
783 467 67 22 hvari

90 509 47 21 han
152 508 53 21 med
220 509 116 21 förmälan
353 508 39 21 det
403 508 46 21 han
461 508 60 21 hade
532 509 37 21 för
582 508 73 29 afsigt
665 510 36 19 att
711 508 7 21 i
731 508 119 22 hofrätten

91 549 83 21 anföra
190 548 83 22 besvär
290 549 65 20 öfver
371 548 174 22 häradsrättens
561 549 8 20 i
585 549 72 27 sagda
669 548 96 21 sockens
778 548 72 28 tings-

91 589 40 28 lag
157 589 44 21 den
227 591 24 19 16
274 589 62 20 Mars
362 591 52 19 1893
439 589 136 21 afkunnade
597 589 85 28 utslag,
700 587 151 23 dessmedelst

90 629 29 21 K.
140 629 90 21 ådömts
254 636 84 14 ansvar
359 629 36 20 för
414 629 74 21 andra
502 636 68 14 resan
588 628 260 29 bränvinsförsäljning,

93 669 79 21 anhöll
189 670 40 27 att,
242 669 96 20 emedan
350 668 52 28 han,
414 669 30 27 på
456 670 47 19 sätt
513 669 146 21 inhemtades
671 669 27 21 af
707 670 33 19 ett
751 668 100 21 skriften

111 709 75 28 ilagdt
205 709 75 28 intyg,
297 716 49 14 som
360 709 8 20 i
384 709 36 21 W.
437 710 65 20 utom
517 709 22 22 J.
557 709 111 29 domsaga
685 709 99 28 belägna
799 708 52 21 stad

90 749 118 21 utfärdats
224 749 27 20 af
264 749 217 28 häradshöfdingen
499 749 8 21 i
524 749 73 29 sagda
609 749 116 28 domsaga,
738 749 112 21 hofrätts-

93 796 118 13 assessorn
233 789 33 28 L.,
284 789 20 28 ej
327 789 91 21 kunnat
434 789 155 22 omhänderfä
605 789 107 22 bemälda
727 791 58 19 rätts
801 795 50 21 pro-

102 828 62 21 okoll
187 828 7 21 i
218 829 76 27 målet,
314 829 110 28 förlängd
442 829 36 21 tid
496 829 37 22 för
551 830 125 21 besvärens
695 828 151 29 fullföljande

93 869 73 20 måtte
181 869 29 20 K.
227 869 108 28 beviljas;
353 869 43 21 och
412 869 29 21 då
458 869 65 22 detta
539 869 84 22 ärende
640 871 26 20 at
680 869 121 22 hofrätten
811 868 37 21 till

93 908 145 28 behandling
261 909 110 28 företogs,
389 909 85 21 aktade
489 910 121 21 hofrätten
625 910 83 28 nödigt
724 912 40 25 att,
779 910 73 28 jemte

93 948 39 22 det
141 948 121 22 utlåtande
271 949 8 21 i
288 949 85 28 sjelfva
382 950 71 21 saken
461 950 156 28 meddelades,
627 950 144 21 öfverlemna
779 949 73 21 hand-

103 988 98 28 ingarna
221 989 7 20 i
246 989 94 21 ärendet
356 990 38 20 till
410 990 287 22 advokatfiskalsembetet
713 990 36 21 för
765 989 87 22 anstäl-

103 1028 58 22 ande
178 1030 26 20 art
218 1029 46 21 den
275 1029 71 28 talan,
358 1030 95 21 hvartill
466 1030 231 28 omständigheterna
708 1029 143 22 föranledde.

162 1068 78 22 Sedan
263 1070 30 27 på
316 1070 80 20 derom
416 1070 26 21 af
460 1070 202 21 advokatfiskalen
677 1070 113 28 vidtagen
807 1069 46 21 för-

101 1108 95 28 'attning
209 1108 176 29 borgmästaren
395 1110 9 20 i
414 1110 103 22 nämnda
526 1110 51 21 stad
586 1110 101 28 upplyst,
698 1112 35 19 att
741 1110 111 21 hofrätts-

94 1156 117 14 assessorn
221 1149 27 21 L.
260 1149 59 21 hade
328 1157 59 21 egen
396 1150 58 28 gård
463 1150 8 21 i
480 1151 83 21 staden
572 1150 43 22 och
623 1150 104 22 vistades
735 1150 72 28 jemte
816 1149 36 21 sin

103 1189 65 29 'amilj
186 1189 126 28 derstädes,
330 1192 65 19 utom
410 1190 30 22 dä
455 1190 48 22 han
520 1192 26 20 af
557 1192 78 28 någon
647 1191 37 21 till
693 1190 60 28 följd
761 1190 26 21 af
795 1190 57 21 hans

92 1229 224 29 tjenstebefattning
339 1231 124 21 föranledd
488 1231 175 29 omständighet
687 1230 111 29 uppehöll
817 1230 36 28 sig

92 1270 63 20 inom
164 1270 134 28 domsagan,
307 1271 42 21 har
358 1271 203 22 advokatfiskalen
569 1272 36 21 uti
614 1270 241 23 embetsmemorialaf

92 1309 45 21 den
161 1311 25 20 25
216 1310 46 28 Maj
288 1313 52 19 1893
364 1311 70 27 yrkat
457 1314 42 26 att,
517 1312 97 21 emedan
629 1312 223 20 hofrättsassessorn

92 1350 26 20 L.
139 1350 7 20 i
162 1350 59 21 strid
236 1351 53 21 med
306 1353 11 20 5
334 1353 12 25 $
362 1352 8 20 i
386 1352 86 28 Kongl.
489 1352 175 21 instruktionen
681 1352 38 21 för
733 1350 121 22 landshöf-

91 1389 114 28 dingarne
229 1391 26 21 af
277 1391 44 21 den
344 1394 13 19 4
373 1392 134 21 November
526 1394 59 26 1734,
605 1395 7 18 1
630 1392 107 28 punkten
752 1391 37 21 uti
804 1391 46 21 för-

92 1430 130 28 ordningen
239 1431 26 21 af
280 1431 44 21 den
343 1433 23 20 15
383 1432 67 21 Febr.
472 1434 53 19 1763
542 1432 43 21 och
596 1432 89 28 Kongl.
698 1430 156 29 kungörelsen
