1095 1728
459 110 25 21 I
796 111 25 20 23

95 173 119 21 memorial
237 180 50 14 som
310 173 43 21 ock
373 173 13 21 å
405 180 118 14 assessorn
545 173 40 21 L:s
608 173 133 28 förklaring
755 173 9 22 i
779 173 72 22 saken

95 212 64 29 gjort
174 213 144 28 otillbörliga
340 213 179 29 anteckningar;
544 213 44 21 och
603 213 113 28 pröfvade
730 213 121 22 hofrätten

96 253 64 28 förty
175 253 95 22 rättvist
285 253 68 22 döma
368 253 78 21 Jakob
462 253 37 28 M.,
514 253 81 21 Petter
610 254 27 20 A.
654 253 44 21 och
712 253 91 22 Anders
814 253 36 28 K.,

97 293 46 21 den
164 293 168 22 förstbemälde
351 293 7 21 i
377 293 53 21 stöd
453 293 26 22 af
497 296 18 25 6,
537 296 18 25 7,
575 296 13 19 8
607 293 44 22 och
671 296 11 19 9
700 294 26 28 $$
742 293 7 21 i
765 293 87 29 nådiga

97 333 170 29 förordningen
283 333 44 21 den
343 335 25 19 26
384 333 132 21 November
534 336 60 25 1866,
605 334 120 28 angående
740 334 62 21 falsk
813 341 40 13 an-

97 373 100 29 gifvelse
219 373 45 21 och
288 380 77 14 annan
382 373 181 29 ärekränkning,
583 375 34 20 att
631 373 76 22 hållas
723 374 8 20 i
747 373 105 29 fängelse

98 413 37 21 för
151 413 112 22 smädelse
281 416 10 18 3
308 414 111 21 månader
434 414 44 20 och
493 414 38 21 för
546 414 176 28 förolämpning
739 416 9 19 1
760 413 92 28 månad,

98 453 81 22 Petter
193 453 135 28 A.,jemlikt
344 453 130 28 åberopade
489 454 190 28 lagstadganden
694 455 60 20 samt
771 456 8 19 1
798 454 12 27 $
827 455 24 20 61

100 493 53 28 kap.
168 493 30 22 M.
213 494 28 21 B.
261 493 44 22 och
322 496 11 18 7
350 494 11 27 $
380 496 25 19 14
421 493 52 29 kap.
486 493 27 22 R.
530 494 34 28 B.,
581 495 35 20 att
631 493 38 22 för
685 493 112 22 smädelse
812 500 42 14 un-

101 533 73 28 dergä
196 533 168 22 tukthusstraff
377 533 8 21 i
408 535 5 20 6
429 533 111 22 mänader
563 533 44 22 och
626 534 36 21 för
681 533 173 29 förolämpning

101 573 75 22 hällas
199 576 4 19 1
219 573 86 22 mänad
325 573 8 21 i
348 573 107 28 fängelse
479 574 122 21 äfvensom
623 574 38 21 för
683 573 172 22 ofvanberörda

102 615 49 20 mot
165 613 121 22 hofrätten
301 613 80 22 visade
392 614 154 21 vanvördnad
557 616 34 19 att
601 614 57 21 böta
671 616 39 19 100
721 613 66 22 mark
795 614 60 20 samt

101 653 91 22 Anders
207 654 36 28 K.
251 653 93 30 jemlikt
362 657 25 18 14
403 655 13 26 $
434 655 25 20 15
475 654 53 28 kap.
544 654 28 21 R.
588 654 34 27 B.,
633 655 34 20 att
681 653 56 22 böta
753 655 26 20 20
791 653 64 21 daler

101 694 53 22 med
170 696 26 20 38
211 694 68 22 mark
293 697 27 19 40
336 695 71 28 penni
422 694 37 22 till
472 694 65 29 jemn
549 694 95 28 delning
655 694 99 22 emellan
765 694 91 21 kronan

102 734 44 22 och
169 734 207 28 advokatfiskalen,
400 734 101 22 hvarhos
523 735 81 21 Petter
618 735 35 27 A.,
668 734 93 28 jemlikt
779 736 24 18 17
820 734 12 26 $
848 732 8 21 i

103 774 130 29 åberopade
254 775 145 27 förordning,
416 775 128 21 förklarats
561 774 96 28 ovärdig
673 772 184 30 medborgerligt

104 815 133 21 förtroende
253 815 74 21 under
343 817 11 19 3
370 816 36 20 års
422 815 42 21 tid.

160 855 168 29 Underdåniga
340 855 84 21 besvär
432 855 67 21 öfver
507 855 66 21 detta
581 854 78 29 utslag
667 854 111 22 anfördes
786 854 8 20 i
801 853 57 28 Kej-

104 894 86 29 serliga
200 895 114 22 Senatens
325 894 260 29 Justitiedepartement
597 894 25 21 af
646 894 60 21 Jakob
715 894 30 21 M.
754 894 44 21 och
805 894 53 20 Pet-

104 937 36 19 ter
153 936 27 21 A.
197 935 72 21 Målet
284 935 119 29 afgjordes
415 935 26 21 af
454 935 101 21 Senaten
566 934 45 21 den
624 937 24 19 19
659 934 68 29 April
740 935 62 25 1895;
815 932 44 22 och

102 976 72 28 jemte
186 976 39 21 det
236 975 77 22 Jakob
327 976 42 20 M:s
377 975 85 22 besvär
471 975 114 28 deröfver,
595 977 34 19 att
637 974 221 22 hofrättsassessorn

104 1017 26 21 L.
142 1017 52 21 icke
207 1017 57 21 fälts
279 1017 37 21 till
331 1024 85 14 ansvar
430 1017 37 21 för
477 1015 176 23 ofvannämnda
663 1014 146 22 beträffande
820 1013 40 22 Ja-

105 1057 46 22 kob
162 1057 42 22 M:s
213 1065 71 13 namn
295 1057 191 22 förekommande
497 1056 164 29 misskrifning
669 1055 8 22 i
684 1055 176 22 häradsrättens

106 1097 117 29 protokoll
238 1097 36 22 uti
289 1097 39 22 det
342 1099 50 20 mot
407 1097 31 22 M.
454 1097 98 22 utförda
567 1096 71 21 målet
649 1095 120 29 angående
780 1094 81 29 oloflig

107 1138 260 29 bränvinsförsäljning,
384 1137 52 22 icke
452 1138 26 21 af
492 1137 134 28 Kejserliga
642 1137 102 21 Senaten
759 1136 102 27 upptogs

106 1177 39 22 till
167 1178 117 28 pröfning,
309 1177 151 22 alldenstund
481 1177 30 22 M.
532 1177 20 28 ej
573 1184 40 14 ens
631 1177 92 20 kunnat
740 1176 68 28 påstå
828 1176 35 20 att

107 1218 98 22 berörda
228 1218 164 28 misskrifning
414 1218 87 21 kränkt
523 1217 59 22 hans
601 1219 48 19 rätt
668 1217 43 21 och
726 1217 29 21 M.
773 1215 89 22 således

107 1258 52 21 icke
174 1265 42 15 var
231 1260 47 19 rätt
293 1258 151 28 målsägande
460 1257 143 22 härutinnan
619 1257 56 21 eller
690 1257 55 28 eljes
759 1254 105 29 befogad

109 1300 35 20 att
158 1299 81 21 härför
261 1299 79 21 utföra
363 1297 231 30 ansvarspåstående,
615 1297 136 22 föranledde
766 1296 44 21 M:s
826 1295 38 22 be-

108 1343 60 24 svär,
184 1343 55 17 enär
255 1339 45 21 den
316 1339 26 21 af
355 1339 87 21 honom
457 1339 9 20 i
481 1339 72 21 saken
569 1337 130 29 åberopade
709 1336 155 27 bevisningen

108 1379 52 21 icke
175 1386 42 14 var
233 1379 76 28 egnad
320 1381 34 19 att
365 1379 82 29 styrka
458 1379 39 21 det
507 1378 164 22 häradsrätten
681 1377 36 21 uti
727 1375 138 23 förberörda

109 1421 62 20 emot
186 1420 29 21 M.
231 1420 96 21 utförda
346 1419 48 22 mål
410 1426 38 15 om
464 1419 80 28 oloflig
561 1416 258 29 bränvinsförsäljning,
835 1416 31 27 på
