1100 1695
266 123 13 20 8
613 123 10 20 I

305 190 85 27 Frågan
414 197 34 15 om
470 190 72 22 lärare
565 190 39 22 och
619 190 123 22 lärarinnor
757 191 35 21 vid
807 190 147 22 folkskolorna
969 191 29 27 på

238 224 73 22 landet
333 224 161 22 tillkommande
516 224 174 28 löneförhöjning
711 224 41 22 har
766 225 70 21 blifvit
851 231 76 21 genom
942 225 56 21 kun-

239 258 82 27 görelse
344 258 24 22 af
388 259 40 22 den
451 261 25 20 13
491 259 59 22 Mars
568 260 54 21 1895
639 259 84 22 ordnad
739 259 7 21 i
761 259 94 27 enlighet
870 259 48 22 med
934 259 64 22 Stän-

240 293 78 21 dernas
333 292 81 29 förslag
428 294 8 21 i
452 294 72 21 saken.

307 327 113 23 Likaledes
443 327 40 22 har
502 328 40 21 den
560 327 22 22 af
596 327 123 22 Ständerna
735 328 81 21 äskade
831 328 116 27 utredning
962 327 36 22 be-

238 361 107 22 träffande
368 362 140 22 anordnande
531 362 23 22 af
574 362 211 28 slöjdundervisning
807 363 7 20 i
836 362 118 22 folkskolor
969 363 29 26 på

239 396 81 27 landet,
340 403 46 15 som
408 397 93 21 förestås
524 397 23 21 af
567 397 130 27 lärarinnor,
713 396 69 22 blifvit
797 396 145 27 införskaffad,
959 396 39 22 och

240 430 75 27 anslag
337 430 33 22 för
393 431 123 21 ändamålet
538 432 113 26 upptagits
670 431 3 21 i
690 431 40 21 den
753 431 80 27 nådiga
855 430 142 28 proposition,

240 465 111 27 angående
366 465 117 22 anvisande
498 465 23 22 af
534 465 69 22 medel
618 465 32 21 till
665 465 221 22 folkskoleväsendets
901 465 7 21 i
923 464 73 22 landet

240 499 112 21 underhåll
375 500 69 21 under
466 500 51 21 åren
543 500 147 26 1898—1900,
714 506 46 15 som
784 499 69 22 blifvit
876 499 122 21 Ständerna

239 534 35 21 vid
290 534 70 21 denna
375 534 104 27 landtdag
494 534 102 27 förelagd.

312 569 31 21 15.
367 568 70 22 Sedan
458 568 122 22 Ständerna
595 568 33 22 uti
644 568 135 28 underdänig
794 568 111 22 skrifvelse
920 568 23 21 af
956 568 41 21 den

239 603 29 21 25
282 602 43 28 Maj
344 604 54 20 1894
413 603 88 27 anmält,
518 604 33 20 att
566 602 123 22 Ständerna
700 603 97 27 godkänt
808 602 60 22 Hans
879 602 119 28 Kejserliga

239 637 114 27 Majestäts
377 637 79 27 nådiga
477 637 136 27 proposition
637 637 112 27 angående
763 637 117 27 bevillning
894 636 33 22 för
942 636 56 27 spel-

240 671 51 21 kort
312 671 34 21 för
369 672 51 21 ären
446 672 146 26 1895—1897,
616 671 39 22 har
678 671 62 22 Hans
759 671 119 27 Kejserliga
895 670 103 28 Majestät

238 706 51 21 lätit
312 706 40 22 den
376 708 27 19 20
425 706 117 22 December
567 707 53 21 1894
640 706 88 22 utfärda
744 706 65 27 nädig
823 705 125 27 förordning
964 711 34 15 om

239 740 42 21 den
304 740 122 28 bevillning,
450 746 45 16 som
518 740 70 22 under
610 740 95 22 nämnda
727 740 33 22 tid
782 740 56 22 skall
853 740 33 21 för
901 738 97 28 spelkort

238 774 105 28 erläggas.

314 810 31 20 16.
369 808 61 22 Efter
441 809 36 21 det
485 808 121 22 Ständerna
617 809 32 21 uti
660 808 136 28 underdänig
807 808 110 22 skrifvelse
925 806 23 22 af
957 807 40 21 den

240 844 28 19 26
283 843 42 26 Maj
345 844 54 20 1894
415 843 87 26 anmält,
518 845 33 19 att
566 843 123 21 Ständerna
704 844 29 26 pä
749 843 45 21 deri
809 842 127 21 framhällna
951 841 47 21 skäl

241 877 46 21 icke
301 877 85 21 kunnat
402 879 79 25 antaga
496 877 41 22 den
553 877 122 22 Ständerna
690 877 111 27 förelagda
811 876 79 27 nädiga
900 875 98 28 proposi-

240 911 75 21 tionen
331 911 111 27 angäende
458 911 115 28 bevillning
588 911 34 22 för
636 911 44 22 fast
690 911 104 28 egendom
805 911 39 21 och
854 910 34 21 för
897 910 101 25 inkomst,

240 945 40 21 har
302 945 60 22 Hans
385 945 119 28 Kejserliga
525 945 104 28 Majestät
645 946 71 21 täckts
732 945 7 21 i
754 945 68 21 näder
838 944 111 26 anbefalla,
966 944 33 21 att

242 979 93 22 nämnda
351 980 79 21 ärende
445 980 47 21 icke
506 979 55 22 skall
576 979 32 22 till
624 980 71 27 nägon
712 979 78 28 ätgärd
805 978 117 22 föranleda.

315 1015 30 20 17.
369 1014 38 22 Uti
423 1014 134 27 underdänig
572 1014 111 21 skrifvelse
694 1013 23 22 af
726 1014 40 21 den
777 1015 28 20 28
816 1013 42 27 Maj
872 1014 53 20 1894
936 1012 62 21 hafva

241 1047 123 22 Ständerna
380 1048 116 22 framhällit
512 1049 26 21 de
553 1049 53 26 skäl,
622 1048 87 21 hvarför
724 1048 124 21 Ständerna
858 1047 46 22 icke
914 1047 85 21 kunnat

241 1085 81 25 antaga
344 1083 61 21 Hans
428 1083 119 27 Kejserliga
568 1083 114 27 Majestäts
706 1083 79 27 nädiga
808 1082 134 28 proposition
962 1088 37 14 an-

241 1118 84 26 gäende
341 1119 31 20 ett
389 1118 206 26 tilläggsstadgande
610 1117 33 21 till
658 1117 154 27 förordningen
823 1122 35 16 om
868 1116 131 26 näringarna

241 1151 23 21 af
278 1152 40 21 den
335 1154 22 19 31
378 1152 59 22 Mars
455 1153 60 25 1879,
531 1152 39 21 och
586 1151 64 22 hafva
660 1151 123 22 Ständerna
793 1151 8 21 i
812 1150 67 28 sagda
890 1149 110 22 skrifvelse

243 1186 68 21 tillika
326 1186 7 21 i
348 1186 172 27 underdänighet
540 1186 96 26 anhällit,
653 1186 36 21 det
704 1186 85 21 täcktes
805 1185 61 21 Hans
881 1183 119 28 Kejserliga

242 1220 109 27 Majestät,
367 1220 34 22 för
416 1222 34 20 att
464 1220 75 27 frågan
553 1220 111 27 angående
675 1219 139 27 tillverkning
824 1218 40 22 och
874 1217 126 28 försäljning

242 1254 23 21 af
285 1255 109 27 margarin
417 1255 69 20 mätte
508 1255 65 20 vinna
596 1254 32 21 sin
651 1254 92 27 lösning,
766 1254 29 26 pä
818 1254 44 20 sätt
878 1258 34 15 om
928 1258 72 15 annan

241 1288 227 28 lagstiftningsätgärd
484 1288 22 22 af
520 1289 113 21 enahanda
648 1287 147 22 beskaffenhet
816 1286 184 28 grundlagsenligt

242 1324 24 19 är
289 1323 109 26 stadgadt,
422 1323 54 22 efter
496 1323 36 22 det
552 1323 132 26 fullständig,
703 1329 77 20 genom
799 1321 136 26 sakkunniga
952 1326 49 21 per-

240 1363 65 16 soner
320 1357 141 22 införskaffad
476 1357 116 27 utredning
606 1357 7 21 i
629 1359 73 19 ämnet
718 1356 103 27 erhällits,
831 1355 109 27 förelägga
951 1355 49 21 näst

241 1392 206 21 sammanträdande
463 1391 92 22 Ständer
571 1391 75 28 nädigt
660 1391 123 27 lagförslag,
797 1389 151 22 innefattande
963 1395 37 16 an-

240 1426 74 27 tingen
338 1426 78 22 förbud
439 1428 45 20 mot
506 1427 137 26 tillverkning
659 1426 38 21 och
713 1425 127 28 försäljning
855 1424 23 22 af
891 1424 109 27 margarin
