1086 1761
256 111 38 20 152
587 111 23 21 I

293 173 82 28 Enligt
390 173 63 22 hvad
469 176 25 19 72
511 175 36 27 8:n
563 174 8 21 i
586 174 111 28 gällande
711 173 152 29 vexelstadga
874 174 106 29 tydligen

224 212 114 29 angifver,
361 221 55 21 eger
434 214 105 21 notarius
554 214 108 29 publicus
679 214 38 22 för
732 214 136 22 erhällande
884 215 27 21 af
923 215 56 21 kän-

223 252 86 22 nedom
323 260 41 15 om
376 253 46 22 den
437 254 206 22 vexelintressents
659 254 90 28 bostad,
761 257 50 19 mot
821 254 96 22 hvilken
927 262 52 21 pro-

223 293 99 21 testeras
337 293 65 28 skall,
420 294 78 21 vända
514 294 36 28 sig
564 294 39 21 till
619 296 78 19 ortens
713 294 206 28 polismyndighet,
935 295 43 21 och

223 331 48 21 kan
286 332 51 28 den,
353 340 49 14 som
418 334 120 28 angäende
561 334 151 28 upptagande
728 334 26 21 af
768 334 157 28 vexelprotest
940 342 38 14 an-

223 371 75 29 hällit,
315 372 63 30 förty
392 373 53 21 icke
461 381 67 14 anses
538 373 87 29 pligtig
635 375 36 20 att
681 374 182 21 tillhandahälla
873 374 104 22 notarius

222 412 108 29 publicus
346 413 72 22 andra
433 414 170 29 upplysningar
621 414 8 21 i
647 415 85 28 antydt
750 414 111 22 afseende
880 418 29 18 än
920 415 57 28 dem,

222 452 82 22 hvilka
319 453 120 30 inneligga
453 454 36 21 uti
504 454 164 29 ordalydelsen
685 455 27 21 af
724 462 29 14 en
764 455 8 20 i
782 455 56 28 laga
849 455 62 20 form
921 461 57 22 upp-

222 493 79 22 rättad
323 494 71 21 vexel
424 495 55 21 Med
501 495 170 21 föranledande
694 495 74 28 häraf,
793 495 44 22 och
857 495 29 21 dä
902 495 76 22 förbe-

222 533 76 28 rörda,
314 534 27 21 af
353 535 296 28 magistratssekreteraren
659 536 28 21 A.
699 535 35 22 uti
744 535 187 29 protestbevisen
940 535 37 22 till

222 573 225 29 Föreningsbanken
463 575 7 21 i
485 575 102 21 Finland
605 575 96 22 införda
720 575 144 28 anteckning
880 575 97 22 sälunda

222 613 103 22 saknade
340 614 81 29 hvarje
436 615 53 22 stöd
504 615 8 22 i
527 615 40 29 lag
582 615 44 22 och
642 615 90 28 derhos,
746 616 76 21 säsom
834 615 143 28 angifvande

222 656 36 20 att
272 654 93 22 banken
388 656 76 22 skulle
485 656 73 22 hafva
575 656 126 22 uraktlätit
717 658 34 20 att
767 656 37 22 för
819 656 118 21 vinnande
953 656 27 21 af

222 694 74 21 äskad
317 697 89 26 protest
428 696 70 21 ställa
521 696 36 29 sig
578 696 55 28 laga
653 696 148 22 föreskrifter
817 696 37 21 till
870 696 106 21 efterrät-

221 734 65 29 telse,
302 735 78 22 kunde
395 744 57 14 vara
467 737 76 28 egnad
561 738 36 20 att
612 737 73 21 skada
700 736 106 22 bankens
822 736 62 29 goda
899 743 76 21 namn,

221 775 60 21 fann
298 776 160 22 Prokuratorn
472 777 296 28 magistratssekreteraren
783 777 41 21 A:s
840 776 135 22 förfarande

220 815 9 21 i
245 816 117 29 egenskap
378 817 27 21 af
417 817 105 21 notarius
541 817 107 29 publicus
665 819 35 19 att
715 817 8 21 i
738 816 186 30 protestbevisen
939 816 37 22 till

221 855 74 29 sagda
310 855 62 22 bank
387 856 79 22 införa
481 856 154 22 förenämnda
651 857 144 28 anteckning
810 856 117 22 innefatta
942 858 34 20 ett

221 895 133 29 betänkligt
376 897 193 32 öfverskridande
593 897 43 21 och
652 897 148 22 förbiseende
816 898 27 22 af
856 898 40 20 A:s
911 897 65 22 befo-

220 936 113 28 genheter
347 936 9 22 i
370 937 110 28 tjensten.
511 938 49 21 Och
583 945 48 14 som
655 938 66 22 detta
736 938 25 22 sä
776 938 95 29 mycket
886 938 89 21 mindre

220 976 79 22 kunde
321 976 88 23 lemnas
436 981 89 25 onäpst,
549 986 49 14 som
620 978 297 29 magistratssekreteraren
939 979 35 27 A.,

220 1016 212 24 ehurutillförenei
439 1018 149 29 vederbörlig
597 1018 101 29 ordning
706 1018 94 22 erinrad
808 1026 37 14 om
854 1019 51 21 sina
913 1018 61 28 skyl-

220 1056 108 28 digheter
349 1058 36 21 uti
403 1058 165 29 ifrägakomna
583 1059 118 28 afseende,
717 1059 53 21 med
785 1059 103 21 nämnda
903 1059 71 21 förfa-

218 1096 74 22 rande
306 1098 186 29 uppenbarligen
508 1102 79 26 syntes
603 1099 73 23 hafva
691 1100 73 21 afsett
780 1102 40 25 att,
837 1099 53 21 med
900 1098 75 22 äsido-

219 1138 109 21 sättande
343 1139 26 21 af
389 1139 86 22 honom
497 1140 54 21 utaf
571 1140 99 28 behörig
691 1139 140 29 myndighet
854 1138 121 22 meddelad

218 1176 197 31 tillrättavisning
429 1179 9 21 i
453 1179 78 28 saken,
551 1179 147 22 fortfarande
715 1179 25 21 fä
754 1179 37 21 sin
807 1186 59 21 egen
881 1185 93 22 person-

218 1216 50 29 liga
289 1218 154 29 uppfattning
465 1219 106 29 uttryckt
589 1219 8 21 i
612 1219 190 29 tjensteärenden
818 1219 27 21 af
857 1219 117 27 ifrägava-

218 1256 73 22 rande
306 1257 56 30 slag,
379 1259 130 21 anmodade
524 1259 160 22 Prokuratorn
697 1259 35 22 uti
748 1259 124 21 skrifvelse
888 1259 27 21 af
928 1259 45 21 den

220 1297 25 21 15
261 1296 99 23 Januari
376 1300 54 20 1895
446 1302 147 25 guvernören
607 1299 9 22 i
631 1299 37 22 W.
684 1299 40 22 län
738 1301 36 19 att
784 1299 97 29 vidtaga
891 1298 83 29 ätgärd

217 1343 39 14 om
279 1337 146 22 anställande
448 1339 26 21 af
492 1339 48 22 ätal
555 1342 62 19 emot
633 1339 298 29 magistratssekreteraren
945 1339 28 22 A.

216 1377 42 21 vid
273 1378 203 24 rädstufvurätten
490 1380 8 21 i
514 1381 36 21 W.
566 1381 38 21 för
614 1381 63 22 hvad
690 1381 44 21 A.i
743 1380 149 22 förestående
900 1381 73 21 måtto

216 1418 115 22 stannade
346 1418 38 22 till
399 1419 52 22 last.
