1095 1739
273 75 84 26 Ständ.
373 75 54 22 Skr.
443 88 28 3 —
485 75 97 22 Antells
598 75 142 28 samlingar.
869 75 14 21 3

126 146 134 22 förtecknas
279 146 117 29 styckevis
415 146 57 22 eller
482 147 120 28 gruppvis,
615 154 53 14 men
681 146 68 22 alltid
761 146 52 22 med
825 154 58 21 upp-

126 181 74 28 gifvet
220 181 71 27 antal,
310 181 8 21 i
337 181 175 28 delegationens
530 181 127 29 protokoll;

196 250 20 26 c)
236 251 41 26 att,
296 249 79 22 därest
393 249 85 22 sådant
496 250 74 27 äskas,
582 249 38 22 till
632 249 152 30 Regeringen
796 249 88 29 afgifva

126 283 110 29 yttrande
254 284 9 21 i
280 283 85 30 frågor,
383 291 50 15 som
444 284 83 22 beröra
538 284 29 22 de
580 283 124 23 Antellska
717 285 165 28 samlingarna;

196 352 24 27 d)
239 354 35 20 att
292 352 88 29 afgifva
398 353 37 21 till
455 352 130 23 Ständerna
603 353 126 22 berättelse
748 361 37 14 om
804 353 27 22 de
844 352 40 23 do-

127 387 86 22 nerade
232 387 169 28 samlingarnas
413 387 59 22 vård
486 387 43 22 och
541 387 100 28 tillväxt,
654 387 89 29 förslag
754 388 9 21 i
777 387 107 22 afseende

128 422 13 21 å
168 421 116 22 desamma
311 423 60 20 samt
398 421 152 30 redovisning
576 422 37 22 för
640 421 244 23 omhänderhafvande

127 455 81 22 medel.

196 525 11 21 I
234 525 189 22 förekommande
449 525 43 22 fall
518 533 55 21 eger
600 525 163 29 delegationen
782 527 41 26 att,
842 525 43 22 allt

128 560 59 21 efter
204 560 96 29 frågans
317 559 169 29 beskaffenhet,
504 560 37 21 till
559 567 133 22 gemensam
705 559 180 29 öfverläggning

127 594 99 29 inbjuda
244 593 170 23 ordförandene
432 594 37 22 för
486 595 211 28 konstföreningen
713 594 43 22 och
768 594 116 22 konstflit-

127 629 139 28 föreningen
284 631 59 20 samt
361 629 163 28 arkeologiska
542 629 193 22 kommissionens
745 628 139 23 ordförande

129 663 44 22 och
196 663 207 29 statsarkeologen,
429 663 57 22 eller
503 664 9 21 i
530 663 65 22 deras
614 663 67 22 ställe
700 664 23 21 af
741 663 144 28 föreningar-

127 705 43 14 nas
183 697 109 29 styrelser
304 697 43 22 och
360 697 163 30 arkeologiska
536 698 181 22 kommissionen
726 697 99 22 utsedda
834 705 51 21 per-

129 739 73 15 soner.

197 766 97 23 Enhvar
320 767 23 22 af
371 767 175 28 delegationens
573 767 127 22 ledamöter
724 774 54 21 eger
797 768 34 20 att
849 766 36 21 för

128 801 81 29 hvarje
236 801 23 22 af
286 801 86 22 honom
397 801 119 22 bevistadt
539 801 170 22 sammanträde
727 801 106 29 uppbära
851 802 34 20 ett

129 835 85 22 arvode
236 835 23 22 af
278 836 30 21 25
327 836 72 21 mark.
437 833 81 32 Öfriga
535 836 98 29 utgifter
651 836 124 21 ankomma
792 837 14 20 &
824 835 61 21 dele-

128 870 124 29 gationens
270 870 111 29 pröfning
399 870 44 22 och
460 870 181 22 bestämmande.

197 939 120 29 Därjämte
335 939 72 22 hafva
425 939 131 22 Ständerna
574 939 107 22 beslutit:

199 1002 23 27 5)
241 1004 35 20 att
300 1002 176 29 delegationens
494 1003 108 28 uppdrag
619 1002 138 22 bestämmes
777 1004 35 20 att
829 1002 57 21 fort-

128 1044 57 15 vara
203 1036 37 21 till
258 1037 122 29 utgängen
398 1037 23 21 af
439 1037 26 22 är
486 1037 74 28 1900;
580 1039 58 20 samt

199 1100 23 26 6)
242 1101 35 19 att
302 1100 37 21 för
361 1100 56 21 åren
438 1100 168 21 1898—1900
625 1100 24 21 af
667 1098 219 30 bevillningsmedel

129 1134 65 21 anslä
222 1136 34 19 ett
282 1134 85 28 belopp
390 1134 23 21 af
433 1134 90 27 15,000
542 1134 66 22 mark
626 1136 35 19 att
680 1134 23 21 af
722 1133 164 29 delegationen

129 1170 61 20 emot
216 1168 301 29 redovisningsskyldighet
544 1168 118 22 användas
681 1168 37 21 till
736 1168 28 21 de
782 1168 103 28 utgifter,

129 1210 49 14 som
196 1202 23 22 af
237 1202 51 22 dess
307 1203 108 29 uppdrag
433 1203 139 22 föranledas.

198 1266 46 21 Vid
262 1266 63 22 inom
344 1266 107 22 Ständen
470 1266 107 22 anstälda
594 1266 39 22 val
652 1266 23 21 af
693 1265 128 22 ledamöter
843 1264 44 22 och

129 1300 151 29 suppleanter
297 1300 9 22 i
323 1300 172 29 Delegationen
512 1300 71 22 hafva
600 1300 98 22 utsedde
717 1300 87 21 blifvit:

198 1352 23 21 af
249 1352 187 28 Ridderskapet
462 1352 46 22 och
532 1352 96 22 Adeln:
649 1352 37 21 till
703 1352 112 21 ledamot:
834 1358 53 21 pro-

128 1386 96 28 fessorn,
252 1386 97 22 friherre
376 1386 116 22 Maximus
519 1386 128 22 Widekind
671 1387 23 21 af
712 1386 119 27 Schulten,
850 1384 37 22 till
