1086 1711
254 116 38 20 138
590 114 25 21 I

224 179 90 20 straten
333 177 39 22 vid
396 177 173 22 sammanträde
586 178 45 21 den
648 179 25 20 28
689 177 59 22 Juni
765 179 55 20 1893
835 176 97 22 beslutit
948 178 34 20 att

225 217 66 22 anslå
320 218 72 28 sagda
416 217 74 29 tjenst
509 217 64 29 ledig
599 217 37 22 till
663 217 133 28 ansökning
812 217 44 21 och
871 217 110 29 derjemte

224 257 93 29 antagit
341 257 132 22 skrifvaren
498 258 27 20 B.
551 259 36 20 att
613 257 132 22 tillsvidare
767 257 105 21 bestrida
894 264 87 14 samma

222 297 72 28 tjenst
310 300 59 19 samt
385 298 45 21 den
447 298 27 21 af
485 297 271 30 vicehäradshöfdingen
767 298 27 21 A.
806 297 41 22 vid
858 297 122 21 omordade

221 337 176 29 undersökning
414 338 94 28 afgifna
523 338 132 28 förklaring
671 340 36 19 att
722 338 178 28 borgmästaren
915 337 30 21 M.
957 337 24 21 åt

221 377 35 28 A.,
273 377 45 22 den
333 377 41 22 der
388 377 41 22 vid
444 378 116 21 tillträdet
576 378 27 21 af
616 377 127 22 vikariatet
758 377 38 22 för
811 377 170 28 borgmästare-

221 417 103 29 tjensten
346 425 27 14 ur
388 418 166 29 magistratens
571 417 102 22 dombok
689 417 45 22 och
749 417 86 21 diarier
851 416 20 29 ej
888 416 93 21 erhållit

223 457 133 22 kännedom
380 464 37 15 om
440 457 63 21 hvad
525 457 160 28 magistraten,
709 457 74 28 enligt
805 456 177 28 borgmästaren

222 497 44 21 M:s
286 499 89 26 utsago,
392 497 8 20 i
416 497 85 21 anförd
516 497 74 21 måtto
606 497 104 27 beslutit,
726 496 107 21 hvarken
848 496 71 29 gifvit
935 495 46 22 till-

223 537 79 21 känna
318 539 34 19 att
366 537 150 22 merberörda
531 537 74 29 tjenst
620 537 76 21 skulle
712 537 77 21 anslås
805 536 64 29 ledig
880 536 56 22 eller
947 539 34 18 att

222 577 26 21 B.
270 577 81 22 blifvit
366 580 102 27 antagen
484 580 36 20 att
535 578 130 21 tillsvidare
681 578 69 21 sköta
766 577 140 28 densamma,
923 579 57 19 utan

221 619 102 20 tvärtom
337 618 9 20 i
361 617 129 29 anledning
506 618 26 21 af
545 620 40 19 A:s
597 618 74 28 fråga,
681 617 117 22 huruvida
809 618 78 28 någon
898 617 82 28 åtgärd

221 657 73 21 borde
316 657 108 29 vidtagas
447 658 100 21 rörande
569 658 110 28 tjensten,
703 658 119 21 meddelat
838 659 34 19 att
888 657 93 21 dermed

220 697 63 28 finge
307 698 67 20 anstå
396 697 49 21 tills
468 697 30 21 M.
522 697 51 21 åter
595 697 103 29 vidtagit
721 697 53 21 med
797 696 141 28 utöfningen
957 696 26 21 af

221 737 271 28 borgmästaretjensten.
528 737 77 22 Sedan
633 738 30 27 på
687 737 111 21 anhållan
822 737 26 20 af
870 736 111 22 advokat-

220 777 183 22 fiskalsembetet
423 777 121 22 hofrätten
565 777 45 22 den
627 779 24 20 31
668 777 49 29 Maj
736 779 54 20 1894
806 777 122 21 förordnat
944 777 37 20 till

220 817 176 30 undersökning
405 818 7 21 i
422 817 72 22 saken
500 818 64 21 inför
569 818 206 21 rådstufvurätten
788 818 4 21 i
805 817 20 22 K.
832 817 43 22 och
880 817 102 22 nämnda

219 857 177 29 undersökning
421 858 128 28 försiggått
575 858 44 21 den
645 859 27 20 24
699 857 179 29 derpåföljande
900 857 50 21 Juli
974 857 7 21 i

219 897 187 22 vederbörandes
429 902 100 18 närvaro
553 898 122 21 äfvensom
690 901 155 25 guvernören,
862 904 48 14 som
924 897 58 29 jem-

219 937 39 21 väl
281 938 95 22 undfått
400 938 38 22 del
454 938 27 22 af
495 938 39 22 det
550 938 82 22 dervid
647 938 126 22 tillkomna
788 938 124 28 protokoll,
929 937 52 21 med

220 985 28 13 en
263 978 137 29 ytterligare
416 979 125 22 skrifvelse
556 979 8 21 i
576 981 77 19 ämnet
669 979 37 21 till
717 979 123 21 hofrätten
850 978 130 27 inkommit,

220 1018 146 21 inlemnades
390 1018 37 22 till
450 1019 121 21 hofrätten
595 1020 26 20 af
642 1022 15 18 t.
678 1020 16 20 f.
712 1018 202 22 advokatfiskalen
930 1018 52 22 hof-

218 1058 227 22 rättsextrafiskalen
468 1059 26 21 E.
519 1059 45 22 den
589 1061 26 20 23
638 1059 134 21 November
792 1058 100 22 berörda
907 1060 26 20 är
948 1061 34 19 ett

218 1100 127 27 memorial,
368 1100 74 28 hvari,
466 1101 104 21 förutom
585 1100 63 21 hvad
663 1100 9 21 i
687 1100 74 21 redan
778 1099 85 21 anförd
878 1100 74 20 mätto
969 1100 13 20 &

219 1139 297 22 advokatfiskalsembetets
520 1143 90 25 vägnar
615 1140 150 27 framhållits,
772 1139 133 21 anmärktes
910 1139 72 21 bland

220 1182 80 25 annat,
310 1182 35 19 att
354 1180 177 29 borgmästaren
540 1180 115 28 M.,sedan
663 1179 135 29 Kejserliga
807 1179 101 22 Senaten
917 1179 65 22 aktat

221 1220 86 28 nödigt
322 1223 35 19 att
372 1221 8 21 i
396 1221 128 28 anledning
540 1221 27 21 af
581 1221 28 20 de
625 1220 90 28 besvär,
731 1220 156 28 magistraten
903 1219 80 22 anfört

220 1259 69 22 öfver
311 1265 159 24 guvernörens
487 1261 138 21 förberörda
640 1260 79 29 utslag
735 1260 27 21 af
776 1259 46 22 den
840 1262 24 19 14
880 1259 102 28 Augusti

222 1302 63 26 1891,
302 1301 105 22 infordra
423 1301 228 28 stadsfullmäktiges
667 1300 163 28 underdåniga
852 1299 132 28 förklaring

218 1342 62 19 samt
310 1340 140 29 densamma,
480 1348 49 15 som
553 1348 86 21 genom
665 1341 156 28 magistraten
847 1339 135 27 affordrats,

217 1379 36 21 dit
276 1380 130 22 ankommit
430 1381 44 21 den
491 1383 12 19 3
518 1381 62 21 Mars
599 1383 60 25 1892,
675 1381 62 21 först
753 1380 61 21 efter
830 1379 56 21 flere
901 1379 79 21 måna-

217 1419 53 21 ders
294 1420 92 28 förlopp
412 1420 55 21 eller
484 1420 43 21 den
545 1422 25 19 22
586 1420 51 21 Juli
653 1420 98 21 afsändt
767 1419 163 28 förklaringen
945 1418 37 21 till
