1098 1750
476 120 11 22 I
807 122 26 20 27

102 188 171 22 Universitetet
287 188 74 26 iskola
383 188 101 22 inrättas
507 189 40 21 två
571 188 164 29 professioner,
755 188 45 22 den
819 196 43 14 enä

103 222 36 21 uti
153 222 251 22 landtbruksekonomi
419 222 45 22 och
472 222 180 29 jordbrukslära
662 224 61 20 samt
733 222 45 23 den
789 223 73 22 andra

105 257 35 21 uti
166 256 195 29 agrikulturkemi
387 256 44 22 och
456 256 206 29 agrikulturfysik,
688 256 120 23 äfvensom
833 264 29 15 en

104 291 127 28 adjunktur
249 291 9 21 i
272 290 177 29 växtfysiologi,
472 290 159 28 bakteriologi
655 290 44 22 och
720 291 143 30 entomologi

104 327 60 20 samt
186 326 35 20 att
243 324 54 22 med
319 325 68 21 dessa
409 324 167 22 läroanstalter
591 324 61 22 skall
667 325 93 21 förenas
775 325 87 29 nödiga

104 359 153 22 laboratorier
272 359 44 22 och
331 359 146 28 försöksfält,
489 359 45 22 och
544 359 44 22 har
599 359 154 22 förenämnda
763 360 100 28 petition

104 395 65 28 förty
184 394 51 21 icke
251 393 120 22 föranledt
385 393 39 22 till
438 394 80 28 någon
534 393 64 22 skild
613 393 91 28 åtgärd.

175 431 19 19 8.
217 428 42 22 Uti
274 428 149 29 underdänig
443 428 125 22 skrifvelse
588 428 27 21 af
632 428 45 21 den
697 431 22 19 11
739 429 48 28 Maj
809 431 53 19 1894

104 463 73 22 hafva
193 463 132 22 Ständerna
341 462 100 22 anhällit
457 464 35 20 att
501 462 179 29 undersökning
691 463 38 21 för
739 463 124 22 Suontien-

102 497 73 29 järvis
186 497 129 22 förenande
325 497 54 21 med
389 497 126 22 Puulavesi
523 497 74 22 mätte
605 497 9 22 i
622 497 75 22 sinom
706 497 35 22 tid
749 497 113 22 anställas

105 532 43 22 och
168 532 69 22 deraf
257 531 113 30 möjligen
392 531 141 22 föranledda
556 531 110 29 ätgärder
680 532 115 29 vidtagas.
827 532 36 21 Dä

106 566 102 22 Senaten
231 565 136 30 emellertid,
383 566 9 22 i
407 566 129 29 anledning
556 567 27 21 af
600 566 159 30 Leivonmäki,
776 567 89 22 Gustaf

106 601 92 28 Adolfs,
214 601 177 29 Kangasniemi,
407 601 122 29 Luhanko,
545 602 86 21 Joutsa
647 601 43 22 och
705 601 159 23 Hirvensalmi

106 636 110 21 socknars
238 637 61 20 samt
322 636 35 21 S:t
371 636 100 21 Michels
494 636 65 21 stads
576 636 161 29 underdäniga
753 636 110 21 anhällan

107 672 35 20 att
156 670 30 28 pä
201 669 102 22 kronans
319 670 92 28 försorg
427 670 22 28 ej
466 670 92 21 mindre
573 670 203 29 undersökningar
790 671 73 20 mätte

105 703 139 22 verkställas
264 703 44 22 och
323 703 90 30 förslag
428 707 119 26 uppgöras
562 705 39 21 för
616 704 207 22 ästadkommande
839 704 26 21 af

106 737 241 30 sjöfartsförbindelse
369 738 102 21 emellan
487 738 177 29 Suontienjärvi
680 738 43 22 och
738 737 126 23 Puulavesi

106 774 62 19 samt
192 772 53 21 frän
270 772 164 22 förstnämnda
457 772 35 29 sjö
514 772 83 22 vidare
620 772 37 21 till
680 772 117 29 Jääsjärvi
819 771 44 22 och

106 806 127 22 Rautavesi
259 806 43 21 och
327 806 75 21 likasä
427 807 55 21 frän
507 806 117 22 Siikavesi
646 807 9 20 i
678 806 108 29 förening
811 805 53 22 med

106 840 128 22 Rautavesi
259 841 96 21 stäende
381 841 34 28 sjö
441 840 38 22 till
502 840 152 29 Haapaselkä
676 840 41 29 sjö,
741 843 29 18 än
794 840 70 21 äfven

107 875 91 21 arbetet
213 875 102 21 derefter
330 875 97 27 utföras,
445 874 107 22 anbefalt
562 871 187 32 Öfverstyrelsen
760 875 38 20 för
808 877 56 24 väg-

108 909 44 22 och
173 909 253 28 vattenbyggnaderna
446 911 35 20 att
496 909 8 21 i
519 909 152 21 förenämndt
690 909 109 22 afseende
815 908 48 21 låta

106 943 128 22 verkställa
256 943 65 22 säväl
344 943 94 22 teknisk
461 951 52 14 som
536 943 138 22 ekonomisk
689 943 175 28 undersökning

107 980 61 20 samt
180 977 88 30 jemväl
280 978 43 21 hos
333 978 68 21 Hans
411 977 135 30 Kejserliga
556 977 112 30 Majestät
678 977 87 22 anmält
775 977 88 28 härom,

107 1012 42 21 har
170 1012 66 21 Hans
251 1012 112 29 Majestät
381 1012 4 21 i
401 1012 79 22 Näder
499 1012 113 28 anbefalt,
629 1014 35 19 att
683 1011 181 29 ifrägavarande

107 1046 100 29 petition
226 1046 40 22 vid
285 1047 65 21 detta
365 1047 148 22 förhällande
529 1047 53 22 icke
599 1047 76 21 skulle
691 1046 121 22 föranleda
827 1046 38 21 till

107 1081 78 28 nägon
201 1081 61 21 skild
277 1081 90 28 ätgärd.

179 1118 19 19 9.
221 1116 12 21 I
249 1115 127 29 anledning
392 1116 26 21 af
432 1115 144 22 Ständernas
592 1116 36 21 uti
638 1115 146 28 underdänig
795 1114 70 22 skrif-

107 1149 63 22 velse
194 1150 26 21 af
237 1150 45 21 den
310 1152 24 20 12
353 1150 48 29 Maj
424 1152 54 20 1894
501 1150 80 22 derom
604 1150 138 21 framstälda
764 1148 101 30 petition

108 1184 42 21 har
167 1185 66 21 Hans
249 1185 133 28 Kejserliga
397 1185 112 28 Majestät
523 1185 100 21 medelst
638 1184 72 29 nädig
724 1183 141 30 kungörelse

108 1218 45 21 den
170 1220 25 19 12
211 1219 51 21 Juli
279 1221 54 20 1895
349 1219 84 28 täckts,
445 1219 54 21 med
509 1218 169 29 upphäfvande
689 1219 27 21 af
724 1217 141 29 stadgandet

107 1253 9 21 i
132 1255 12 20 3
160 1260 67 15 mom.
249 1253 26 22 af
291 1253 88 28 nädiga
397 1253 159 28 kungörelsen
576 1253 44 22 den
640 1255 25 20 22
684 1253 102 28 Augusti
803 1254 61 25 1889,

107 1287 76 22 tillåta
206 1289 35 20 att
263 1287 110 22 frielever
395 1288 38 21 må
449 1288 13 21 å
478 1287 76 22 första
575 1287 95 22 klassen
686 1287 26 22 af
730 1287 135 22 elementar-

107 1321 108 22 läroverk
234 1321 43 22 och
296 1321 228 22 fruntimmersskola
543 1322 121 21 äfvensom
684 1322 13 21 &
717 1321 28 22 de
763 1321 103 22 förbere-

108 1355 76 22 dande
203 1355 120 22 klasserna
342 1356 41 21 vid
401 1356 273 22 fruntimmersskolorna
693 1357 8 20 i
715 1354 150 29 Helsingfors

107 1390 93 28 intagas
218 1390 37 21 till
275 1390 39 22 det
329 1390 66 21 antal
414 1391 44 21 och
477 1390 76 28 enligt
568 1390 29 21 de
612 1391 102 28 grunder
729 1397 67 14 mom.
813 1392 12 19 4
842 1389 27 22 af

108 1431 88 16 samma
210 1425 140 28 kungörelse
366 1425 136 22 fastställer.
