1092 1767
345 136 28 23 U.
390 137 29 22 B.
436 149 28 4 —
478 136 184 22 11-XXXIIL
871 138 13 20 5

122 199 112 22 utvisande
249 199 34 21 för
297 199 49 21 hela
359 199 103 29 perioden
477 207 26 13 en
518 200 94 28 stegring
631 200 23 20 af
668 199 62 22 Fmk.
746 200 97 26 120,662:
851 200 34 26 82,

123 233 77 22 hvaraf
214 233 61 21 Fmk.
290 234 83 26 47,959:
389 234 28 20 84
432 233 64 21 faller
509 233 29 29 pä
546 234 113 21 tillväxten
668 234 32 20 uti
711 237 76 25 posten
799 234 86 21 »frälse-

123 267 161 22 landboräntor»
301 268 7 20 i
323 267 95 29 Viborgs
432 268 42 26 län,
489 271 55 18 samt
558 268 56 21 Fmk
630 269 82 25 34,197:
728 269 27 20 90
771 270 62 26 utgör
847 268 38 21 ök-

123 302 51 28 ning
192 302 23 21 af
234 302 177 21 rusthällsräntor.
440 302 176 28 Medelbeloppet
630 310 39 21 per
683 302 24 21 är
721 302 23 22 af
758 302 127 29 grundskat-

123 338 62 19 terna
198 336 97 28 utgjorde
309 336 35 21 för

290 399 102 28 perioden
407 400 113 21 1889—91
536 400 62 20 Fmk.
614 400 116 26 3,604,107:
739 400 27 21 02

337 442 9 11 »
409 434 114 21 1892—94
569 443 9 12 =»
613 434 161 27 3,323,936:56.

125 495 163 30 Nedätgäendet
302 496 62 21 beror
379 496 23 21 af
416 497 42 21 den
473 497 118 28 väsentliga
601 497 127 28 minskning,
737 505 46 13 som
793 497 23 21 är
829 497 55 21 1890

124 530 99 22 inträdde
251 538 75 21 genom
348 531 208 28 vakansafgifternas
578 531 148 22 bortfallande.
766 531 57 21 Från
845 531 40 21 och

124 565 51 21 med
197 565 116 21 sistnämda
334 565 23 21 är
377 565 66 22 hafva
465 565 179 29 grundskatterna
664 565 138 29 regelbundet
827 565 59 28 stigit

125 599 40 21 och
182 599 85 21 komma
282 602 32 19 att
328 599 132 22 fortfarande
475 601 57 27 stiga
546 601 8 20 i
568 599 42 22 den
624 599 49 22 mån
688 599 198 22 rusthållsräntorna

125 633 94 22 tillväxa.

194 668 54 21 Bro-
269 668 40 21 och
339 668 230 29 skallfogdekapparna
593 669 107 28 uppgingo
724 668 24 21 år
773 669 54 20 1893
852 667 33 22 till

125 701 62 22 Fmk.
204 703 81 26 62,505:
302 703 26 20 36
344 702 40 21 och
400 702 35 21 för
450 703 56 20 1894
521 703 33 20 till
568 702 62 21 Fmk.
646 703 82 26 65,851:
744 703 34 26 10,
792 705 46 18 mot
851 701 35 22 för

126 736 104 22 hvardera
245 736 46 21 året
304 736 119 22 beräknadt
437 737 79 28 belopp
532 737 22 21 af
568 737 62 20 Fmk.
641 737 82 26 80,000.
744 736 141 21 Beträffande

125 770 116 29 utgifterna
263 771 34 20 för
318 771 148 28 landtpolisen,
486 771 87 22 hvilken
593 772 55 20 1892
668 771 158 29 organiserades
845 770 40 21 och

128 808 77 18 ersatte
219 805 49 22 bro-
283 805 39 21 och
344 805 271 28 skallfogdeinstitutionen,
629 805 69 28 gifves
714 813 26 13 en
754 804 132 29 jämförande

128 839 105 22 öfversikt
246 839 69 21 nedan
330 839 67 21 under
411 839 127 29 utgifternas
553 840 68 28 tredje
636 839 134 22 hufvudtitel.

197 873 211 28 Näringsskatterna
429 875 48 20 visa
500 881 25 14 en
546 881 35 14 om
601 874 40 21 ock
662 875 59 27 ringa
736 875 93 27 stigning
843 873 40 22 och

126 907 97 28 utgjorde
239 907 60 22 deras
315 907 66 29 ärliga
395 908 149 29 medelbelopp
560 908 34 21 för

264 965 101 28 perioden
381 966 112 21 1889—91
524 966 62 21 Fmk.
608 967 96 26 338,098:
720 967 25 20 37

317 1009 9 10 »
353 996 16 37 =
380 1001 115 20 1892—094
556 1009 8 11 »
608 1001 96 26 364524:
722 1001 32 20 58.

197 1068 32 21 De
241 1069 124 27 personella
379 1069 126 21 skatternas
520 1068 182 29 medelärsbelopp
717 1068 96 29 utgjorde
829 1068 34 21 för

264 1120 101 29 perioden
381 1121 112 20 1889—91
510 1120 62 21 Fmk.
588 1121 116 26 1,943,975:
722 1121 25 20 11

313 1163 8 11 »
383 1155 115 21 1892—94
544 1164 8 10 >»
590 1155 117 26 2,008,639:
721 1155 32 20 52.

184 1217 179 29 Medelbeloppen
380 1225 39 21 per
437 1217 24 21 är
478 1217 24 22 af
521 1217 98 28 samtliga
636 1217 84 22 direkta
740 1217 81 22 skatter
835 1224 52 15 voro

126 1251 67 21 under

265 1308 100 28 perioden
381 1309 114 21 1889—91
511 1308 61 22 Fmk.
588 1308 159 29 5,886,180::50

309 1352 8 10 >
382 1343 115 21 =—1892—94
544 1352 9 10 >»
590 1344 115 26 5,697,100:
722 1344 32 20 66.

126 1405 98 22 Orsaken
245 1406 33 20 till
300 1405 149 29 minskningen
467 1408 25 18 är
510 1406 65 21 ofvan
594 1406 100 28 angifven
708 1406 40 22 och
763 1406 77 21 hänför
854 1406 33 28 sig

126 1439 33 21 till
175 1439 182 29 grundskatterna.

195 1484 142 18 Slatsutskoiteis
349 1485 113 18 betänkande
473 1485 40 18 N:o
525 1486 17 17 2.
