1095 1795
277 146 30 22 U.
322 146 28 22 B.
367 158 26 3 —
410 145 171 28 Längmanska
596 145 129 23 fonderna.
869 145 13 20 9

124 214 106 25 samfund,
253 214 65 21 borde
340 214 157 27 ifrågakomma.
528 214 103 21 Särskildt
653 214 38 21 har
713 214 37 21 det
769 216 59 25 synts
844 214 38 20 Ut-

124 249 78 21 skottet.
221 248 21 21 af
260 248 86 21 rättvisa
362 248 38 20 och
416 248 96 27 billighet
527 248 112 28 påkalladt,
655 250 30 19 att
700 248 182 28 disproportionen

124 283 79 21 mellan
219 282 98 28 anslagen
334 282 32 21 för
382 282 26 21 de
423 282 55 21 båda
492 282 133 28 geografiska
635 283 120 27 sällskapen
766 283 69 21 blefve
846 282 37 21 nå-

125 319 36 25 got
183 317 102 21 minskad.
316 313 69 24 Äfven
410 316 136 28 Geografiska
568 317 133 27 Föreningen
723 318 37 20 har
776 317 107 27 nämligen

126 351 81 21 utöfvat
226 358 27 14 en
271 351 121 27 betydande
408 351 139 28 värksamhet,
564 352 44 20 dels
623 352 32 20 för
671 352 112 27 spridande
799 352 20 20 af
834 358 49 20 geo-

126 385 86 28 grafiskt
235 385 89 21 vetande
340 385 32 21 uti
387 385 150 22 vidsträcktare
553 386 86 27 kretsar,
655 385 99 22 särskildt
769 385 63 21 bland
849 392 35 21 pe-

126 420 97 27 dagoger,
239 420 45 20 dels
299 426 78 20 genom
393 420 157 27 vetenskapliga
566 420 161 27 publikationer.
750 420 133 27 Föreningen

127 454 36 21 har
178 453 85 28 utgifvit
279 453 41 21 åtta
336 453 102 28 årgångar
454 453 21 21 af
490 454 33 20 sin
538 454 99 21 Tidskrift
652 454 49 21 med
716 454 7 20 i
733 454 100 21 medeltal
842 454 41 21 302

127 489 56 20 sidor
205 490 46 19 text
272 494 37 21 per
331 488 79 27 årgång
424 489 65 26 jämte
505 495 27 14 en
547 489 79 26 mängd
641 489 72 20 kartor
728 489 109 20 äfvensom
853 490 31 19 tre

127 523 55 20 band
197 522 165 28 Vetenskapliga
377 523 162 27 meddelanden,
555 523 130 21 omfattande
703 523 127 21 tillsamman
841 523 43 21 858

127 557 57 21 sidor
206 559 46 19 text
273 557 64 27 jämte
361 557 25 20 51
402 557 76 21 kartor.
508 557 41 21 För
564 557 140 28 tryckningen
721 557 21 20 af
756 557 128 21 Tidskriften

127 592 37 20 har
185 591 125 28 föreningen
328 591 86 27 åtnjutit
428 591 132 28 statsanslag,
576 591 123 28 uppgående
716 591 31 21 till
762 591 7 20 i
785 591 99 21 medeltal

129 626 60 26 1,500
211 625 60 21 mark
293 632 34 14 om
350 625 45 21 året
416 625 33 21 för
467 625 142 28 tidsperioden
626 626 146 20 1889—1897.
802 625 41 21 För
858 625 26 21 de

128 659 157 28 vetenskapliga
308 659 168 21 meddelandena
498 659 45 22 åter
565 660 39 20 har
622 659 132 28 föreningen,
769 659 48 21 med
833 659 51 21 hän-

128 700 39 21 syn
183 693 31 22 till
230 694 26 21 de
270 693 71 22 härför
356 693 105 28 beviljade
476 694 164 27 statsanslagens
655 694 113 27 knapphet,
791 693 94 22 åsamkat

128 728 31 27 sig
181 734 27 15 en
229 728 62 21 skuld
307 728 21 21 af
343 727 63 28 något
422 734 45 15 mer
481 730 27 19 än
524 729 61 26 3,000
600 728 65 21 mark.
696 728 42 21 Vid
754 728 75 21 sådant
843 728 42 20 för-

128 762 97 21 hållande
241 762 68 21 finner
323 762 108 21 Utskottet
446 762 82 27 skäligt,
543 764 30 19 att
588 763 95 27 anslaget
698 763 33 20 för
749 762 136 28 Geografiska

128 796 133 28 Föreningen
277 796 64 27 något
356 796 55 21 ökas.

197 824 29 27 Åt
248 830 94 21 Svenska
364 830 227 28 Litteratursällskapet
606 831 38 21 har
659 831 129 27 visserligen,
803 830 26 28 på
845 832 40 19 sätt

129 864 7 20 i
152 870 25 15 en
193 864 205 28 Bankfullmäktiges
419 865 155 27 framställning
591 864 70 28 bilagd
677 865 128 21 reservation
821 864 64 21 fram-

129 898 72 27 hålles,
216 905 88 14 numera
319 898 97 28 beviljats
431 899 131 27 statsbidrag.
588 898 33 21 Då
631 899 117 20 emellertid
757 899 57 20 detta
824 899 61 20 stats-

129 933 80 26 bidrag,
224 935 51 18 stort
291 933 60 26 8,000
367 933 65 27 mark,
445 933 184 27 tillgodokommer
644 933 114 27 sällskapet
771 933 52 20 först
838 932 47 21 från

130 967 38 20 och
184 967 48 20 med
247 967 142 21 innevarande
405 967 28 27 år,
448 967 40 21 och
503 967 114 28 sällskapet
631 967 89 21 sålunda
729 967 78 27 jämväl
818 967 68 21 under

130 1007 29 14 nu
167 1001 171 28 tilländagångna
346 1001 140 28 treårsperiod
498 1001 53 22 varit
559 1001 117 22 nödsakadt
683 1003 30 20 att
721 1001 43 22 helt
774 1001 39 21 och
821 1000 65 21 hållet

131 1035 100 21 förbruka
239 1035 26 22 de
272 1035 30 22 till
311 1036 81 21 inemot
402 1036 61 27 8,000
470 1036 60 21 mark
539 1035 124 28 uppgående
675 1035 65 28 årliga
752 1035 135 21 medlemsaf-

130 1069 67 28 gifter,
208 1070 71 21 hvilka
288 1070 34 20 vid
333 1070 124 27 sällskapets
467 1070 99 21 stiftande
575 1070 112 21 tecknades
700 1070 33 21 för
740 1070 57 21 tiden
806 1069 32 22 till
847 1069 39 21 och

130 1103 48 22 med
201 1103 22 21 år
244 1104 61 27 1896,
320 1110 64 21 synes
400 1104 41 21 den
457 1104 188 27 omständigheten,
661 1106 29 19 att
705 1104 78 21 Finska
797 1103 90 22 Littera-

131 1138 152 27 tursällskapet,
299 1145 45 14 som
359 1138 69 21 under
442 1145 26 14 en
484 1138 72 27 längre
572 1139 52 26 följd
639 1139 21 20 af
675 1138 23 21 år
715 1138 100 28 uppburit
825 1139 61 20 stats-

131 1172 73 27 bidrag
226 1172 32 21 till
278 1172 75 28 belopp
369 1173 21 20 af
406 1173 74 27 10,000
496 1173 60 20 mark
572 1173 79 27 årligen
667 1173 38 20 och
722 1173 107 20 dessutom
845 1171 42 21 dis-

130 1213 89 21 ponerar
241 1207 59 21 öfver
322 1207 176 21 ränteinkomster
520 1207 46 21 från
586 1207 85 26 mycket
686 1207 121 26 betydande
822 1207 65 20 done-

131 1241 49 21 rade
203 1241 80 27 fonder,
306 1241 18 27 ej
348 1241 45 21 haft
415 1241 63 21 behof
501 1242 21 20 af
542 1241 74 28 bidrag
639 1248 24 14 ur
688 1241 26 21 de
739 1241 149 28 Längmanska

131 1275 90 27 medlen,
243 1275 47 21 icke
312 1275 102 21 innebära
436 1275 121 28 anledning,
580 1275 99 21 särskildt
693 1275 33 21 för
741 1275 70 22 denna
826 1274 62 28 gång,

131 1311 30 19 att
183 1309 138 28 undandraga
343 1309 95 21 Svenska
461 1309 234 28 Litteratursällskapet,
710 1316 46 14 som
772 1316 49 21 eger
835 1309 54 27 jäm-

130 1343 110 21 förelsevis
262 1343 82 21 mindre
366 1343 121 27 betydande
510 1343 181 25 ränteinkomster,
714 1344 36 20 det
772 1343 117 21 understöd

131 1377 46 21 från
200 1377 65 27 sagda
287 1377 131 27 vinstmedel,
442 1384 45 14 som
510 1378 117 20 detsamma
649 1378 81 20 härtills
748 1378 45 20 haft
807 1379 30 19 att
852 1376 36 28 på-

131 1412 70 20 räkna.
232 1411 102 28 Beloppet
355 1412 21 20 af
392 1412 95 27 anslaget
502 1412 38 20 har
556 1412 53 20 dock
625 1414 79 18 ansetts
719 1412 73 20 kunna
807 1411 82 28 jämkas

131 1446 32 20 till
179 1446 61 26 3,000
255 1446 60 20 mark
330 1447 45 19 mot
389 1446 21 20 af
425 1446 196 27 Bankfullmäktige
636 1446 120 27 föreslagna
770 1446 69 27 4,000.

200 1489 144 18 Bankutskottets
357 1489 110 18 betänkande
479 1490 34 17 N:o
526 1490 17 17 3.
