1098 1775
326 146 30 22 U.
372 146 26 22 B.
416 159 27 3 —
458 146 223 29 Postsparbanken.

401 558 264 23 Statsutskottets
688 558 196 23 betänkande

333 593 42 22 N:o
396 593 13 22 1
425 593 9 22 i
449 592 135 29 anledning
599 592 27 23 af
638 592 246 29 Postsparbankssty-

332 627 93 22 relsens
449 627 42 22 till
513 627 136 22 Ständerna
667 627 93 28 afgifna
776 627 108 22 relation

333 667 40 16 om
394 661 223 28 postsparbankens
638 661 115 22 tillstånd
774 661 47 22 och
835 661 49 22 för-

331 695 114 28 valtning
454 695 80 22 under
544 695 60 22 ären
613 695 69 28 1893,
692 695 62 22 1894
761 695 47 23 och
816 695 66 22 1895.

195 795 104 22 Jämlikt
322 795 88 22 därom
435 795 8 22 i
467 795 95 29 nädiga
586 795 170 29 kungörelsen
782 795 49 22 den
850 795 34 22 24

125 830 51 28 maj
208 829 67 22 1886
293 829 125 29 ingäende
437 829 161 29 bestämning
618 829 48 22 har
684 829 36 22 till
740 829 144 22 Ständerna

124 863 182 22 Ofverlemnats
325 870 32 15 en
375 864 108 21 relation
501 870 40 16 om
560 864 234 28 postsparbankens
808 863 7 22 i
828 863 57 22 Fin-

125 898 62 23 land
200 898 112 22 tillständ
325 898 47 22 och
384 898 157 29 förvaltning
553 898 81 22 under
648 898 60 22 ären
723 898 77 26 1893,
816 898 68 22 1894

124 933 49 22 och
199 932 77 27 1895,
302 932 103 23 hvilken
424 932 107 23 relation
551 933 25 21 af
595 933 116 29 samtliga
730 932 75 22 ständ
824 932 8 22 i
851 932 34 22 af-

127 967 93 22 seende
248 967 14 22 å
289 967 186 22 förberedande
502 967 157 29 behandling
676 967 152 22 remitterats
848 966 36 23 till

128 1001 200 27 Statsutskottet,
348 1002 113 21 hvarhos
481 1002 127 22 Utskottet
626 1008 91 22 genom
736 1001 149 29 protokolls-

124 1036 96 28 utdrag
238 1036 57 22 från
314 1036 187 28 Ridderskapet
520 1036 47 22 och
586 1036 90 26 Adeln,
695 1036 190 22 Presteståndet

126 1072 65 20 samt
219 1070 216 29 Borgareståndet
463 1070 99 22 erhållit
586 1070 40 22 del
646 1070 25 22 af
689 1070 31 22 de
738 1070 146 28 yttranden,

124 1111 56 16 som
207 1104 68 22 inom
302 1104 80 29 sagda
407 1106 36 20 tre
463 1105 75 21 stånd
556 1104 44 22 vid
619 1105 103 29 frågans
741 1104 89 22 remiss
849 1104 37 22 till

125 1139 98 22 utskott
242 1138 25 22 af
283 1139 125 22 särskilda
428 1139 251 22 ståndsmedlemmar
694 1139 120 29 afgifvits.

195 1173 38 22 De
252 1173 36 22 till
301 1173 139 29 belysande
454 1174 26 21 af
491 1173 235 29 postsparbankens
738 1172 148 29 utveckling

126 1208 82 21 under
226 1215 35 14 nu
279 1208 8 21 i
305 1208 74 29 fråga
397 1208 114 22 varande
530 1208 170 28 treårsperiod
718 1208 8 22 i
745 1207 141 23 relationen

127 1242 107 22 anförda
248 1242 234 29 sifferuppgifterna
497 1243 79 21 hafva
586 1243 43 22 vid
639 1242 131 22 värkstäld
780 1241 106 30 gransk-

126 1276 62 29 ning
201 1276 129 23 befunnits
349 1277 225 22 öfverensstämma
593 1277 57 22 med
668 1277 216 28 räkenskaperna.

126 1311 12 21 I
160 1310 80 23 likhet
258 1311 56 22 med
333 1311 69 22 hvad
420 1311 83 22 under
521 1311 108 29 tidigare
647 1311 153 28 landtdagar
819 1310 67 22 varit

125 1345 71 22 fallet
223 1345 47 22 har
298 1345 193 22 Statsutskottet
518 1345 76 22 äfven
613 1346 83 21 denna
715 1345 69 29 gång
804 1345 82 22 ansett

126 1379 40 28 sig
192 1379 64 22 böra
283 1379 148 22 härutöfver
458 1380 148 29 ytterligare
625 1379 115 22 meddela
759 1379 126 22 särskilda

124 1413 195 30 upplysningar,
341 1414 98 29 ägnade
460 1415 36 21 att
511 1414 87 29 sprida
611 1414 49 29 ljus
674 1414 71 22 öfver
758 1415 128 27 postspar-

124 1447 118 23 bankens
260 1448 154 29 utveckling.

196 1490 142 19 Statsutskottets
351 1491 110 18 betänkande
473 1491 38 18 N:o
523 1492 15 17 1.
