1089 1759
462 98 27 36 HI
803 106 26 18 87

103 164 99 22 emellan
224 165 102 21 nämnda
350 165 219 28 lägenhetsandelar
592 166 46 20 den
659 168 24 19 16
699 166 48 28 Maj
766 168 53 20 1889
836 166 26 21 af

103 204 224 22 vicelandtmätaren
343 206 26 20 E.
386 206 119 27 uppgätts,
521 205 97 22 hvilken
633 206 26 21 rä
675 206 40 21 vid
730 206 130 22 sedermera

104 244 45 21 den
165 246 25 20 29
207 245 104 21 Oktober
328 247 54 20 1890
398 245 120 22 verkstäld
533 246 147 28 granskning
691 246 26 21 af
727 246 133 22 densamma

104 284 120 22 befunnits
248 285 78 28 riktig,
348 285 87 29 jemväl
458 285 75 21 under
555 286 56 21 åren
627 286 104 21 derefter
746 286 114 29 olofligen

104 324 116 22 bebrukat
243 325 39 21 det
302 324 142 29 jordstycke,
468 332 49 14 som
536 326 39 28 låg
592 326 99 21 emellan
707 326 153 22 förenämnda

104 364 120 28 råhägnad
247 365 43 21 och
313 365 45 21 den
381 365 119 28 egentliga
521 366 49 27 rån,
594 365 73 22 Albin
689 366 31 21 M.
740 366 43 21 och
802 366 58 22 hans

104 404 132 28 medparter
251 406 72 20 måtte
339 405 80 21 härför
436 405 70 21 fällas
521 405 37 21 till
569 413 86 14 ansvar
665 406 122 21 äfvensom
797 406 63 28 åläg-

104 451 41 21 gas
161 445 93 27 utgifva
270 445 131 28 ersättning
416 446 38 20 för
470 445 44 22 den
529 447 69 27 nytta
614 445 73 22 Albin
701 446 31 20 M.
748 446 43 22 och
801 446 59 21 hans

104 484 132 28 medparter
258 486 26 20 af
305 486 155 21 omförmälda
477 486 136 28 jordstycke
629 486 98 29 åtnjutit
743 486 73 22 under
832 486 28 21 de

103 524 32 21 tio
159 527 78 19 senast
259 525 152 22 derförinnan
426 526 113 21 förflutna
555 526 61 27 åren,
633 526 74 28 enligt
723 534 28 13 en
765 527 26 21 år
806 528 54 20 1890

103 564 119 22 verkstäld
248 565 171 29 uppskattning
446 566 26 21 af
493 566 133 21 afkomsten
649 567 156 21 nästnämnda
828 568 31 20 år.

105 604 78 22 Sedan
204 605 74 21 Albin
300 606 30 20 M.
355 605 43 22 och
418 606 60 21 hans
493 606 133 28 medparter
641 606 98 28 afgifvit
753 606 107 28 genmäle

103 644 8 21 i
135 645 71 21 saken
230 646 43 21 och
291 646 8 20 i
318 646 143 28 protokollet
476 646 139 22 antecknats
631 648 35 19 att
682 646 72 22 Albin
769 647 30 21 M.
816 646 44 22 och

103 685 58 21 hans
176 686 133 28 medparter
324 687 13 20 å
353 686 73 28 sagda
441 687 52 27 ting
508 688 30 27 på
553 687 120 28 stämning
688 687 37 21 till
741 687 73 21 Albin
824 687 35 27 A.,

103 725 225 23 vicelandtmätaren
350 726 26 21 E.
397 726 44 21 och
456 727 229 21 kronolänsmannen
701 728 22 20 S.
739 727 71 29 yrkat
826 728 34 20 att

103 765 72 21 Albin
198 766 30 21 M.
245 766 42 21 och
305 766 58 21 hans
378 766 133 28 medparter
526 768 72 20 mätte
614 766 99 29 fritagas
729 767 54 21 frän
798 766 62 28 skyl-

103 804 111 29 digheten
241 808 35 19 att
300 806 96 28 erlägga
421 806 158 22 kostnaderna
603 808 38 20 för
663 806 150 29 uppgäendet
836 807 26 21 af

103 845 154 22 förenämnda
280 847 31 26 rä,
335 850 55 18 enär
414 847 76 21 denna
512 848 91 27 rägäng
625 848 61 20 varit
709 847 88 28 olaglig
816 846 44 22 och

103 885 87 28 jemväl
213 886 94 28 oriktig,
331 894 53 14 men
406 889 36 19 att
464 887 71 21 mälet
557 887 161 29 upppskjutits
733 888 38 20 till
785 887 75 29 päföl-

102 926 71 29 jande
196 926 112 29 höstting,
332 928 58 20 fann
412 928 165 21 häradsrätten
595 928 38 21 för
647 928 120 21 bristande
782 927 78 22 utred-

105 967 63 29 ning,
181 968 44 20 och
236 972 55 17 enär
302 968 164 22 häradsrätten
477 969 85 21 aktade
573 969 84 28 nödigt
667 968 89 24 erhälla
765 968 95 29 upplys-

104 1007 58 28 ning
184 1014 38 14 om
244 1008 117 22 huruvida
384 1008 45 22 den
447 1009 9 20 i
472 1009 197 21 sistomförmälda
685 1010 125 27 rättegång
826 1010 34 20 öf-

103 1047 141 28 verklagade
268 1049 247 28 rägängsförrättuing
539 1049 146 21 förklarades
707 1049 74 29 laglig
804 1048 56 22 eller

104 1087 27 28 ej,
155 1088 36 28 sig
214 1088 56 22 böra
293 1089 98 21 medelst
406 1089 78 21 beslut
499 1090 46 20 den
561 1092 26 18 20
602 1089 115 21 Februari
734 1092 52 19 1891
803 1096 57 21 upp-

103 1126 78 29 skjuta
203 1128 53 21 med
278 1128 80 22 vidare
382 1128 84 28 ätgärd
481 1129 8 21 i
504 1129 71 21 mälet
595 1128 37 22 till
646 1128 136 29 päföljande
797 1128 63 22 höst-

105 1168 57 28 ting,
187 1168 29 22 dä
239 1169 72 21 Albin
334 1170 27 20 A.
378 1170 58 27 egde
453 1170 75 21 förete
543 1170 127 28 utredning
687 1177 37 14 om
739 1170 122 28 utgängen

103 1208 26 21 af
150 1208 73 28 sagda
245 1210 131 27 rättegång,
393 1210 87 21 hvaraf
492 1210 182 28 ifrågavarande
689 1210 47 21 mål
752 1217 54 14 vore
822 1210 38 21 be-

103 1250 91 27 roende,
219 1252 59 20 samt
300 1250 38 22 till
353 1253 78 19 rätten
446 1251 92 28 ingifva
553 1251 142 28 fullständig
710 1250 150 28 förteckning

102 1290 66 20 öfver
183 1290 46 21 alla
245 1290 51 21 sina
311 1290 246 29 ersättningsanspråk
572 1291 8 21 i
595 1290 78 22 saken.
697 1290 46 22 Vid
756 1292 52 20 1891
821 1291 37 20 års

103 1329 106 29 höstting
224 1330 69 28 ingat
303 1330 72 22 Albin
390 1331 28 20 A.
434 1331 141 21 instrument
591 1331 67 22 öfver
669 1332 60 28 ånyo
740 1330 121 22 verkstäld

102 1377 44 21 syn
169 1370 44 21 och
235 1371 171 29 uppskattning
423 1372 26 21 af
464 1372 44 21 den
523 1374 69 26 nytta
606 1372 73 21 Albin
694 1372 31 21 M.
742 1372 45 22 och
801 1372 59 21 hans

102 1410 132 28 medparter
250 1412 53 20 från
317 1411 149 28 jordstycket
481 1412 73 28 njutit
569 1414 60 19 samt
643 1412 120 28 påyrkade
779 1414 82 19 ersätt-
