1100 1692
458 114 9 20 I
810 114 10 20 7

90 189 89 15 manna-
196 183 38 21 och
249 182 201 22 husmodersskolor
466 182 108 22 äfvensom
590 182 161 27 folkhögskolor
764 183 87 27 beviljat

91 224 26 15 en
133 224 84 14 summa
233 217 22 21 af
268 217 76 21 inalles
358 218 90 25 105,000
459 217 62 21 mark
532 218 34 20 att
577 217 52 27 utgå
639 217 70 21 under
719 223 82 16 samma
812 218 37 21 tid.

160 252 11 21 I
186 252 156 26 sammanhang
358 252 90 21 härmed
463 251 64 21 hafva
543 250 122 22 Ständerna
681 252 32 20 uti
729 252 122 22 änberörda

92 286 110 22 skrifvelse
217 286 39 21 hos
266 286 60 21 Hans
337 286 120 27 Kejserliga
468 286 103 27 Majestät
581 286 158 27 underdånigst
749 286 101 23 hemstält

92 321 17 26 ej
129 321 84 21 mindre
236 327 34 15 om
293 321 68 21 sådan
377 320 126 27 förändring
519 320 23 21 af
558 321 39 20 134
613 321 11 26 &
639 321 8 20 i
662 320 188 23 folkskoleförord-

91 355 79 27 ningen
186 355 23 22 af
222 355 41 22 den
282 356 22 20 11
322 355 42 28 Maj
383 356 62 25 1866,
460 356 33 20 att
509 355 36 21 det
560 355 165 21 folkskollärare
741 355 38 22 och
794 355 56 22 lära-

91 389 74 22 rinnor
180 390 29 27 på
224 389 74 22 landet
314 395 26 16 ur
355 389 109 22 allmänna
474 389 69 21 medel
553 389 162 22 tillkommande
725 389 126 28 lönebidrag

92 424 53 21 efter
161 425 12 20 5
190 425 34 20 års
240 423 108 28 oförvitlig
358 424 68 27 tjenst
436 424 59 27 höjes
506 424 49 21 med
568 425 25 20 10
603 425 98 26 procent,
712 424 54 22 efter
778 426 26 20 10
816 425 34 21 års

92 459 67 26 tjenst
174 459 48 21 med
240 460 24 20 10
280 461 97 24 procent,
393 458 55 22 efter
465 459 26 21 15
507 459 36 21 års
560 459 66 27 tjenst
641 459 48 21 åter
703 459 49 21 med
764 461 25 20 10
800 466 50 21 pro-

92 495 48 20 cent
163 493 39 22 och
225 493 54 22 efter
301 495 27 20 20
352 494 35 21 års
410 493 67 28 tjenst
498 493 127 28 ytterligare
647 493 49 22 med
711 495 27 20 20
754 495 96 26 procent,

93 529 26 20 än
142 528 40 21 ock
204 529 34 20 att
258 527 22 22 af
297 527 37 22 det
353 527 32 22 till
408 528 138 27 regeringens
569 527 126 28 förfogande
717 528 34 21 för
772 528 79 22 under-

92 562 114 27 stödjande
231 562 23 21 af
276 562 153 21 landtmanna-
452 562 39 21 och
515 562 202 22 husmodersskolor
742 562 108 23 äfvensom

92 596 160 27 folkhögskolor
270 597 72 21 stälda
360 597 76 26 anslag
454 597 77 27 bidrag
546 596 23 22 af
582 597 63 27 högst
661 597 63 27 3,000
740 597 61 21 mark
817 598 33 20 år-

91 631 56 27 ligen
170 631 68 22 måtte
260 632 29 27 på
312 632 97 21 ansökan
432 631 142 22 tillerkännas
596 631 75 28 hvarje
695 631 155 28 folkhögskola,

92 671 45 16 som
153 665 69 22 under
237 666 43 21 viss
296 665 31 22 tid
342 665 57 22 varit
414 665 7 22 i
436 665 147 27 verksamhet;
599 665 119 28 hvarjemte
729 665 122 22 Ständerna

92 699 100 28 slutligen
215 699 97 27 anhållit,
336 701 33 20 att
390 699 63 22 Hans
470 700 103 27 Majestät
597 700 47 21 ville
663 700 46 21 låta
726 699 126 23 införskaffa

92 734 39 21 och
141 734 110 28 förelägga
261 736 50 20 näst
322 735 205 22 sammanträdande
538 735 93 22 Ständer
642 736 116 27 utredning
770 736 80 26 derom,

92 768 106 22 huruvida
220 769 47 21 skäl
290 775 51 15 vore
364 768 119 22 förhanden
507 770 34 20 att
560 769 7 21 i
586 769 82 22 sådana
685 769 118 22 folkskolor
823 770 29 27 på

92 803 80 26 landet,
188 809 45 15 som
248 802 93 22 förestås
358 802 23 22 af
389 803 128 27 lärarinnor,
529 803 88 27 vidtaga
627 803 92 22 särskild
731 803 121 28 anordning

92 837 33 21 för
147 837 155 27 undervisning
321 837 7 21 i
343 837 56 28 slöjd
422 839 57 19 samt
500 837 57 22 huru
581 839 56 20 stort
661 838 75 27 anslag
751 838 7 21 i
772 838 80 22 sådant

93 872 99 22 afseende
208 872 68 21 skulle
292 871 115 23 erfordras.

161 906 50 22 Med
228 906 154 22 föranledande
401 906 23 22 af
441 906 134 22 Ständernas
590 907 72 21 beslut
677 907 7 21 i
699 907 116 27 anledning
831 907 23 21 af

92 941 164 27 propositionen
271 941 39 21 har
325 941 60 21 Hans
396 941 120 28 Kejserliga
525 942 103 26 Majestät
643 942 49 21 låtit
703 942 40 21 den
757 943 24 20 13
792 942 59 21 Mars

94 976 54 21 1895
164 975 87 22 utfärda
266 976 65 27 nådig
345 976 136 27 kungörelse,
497 976 141 27 upptagande
654 976 25 21 de
695 976 23 22 af
731 976 121 22 Ständerna

92 1010 33 21 för
140 1010 209 22 folkskoleväsendet
364 1010 70 22 under
445 1011 51 21 åren
510 1012 140 20 1895—1897
661 1011 105 27 beviljade
776 1010 76 28 anslag

93 1044 22 22 af
128 1044 158 28 sammanlagdt
297 1046 114 26 5,200,700
421 1046 68 26 mark,
501 1045 118 27 hvarjemte
629 1046 101 26 Senaten,
742 1045 66 27 enligt
819 1051 33 15 er-

92 1079 66 21 hållet
169 1079 74 27 nådigt
253 1079 178 28 bemyndigande,
440 1080 32 22 uti
480 1080 49 22 bref
535 1080 32 21 till
576 1075 169 33 Öfverstyrelsen
754 1080 33 22 för
795 1080 57 22 skol-

92 1113 104 22 väsendet
214 1114 23 21 af
253 1120 82 16 samma
350 1114 42 28 dag
407 1114 107 22 förklarat
530 1115 41 21 den
582 1114 23 22 af
618 1114 122 22 Ständerna
756 1116 96 25 antagna

92 1148 71 27 grund
173 1147 33 22 för
216 1148 146 28 beräkningen
375 1148 22 22 af
406 1149 134 27 statsbidrag
548 1149 33 21 till
590 1149 111 21 underhåll
710 1149 22 21 af
738 1149 114 21 städernas

92 1182 118 22 folkskolor
224 1183 86 21 komma
324 1184 33 20 att
368 1183 35 21 vid
413 1183 120 28 beviljande
544 1183 23 22 af
576 1184 72 26 dylika
657 1184 77 26 bidrag
744 1183 33 21 för
787 1183 66 22 fram-

92 1216 59 22 tiden
168 1216 114 28 tillämpas.

161 1250 103 22 Deremot
282 1252 40 21 har
339 1252 63 21 Hans
417 1252 120 27 Kejserliga
552 1252 103 27 Majestät
673 1252 46 22 icke
735 1252 71 21 täckts
821 1251 32 21 bi-

92 1284 51 22 falla
166 1284 32 22 till
220 1285 38 21 det
281 1286 75 26 anslag
371 1286 22 21 af
410 1287 90 25 105,000
515 1286 69 27 mark,
601 1292 45 16 som
663 1286 122 22 Ständerna
800 1286 53 22 stält

92 1318 32 21 till
140 1319 138 27 regeringens
294 1318 126 28 förfogande
435 1320 34 21 för
483 1320 121 22 understöd
619 1321 23 20 åt
652 1320 150 22 landtmanna-
813 1320 39 22 och

92 1352 200 23 husmodersskolor
308 1354 109 21 äfvensom
433 1354 161 28 folkhögskolor
609 1354 70 22 under
689 1354 165 28 ifrågavarande

92 1386 152 29 finansperiod,
260 1390 54 20 utan
337 1388 140 28 bemyndigat
499 1388 94 22 Senaten
609 1391 34 19 att
657 1389 34 22 för
705 1388 148 29 betryggande

92 1421 23 22 af
133 1422 151 22 landtmanna-
301 1423 39 22 och
360 1423 231 22 husmodersskolorna
609 1424 70 21 under
694 1424 67 27 sagda
776 1423 76 28 period

94 1455 22 21 åt
132 1456 63 22 dessa
210 1457 73 21 skolor
299 1457 82 27 utgifva
391 1457 80 28 nödiga
481 1457 78 28 bidrag
569 1457 23 22 af
601 1458 109 21 allmänna
720 1457 134 22 statsmedel.
