1086 1781
457 103 24 21 II
779 106 38 19 143

89 166 85 21 Alfred
189 166 91 22 Teodor
290 167 27 20 B.
329 166 126 22 föröfvade
465 167 87 28 dräpet,
564 167 62 21 utlät
637 167 36 28 sig
685 166 162 22 häradsrätten

90 205 97 22 medelst
211 206 45 21 den
280 208 25 19 18
321 206 100 22 Januari
439 208 52 20 1893
509 206 135 22 afkunnadt
658 206 80 29 utslag
753 206 8 21 i
776 207 71 21 mälet

90 245 44 22 och
149 245 139 28 förklarade,
305 245 180 22 vidkommande
501 247 36 28 K.,
554 247 80 21 utredt
642 254 56 14 vara
714 248 35 19 att
760 247 29 20 K.
802 246 44 22 den

92 287 25 20 26
135 285 135 28 September
287 288 53 19 1892
356 287 30 27 pä
402 286 97 21 aftonen
522 286 41 21 vid
578 286 152 29 uppkommet
744 286 103 29 handge-

91 329 70 24 mäng
177 325 26 22 af
216 325 91 29 hastigt
328 325 54 22 mod
406 325 43 22 och
471 328 58 19 utan
551 327 87 28 uppsät
658 328 35 19 att
708 326 72 29 dräpa
795 326 53 22 med

92 365 54 21 knif
166 365 155 22 misshandlat
342 365 85 22 Alfred
451 365 91 22 Teodor
556 366 26 21 B.
600 367 25 20 sä
642 368 34 20 att
692 366 74 21 denne
782 366 68 21 deraf

91 405 65 28 ljutit
179 405 76 21 döden
274 407 59 19 samt
353 405 83 22 dömde
452 406 71 28 förty,
539 406 54 21 med
609 406 53 21 stöd
678 406 27 21 af
719 405 128 29 äberopade

92 445 96 28 lagrum,
205 445 29 21 K.
251 447 35 19 att
308 445 75 21 hållas
407 453 40 13 sex
470 446 25 21 är
511 446 8 21 i
534 445 105 28 tukthus,
664 445 90 22 hvilket
770 445 78 28 utslag

92 485 139 22 hemstäldes
247 481 52 26 Äbo
315 485 103 22 hofrätts
428 486 153 28 granskning,
593 485 122 22 hvarefter
726 486 20 29 ej
758 486 90 21 mindre

93 525 37 22 för
145 526 87 21 Gustaf
245 525 76 22 Adolf
342 525 44 22 och
401 525 73 22 Erika
489 526 154 22 Wilhelmina
659 527 26 20 B.
702 533 84 22 genom
802 533 46 14 om-

92 565 49 22 bud
155 567 30 27 pä
202 566 78 28 grund
295 567 26 21 af
335 566 111 21 fullmakt
465 566 37 21 till
523 566 121 21 hofrätten
659 566 144 22 inlemnades
820 574 28 13 en

93 606 27 21 af
133 606 111 22 makarna
259 607 27 20 B.
302 609 144 26 gemensamt
461 606 178 22 undertecknad
654 607 77 27 skrift,
747 606 101 21 innefat-

93 647 71 22 tande
178 647 84 22 besvär
276 648 9 21 i
299 647 79 28 saken,
394 647 36 22 uti
444 647 97 22 hvilken
557 647 71 22 skrift
643 647 73 22 bland
727 650 71 19 annat
809 655 39 13 an-

93 687 108 29 märktes,
217 689 36 20 att
275 688 89 21 Gustaf
380 687 75 22 Adolf
469 688 26 21 B.
512 687 52 22 icke
580 687 82 22 blifvit
677 688 62 21 inför
754 687 95 22 härads-

93 729 78 20 rätten
185 727 8 22 i
209 728 72 21 saken
303 727 58 22 hörd
384 729 60 20 samt
467 727 111 22 anhällan
601 727 95 29 gjordes
713 727 85 28 derom,
814 729 35 19 att

89 768 34 33 K.
139 769 72 20 mätte
226 767 81 22 ställas
323 768 13 21 ä
351 767 32 22 fri
398 767 36 22 fot
450 767 142 22 ätminstone
607 767 38 22 till
661 767 52 21 dess
729 769 34 19 att
778 767 71 21 mälet

94 807 111 30 slutligen
227 807 125 29 afgjordes,
377 811 29 18 än
428 807 29 22 K.
472 807 88 29 jemväl
581 807 37 22 till
634 807 119 22 hofrätten
769 807 79 21 inkom

94 847 53 22 med
162 855 28 13 en
205 847 77 28 skrift,
301 847 67 21 hvari
383 847 29 21 K.
428 847 97 28 vidgick
548 849 35 20 att
598 847 28 21 de
643 847 86 28 kläder,
746 847 48 21 han
808 847 41 21 vid

93 887 106 22 tillfället
213 888 38 21 för
261 888 164 28 ifrägakomna
436 887 57 29 dräp
504 888 62 21 varit
576 887 88 28 iklädd,
676 887 80 22 dervid
767 887 81 22 blifvit

94 927 126 22 nedsölade
235 927 52 21 med
304 927 55 22 blod
375 927 54 22 frän
443 927 85 21 Alfred
544 927 91 22 Teodor
650 927 27 22 B.

162 969 111 21 Härefter
296 969 120 28 upphäfde
438 969 121 21 hofrätten
582 976 86 21 genom
684 969 77 28 utslag
776 969 45 21 den
837 971 11 19 9

95 1009 61 21 Mars
175 1011 53 19 1893
239 1009 175 21 häradsrättens
428 1009 196 22 ofvanbeskrifna
634 1009 79 28 utslag
723 1012 60 18 samt
791 1009 58 21 äter-

95 1049 118 21 förvisade
235 1050 71 21 mälet
322 1050 36 20 till
377 1049 170 28 häradsrätten,
572 1050 44 21 och
632 1050 29 21 dä
677 1050 39 21 det
731 1049 118 21 derstädes

95 1090 60 28 ånyo
171 1089 37 21 till
223 1089 144 29 behandling
382 1089 113 28 förekom,
507 1090 98 21 anförde
616 1090 73 21 Erika
699 1089 150 22 Wilhelmina

95 1130 34 27 B.,
153 1136 49 14 som
224 1137 32 13 nu
279 1130 8 20 i
301 1130 156 28 rättegången
472 1130 132 28 uppträdde
620 1130 76 21 såsom
713 1130 85 21 ombud
813 1129 37 21 för

96 1169 87 21 Gustaf
204 1169 76 21 Adolf
301 1170 25 21 B.
350 1170 30 28 på
402 1169 78 29 grund
508 1170 27 21 af
556 1177 28 13 en
607 1170 55 21 utaf
676 1170 85 21 honom
776 1170 74 21 utfär-

95 1209 45 21 dad
173 1210 116 27 fullmakt,
323 1212 35 19 att
387 1210 72 21 ofvan
493 1210 161 28 omförmälda,
688 1210 14 21 &
735 1210 112 21 makarna

96 1250 39 21 B:s
150 1253 89 25 vägnar
255 1250 37 21 till
307 1250 121 21 hofrätten
445 1250 95 28 ingifna
555 1250 77 28 skrift,
650 1257 34 14 om
702 1250 69 21 hvars
786 1250 64 21 inne-

96 1289 49 22 håll
159 1290 113 21 makarna
287 1290 26 22 B.
329 1290 51 21 icke
395 1290 53 21 haft
463 1290 79 28 någon
557 1290 133 21 kännedom
702 1290 42 21 och
754 1289 96 22 hvilken

97 1329 28 21 de
141 1329 20 29 ej
178 1337 40 13 ens
234 1332 51 26 sett,
302 1337 55 14 vore
380 1330 133 28 ombesörjd
534 1330 26 21 af
574 1330 229 21 kronolänsmannen
818 1329 32 28 T.,

96 1369 38 21 till
155 1370 96 21 hvilken
274 1370 111 21 makarna
400 1370 27 21 B.
443 1370 30 28 på
490 1370 37 21 T:s
550 1370 104 28 begäran
677 1370 105 21 utfärdat
798 1369 53 21 full-

96 1410 71 27 makt,
183 1410 128 28 hvarjemte
327 1410 26 21 af
366 1410 29 21 K.
412 1417 32 14 nu
459 1410 108 28 medgafs
583 1409 40 21 det
638 1410 47 21 han
701 1410 44 21 den
757 1412 25 19 27
795 1409 55 28 Sep-
