1092 1778
356 426 47 20 ieke
418 426 58 27 ingå.

163 724 44 23 DÄDG
223 720 13 32 ov
261 720 20 32 vo
291 738 1 3 8
321 737 29 5 OK
375 720 32 32 ROR
421 720 15 32 OM
462 720 33 32 ROR
518 720 35 32 MOR

139 759 27 17 Af
176 759 70 22 anslag,
258 758 74 23 nådigst
344 758 91 23 beviljade
448 758 28 18 för
488 758 65 23 uppfö-

163 793 56 18 rande
237 793 21 18 af
274 793 128 18 folkskolehus
414 793 7 17 i
434 793 22 18 de
468 793 85 23 nordliga

119 840 2 15 |
163 828 34 17 och
209 828 69 23 glesast
289 827 98 18 befolkade
399 828 76 18 delarna
486 828 21 18 af
514 828 39 18 lan-

163 862 36 21 det,
212 862 80 18 återstår
304 863 28 17 att
344 862 123 18 utanordnas.
490 876 5 5 .

140 896 9 17 I
161 897 103 22 ersättning
282 896 29 18 för
327 896 22 18 de
365 896 137 23 militieräntor,
516 902 39 13 som

163 931 58 18 under
230 927 21 30 år
261 931 44 18 1895
317 931 61 22 ingått
389 931 31 17 till
432 931 122 22 statsfonden,

163 965 80 18 förestår
262 967 29 16 att
310 965 90 23 godtgöra
420 965 135 19 militiefonden

164 1000 107 23 förslagsvis
290 1013 4 4 .
320 1013 2 5 .
350 1013 1 4 «
376 1013 4 5 k
408 996 14 32 so
464 1013 3 4 «os
492 1014 3 4 so
521 1013 33 5 va

140 1034 69 23 Bidrag
224 1034 29 18 för
264 1035 44 17 åren
322 1035 43 18 1896
378 1035 35 18 och
426 1035 45 17 1897
483 1035 29 17 till
524 1035 31 17 be-

162 1068 164 23 villningsmedlen,
344 1069 59 23 enligt
420 1069 70 23 nådiga
510 1069 46 17 kun-

140 1137 36 18 För
194 1137 96 19 aflönande
304 1138 21 18 af
340 1140 54 16 extra
408 1139 104 22 ingeniörer
524 1139 31 17 vid

163 1168 146 27 Öfverstyrelsen
326 1173 30 17 för
372 1175 43 20 väg-
434 1173 35 18 och
483 1175 72 16 vatten-

162 1207 131 23 byggnaderna
304 1207 81 18 kommer
398 1209 28 16 att
439 1209 53 21 tagas
505 1208 6 17 i
524 1213 32 12 an-

164 1241 56 23 språk
235 1241 34 18 den
285 1241 104 23 besparing,
402 1247 39 12 som
454 1243 31 22 egt
497 1247 40 12 rum
550 1242 6 17 i

163 1275 47 24 följd
223 1275 53 18 deraf
287 1277 29 17 att
326 1276 58 23 några
392 1276 22 18 af
422 1276 22 17 de
453 1276 31 17 vid
492 1272 63 22 Öfver-

163 1310 90 23 styrelsen
271 1309 85 19 anstälde
374 1310 106 23 ingeniörer
498 1310 59 19 under

163 1345 21 17 år
197 1345 44 17 1895
253 1345 109 22 tjenstgjort
373 1345 31 18 vid
412 1345 145 23 jernvägsbygg-

163 1378 82 19 naderna
262 1379 6 17 i
285 1379 62 18 landet
365 1379 34 18 och
418 1379 92 18 derunder
528 1379 28 18 ät-

163 1413 59 23 njutit
233 1413 79 23 aflöning
325 1419 22 12 ur
358 1413 197 23 byggnadsanslagen
549 1409 11 31 .

589 311 103 22 Transport

178 387 21 20 B.
229 387 62 20 Extra
305 386 96 27 utgifter,
418 392 46 14 som
478 386 7 20 i
500 385 155 28 statsförslaget

140 482 77 19 Jemlikt
232 482 64 23 nädigt
312 482 123 18 förordnande
451 482 34 18 och
498 482 194 18 Statssekretariatets

164 517 106 18 skrifvelser
284 516 34 19 den
331 518 11 16 2
354 517 44 18 Juni
414 518 34 21 (21
460 516 48 24 Maj)
522 517 45 17 1884
579 516 34 18 och
625 518 11 17 9
648 516 44 19 Juni

163 552 31 22 (28
205 552 47 23 Maj)
265 552 43 18 1891
322 553 21 16 är
355 551 84 23 anslaget
451 552 80 22 tillhopa
541 552 75 21 125,000
623 552 32 16 mk
663 552 30 17 för

164 586 107 23 utgifvande
288 586 21 18 af
325 586 63 18 lexika
405 586 41 18 från
465 586 55 23 ryska
537 586 31 18 till
586 586 60 18 finska
658 586 35 18 och

164 621 41 18 frän
218 621 60 18 finska
289 622 30 17 till
331 622 56 22 ryska
396 621 80 23 spräken
485 623 48 16 samt
542 621 29 18 för
579 620 113 18 bekostande

164 655 20 19 af
202 656 101 18 ordböcker
320 656 41 18 frän
379 656 56 23 ryska
453 656 29 18 till
501 656 79 18 svenska
598 655 34 18 och
650 655 42 18 frän

164 690 76 18 svenska
258 690 29 18 till
305 691 56 22 ryska
378 690 88 23 spräken;
478 690 81 18 äterstär
571 690 29 18 till
613 690 78 18 använd-

588 725 68 21 65,000:
669 734 22 3 —

589 863 68 21 17,500:
669 873 22 2 —

590 1001 69 21 50,000:
671 1009 23 4 —

163 1103 83 23 görelsen
258 1103 36 18 den
306 1104 10 17 5
328 1103 51 18 Mars
392 1104 45 17 1895
463 1117 4 5 .
492 1117 3 4 .
520 1116 4 4 .
550 1104 107 21 .4,000,000:
671 1113 22 3 —

602 1414 57 21 7,875:
673 1423 21 3 —

450 1453 106 23 Transport
562 1454 97 22 4,140,375:
671 1463 22 3 —

750 215 39 21 Far

727 312 102 22 29,983,393

842 311 23 18 98

729 1453 104 22 29,983,393

845 1452 23 18 98
