1095 1792
295 140 28 22 U.
339 140 29 22 B.
383 152 28 4 —
426 140 170 28 Längmanska
611 141 130 22 fonderna.
884 142 11 20 7

139 208 55 27 höga
217 210 130 20 räntesatsen
371 208 12 21 6
403 209 33 26 9/,.
467 208 74 22 Under
556 209 26 21 de
597 209 94 27 följande
707 209 51 21 åren
773 210 62 20 hafva
851 210 46 20 där-

139 244 58 19 emot
219 242 46 22 dels
287 243 159 27 placeringarna
467 243 7 21 i
490 244 133 20 skuldsedlar
638 244 108 27 minskats,
762 244 45 21 dels
822 246 74 19 räntan

140 277 33 20 för
187 276 35 21 län
237 277 86 27 nedgätt
338 277 31 20 till
386 278 12 19 5
414 278 12 19 &
440 278 42 26 41/,
498 278 32 26 %/g.

209 311 11 20 I
242 311 72 27 början
335 311 21 20 af
376 311 23 20 är
417 312 54 20 1896
488 312 63 20 hafva
564 311 202 28 Bankfullmäktige,
781 311 26 28 pä
822 311 75 22 Dirok-

141 345 83 20 tionens
247 345 160 28 framställning,
430 346 90 21 rörande
540 346 136 27 placeringen
692 346 21 21 af
727 346 114 21 fondernas
856 346 41 21 till-

141 379 80 28 gångar
240 379 90 28 beslutit,
351 382 29 19 att
398 387 26 14 ur
439 380 108 21 desamma
561 380 57 27 finge
633 385 45 16 mot
692 380 205 27 inteckningssäker-

141 413 36 21 het
198 414 92 27 utgifvas
312 414 87 21 stäende
421 415 41 26 län,
484 415 33 20 för
539 415 71 20 hvilka
625 417 75 18 räntan
715 415 114 20 tillsvidare
847 415 50 20 fast-

142 448 77 21 stäldes
234 448 32 21 till
281 449 41 27 4'/,
338 449 33 27 9/4.

213 482 42 21 Det
269 483 77 27 förslag
362 483 89 21 rörande
467 483 146 28 fördelningen
629 483 22 21 af
665 483 91 21 fondens
767 483 46 21 Litt.
821 483 24 21 B.
856 483 41 20 dis-

142 517 85 27 ponibla
248 517 131 27 vinstmedel,
402 524 46 15 som
470 518 108 21 Utskottet
599 518 7 20 i
629 518 36 21 det
687 517 93 28 följande
795 518 37 21 har
847 519 50 19 äran

142 551 121 28 framställa,
278 552 38 20 har
330 552 8 20 i
353 552 100 21 afseende
468 552 12 21 &
496 553 25 20 de
536 552 61 21 flesta
612 552 7 21 i
636 552 206 27 Bankfullmäktiges
857 552 41 20 för-

143 585 176 28 delningsförslag
340 586 104 27 ingäende
465 589 71 25 poster
551 587 109 27 uppgjorts
675 589 50 18 utan
742 586 156 27 meningsskilj-

143 620 98 27 aktighet,
257 621 76 20 medan
349 621 45 20 äter
408 622 30 19 ett
453 621 111 21 mindretal
580 621 21 20 af
616 621 89 21 berörda
720 621 179 26 anslagssummor

143 654 100 22 faststälts
258 661 76 21 genom
350 655 127 27 ömsesidiga
491 655 140 28 jämkningar.
659 655 33 21 De
707 655 106 27 samfund,
828 654 71 21 hvilka

144 689 7 20 i
174 689 204 27 Bankfullmäktiges
407 689 109 22 skrifvelse
545 689 96 21 förordas
669 689 30 21 till
728 689 120 21 erhållande
878 688 21 21 af

144 723 121 28 understöd,
287 725 41 26 äro,
352 724 61 21 hvart
439 724 39 21 och
504 726 30 19 ett
558 724 7 20 i
590 724 33 21 sin
649 724 56 27 män,
720 724 132 20 värksamma
867 723 32 20 för

145 757 63 28 något
232 758 21 20 af
279 758 26 21 de
330 758 76 27 syften,
431 759 134 20 testamentet
588 758 62 21 afsett
672 761 29 18 att
723 758 108 27 befrämja.
861 757 38 21 Ut-

144 791 77 22 skottet
235 792 39 20 har
289 792 89 21 sälunda
392 792 47 21 icke
457 793 43 20 haft
514 792 116 27 anledning
647 794 30 19 att
695 799 24 14 ur
737 792 100 27 förslaget
854 794 45 18 ute-

145 825 54 22 sluta
221 826 64 27 nägot
307 827 55 20 enda
385 827 21 20 af
420 827 89 20 berörda
524 827 97 27 sällskap.
651 826 101 21 Däremot
767 827 37 20 har
819 826 35 21 det
869 825 30 21 vi-

145 862 32 19 sat
192 861 31 26 sig
238 861 49 20 fullt
301 861 107 27 päkalladt
424 863 29 19 att
468 861 29 21 till
515 861 121 21 erhållande
653 861 20 20 af
688 860 116 21 understöd
823 859 77 22 föreslå

145 894 120 28 ytterligare
289 897 29 19 ett
340 895 96 27 sällskap,
455 896 62 20 hvars
532 895 98 21 anhällan
647 902 34 14 om
697 895 73 27 bidrag
785 894 46 21 icke
847 900 53 14 vun-

145 928 31 21 nit
199 929 117 21 beaktande
338 930 47 20 från
408 930 205 28 Bankfullmäktiges
633 930 51 27 sida,
700 930 107 27 nämligen
823 928 77 22 Finska

145 962 199 28 Konstföreningen.
374 964 32 21 De
424 965 32 20 för
470 964 64 28 inköp
550 965 21 20 af
586 965 114 21 konstvärk
715 964 102 27 anslagna
831 965 69 19 ränte-

146 997 69 21 medel
231 998 46 20 från
294 997 174 22 »Kammarrädet
483 999 95 21 Herman
593 999 134 27 Rosenbergs
742 998 72 27 fond»,
830 997 71 21 hvilka

145 1031 8 20 i
177 1032 205 28 Bankfullmäktiges
406 1033 110 21 skrifvelse
542 1033 111 27 åberopas,
683 1033 85 21 komma
793 1032 107 27 nämligen

145 1066 47 21 icke
214 1066 188 28 konstföreningen
423 1067 32 21 till
469 1067 61 27 godo,
546 1069 51 19 utan
613 1068 44 20 afse
672 1067 64 27 inköp
752 1066 21 21 af
787 1065 114 22 konstvärk

146 1101 39 20 och
207 1101 187 21 konstindustriela
416 1102 89 20 föremål
528 1102 32 20 för
580 1101 26 21 de
621 1101 112 21 Antellska
748 1100 153 27 samlingarnas

145 1135 96 27 räkning,
263 1142 34 14 om
316 1136 39 20 ock
376 1136 25 21 de
416 1136 86 27 inköpta
517 1135 117 21 föremålen
648 1135 154 21 interimistiskt
816 1134 85 20 komme

147 1171 29 19 att
195 1169 95 21 förvaras
312 1169 7 21 i
341 1170 199 27 konstföreningens
561 1169 62 21 lokal.
654 1169 29 21 På
698 1169 69 27 grund
783 1168 64 27 häraf,
862 1168 40 20 och

146 1203 87 21 framför
255 1204 37 21 allt
307 1204 48 21 med
371 1204 118 21 beaktande
507 1204 22 20 af
543 1204 199 27 konstföreningens
758 1202 93 22 ansökan
867 1208 34 14 om

147 1237 73 27 bidrag
235 1238 31 20 till
281 1237 135 28 grundandet
431 1238 21 20 af
467 1240 29 19 ett
511 1238 181 28 specialbibliotek
707 1238 32 20 för
747 1236 155 22 konsttidskrif-

146 1273 32 19 ter
199 1272 40 20 och
261 1272 145 27 planschvärk,
428 1272 39 20 har
490 1272 107 21 Utskottet
616 1274 69 19 ansett
709 1271 193 27 konstföreningen,

147 1312 44 14 som
214 1306 128 21 fortfarande
364 1308 23 19 är
402 1306 40 21 den
459 1306 87 21 främsta
561 1306 103 21 vårdaren
679 1306 21 21 af
712 1306 101 20 konstens
828 1305 75 21 intres-

147 1346 37 15 sen
206 1340 7 20 i
236 1340 46 21 vårt
304 1340 55 28 land,
382 1341 46 20 icke
451 1340 50 21 böra
521 1340 46 21 från
584 1340 28 21 all
627 1340 129 27 delaktighet
770 1340 8 20 i
793 1339 26 21 de
835 1338 68 28 Läng-

146 1374 89 21 manska
249 1374 85 22 medlen
349 1375 109 21 uteslutas.
488 1374 108 22 Utskottet
615 1374 38 21 har
668 1374 117 21 emellertid
800 1373 47 21 icke
862 1373 41 21 för-

146 1408 68 28 bisett,
237 1410 30 19 att
290 1409 25 21 de
336 1409 76 27 syften,
435 1409 93 27 inköpen
550 1409 21 20 af
593 1408 115 22 konstvärk
723 1408 32 21 till
770 1408 77 21 nämda
862 1407 41 21 för-

146 1442 74 28 enings
235 1442 74 28 galleri
324 1443 44 21 afse
384 1445 30 19 att
429 1442 104 28 befordra,
548 1443 7 20 i
570 1443 73 27 hvarje
658 1442 37 21 fall
711 1442 92 21 härefter
817 1442 86 20 komma

214 1487 145 18 Bankutskottets
372 1488 110 17 betänkande
495 1489 36 16 N:o
544 1488 17 17 3.
