1095 1773
204 143 26 21 50
427 143 29 23 U.
471 144 28 22 B.
517 155 27 3 —
559 142 182 22 111--XXXIIL

203 210 78 22 fonder
298 211 107 22 meddelas
421 212 6 20 i
444 212 145 21 betänkandet
604 211 118 29 åtföljande
739 212 91 26 bilagan
848 210 21 22 C.
901 210 62 21 Efter

203 248 85 18 senaste
311 245 103 29 landtdag
435 246 66 21 hafva
523 246 123 21 tillkommit
668 245 96 29 följande
785 248 76 18 trenne
880 244 82 26 fonder,

204 280 116 27 nämligen:

275 349 38 20 1:o.
342 348 131 22 Allmänna
495 348 209 29 Länesjukhusets
726 348 10 22 i
758 340 50 30 Åbo
824 348 138 22 donations-

207 382 69 23 fond.
313 382 75 29 Enligt
418 383 230 28 finansexpeditionens
677 383 49 21 bref
754 383 23 21 af
797 382 41 21 den
867 384 26 20 25
921 383 41 27 maj

210 418 54 20 1895
286 416 38 22 har
338 417 122 28 Kejserliga
475 417 92 21 Senaten
584 417 112 21 förordnat
711 420 31 18 att
758 416 70 22 denna
843 416 60 26 fond,
918 424 44 14 som

207 450 28 28 på
249 451 68 28 grund
334 451 23 21 af
371 451 75 28 nådigt
461 452 93 28 reskript
569 452 23 20 af
607 451 41 21 den
664 452 12 20 2
692 452 45 28 juni
759 452 55 20 1818
834 451 67 21 hittils
919 451 43 20 för-

205 485 79 21 valtats
306 485 22 21 af
348 493 25 13 en
394 486 56 20 skild
473 486 113 25 direktion,
607 486 68 20 skulle
691 486 32 20 till
738 485 167 21 statskontorets
920 485 43 20 för-

205 519 97 28 valtning
325 520 144 21 öfverlämnas
492 520 40 21 och
555 520 70 21 såsom
648 527 25 13 en
697 519 92 21 särskild
812 519 53 21 fond
887 519 75 21 fortfa-

206 554 67 20 rande
298 554 115 21 bibehållas
437 554 47 21 med
505 554 138 28 iakttagande
659 554 67 26 däraf,
742 557 32 18 att
788 554 33 20 till
836 554 80 20 fonden
932 554 31 20 in-

206 588 94 28 flytande
324 588 131 22 räntemedel
475 588 81 28 årligen
572 588 51 21 böra
638 588 33 21 till
686 588 136 22 statsfonden
838 588 124 21 öfverföras.

208 622 43 21 Till
274 622 53 28 följd
350 622 62 22 bäraf
432 623 39 21 har
493 622 133 22 direktionen
650 623 34 21 för
706 622 91 22 berörda
821 622 52 21 fond
899 623 63 27 jämte

208 656 114 22 skrifvelse
337 657 40 21 och
392 658 94 20 reversal
502 657 23 21 af
539 657 41 21 den
597 658 26 20 27
638 658 82 27 januari
737 658 55 20 1896
808 657 32 20 till
857 656 106 21 statskon-

205 694 57 18 toret
285 692 86 20 insändt
393 693 12 20 5
426 695 25 18 st.
474 692 135 21 skuldsedlar
628 692 12 20 å
656 692 140 20 tillsammans
813 692 74 25 18,500
903 691 59 21 mark

203 726 40 21 och
262 727 14 19 4
294 729 25 18 st.
336 726 195 28 depositionsbevis
552 726 12 21 å
585 726 138 21 tillsammans
744 726 77 26 21,600
838 726 59 20 mark
912 725 50 21 eller

203 760 78 21 inalles
296 761 76 26 40,100
387 761 66 21 mark.

270 836 39 20 2:0.
338 834 73 23 Ulrik
427 834 144 24 Lindholms
589 834 202 23 donationsfond.
819 834 78 21 Denna
906 833 53 22 fond

203 868 39 21 har
263 868 97 29 uppstått
380 869 28 28 på
423 869 69 28 grund
508 869 23 22 af
546 872 31 19 ett
592 869 23 22 af
628 868 137 22 handlanden
781 870 6 20 i
803 868 93 21 Heinola
912 868 47 21 stad

202 903 28 21 U.
253 903 115 21 Lindholm
384 903 42 22 den
442 905 26 20 10
484 904 117 21 november
617 905 54 20 1888
687 903 126 29 upprättadt
827 905 133 23 testamente,

202 938 5 19 i
225 937 83 21 hvilket
322 940 96 25 testator,
433 938 56 21 efter
503 941 31 18 att
550 938 67 21 under
633 939 25 20 10
670 938 93 28 punkter
773 937 66 21 hafva
849 937 111 21 förordnat

205 971 54 21 huru
270 971 85 28 mycket
370 972 23 21 af
407 973 53 20 hans
475 972 166 28 kvarlåtenskap
657 972 54 21 skall
722 971 83 22 öfverst
816 971 99 28 afdragas
925 971 34 20 för

203 1008 31 18 att
244 1005 95 22 fördelas
353 1006 88 21 emellan
453 1006 124 28 namngifna
588 1013 101 21 personer
700 1006 40 21 och
751 1006 131 25 kommuner,
892 1005 68 21 under

203 1041 57 20 11:te
277 1040 39 21 och
332 1041 52 20 sista
399 1041 95 27 punkten
510 1041 118 20 fortsätter:
647 1033 144 28 »Återstoden
806 1040 23 21 af
844 1041 42 19 min
897 1047 62 20 gvar-

201 1073 115 29 låtenskap
339 1074 48 21 med
409 1075 39 20 allt
469 1075 57 21 hvad
550 1075 70 20 dertill
642 1075 101 20 hänföres
760 1075 41 20 kan
818 1074 103 21 förvaltas
936 1073 24 22 af

201 1108 81 21 Finska
306 1108 81 21 Staten.
417 1108 35 21 Då
467 1108 59 22 detta
541 1108 80 28 kapital
638 1109 59 27 stigit
712 1108 31 21 till
760 1107 198 22 Femhundratusen

202 1143 106 26 (500,000)
331 1142 60 21 mark
392 1137 11 38 -
414 1143 64 21 finskt
500 1146 59 25 mynt
581 1144 89 20 inrättas
692 1142 49 22 med
765 1144 101 19 räntorna
881 1141 50 21 derå
946 1142 13 20 å

204 1176 96 21 Heinola
321 1176 59 22 stads
401 1177 60 21 mark
481 1184 26 14 en
523 1177 228 28 uppfostringsanstalt
766 1176 34 21 för
815 1176 77 28 fattiga
907 1176 51 20 barn

202 1210 79 21 mellan
296 1210 47 28 fyra
359 1211 40 21 och
415 1218 38 14 sex
468 1211 28 21 år.
526 1212 71 20 Dessa
613 1212 50 20 barn
679 1211 23 21 få
717 1212 6 20 i
740 1210 106 22 anstalten
857 1210 101 21 förblifva

202 1244 32 21 till
254 1244 49 22 dess
319 1245 26 21 de
361 1245 84 21 erhållit
460 1246 31 20 sin
507 1246 79 27 nödiga
601 1246 133 28 uppfostran,
750 1244 56 22 dock
823 1244 48 22 icke
886 1244 72 28 längre

202 1280 26 19 än
252 1279 45 21 tills
317 1279 27 21 de
359 1279 93 29 uppnått
466 1280 81 21 femton
563 1280 34 20 års
613 1280 63 20 ålder.
706 1278 48 23 Vid
770 1278 150 28 realiseringen
936 1278 23 21 af

201 1313 42 21 den
260 1313 111 28 egendom,
386 1321 46 13 som
447 1314 95 21 tillfaller
557 1313 262 29 uppfostringsanstalten,
834 1315 59 19 utser
907 1312 51 21 Fin-

200 1347 39 21 ska
255 1347 74 21 Staten
346 1348 40 20 och
401 1348 93 21 Heinola
511 1348 46 21 stad
574 1348 98 21 ombud«.

270 1381 72 21 Sedan
365 1385 90 18 testator
476 1382 41 21 den
541 1384 25 20 27
588 1382 53 28 april
664 1382 56 21 1890
735 1381 69 21 aflidit
819 1382 41 20 och
876 1381 82 28 boupp-

200 1415 105 28 teckning
319 1416 78 26 hållits,
412 1419 56 18 samt
482 1416 23 21 af
519 1416 194 28 kvarlåtenskapen
726 1416 77 20 främst
813 1415 93 28 afskiljts
917 1415 41 21 den

201 1456 89 20 summa,
304 1457 46 13 som
370 1450 68 28 enligt
452 1453 100 18 testators
569 1450 50 28 vilja
634 1450 66 21 borde
716 1449 95 21 fördelas
827 1449 90 21 emellan
933 1449 25 21 de

270 1489 141 18 Statsutskottets
424 1490 109 18 betänkande
545 1490 38 18 N:o
596 1490 17 18 2.
