1095 1792
419 137 124 23 förvaltning.
839 138 19 16 31

107 206 118 28 betingadt
241 209 32 18 att
297 206 151 28 samlingarna
464 206 75 23 äfven,
555 208 24 19 så
594 206 67 28 länge
681 206 42 21 den
740 206 120 28 provisori-

108 242 40 20 ska
164 241 143 28 placeringen
323 248 73 18 varar,
412 242 33 20 stå
462 240 72 22 under
549 241 106 21 inseende
667 240 42 22 och
720 240 142 28 förvaltning

108 276 25 20 af
146 275 188 22 förtroendemän,
351 282 47 14 som
422 275 128 21 Ständerna
565 275 75 21 härtill
656 277 71 19 utsett
747 275 42 21 och
805 275 56 20 hvil-

107 310 40 21 kas
162 310 105 28 uppdrag
289 309 69 22 borde
381 310 99 27 vidtaga,
497 311 24 20 så
544 309 45 22 fort
606 309 38 22 ske
661 309 51 25 kan,
732 309 68 21 sedan
816 309 44 21 den

107 345 131 20 nuvarande
254 344 176 28 Delegationens
446 345 93 20 mandat
554 344 105 28 upphört.

175 378 156 21 Tillsättandet
348 378 25 21 af
386 386 28 13 en
430 378 96 21 särskild
551 379 128 27 delegation
694 378 37 21 för
746 378 61 21 detta
823 381 37 18 än-

107 413 73 20 damäl
203 415 24 18 är
249 413 114 28 päkalladt
379 413 68 21 äfven
466 413 76 21 därför
563 415 31 18 att
613 415 106 18 räntorna
737 413 24 20 af
779 413 82 25 ,Kam-

108 447 110 21 marrådet
234 447 98 21 Herman
349 447 144 28 Rosenbergs
509 447 77 25 fond",
610 450 53 18 enär
679 447 74 20 denna
767 455 91 13 numera

107 483 89 26 uppgår
211 482 33 20 till
262 484 110 23 1,000,000
387 482 71 25 mark,
473 481 72 22 blifva
556 481 126 29 disponibla
694 481 50 21 från
756 481 42 22 och
809 481 51 21 med

109 518 23 18 är
149 518 52 19 1897
225 516 42 21 och
283 516 85 21 således
391 516 61 25 böra,
469 516 71 28 enligt
556 518 104 19 testators
684 515 122 24 föreskrift,
823 523 37 14 an-

107 551 85 20 vändas
215 551 33 20 till
264 553 33 18 att
320 558 96 20 ,,genom
432 551 129 28 inköpande
584 550 25 21 af
622 550 94 21 föremål
731 550 51 21 utaf
796 550 64 21 verk-

108 585 41 28 ligt
164 585 82 21 värde"
263 585 43 21 öka
328 585 28 20 de
375 585 174 28 ifrågavarande
572 585 157 28 samlingarna.
760 585 42 20 Om
818 585 42 20 ock

109 619 156 28 delegationen
280 619 38 22 vid
334 619 64 21 dessa
414 619 69 28 inköp
500 619 45 21 kan
561 619 100 28 påräkna
683 619 138 21 medverkan
838 618 26 21 af

108 653 27 21 de
151 654 141 27 sakkunniga
314 661 114 21 personer,
444 661 48 14 som
515 654 122 21 verkställa
660 653 109 21 likartade
792 653 68 28 inköp

108 688 36 21 för
159 695 54 21 nyss
229 688 97 21 nämnda
341 688 141 27 Föreningar
493 688 42 21 och
546 688 35 21 för
593 690 84 18 statens
688 687 170 28 vetenskapliga

109 723 127 26 samlingar,
252 722 68 21 borde
344 723 57 20 dock
418 722 157 28 delegationen
599 721 54 28 sjelf
666 721 81 29 pröfva
771 722 41 21 och
828 721 32 21 af-

109 759 54 24 göra
179 757 43 20 alla
239 756 157 29 inköpsfrågor
412 756 26 21 af
452 759 71 18 större
532 756 145 28 betydenhet,
689 756 117 21 hvaremot
817 756 44 20 rin-

109 798 53 20 gare
187 791 68 28 inköp
278 791 75 20 kunde
374 790 25 21 af
412 791 157 27 delegationen
585 791 112 20 ombetros
713 789 146 22 förenämnda

110 825 142 28 sakkunniga
267 832 106 21 personer
390 825 4 20 i
411 825 106 27 förening
532 825 51 20 med
600 828 102 25 experter
713 832 46 13 som
772 824 88 27 delega-

108 859 76 21 tionen
209 861 86 26 utsåge.
329 859 39 20 Ett
392 859 79 20 sådant
496 859 181 28 tillvägagående
701 859 38 20 vid
761 859 99 27 inköpen

108 901 53 13 vore
185 893 91 28 analogt
299 893 50 22 med
366 893 44 25 det,
430 901 48 13 som
494 893 69 21 ofvan
580 895 12 19 å
608 901 16 13 s.
641 895 26 19 23
683 893 127 28 föreslagits
826 893 34 20 till

110 928 143 28 iakttagande
269 928 68 21 sedan
353 928 193 20 Nationalmuseet
561 928 72 20 blifvit
645 928 161 28 organiseradt,
818 927 42 21 och

108 962 90 28 erbjöde
213 962 83 27 jemväl
312 962 42 21 den
371 962 103 21 fördelen
491 965 31 18 att
538 963 69 27 inköp
623 962 25 21 af
663 962 113 28 dupletter
788 962 72 21 skulle

108 996 116 21 undvikas.

176 1031 35 21 Då
234 1032 43 20 den
299 1039 30 13 nu
353 1031 119 21 förordade
495 1039 46 20 nya
564 1032 169 28 delegationens
756 1031 106 29 uppdrag

109 1065 74 21 blefve
200 1065 25 21 af
238 1065 159 22 företrädesvis
413 1066 103 28 praktisk
536 1068 40 23 art,
593 1066 63 21 torde
672 1066 37 21 det
725 1073 54 14 vara
794 1066 66 20 ända-

108 1100 127 28 målsenligt
259 1102 32 18 att
314 1100 129 20 densamma
466 1103 92 25 utgöres
583 1100 24 21 af
623 1103 9 18 1
649 1100 97 21 ledamot
762 1100 70 28 jemte
848 1102 14 18 3

109 1134 144 28 suppleanter
268 1134 35 21 för
319 1134 78 28 hvarje
413 1134 72 22 stånd.
516 1135 45 21 Det
577 1142 67 21 synes
661 1135 42 21 ock
713 1142 53 14 vara
778 1134 83 28 skäligt

110 1170 30 18 att
165 1170 74 25 någon
263 1168 144 28 godtgörelse
431 1168 96 22 utfästes
544 1168 35 22 för
595 1168 78 28 hvarje
689 1168 172 21 sammanträde.

176 1204 45 20 För
244 1208 32 16 att
299 1203 127 21 underlätta
449 1203 203 28 förhandlingarna
670 1203 83 21 mellan
773 1203 89 27 delega-

108 1237 76 21 tionen
200 1239 12 19 å
228 1245 41 13 ena
285 1240 55 18 samt
360 1238 171 27 Föreningarna
555 1237 43 21 och
613 1237 164 28 Arkeologiska
800 1237 62 21 kom-

107 1272 121 20 missionen
245 1274 12 18 å
273 1272 69 20 andra
360 1272 69 26 sidan,
455 1271 94 21 hvilken
574 1271 103 28 beröring
693 1271 131 28 betingades
840 1270 20 27 ej

109 1305 56 21 bloit
188 1305 25 21 at
233 1305 81 28 frågan
337 1313 36 13 om
396 1306 101 20 medlens
521 1305 155 25 användande,
698 1310 54 16 utan
768 1305 95 27 antagli-

107 1347 45 20 gen
175 1340 42 20 ock
241 1339 24 21 af
288 1340 205 28 byggnadsfrågor,
516 1340 40 20 har
576 1340 164 27 Delegationen
759 1342 54 18 trott
830 1341 34 19 att

107 1375 77 26 någon
207 1374 58 21 form
280 1374 35 21 för
332 1382 27 12 en
384 1374 72 20 direkt
473 1374 135 20 samverkan
626 1374 69 21 borde
711 1376 93 26 antagas
820 1373 43 21 och

107 1407 35 21 får
159 1408 5 20 i
180 1408 78 20 sådant
283 1408 127 20 hänseende
433 1408 126 20 äterhemta
574 1410 32 18 ett
625 1407 86 28 förslag
736 1415 25 13 ur
779 1408 84 27 planen

107 1442 36 20 för
159 1442 43 20 den
226 1442 114 21 definitiva
364 1442 190 27 organisationen.
585 1436 77 26 Äfven
677 1442 6 20 i
700 1441 69 28 öfrigt
788 1441 76 21 blefve
