1092 1750
341 138 28 23 U.
386 139 29 21 B.
431 151 27 3 —
473 138 182 21 111-XXXIII.
854 140 25 20 35

190 207 77 21 Denna
290 207 197 28 sammanställning
508 207 74 28 skiljer
603 208 33 26 sig
657 208 3 20 i
680 207 70 28 nägon
767 207 49 21 män
831 206 49 22 frän

122 241 52 21 Tab.
191 241 12 21 I
223 242 6 20 i
249 242 176 20 Statsutskottets
448 241 36 21 vid
502 242 55 20 1894
573 241 34 21 ärs
622 242 104 28 landtdag
741 242 7 20 i
763 244 71 18 ämnet
849 241 32 21 af-

122 276 58 21 lätna
195 276 142 26 betänkande,
359 283 48 14 men
431 276 38 20 bör
489 276 56 21 dock
568 276 70 21 lämna
660 284 26 13 en
702 276 50 21 fullt
767 276 114 27 öfversigt-

122 310 30 28 lig
172 310 158 28 framställning
349 310 22 21 af
386 310 27 21 de
428 310 65 26 fakta,
509 318 45 13 som
572 311 8 19 i
596 310 59 21 detta
672 310 154 28 sammanhang
845 310 36 20 be-

122 344 67 21 höfva
206 344 95 21 beaktas.
331 344 160 28 Nybyggnader
509 344 41 21 och
565 344 65 28 rörlig
658 344 96 21 materiel
778 346 36 19 äro
834 344 46 21 däri

123 382 115 25 upptagna,
261 378 86 22 oafsedt
368 378 110 22 hvarifrån
501 379 101 27 anslagen
623 378 35 21 för
680 378 110 22 desamma
810 378 72 22 blifvit

124 413 108 22 anvisade.

192 447 80 22 Medan
285 447 36 22 det
332 448 52 21 sista
393 447 108 22 bokslutet
511 447 67 21 under
587 447 171 28 treårsperioden
769 449 112 20 1890—92

124 482 97 21 utvisade
235 485 31 18 att
277 481 289 22 kommunikationsfondens
578 481 88 22 skulder
676 482 32 21 till
720 482 97 21 enskilda
828 485 55 18 samt

123 516 33 21 till
172 516 222 28 bevillningsfondens
410 515 41 22 och
463 515 140 22 statsverkets
612 515 78 22 fonder
702 516 123 28 öfverstego
834 516 48 21 fon-

125 550 52 21 dens
193 550 122 29 disponibla
332 549 114 28 tillgångar
462 551 7 19 i
485 550 114 21 kontanter
618 550 40 21 och
676 550 142 28 obligationer
833 550 49 21 med

124 585 56 21 Fmk
199 586 116 26 1,020,572:
331 586 34 24 49,
380 584 94 28 framgår
489 592 25 13 ur
529 585 55 21 1895
603 584 34 21 års
653 584 93 27 bokslut,
758 588 32 18 att
805 584 77 22 nämda

124 619 115 28 tillgångar
266 619 34 21 för
326 618 60 22 tiden
409 630 28 4 —
457 618 87 22 utöfver
568 618 91 22 fondens
682 619 88 21 skulder
792 620 32 20 till
847 626 37 14 en-

126 654 74 26 skilda,
216 653 135 21 statsfonden
370 653 40 21 och
425 653 350 28 lagmanstingsgästniogsfonden
790 666 27 2 —
830 661 54 21 upp-

125 688 65 28 gingo
205 688 33 20 till
260 687 55 21 Fmk
331 688 116 26 9,405,193:
465 688 32 20 01.

194 722 31 20 Af
243 722 119 20 relationen
380 720 95 29 framgär
494 721 48 21 icke
562 721 37 21 det
613 721 141 28 fullständiga
770 721 76 21 värdet
862 722 23 20 af

126 756 205 28 statsjärnvägarnas
353 755 126 28 fastigheter
500 755 41 21 och
564 755 68 27 öfriga
652 755 120 28 tillgångar,
794 755 90 21 emedan

126 790 38 21 här
179 790 48 21 icke
242 790 109 28 upptagits
367 790 37 20 det
422 790 81 27 kapital
518 797 45 14 som
579 789 99 28 nedlagts
694 790 5 20 i
715 790 169 28 järnvägsbygg-

126 824 72 25 nader,
212 824 74 21 hvilka
301 825 18 27 ej
337 826 56 19 ännu
408 824 23 20 af
446 824 205 28 järnvägsstyrelsen
668 824 134 28 öfvertagits.
832 824 53 21 Med

126 858 47 21 stöd
197 858 23 21 af
242 858 98 22 bemälda
362 858 101 28 styrelses
487 858 113 21 berättelse
620 858 34 21 för
669 858 24 21 är
710 860 53 20 1895
780 858 41 22 och
836 858 49 22 med

126 893 74 27 tillägg
215 893 22 21 af
250 892 46 22 däri
307 892 48 22 icke
361 892 106 28 ingående
475 892 89 28 utgifter
572 892 34 22 för
627 893 84 21 Keuru—
720 888 115 37 Jyväskylä
846 893 40 21 och

126 927 104 21 Imatra—
239 926 99 22 Harakka
363 927 261 27 järnvägsanläggningar,
649 926 83 29 uppgår
755 927 131 21 totalvärdet

127 961 23 21 af
170 962 201 27 statsjärnvägarna,
389 960 49 21 med
457 960 57 22 hvad
533 960 71 22 därtill
620 961 44 26 hör,
679 961 36 21 vid
733 962 54 20 1895
804 961 34 21 års
854 964 33 18 ut-

127 995 57 28 gäng
199 995 38 26 till,
251 996 6 20 i
273 995 66 21 rundt
353 995 36 26 tal,
405 996 138 25 199,773,000
554 995 65 21 mark.
645 995 66 21 Detta
726 996 77 28 belopp
816 995 72 22 öfver-

128 1030 66 27 stiger
213 1029 49 21 med
284 1029 56 21 Fmk
361 1030 146 25 115,263,000:
523 1042 27 3 —
565 1029 157 29 totalbeloppet
737 1030 23 20 af
774 1030 114 21 statsskul-

130 1063 41 21 den
194 1063 34 21 för
251 1064 141 27 järnvägarna
412 1063 36 21 vid
470 1071 80 13 samma
568 1064 108 28 tidpunkt,
691 1064 83 21 hvilket
789 1063 99 29 utgjorde

129 1098 125 27 84,510,000
271 1098 66 20 mark.

196 1132 107 21 Jämföras
329 1132 117 21 resultaten
469 1132 24 21 af
515 1133 207 27 statsjärnvägarnes
751 1132 137 22 verksamhet

130 1166 81 21 sädana
232 1166 27 21 de
275 1166 83 28 framgä
373 1174 24 13 ur
412 1166 37 21 här
465 1166 66 22 ofvan
546 1167 88 28 intagna
648 1166 71 27 tabell,
735 1167 48 21 med
799 1166 89 22 resulta-

132 1204 36 17 ten
183 1200 68 21 under
266 1201 51 21 ären
334 1201 148 27 1890—1892,
496 1201 110 28 uttryckta
620 1202 6 20 i
643 1201 65 28 ärliga
723 1201 112 22 medeltal:

199 1485 143 18 Statsutskottets
355 1485 112 17 betänkande
479 1485 34 17 N:o
526 1485 18 18 2.
