1092 1775
294 117 25 19 20
641 115 12 21 I

335 183 103 22 Senaten
467 183 42 22 har
538 183 46 21 den
612 185 24 20 16
662 183 49 29 Maj
739 184 53 21 1895
819 183 157 22 öfverlemnat
1001 184 24 21 åt

262 218 256 28 Finansexpeditionen
548 220 35 19 att
610 218 98 28 vidtaga
736 218 154 29 erforderliga
915 218 110 29 åtgärder

263 252 94 28 derhän,
382 254 35 20 att
442 252 28 22 de
492 252 9 22 i
523 252 204 29 postsparbanken
752 252 123 30 befintliga
899 252 126 22 italienska

263 286 160 29 värdepapren
445 287 79 21 blefve
548 287 136 21 öfverförda
707 287 37 21 till
767 286 45 22 den
835 287 57 21 eller
912 287 28 21 de
955 289 70 20 stats-

262 321 93 21 verkets
381 321 90 28 fonder,
497 321 122 22 hvarifrån
642 321 118 22 desamma
783 321 8 21 i
814 321 65 22 tiden
901 321 38 22 till
961 324 63 26 post-

263 355 150 28 sparbanken
427 355 134 28 inkommit;
578 358 36 19 att
629 355 67 22 dessa
712 355 84 22 fonder
806 355 123 22 åhvälfdes
941 363 82 14 ansva-

262 389 79 29 righet
363 390 38 21 för
423 390 124 22 skilnaden
570 389 100 22 emellan
693 389 29 22 de
744 389 182 29 ifrågavarande
942 390 82 21 värde-

262 431 100 22 paprens
389 424 121 29 gångbara
536 424 48 29 pris
610 424 40 22 vid
677 424 65 21 tiden
769 424 37 21 för
831 423 46 22 den
900 424 122 22 blifvande

263 459 178 29 öfverföringen
465 459 43 22 och
528 459 67 21 deras
611 459 8 21 i
634 459 215 28 postsparbankens
864 459 159 28 räkenskaper

263 493 116 21 bokförda
393 493 81 27 värde;
491 495 35 20 att
542 493 30 21 då
587 493 38 22 för
636 493 74 28 öfrigt
721 493 174 28 öfverföringar
906 493 26 21 af
941 493 82 22 värde-

261 534 89 21 papper
365 527 54 22 från
435 535 29 14 en
479 527 59 22 fond
552 527 38 22 till
611 535 78 14 annan
710 527 125 28 företagas,
856 527 166 29 postsparban-

262 562 57 21 kens
343 561 157 30 obligationer
522 563 72 20 måtte
618 561 76 22 hållas
709 562 9 21 i
733 565 37 18 sär
790 561 53 22 från
863 561 67 22 dessa
946 562 76 21 öfver-

262 596 115 29 föringar;
394 599 35 19 att
444 597 8 21 i
467 597 204 28 postsparbanken
694 596 130 29 inflytande
847 596 76 22 medel
942 596 79 22 blefve

261 630 123 29 placerade
405 631 88 29 jemväl
516 632 30 28 pä
570 631 132 29 deposition
722 632 48 20 mot
785 631 84 29 högsta
884 633 69 19 ränta
968 630 9 22 i
993 631 28 21 de

262 667 75 19 större
359 665 93 29 privata
474 665 256 29 bankinrättningarna
752 668 60 19 samt
828 668 35 19 att
877 666 9 21 i
902 665 46 22 alla
964 665 56 22 hän-

261 700 76 21 delser
359 700 122 22 inhemska
505 700 157 29 obligationer
680 700 72 22 måtte
769 700 135 29 föredragas
921 700 100 21 framför

261 734 73 22 andra
349 734 100 22 länders.

333 769 136 21 Sedermera
484 769 42 21 har
541 769 66 21 Hans
622 768 134 30 Kejserliga
771 768 111 30 Majestät
897 769 36 21 uti
947 769 74 29 nådig

261 803 140 28 kungörelse
424 804 27 21 af
472 803 45 22 den
533 805 11 20 3
562 803 105 22 Oktober
688 805 53 20 1895
761 803 52 21 icke
829 803 99 22 allenast
943 803 77 22 öfver-

261 838 88 20 lemnat
365 838 24 21 åt
405 838 102 21 Senaten
522 840 42 26 att,
580 838 25 21 så
622 838 51 21 ofta
689 837 231 29 omständigheterna
935 837 86 22 sådant

260 872 124 27 påkallade
408 872 44 21 och
475 872 61 21 efter
550 872 114 28 pröfning
680 872 26 21 af
720 872 37 21 för
772 872 66 21 tiden
852 872 105 21 rådande
973 872 46 21 för-

262 905 133 29 hållanden,
412 906 118 22 fastställa
544 906 119 21 storleken
674 907 27 21 af
710 906 45 21 den
766 908 73 27 ränta,
851 913 49 15 som
912 907 13 21 å
936 906 83 28 medel,

260 940 89 22 insatta
363 941 9 21 i
387 941 208 28 postsparbanken,
619 941 73 21 borde
714 941 88 28 gäldas,
828 943 57 20 utan
909 941 44 22 ock
972 941 47 21 för-

261 974 84 22 ordnat
361 977 34 20 att
411 975 28 22 de
455 975 108 28 tillskott,
580 975 87 22 hvaraf
680 975 209 29 postsparbanken,
901 975 36 22 för
953 975 66 22 utbe-

259 1009 94 28 talning
369 1009 26 22 af
409 1009 80 29 dylika
504 1012 81 19 räntor
600 1009 43 22 och
655 1010 149 21 bestridande
816 1010 27 21 af
851 1010 168 29 förvaltnings-

259 1043 134 29 kostnader,
417 1044 78 22 kunde
518 1044 75 22 blifva
612 1044 8 21 i
636 1044 78 29 behof,
731 1044 77 22 skulle
823 1045 38 21 för
875 1044 102 29 löpande
993 1045 26 21 år

259 1077 129 30 förskjutas
411 1085 28 14 ur
461 1079 135 28 postmedel,
620 1086 54 14 men
690 1079 102 22 derefter
807 1079 44 22 och
866 1079 72 22 sedan
953 1079 65 21 redo-

258 1111 95 30 visning
369 1113 68 21 öfver
451 1113 133 22 tillskotten
599 1113 117 28 afgifvits,
732 1113 109 22 betäckas
857 1120 28 15 ur
900 1113 119 22 allmänna

259 1147 141 28 statsmedel,
421 1147 38 22 för
477 1149 34 20 att
528 1147 137 28 sedermera,
682 1147 29 22 då
726 1147 214 29 postsparbankens
957 1155 60 22 egna

258 1180 129 30 tillgångar
410 1181 84 23 sådant
516 1181 126 29 medgifva,
666 1181 37 22 till
727 1181 118 23 allmänna
868 1182 150 22 statsfonden

258 1215 143 29 återgäldas;
421 1216 121 22 äfvensom
566 1216 66 22 Hans
648 1216 134 29 Kejserliga
796 1217 111 29 Majestät
921 1217 96 28 nådigst

258 1249 154 29 bemyndigat
436 1251 102 21 Senaten
561 1253 36 19 att
620 1251 27 21 af
664 1251 118 21 allmänna
798 1252 135 21 statsmedel
948 1251 68 29 godt-

257 1286 58 26 göra
332 1284 136 28 postverket
487 1284 37 22 för
542 1284 46 22 den
607 1292 97 21 summa,
720 1285 60 22 dock
796 1288 57 20 utan
869 1288 74 26 ränta,
959 1293 56 21 som,

256 1318 31 28 på
301 1318 78 28 grund
395 1319 27 21 af
435 1318 208 29 bestämningarna
658 1319 8 21 i
682 1320 87 28 nådiga
784 1320 169 28 förordningen
970 1321 46 22 den

257 1354 26 19 24
306 1352 49 29 Maj
381 1355 60 26 1886,
465 1353 63 21 intill
553 1356 53 19 1894
622 1354 38 21 års
676 1354 91 29 utgång
782 1355 27 21 af
823 1355 130 28 postmedel
969 1356 46 21 för-

256 1386 96 28 skjutits
375 1387 38 21 till
435 1388 203 28 postsparbanken
660 1388 44 22 och
728 1388 146 23 fortfarande
894 1396 55 16 vore
965 1390 51 22 der-

255 1420 79 22 städes
349 1421 161 22 innestående.
