1089 1761
443 111 27 21 II
782 113 27 20 45

144 174 77 22 Sedan
243 174 174 28 värnepligtige
441 174 142 28 sjömannen
602 174 44 28 W.,
663 174 53 21 från
732 175 29 21 K.
779 174 58 28 stad,

76 222 49 14 som
148 214 143 22 förfallolöst
313 214 124 22 uteblifvit
461 214 56 21 från
538 216 52 19 1891
611 214 37 21 års
666 214 97 28 uppbåd
779 216 60 20 samt

77 254 78 21 derför
177 254 92 22 ådömts
292 254 70 21 straff
381 254 44 21 och
440 254 158 28 införpassats
614 254 38 21 till
667 254 172 30 länsfängelset

77 294 8 21 i
107 294 73 28 sagda
203 294 52 21 stad
278 295 37 20 för
331 296 35 19 att
382 294 95 21 straffet
494 294 120 21 derstädes
629 294 112 28 undergå,
758 295 81 21 blifvit

78 335 26 20 af
117 334 244 29 krigskommissarien
377 334 9 21 i
401 335 29 20 K.
447 334 54 21 läns
517 334 76 21 första
607 334 174 28 uppbådskrets
796 335 42 20 hos

78 374 154 21 länenämden
255 374 94 21 anmäld
375 374 38 22 till
439 374 140 28 besigtning
605 374 43 21 och
671 374 167 21 länenämdens

81 414 80 21 vidare
191 415 90 28 åtgärd,
312 415 31 28 så,
367 415 43 21 och
435 415 62 21 efter
519 414 40 22 det
581 414 155 22 länenämden
755 421 85 22 genom

79 455 174 21 vederbörande
264 454 251 29 fängelsemyndighet
527 455 112 21 anmodat
647 455 36 22 W.
695 457 34 19 att
739 455 100 22 omedel-

80 495 53 21 bart
148 495 59 22 efter
218 495 146 22 strafftidens
375 496 93 27 utgång
480 495 45 21 den
537 497 12 19 2
561 495 104 22 Oktober
678 497 51 20 1891
742 495 98 22 inställa

80 535 36 29 sig
138 535 37 21 till
199 535 136 29 besigtning
358 536 40 21 vid
423 538 35 19 ett
483 536 27 21 af
528 535 155 22 länenämden
707 536 37 21 till
767 535 73 29 sagda

80 575 46 28 dag
139 577 74 20 utsatt
224 577 178 27 sammanträde,
414 584 55 13 men
479 576 38 22 W.
528 576 108 21 infunnit
647 575 36 29 sig
693 576 37 20 till
741 576 99 21 berörda

80 616 171 22 sammanträde
269 616 8 21 i
293 616 76 28 rusigt
384 616 111 22 tillstånd
511 616 44 22 och
570 617 25 21 så
611 616 98 28 sentida,
727 618 34 19 att
777 616 63 21 läne-

80 656 101 22 nämden
204 656 68 22 deraf
294 656 81 22 funnit
391 656 37 28 sig
443 656 136 22 föranlåten
596 658 35 20 att
647 656 148 28 förständiga
802 656 37 22 W.

81 696 40 21 det
143 696 46 22 han
211 697 93 21 komme
327 698 35 20 att
385 697 37 21 till
445 696 170 22 länenämdens
641 699 105 19 närmast
768 696 72 29 derpå

81 736 104 30 följande
209 737 172 22 sammanträde
404 738 38 21 för
465 737 138 28 besigtning
626 737 107 28 inkallas,
750 740 90 25 upptog

81 776 208 28 uppbådsnämden
312 777 131 22 emellertid
468 777 38 21 till
521 777 150 28 behandling
687 777 39 21 det
741 776 99 22 sålunda

81 816 42 21 hos
149 816 155 22 länenämden
336 817 73 21 redan
441 817 206 28 anhängiggjorda
670 817 102 28 ärendet,
797 817 44 21 och

82 857 101 21 anmälte
203 857 35 21 uti
257 857 123 22 skrifvelse
397 858 26 21 af
437 857 46 22 den
501 859 25 20 15
542 857 9 21 i
566 857 155 22 förenämnda
737 857 105 22 Oktober

81 897 86 21 månad
189 897 42 21 hos
254 897 155 21 länenämden
433 900 41 25 att,
496 897 73 21 sedan
588 897 167 21 länenämdens
771 897 70 22 dåva-

82 937 71 21 rande
176 937 236 29 besigtningsläkare,
435 938 30 28 på
489 937 256 28 krigskommissariens
761 937 81 22 derom

82 978 83 28 gjorda
184 978 116 28 anhållan,
321 978 103 22 enskildt
441 978 132 28 besigtigat
587 978 37 22 W.
641 978 44 21 och
700 977 142 28 uthändigat

83 1018 64 21 bevis
180 1025 37 14 om
249 1018 59 21 hans
339 1018 125 28 duglighet
491 1018 37 21 till
554 1018 145 28 krigstjenst,
725 1018 117 28 uppbåds-

82 1058 101 21 nämden
205 1059 30 27 på
257 1059 78 27 grund
359 1059 26 21 af
407 1059 65 21 detta
495 1058 70 29 intyg
588 1058 44 22 och
651 1058 8 21 i
675 1058 53 21 stöd
745 1058 52 28 af
785 1054 15 37 $
815 1059 26 21 85

83 1098 35 21 uti
136 1098 87 29 nådiga
240 1098 175 22 instruktionen
427 1100 38 20 för
476 1098 117 29 uppbåds-
605 1098 43 22 och
659 1098 184 22 länenämderna

84 1138 26 21 af
123 1138 46 22 den
185 1140 24 20 21
226 1138 51 22 Juli
294 1141 59 26 1880,
371 1139 84 21 sådant
471 1139 66 21 detta
553 1138 92 29 lagrum
655 1138 71 28 lydde
737 1138 8 21 i
755 1138 88 28 nådiga

83 1178 156 28 kungörelsen
265 1179 45 21 den
336 1181 11 19 3
373 1179 134 22 November
537 1181 60 26 1886,
621 1178 116 22 förklarat
759 1178 37 21 W.
821 1177 20 29 ej

83 1218 80 22 vidare
189 1219 66 21 skola
282 1219 27 21 af
322 1219 157 22 länenämden
502 1219 130 28 besigtigas
656 1219 43 21 och
725 1219 118 27 förpassat

83 1259 87 21 honom
185 1259 37 21 till
238 1259 65 22 aktiv
319 1259 72 29 tjenst
407 1260 40 21 vid
463 1259 30 22 M.
511 1259 264 28 skarpskyttebataljon,
792 1259 50 21 der-

83 1299 64 22 ifrån
169 1299 36 22 W.
229 1299 73 22 likväl
329 1300 132 21 sedermera
483 1299 169 28 utreqvirerats
671 1299 38 21 till
724 1299 119 22 länenäm-

84 1339 57 21 dens
164 1339 171 22 sammanträde
358 1339 45 22 den
420 1342 24 19 21
462 1340 101 22 Januari
581 1342 52 19 1892
651 1340 37 21 för
703 1339 140 28 undgående

84 1380 27 21 af
130 1388 33 21 ny
185 1381 142 28 besigtning,
346 1381 41 21 vid
405 1381 98 22 hvilken
519 1381 36 21 W.
572 1380 128 22 förklarats
715 1380 38 21 till
768 1380 75 28 krigs-

83 1420 74 28 tjenst
172 1421 97 27 oduglig
285 1421 44 21 och
344 1421 99 21 befriats
459 1421 54 21 från
529 1420 81 22 vidare
625 1420 144 28 krigstjenst.
