1092 1706
270 120 28 19 44
610 118 25 22 I

242 180 69 22 fällas
330 181 38 21 till
384 189 86 14 ansvar
485 182 75 28 enligt
577 184 25 19 12
619 183 12 27 8
650 184 9 20 1
676 182 53 28 kap.
745 182 28 21 R.
790 182 33 28 B.,
841 186 29 17 än
886 184 35 19 att
936 184 66 19 nota-

241 221 51 21 rien
307 221 36 21 W.
364 222 44 21 och
431 222 77 21 enkan
530 223 36 27 A.,
583 222 46 21 den
652 222 152 22 sistbemälda
819 222 9 22 i
843 222 118 28 egenskap
977 222 27 21 af

241 260 145 23 rådmannen
416 262 48 22 A.:s
489 262 223 28 rättsinnehafvare,
738 263 74 21 måtte
837 262 97 28 åläggas
960 264 41 26 att,

241 304 146 24 gemensamt
410 303 57 21 eller
490 303 46 21 den
556 303 26 21 af
600 303 53 21 dem
669 310 51 14 som
735 303 103 29 tillgång
853 303 65 28 egde,
935 303 66 28 godt-

241 344 57 25 göra
312 342 106 22 Henrika
434 343 25 21 T.
476 342 46 22 den
536 343 107 21 Henrika
659 343 25 22 T.
701 344 7 20 i
720 343 65 21 förut
796 343 84 29 antydt
891 342 110 22 afseende

241 381 159 29 tillskyndade
425 383 74 21 skada
524 383 75 28 enligt
628 383 107 21 Henrika
765 384 25 20 T.
815 382 118 22 affordrad
957 382 43 22 och

241 421 174 30 handlingarna
431 423 81 28 bilagd
527 423 102 29 räkning
645 423 54 22 med
714 426 27 19 40
757 424 67 21 mark
840 426 27 19 80
882 423 77 29 penni.

310 462 53 21 Den
380 464 26 20 24
422 463 104 22 Oktober
544 466 54 19 1893
615 464 120 28 afgjordes
750 464 73 21 mälet
839 464 26 20 af
873 463 127 28 hofrätten,

242 502 60 21 efter
325 503 39 21 det
386 504 187 22 vederbörandes
597 504 161 28 förklaringar
777 504 8 21 i
803 504 82 28 vanlig
901 503 100 28 ordning

240 542 129 23 infordrats
386 544 44 22 och
444 544 111 29 bemötts;
573 545 43 21 och
632 545 59 21 fann
706 545 122 21 hofrätten
843 545 8 21 i
867 544 42 21 sitt
923 544 79 28 utslag

242 583 26 21 af
289 583 155 23 förenämnda
467 585 52 29 dag,
543 592 50 14 som
616 585 61 21 efter
701 585 82 28 anslag
805 584 88 28 utgafs,
913 584 46 21 den
975 586 26 19 30

240 623 130 23 December
393 632 88 14 samma
504 626 25 21 år
551 626 205 21 rädstufvurätten
779 626 41 21 vid
838 624 119 23 fattandet
977 624 27 21 af

242 664 42 20 sitt
307 664 155 22 omförmälda
486 666 45 21 den
556 668 24 19 12
600 666 63 21 Mars
680 668 53 19 1891
751 666 99 28 afsagda
866 665 82 27 beslut,
964 664 38 21 till

241 703 81 21 hvilka
338 704 295 23 rädstufvurättsnotarien
647 706 38 22 W.
702 705 44 22 och
761 705 86 22 aflidne
857 705 145 21 rådmannen

240 744 29 20 A.
293 744 8 21 i
323 744 108 22 lifstiden
455 745 110 29 bidragit,
589 746 73 22 hafva
685 745 96 22 förfarit
797 745 97 28 oriktigt
909 745 30 28 pä
955 746 47 20 sätt

242 784 202 22 advokatfiskalen
468 786 114 28 anmärkt,
606 794 54 13 men
683 786 73 28 sagda
775 785 137 22 förfarande
927 784 76 22 likväl

240 824 53 21 icke
308 832 56 14 vara
380 826 27 20 af
420 826 74 21 sådan
509 826 170 28 beskaffenhet,
697 828 34 20 att
747 833 86 15 ansvar
849 826 79 21 derför
943 824 58 28 egde

241 871 61 21 rum;
318 864 9 22 i
343 866 116 21 anseende
474 866 103 28 hvartill,
595 866 44 22 och
652 866 73 29 jemte
737 866 39 22 det
787 865 214 23 advokatfiskalens

240 904 9 20 i
278 906 158 21 nästnämnda
466 906 110 22 afseende
607 909 62 19 emot
700 906 108 22 notarien
838 906 37 22 W.
906 905 96 22 utförda

241 945 129 27 pästäende
386 946 27 21 af
426 946 122 22 hofrätten
563 946 172 28 underkändes,
751 946 121 22 hofrätten
887 945 114 29 pröfvade

240 986 96 21 rättvist
360 986 84 28 älägga
466 987 109 21 notarien
597 988 37 21 W.
655 987 44 21 och
715 987 78 21 enkan
807 989 35 25 A.,
859 986 45 22 den
919 986 83 21 sistbe-

240 1025 79 21 mälda
341 1026 9 21 i
373 1026 119 29 egenskap
516 1028 26 20 af
555 1027 145 21 rädmannen
716 1028 48 21 A.:s
779 1026 222 27 rättsinnehafvare,

241 1067 41 26 att,
298 1069 146 24 gemensamt
460 1067 56 21 eller
531 1067 46 22 den
592 1068 27 21 af
633 1067 53 22 dem
705 1075 50 14 som
770 1067 103 28 tillgäng
888 1066 65 28 egde,
964 1065 38 22 till

240 1106 107 22 Henrika
362 1107 25 21 T.
400 1108 76 21 såsom
488 1108 132 28 ersättning
631 1109 38 20 för
681 1108 28 21 de
720 1108 76 21 henne
807 1114 85 21 genom
902 1106 100 21 berörda

240 1146 79 21 beslut
334 1147 9 20 i
358 1147 150 22 förestäende
524 1148 73 21 mätto
614 1147 161 29 tillskyndade
790 1147 100 28 utgifter
905 1146 98 27 erlägga

239 1189 28 19 40
291 1187 67 21 mark
380 1189 27 20 80
430 1188 72 28 penni
521 1188 44 21 och
581 1187 118 22 dessutom
715 1187 37 22 till
767 1187 108 22 Henrika
890 1187 25 20 T.
931 1186 71 28 gälda

240 1227 66 22 lösen
322 1228 38 21 för
374 1228 85 29 nödigt
474 1231 129 20 transsumt
618 1237 29 13 ur
662 1229 133 22 hofrättens
811 1228 79 28 utslag
905 1227 8 22 i
923 1227 78 22 mälet.

308 1268 141 22 Hofrättons
480 1269 173 22 ofvanberörda
680 1270 80 27 utslag
789 1269 54 28 har
858 1269 47 21 fätt
929 1267 74 22 vinna

238 1307 56 29 laga
310 1308 71 22 kraft.
