1095 1784
262 113 38 19 166
595 112 24 21 H

228 181 48 20 var,
293 177 34 19 att
342 175 74 21 Maria
431 174 108 22 Kristina
554 176 27 20 A.
598 174 64 22 lefde
679 174 155 22 tillsammans
849 174 53 22 med
914 174 74 22 ärelös

230 215 83 21 dömde
329 215 151 21 handlanden
495 216 28 21 U.
540 218 60 19 samt
616 215 40 21 det
671 217 81 26 syntes
767 215 120 21 sannolikt
898 217 35 19 att
942 214 46 22 den

228 254 161 29 landthandel,
406 262 50 15 som
467 255 75 23 Maria
551 255 110 22 Kristina
670 256 28 21 A.
710 255 103 22 önskade
823 255 62 28 idka,
897 255 91 22 komme

230 296 36 19 att
289 294 90 22 drifvas
401 295 38 21 till
463 295 75 22 fördel
561 296 38 21 för
621 295 151 22 handlanden
795 295 35 28 U.
851 294 97 22 hvilken
964 295 26 21 af

231 335 89 28 antydd
336 336 70 21 orsak
422 336 51 21 icke
489 336 78 22 kunde
577 336 100 29 beviljas
688 335 153 28 handelsrätt,
852 335 136 22 förkastade

230 379 149 24 guvernören
395 376 76 21 Maria
485 376 109 21 Kristina
603 377 41 21 A:s
654 375 100 22 berörda
765 375 138 29 ansökning.
925 375 63 22 Utan

230 416 36 20 att
291 416 138 28 öfverklaga
454 416 155 22 omförmälda
631 416 135 28 resolution,
789 409 103 28 anmälte
914 416 74 21 Maria

229 455 109 22 Kristina
360 457 27 20 A.
407 457 59 21 härä
480 457 36 21 uti
532 464 28 13 en
577 457 45 21 den
639 459 25 19 18
682 457 47 28 Maj
748 457 53 21 1894
817 456 38 21 till
870 463 117 14 assessorn

228 495 29 21 N.
281 496 60 27 änyo
364 495 108 29 ingifven
495 496 70 21 skrift
588 496 36 28 sig
647 503 56 15 erna
718 499 78 25 öppna
810 495 178 22 landthandel
971 491 20 38 i

230 535 133 22 ännämnda
386 536 33 28 by
442 536 43 21 och
508 536 80 21 anhöll
603 538 36 19 att
654 537 68 20 öfver
737 536 36 21 sin
789 535 110 22 anmälan
913 535 75 22 undfä

229 575 73 28 bevis,
318 583 53 14 men
382 576 8 21 i
401 577 115 21 anseende
527 577 37 21 till
574 580 159 25 guvernörens
744 576 99 22 berörda
853 576 134 27 resolution,

230 618 62 19 samt
315 620 56 18 enär
389 617 75 22 Maria
481 617 108 22 Kristina
604 619 28 20 A.
648 617 149 22 fortfarande
811 617 64 21 lefde
891 617 96 21 tillsam-

231 663 67 14 mans
322 657 53 21 med
400 657 150 21 handlanden
575 657 28 22 U.
627 657 44 21 och
694 657 119 28 antagligt
835 664 42 14 var
893 658 35 20 att
942 657 46 21 den

229 696 142 28 ifrågasatta
393 697 102 21 handeln
517 698 92 20 komme
633 699 35 19 att
688 697 67 21 idkas
771 697 37 21 för
823 696 40 22 U:s
879 696 107 29 räkning,

230 736 103 28 vägrade
356 744 119 14 assessorn
497 738 35 27 N.,
556 738 75 28 enligt
653 740 35 18 ett
711 738 26 20 af
750 737 87 21 honom
851 736 137 29 päföljande

230 776 47 28 dag
299 778 123 21 utfärdadt
440 778 75 29 intyg,
535 780 35 19 att
585 778 37 22 till
637 778 76 21 Maria
727 777 107 22 Kristina
850 777 27 21 A.
894 777 94 28 utgifva

231 816 41 22 det
297 817 85 22 äskade
408 818 95 22 beviset.
537 816 73 24 Öfver
634 825 118 15 assessorn
777 818 40 21 N:s
843 816 145 23 sistnämnda

234 857 83 29 åtgärd
341 858 99 22 anförde
459 859 74 21 Maria
547 859 108 21 Kristina
670 859 27 26 A.
713 858 88 28 klagan
816 857 42 21 hos
873 857 115 21 Prokura-

230 899 54 19 torn
304 900 60 19 samt
380 899 86 28 anhöll,
483 902 35 19 att
532 899 161 22 Prokuratorn
708 898 56 22 ville
779 897 118 29 förhjelpa
911 897 77 22 henne

230 937 39 22 till
285 938 87 21 hennes
387 941 48 19 rätt
446 939 43 22 och
500 939 9 22 i
519 939 84 22 sådant
613 939 110 21 afseende
733 938 98 28 vidtaga
841 937 46 22 den
897 937 90 28 åtgärd,

231 977 97 22 hvartill
351 978 73 22 saken
446 979 78 21 kunde
547 979 127 21 föranleda.
706 978 50 21 Och
776 978 60 21 efter
852 977 39 22 det
905 984 83 21 guver-

231 1017 158 22 nörsembetet
404 1019 9 20 i
429 1019 36 21 W.
481 1019 40 21 län
536 1018 37 21 till
588 1018 160 22 Prokuratorn
764 1017 95 22 insändt
870 1024 117 15 assessorn

230 1057 42 22 N:s
298 1058 120 29 skriftliga
443 1059 131 27 förklaring
598 1059 9 20 i
631 1058 73 21 saken
729 1057 45 22 och
796 1059 53 26 eget
870 1057 117 28 yttrande,

231 1097 176 22 öfverlemnade
430 1099 159 21 Prokuratorn
611 1098 35 22 uti
670 1098 173 27 handlingarna
865 1097 8 21 i
893 1097 95 21 ärendet

231 1137 116 21 åtecknad
377 1138 210 22 remissresolution
617 1138 27 21 af
671 1138 46 21 den
746 1140 25 18 31
803 1136 105 22 Oktober
934 1138 53 20 1894

232 1176 38 21 till
293 1177 286 22 advokatfiskalsembetet
600 1178 9 21 i
624 1178 111 28 Wiborgs
751 1177 90 21 hofrätt
859 1178 35 20 att
909 1176 79 21 utföra

229 1216 47 21 den
291 1217 70 28 talan,
379 1218 96 21 hvartill
490 1222 158 25 guvernörens
660 1217 155 22 omförmälda
825 1216 127 22 resolution
964 1217 26 21 af

230 1256 48 21 den
294 1261 12 17 8
321 1257 131 22 December
468 1260 53 20 1892
537 1258 78 21 kunde
630 1258 67 28 gifva
713 1257 134 28 anledning.

299 1298 42 20 Uti
364 1300 34 19 ett
416 1298 38 21 till
470 1298 120 22 hofrätten
605 1298 103 28 ingifvet
723 1296 122 22 memorial
860 1298 27 20 af
900 1297 45 21 den
962 1299 26 19 28

229 1337 131 21 December
378 1340 54 20 1894
448 1338 133 22 anmärktes
597 1339 26 21 af
637 1337 293 28 advokatfiskalsembetet,
938 1344 50 14 som

230 1377 131 21 emellertid
387 1378 27 21 af
436 1378 232 28 guvernörsembetet
693 1378 47 21 fätt
765 1378 119 27 emottaga
908 1376 80 22 vidare

228 1417 131 29 utredning
381 1418 8 20 i
408 1418 105 28 ärendet,
530 1418 111 21 hurusom
656 1420 154 25 guvernören,
826 1416 74 22 ehuru
915 1416 73 22 Maria
