1092 1773
477 115 16 20 HH
795 116 38 20 153

173 178 64 21 Härå
258 178 88 28 yrkade
367 177 171 29 stadsfiskalen,
554 178 259 28 kollegiisekreteraren
828 177 35 28 R.,

105 225 49 14 som
170 218 26 21 af
209 218 234 28 guvernörsembetet
462 218 4 20 i
481 218 37 22 W.
534 218 40 21 län
591 217 136 22 anbefaldes
739 219 35 20 att
784 218 80 21 utföra

104 257 182 29 ifrågavarande
308 258 54 28 åtal,
386 258 298 28 magistratssekreteraren
704 258 40 21 A:s
759 257 104 22 fällande

105 298 38 21 till
159 305 84 14 ansvar
258 298 38 21 för
312 298 63 22 hvad
390 298 87 22 honom
492 298 8 21 i
516 298 58 22 hans
593 298 119 28 egenskap
723 298 27 21 af
758 298 105 22 notarius

105 338 108 28 publicus
235 338 8 21 i
259 338 225 22 ofvanomförmäldt
500 338 110 22 afseende
625 338 115 22 stannade
759 338 38 22 till
811 338 52 28 last,

106 378 101 22 hvarhos
222 378 28 21 R.
266 378 161 28 tillkännagaf
440 380 36 19 att
486 378 47 21 han
543 378 150 22 underrättat
704 378 161 22 direktörerne

106 419 38 21 för
159 418 105 22 bankens
280 418 145 22 filialkontor
444 418 4 21 i
463 418 37 21 W.
517 426 38 13 om
575 418 66 22 tiden
657 418 30 22 då
701 418 100 22 berörda
816 418 49 22 åtal

106 459 92 21 komme
212 459 76 21 under
302 458 152 29 behandling,
471 466 53 14 men
540 461 35 20 att
586 459 67 21 desse
663 459 120 28 uppgifvit
794 458 36 29 sig
843 458 21 28 ej

107 499 57 29 vilja
178 500 80 20 utföra
273 500 78 28 någon
367 499 66 21 talan
449 499 9 21 i
473 499 78 21 saken.

176 539 213 22 Rådstufvurätten
406 540 8 20 i
429 540 37 21 W.
483 540 136 21 afkunnade
630 540 79 27 utslag
719 540 8 20 i
738 540 71 21 målet
819 538 45 22 den

109 583 11 19 2
136 580 48 30 Maj
202 582 54 21 1895
272 580 44 22 och
329 581 58 21 fann
402 581 81 21 utredt
497 588 63 20 vara,
577 582 36 20 att
628 580 237 28 magistratssekrete-

108 628 68 14 raren
191 622 27 20 A.
234 621 36 22 uti
286 623 34 20 ett
334 621 163 29 protestbevis,
513 628 50 14 som
578 620 48 22 han
641 621 8 21 i
661 620 118 29 egenskap
791 620 26 21 af
825 626 40 15 no-

108 661 73 21 tarius
196 661 108 29 publicus
325 662 3 20 i
343 662 37 20 W.
398 661 45 22 den
460 663 26 20 27
502 661 105 22 Oktober
619 664 54 19 1894
683 661 113 27 utfärdat,
807 660 9 21 i
827 667 39 14 an-

108 701 97 29 ledning
220 702 27 21 af
256 702 240 28 Föreningsbankens
506 702 9 21 i
525 702 104 21 Finland
639 701 111 22 anhällan
761 708 38 14 om
808 708 57 21 upp-

108 742 103 28 tagande
234 742 26 21 af
281 744 90 26 protest
394 742 37 21 för
453 742 132 22 uteblifven
605 741 124 29 betalning
745 741 26 21 af
785 748 29 14 en
829 740 38 22 till

108 782 100 21 berörda
223 782 65 21 bank
302 782 132 21 öfverläten
452 782 44 21 och
512 782 13 21 å
541 782 52 21 dess
608 786 91 24 vägnar
714 782 38 20 för
766 781 28 21 A.
806 781 61 21 före-

109 822 57 21 tedd
180 822 74 28 vexel,
269 822 95 29 inryckt
379 822 144 29 anteckning
539 823 86 27 derom,
637 824 36 20 att
683 822 40 22 det
733 822 74 28 enligt
817 821 50 28 gäl-

109 862 70 22 lande
200 862 154 29 vexelstadga
376 862 80 29 älegat
478 863 94 21 banken
596 864 35 20 att
654 862 114 29 uppgifva
791 861 77 22 vexel-

110 903 194 21 intressenternes
328 903 69 22 ständ
420 903 44 22 och
482 903 75 29 yrken
572 903 63 28 eller,
652 903 41 21 der
708 903 84 21 sädant
806 901 63 22 varit

111 943 95 27 okändt,
222 943 79 21 derom
321 943 99 28 anmäla,
436 944 9 20 i
461 943 115 22 anseende
591 943 102 28 hvartill,
711 943 43 21 och
769 943 30 20 dä
815 942 52 27 den,

112 990 49 14 som
176 983 106 21 anhåller
297 991 37 13 om
349 983 165 29 vexelprotest,
531 983 75 29 enligt
620 983 63 21 hvad
699 985 24 19 71
741 982 44 21 och
801 984 26 19 72
841 983 27 26 88

111 1024 9 20 i
134 1023 87 28 nädiga
236 1023 168 29 vexelstadgan
420 1023 209 29 vidhandengifva,
646 1023 51 22 icke
712 1023 78 21 kunde
801 1029 68 14 anses

112 1071 56 14 vara
190 1063 95 28 skyldig
304 1065 35 20 att
354 1063 182 22 tillhandahälla
551 1063 106 22 notarius
672 1063 107 28 publicus
795 1061 74 22 andra

112 1103 170 29 upplysningar
304 1104 8 20 i
335 1103 85 29 antydt
442 1103 109 21 afseende
575 1107 30 17 än
629 1103 58 27 dem,
709 1102 80 21 hvilka
805 1102 64 20 inne-

112 1143 65 29 ligga
191 1143 9 21 i
214 1144 95 21 vexelns
325 1143 155 28 ordalydelse,
497 1145 60 19 samt
573 1142 105 22 notarius
694 1142 107 28 publicus
817 1141 52 21 icke

112 1191 56 14 vore
182 1184 135 28 berättigad
333 1186 35 19 att
382 1184 36 21 uti
434 1184 45 21 den
494 1184 67 21 öfver
575 1182 122 22 verkstäld
711 1182 160 28 vexelprotest

112 1224 140 28 upprättade
264 1224 119 28 skriftliga
397 1224 115 28 handling
522 1226 105 26 upptaga
638 1230 77 14 annan
726 1222 144 28 anteckning

114 1268 30 17 än
159 1264 78 28 sådan,
261 1264 97 22 hvarom
380 1264 164 22 förstnämnda
560 1266 13 24 &
589 1263 163 27 föreskrifver;
776 1262 94 22 förden-

114 1305 67 28 skull,
198 1305 43 21 och
265 1305 29 21 då
309 1304 297 29 magistratssekreteraren
623 1305 35 26 A.,
676 1311 49 14 som
741 1304 79 28 någon
835 1302 35 22 tid

114 1345 153 22 derförinnan
282 1345 114 22 tilldelats
412 1345 137 22 förberörda
565 1346 93 20 erinran
667 1352 37 14 om
713 1346 34 20 att
757 1344 8 21 i
776 1344 96 22 förrätt-

114 1386 84 29 ningar
221 1386 27 21 af
268 1386 140 22 omförmäld
431 1386 164 22 beskaffenhet
618 1385 70 22 ställa
710 1385 36 28 sig
760 1384 111 29 gällande

114 1426 152 28 vexelstadga
288 1426 44 21 och
355 1426 112 21 särskildt
482 1425 182 22 föreskrifterna
678 1425 8 21 i
701 1425 52 21 dess
769 1424 104 23 nämnda
