1098 1759
803 130 26 20 37

98 200 134 22 derförinnan
251 201 46 21 från
316 200 40 21 den
377 200 11 21 7
408 199 96 25 Januari,
521 199 26 21 då
562 199 221 21 Bankkommissarien
798 199 61 27 Igna-

99 236 47 25 tius,
172 234 52 22 efter
247 235 120 27 undfången
386 234 166 27 tjenstledighet,
569 234 26 26 på
611 234 68 26 grund
695 234 23 20 af
732 234 127 20 Bankdirek-

100 270 81 21 tionens
204 269 144 26 förordnande,
373 268 95 27 öfvertog
490 268 110 21 vikariatet
623 268 32 20 för
674 268 40 21 den
735 274 75 21 genom
825 268 36 21 det

100 304 76 26 nådiga
195 304 137 26 reglemertet
351 303 32 21 för
402 302 89 22 Banken
507 302 22 21 af
542 302 41 22 den
601 303 26 21 19
643 302 100 21 Februari
760 302 55 22 1895
830 303 31 20 in-

100 338 80 22 rättade
204 334 274 30 öfverkamreraretjensten,
499 336 102 22 förestods
617 336 96 22 kontoret
730 337 7 20 i
755 337 106 21 Tammer-

100 373 41 21 fors
160 372 66 27 enligt
243 372 203 26 Bankfullmäktiges
465 371 139 21 förordnande
624 371 23 21 af
660 371 73 21 Förste
749 371 112 21 Kamrera-

100 414 37 14 ren
152 407 23 21 O.
191 406 24 22 G.
231 406 107 27 Westling.

169 441 217 21 Bankkommissarien
410 441 34 20 vid
466 440 101 21 Finlands
590 440 71 21 Banks
681 440 73 22 kontor
772 441 7 20 i
799 440 62 22 Uleä-

101 477 51 27 borg
173 476 69 21 Johan
264 476 99 26 Wirtsen,
384 482 44 14 som
447 475 47 21 frän
510 475 40 21 den
568 476 25 20 17
609 475 59 27 April
684 475 85 27 ätnjutit
784 475 76 21 honom

103 511 31 21 för
150 510 94 28 sjukdom
266 510 89 27 beviljad
377 510 165 27 tjenstledighet,
565 509 60 27 ingaf
639 510 40 20 den
695 510 26 21 26
739 510 121 28 September

103 546 55 22 1895
173 552 26 14 en
214 545 32 21 till
262 545 58 21 Hans
336 544 117 27 Kejserliga
469 544 98 26 Majestät
578 544 55 21 stäld
645 544 130 27 underdänig
787 544 74 21 ansök-

102 580 52 27 ning
173 586 33 15 om
226 579 70 22 afsked
312 579 45 21 frän
372 579 98 27 tjensten,
486 578 84 22 hvilken
587 578 22 21 af
621 578 192 28 Bankfullmäktige
829 579 32 21 till

103 614 119 28 Kejserliga
246 614 90 21 Senaten
358 613 110 24 insändes;
484 619 48 15 men
554 613 65 21 innan
639 613 72 27 nädigt
726 613 113 27 afgörande
855 613 6 20 i

104 649 113 26 anledning
233 648 59 21 deraf
305 648 69 27 följde,
391 648 41 27 dog
447 648 118 20 emellertid
581 648 92 20 Wirtsén
689 648 40 21 den
745 648 28 20 30
787 648 7 20 i
805 648 56 20 näst-

104 683 62 27 sagde
189 683 83 21 månad.
302 683 40 20 För
364 682 170 22 återbesättande
558 682 23 21 af
598 682 41 21 den
658 682 123 27 härigenom
796 682 65 27 ledig-

104 718 65 21 blifna
180 717 292 27 bankkommissarietjensten
490 717 137 27 upprättades
645 717 41 21 den
701 717 28 21 25
744 717 117 21 November

106 752 54 22 1895
176 752 22 21 af
211 752 189 20 Bankdirektionen
415 751 142 27 underdånigt
571 752 84 27 förslag,
671 752 79 20 hvilket
765 754 78 25 upptog
855 752 6 20 i

104 786 65 21 första
188 787 90 20 rummet
297 786 220 21 Bankkommissarien
537 786 34 21 vid
586 786 101 21 Finlands
703 786 70 21 Banks
789 786 72 21 kontor

104 822 7 20 i
126 820 114 28 Jyväskylä
258 820 68 22 Johan
342 820 84 21 Edvard
442 820 121 27 Rehnbäck,
579 821 7 20 i
602 821 66 21 andra
683 822 91 20 rummet
789 820 73 21 tillför-

104 855 90 21 ordnade
213 855 218 21 Bankkommissarien
451 855 35 20 vid
505 855 100 21 Finlands
624 855 71 21 Banks
714 862 28 14 nu
761 855 100 27 ifrågava-

104 890 63 22 rande
190 890 78 25 kontor,
285 890 105 21 Kassören
409 890 34 21 vid
463 890 100 21 Bankens
578 890 74 21 kontor
667 890 7 20 i
689 890 32 21 S:t
735 890 127 26 Petersburg

104 925 47 21 Ivar
166 924 66 22 Oskar
247 925 70 21 Petter
333 925 74 20 Ruotzi
427 926 55 19 samt
498 924 7 21 i
519 924 65 27 tredje
601 925 92 21 rammet
707 924 105 21 Kassören
828 924 33 21 vid

104 959 100 21 Finlands
220 959 70 21 Banks
305 959 73 21 kontor
393 959 7 21 i
415 954 45 26 Åbo
477 959 88 21 Werner
580 959 112 27 Wegelius.
717 959 42 21 Det
774 958 87 22 sålunda

105 994 123 27 upprättade
251 994 176 26 tjensteförslaget
449 994 99 20 insändes
572 993 23 21 af
615 993 192 27 Bankfullmäktige
830 993 31 21 till

104 1028 116 27 Kejserliga
244 1028 89 21 Senaten
354 1028 64 26 jemte
437 1028 133 26 underdånig
589 1028 114 25 skrifvelse,
718 1028 59 20 hvari
792 1028 69 20 Bank-

105 1062 157 21 kommissarien
285 1062 113 21 Rehnbäck
423 1062 34 21 till
480 1062 101 27 tjenstens
601 1062 119 21 erhållande
736 1062 125 21 förordades.

105 1096 43 22 Och
168 1096 44 21 blef
231 1097 113 21 Rehnbäck
359 1097 40 20 den
415 1097 27 21 26
458 1096 116 22 December
591 1096 55 22 1895
662 1096 32 21 till
708 1096 154 21 bankkommis-

105 1130 75 22 sarie
175 1126 14 36 i
199 1131 103 27 Uleåborg
325 1131 103 21 utnämnd
452 1131 39 21 och
509 1131 163 27 transporterad.
701 1130 160 28 Ifrägavarande

104 1164 264 28 bankkommissarietjenst
383 1165 54 21 hade
454 1165 134 21 derförinnan
604 1165 113 26 föreståtts,
728 1165 46 21 från
785 1165 41 21 den
836 1165 24 21 17

103 1199 58 27 April
177 1200 32 20 till
223 1200 106 27 utgången
345 1200 23 21 af
380 1200 45 21 Juli
441 1200 23 21 af
477 1200 129 21 förbemälde
622 1200 113 21 Rehnbäck
751 1200 55 20 samt
816 1199 46 21 der-

104 1233 58 25 efter,
177 1234 55 21 intill
255 1234 47 21 dess
324 1234 90 27 tjensten
438 1234 23 21 af
481 1234 77 21 houom
577 1234 6 20 i
603 1234 104 27 egenskap
722 1234 23 21 af
759 1234 102 20 ordinarie

103 1268 134 22 innehafvare
253 1269 60 21 deraf
325 1269 126 24 tillträddes,
467 1269 48 21 utaf
527 1269 107 21 Kassören
650 1269 80 21 Ruotzi.

171 1303 41 21 För
227 1303 168 21 återbesättande
412 1303 22 21 af
448 1303 48 27 den,
512 1310 76 20 genom
607 1303 220 21 Bankkommissarien
842 1302 19 22 J.

102 1337 24 21 E.
142 1338 124 20 Rehnbäcks
288 1338 138 20 förenämnda
449 1338 126 26 utnämning
591 1338 33 20 till
639 1338 200 20 bankkommissarie
854 1337 7 21 i

103 1372 104 26 Uleåborg
230 1372 122 27 ledigblifna
370 1364 298 35 bankkommissarietjensten
687 1372 33 20 vid
741 1372 95 20 kontoret
854 1371 6 21 i

102 1405 114 27 Jyväskylä
239 1406 135 28 upprättades
396 1406 23 22 af
438 1406 191 22 Bankdirektionen
653 1406 41 21 den
715 1407 28 20 24
761 1406 100 20 Februari

104 1440 54 21 1896
174 1440 141 27 underdånigt
330 1440 85 28 förslag,
432 1441 80 21 hvilket
527 1442 79 26 upptog
620 1441 7 20 i
643 1440 66 22 första
718 1441 92 20 rummet
820 1440 42 21 till-

102 1473 124 22 förordnade
249 1475 221 21 Bankkommissarien
490 1475 33 21 vid
539 1482 29 14 nu
584 1474 157 28 ifrågavarande
756 1474 106 21 bankkon-
