1098 1781
382 150 29 23 U.
427 150 28 23 B.
472 163 27 3 —
514 150 106 21 XXXIV.
854 156 27 21 23

399 213 146 28 befattningen
568 213 62 27 ledig,
647 214 65 27 föres
727 213 61 21 ordet
802 214 30 27 af
842 213 40 21 den

400 248 85 21 äldre
501 247 134 27 ledamot,
650 253 62 16 som
728 247 101 28 längre
839 248 43 21 tid

400 282 134 26 innehaft
563 283 49 20 sin
642 281 92 28 tjenst,
767 282 57 25 eller,
850 289 34 14 om

399 316 111 21 hvardera
528 316 115 27 samtidigt
657 319 80 22 utsetts,
754 317 31 26 af
796 316 39 21 den
851 316 36 21 till

401 350 52 21 åren
469 351 67 20 äldre.

607 414 19 25 S
639 413 36 28 48.

472 453 109 27 Samtliga
608 454 30 22 af
660 453 131 21 direktionen
815 453 68 21 hand-

402 487 67 28 lagda
492 487 93 21 ärenden
608 487 52 22 böra
682 489 31 24 af
726 487 40 22 den
782 489 103 27 lagfarne

403 522 118 21 ledamoten
543 523 56 24 eller,
624 522 39 21 der
682 522 44 21 han
742 523 29 20 är
783 522 101 26 hindrad,

402 557 31 26 af
451 556 147 28 ordföranden
621 557 9 20 i
650 556 84 21 korthet
748 557 139 20 antecknas
875 552 16 36 i

403 593 29 18 ett
449 591 117 24 memorial,
582 598 46 13 som
642 591 60 20 skall
714 592 31 25 af
755 591 46 21 alla
816 591 69 21 direk-

403 625 80 21 tionens
503 625 143 21 medlemmar
661 626 57 26 efter
733 625 83 21 slutadt
830 633 55 13 sam-

403 660 115 20 manträde
533 659 172 28 underskrifvas.
732 660 52 20 Men
800 659 25 21 de
834 660 51 27 frå

400 701 47 20 gor,
471 694 9 20 i
501 694 75 21 hvilka
606 694 81 27 utdrag
712 695 30 26 af
759 694 128 27 protokollet

403 728 60 21 skall
483 728 103 27 utfärdas
608 729 53 20 eller
680 729 134 26 omröstning
830 729 56 26 före-

398 763 67 26 fallit
494 763 52 20 eller
568 762 75 21 hvilka
668 763 130 20 direktionen
823 769 66 14 anser

405 804 56 13 vara
477 798 29 23 af
516 797 112 26 synnerlig
640 797 52 26 vigt,
708 797 60 20 skola
781 797 105 20 dessutom

405 831 116 27 utförligen
544 834 108 24 upptagas
674 831 9 20 i
701 831 105 21 särskildt
815 834 71 24 proto-

405 865 48 25 koll,
469 873 46 12 som
527 867 61 24 föres
602 866 31 27 af
643 865 152 21 sekreteraren.

463 900 49 20 Den
540 899 68 21 andre
634 899 80 22 äldre
740 900 117 21 ledamoten
881 899 10 21 i

407 934 131 21 direktionen
562 930 9 36 —
580 934 162 21 omhänderhar
757 930 12 36 —
776 935 112 24 vexlarna,

407 968 74 21 hvilka
491 970 111 25 förvaras
618 969 9 20 i
640 968 140 21 direktionens
794 968 70 27 hvalf.

468 1002 40 21 Om
525 1003 154 26 fördelningen
702 1003 9 20 i
732 1003 69 27 öfrigt
814 1003 30 26 af
856 1009 34 14 ar-

407 1037 54 21 betet
488 1037 79 21 mellan
592 1037 141 21 direktionens
758 1037 132 27 ordförande

407 1072 38 20 och
467 1072 119 20 ledamöter
600 1072 113 26 förordna
731 1071 159 28 bankfullmäk-

410 1106 43 27 tige
463 1106 34 27 pä
511 1106 141 20 direktionens
661 1106 176 27 framställning.

202 1149 56 17 samt

409 1183 33 17 att
462 1180 125 21 Ständerna
607 1180 50 21 ville
672 1180 38 20 hos
725 1180 65 21 Hans
805 1180 86 28 Kejser-

340 1214 45 26 liga
400 1214 109 28 Majestät
523 1214 91 21 anhålla
629 1222 34 13 om
674 1214 70 27 nådig
746 1214 146 28 fastställelse

340 1249 30 25 af
379 1248 72 27 sagda
467 1248 72 21 beslut.

202 1322 80 22 Därest
302 1322 137 22 förestående
457 1323 84 27 förslag:
556 1324 74 20 vinner
648 1322 131 22 Ständernas
795 1322 98 28 godkän-

134 1356 76 26 nande,
226 1357 64 21 torde
306 1356 121 22 Ständerna
440 1356 81 27 jämväl
535 1356 91 25 besluta,

410 1422 33 18 att
459 1420 76 26 första
556 1422 113 18 momentet
689 1419 33 21 uti
742 1419 39 21 den
806 1420 30 26 af
858 1418 36 22 Ut-

341 1453 77 21 skottet
428 1454 135 26 föreslagna
577 1453 132 27 förordning
721 1452 112 28 angående
847 1454 47 19 sär-

205 1498 136 17 Bankutskottets
354 1498 105 17 betänkande
471 1499 34 16 N:o
517 1503 16 15 4.
