1092 1745
478 111 24 21 I
815 114 24 19 61

112 173 139 29 tryckligen,
268 175 74 20 utsatt
358 174 66 21 säväl
435 173 53 22 med
499 174 138 21 bokstäfver
648 182 50 13 som
709 175 85 28 siffror,
806 175 65 21 inne-

114 214 49 21 höll
178 216 35 19 att
228 214 84 21 aftalet
327 221 37 14 om
382 214 184 28 ifrägavarande
584 215 214 29 skogsafverkning
815 222 55 15 vore

114 255 109 28 gällande
238 256 35 19 tre
289 255 37 20 ärs
342 254 35 21 tid
392 255 44 21 och
447 255 110 28 samtliga
568 255 8 20 i
586 255 72 21 mälet
669 255 100 22 afhörda
779 256 92 21 vittnen

113 295 171 28 samstämmigt
302 295 94 28 intygat
415 295 149 21 kontraktets
584 295 115 28 riktighet
715 295 8 20 i
739 296 82 28 antydt
837 295 34 21 af-

114 335 83 21 seende
220 337 60 19 samt
303 337 40 26 att,
366 335 76 28 enligt
466 335 89 28 aftalet,
579 335 84 21 träden
678 335 53 21 bort
747 343 56 14 vara
818 335 52 21 från

115 375 88 28 skogen
218 377 100 26 uttagna
333 375 64 21 inom
408 383 88 14 samma
506 375 42 28 tid,
560 375 165 22 häradsrätten
736 375 72 22 likväl
819 375 52 21 obe-

114 415 97 29 hörigen
234 415 115 21 förklarat
372 415 40 21 det
428 415 8 21 i
451 415 136 22 kontraktet
607 417 122 27 upptagna
745 416 49 21 äret
812 417 59 24 1892,

116 463 48 13 som
180 456 8 20 i
203 455 61 29 följd
279 456 26 20 af
319 455 62 21 hvad
402 455 72 21 ofvan
494 456 90 21 anförts
602 456 133 28 uppenbart
749 456 78 21 berott
842 456 29 27 pä

116 496 162 28 missräkning,
302 503 56 14 vara
381 496 45 20 den
445 496 41 27 tid,
503 496 64 21 inom
583 496 96 21 hvilken
701 496 170 27 afverkningen

116 536 54 21 bort
192 536 118 27 slutföras,
334 538 60 18 samt
417 536 53 21 med
494 536 110 21 afseende
627 536 57 21 härä
707 536 106 28 godkänt
830 536 42 20 H:s

116 576 76 28 talan;
216 578 35 19 att
274 575 163 22 häradsrätten
456 576 88 27 dervid,
565 576 98 21 oaktadt
679 576 35 28 H.,
731 576 74 28 enligt
821 583 51 21 pro-

116 616 99 21 tokollet
238 616 82 21 endast
342 616 70 28 yrkat
435 618 35 19 att
489 617 25 20 få
533 616 168 29 tillgodonjuta
725 617 50 26 den,
799 616 74 28 enligt

118 656 58 22 hans
195 656 159 28 förmenande,
370 656 86 21 honom
472 656 8 20 i
495 656 138 21 kontraktet
648 656 175 21 tillförsäkrade
839 656 34 20 af-

116 696 170 28 verkningstid,
313 703 48 13 som
388 696 46 21 han
462 698 77 19 ansett
564 697 58 27 utgä
645 697 26 20 är
696 698 59 26 1892,
780 696 93 22 utöfver

117 736 41 22 H:s
182 736 98 22 sälunda
302 736 83 28 gjorda
407 736 106 29 yrkande
533 737 129 27 berättigat
677 737 28 21 H.
723 739 34 19 att
773 736 100 22 fortfara

119 776 52 22 med
187 777 170 27 afverkningen
372 776 64 22 intill
452 776 45 22 den
514 779 9 19 1
541 777 99 21 Januari
658 780 54 18 1894
728 777 56 21 eller
805 777 68 21 alter-

119 816 77 22 nativt
218 816 102 28 härmed,
342 816 101 22 änskönt
464 816 165 22 häradsrätten
650 819 77 19 ansett
747 818 41 20 H:s
809 816 64 22 talan

119 857 91 28 grunda
234 857 35 28 sig
292 858 29 27 på
343 858 79 27 någon
442 858 103 20 förment
562 858 156 27 brottslighet,
735 865 47 13 som
800 857 74 21 skulle

118 899 94 19 stannat
227 897 92 21 Anders
334 897 22 22 J.
373 897 37 21 till
425 897 47 22 last
490 897 44 22 och
549 898 38 21 för
602 898 97 21 hvilken
714 898 47 21 han
776 897 98 22 sålunda

120 940 89 19 ensamt
227 938 51 21 bort
293 945 105 21 ansvara,
415 939 65 28 ålagt
495 939 50 20 icke
562 939 100 21 allenast
678 939 91 21 Anders
784 939 22 20 J.
817 940 57 19 utan

117 978 87 28 jemväl
227 978 115 21 Katarina
364 979 28 20 A.
412 981 62 19 samt
488 979 87 21 Michel
591 979 44 21 och
651 979 71 21 Matts
737 979 28 27 J.,
783 979 7 20 i
807 985 67 20 egen-

119 1018 57 28 skap
200 1019 26 20 af
239 1018 86 21 Michel
347 1019 136 20 Andersson
502 1019 35 21 J:s
553 1019 220 27 rättsinnehafvare,
790 1020 34 19 att
839 1019 36 20 ut-

118 1058 66 28 gifva
207 1058 39 21 det
262 1059 26 20 af
301 1059 29 21 H.
347 1059 110 20 fordrade
472 1059 95 28 belopp;
585 1061 60 19 samt
661 1060 35 19 att
711 1057 162 22 häradsrätten

118 1097 118 22 dessutom
258 1098 104 22 tilldömt
380 1099 29 21 H.
425 1098 150 29 godtgörelse
591 1099 37 21 för
643 1098 232 28 rättegängskostna-

119 1138 51 28 den,
186 1138 74 22 ehurn
275 1139 52 27 han,
344 1139 78 21 sävidt
437 1146 28 14 ur
480 1139 143 28 protokollet
637 1139 122 29 framgick,
772 1138 71 28 derpä
854 1138 20 28 ej

119 1178 63 29 gjort
198 1179 110 28 anspräk;
330 1179 43 21 och
390 1187 49 13 som
456 1180 123 20 anmärkta
594 1180 137 21 förfarande
747 1178 128 29 ädagalade

119 1219 131 28 uppenbart
272 1219 122 21 oförständ
416 1219 41 21 vid
479 1220 82 20 mälets
585 1220 129 28 afgörande
737 1220 44 20 och
804 1219 72 21 förbi-

120 1259 84 21 seende
227 1260 26 20 af
274 1259 62 21 hvad
359 1260 36 20 till
412 1267 28 14 en
455 1260 55 28 laga
525 1260 125 28 rättegäng
667 1260 77 28 hörde,
761 1261 60 20 samt
837 1259 39 21 det

119 1299 101 28 oriktiga
243 1299 131 28 domslutet,
399 1307 49 14 som
472 1300 147 21 beträffande
642 1300 115 21 Katarina
772 1301 28 20 A.
817 1302 58 18 samt

118 1339 86 21 Michel
220 1339 44 22 och
276 1340 72 21 Matts
363 1340 22 21 J.
402 1340 86 21 vunnit
503 1340 54 28 laga
572 1341 71 26 kraft,
660 1340 73 21 vällat
749 1340 20 28 ej
786 1339 90 22 mindre

120 1381 35 20 att
169 1379 117 22 Katarina
300 1381 35 26 A.,
352 1380 87 21 Michel
455 1381 44 20 och
514 1381 72 20 Matts
601 1381 30 27 J.,
648 1388 38 14 om
697 1381 43 21 ock
751 1380 92 21 Anders
853 1380 22 21 J.

118 1419 76 22 skulle
209 1419 104 29 fullfölja
332 1420 41 21 sitt
394 1420 217 29 ändringssökande
627 1421 8 21 i
651 1420 175 21 häradsrättens
841 1422 36 19 ut-
