1095 1795
372 141 133 24 öfvertagande
519 141 33 18 och
566 142 52 17 vård.
848 143 21 16 15

183 210 119 21 Likaledes
318 211 73 20 beslöt
407 210 165 28 Delegationen
588 211 71 20 inlösa
675 213 32 18 ett
723 210 61 21 antal
800 211 46 20 dels
862 211 7 20 i

115 245 114 28 Egypten,
245 245 47 20 dels
307 246 30 27 på
353 244 91 29 Cypern
460 244 78 26 funna,
555 244 25 22 af
593 252 151 14 amanuensen
755 245 39 21 vid
806 252 63 14 sven-

115 279 40 20 ska
171 278 208 22 Nationalmuseum
394 279 25 20 F.
434 279 28 20 R.
474 279 83 21 Martin
568 279 7 20 i
586 279 108 28 Egypten
707 279 94 28 inköpta
809 279 59 21 forn-

115 313 71 25 saker,
207 312 88 22 hvilkas
314 313 164 22 förvärfvande
497 315 82 26 ansågs
595 313 106 28 önskligt,
718 313 28 22 då
761 313 108 22 äktheten

116 347 24 20 af
154 346 27 22 de
196 347 136 21 intressanta
347 347 125 22 föremålen
487 355 41 14 var
543 347 54 22 fullt
613 347 133 29 betryggad.
778 347 91 22 Kollek-

115 381 83 25 tionen,
222 389 48 13 som
293 381 180 22 öfverlemnades
494 381 25 22 af
533 381 108 28 säljarens
657 381 90 26 ombud,
763 382 107 27 magister

115 416 26 20 A.
157 415 126 26 Hackman,
299 416 43 21 och
358 416 129 28 emottagits
507 416 24 21 af
545 416 173 21 föreståndaren
735 416 36 21 för
786 416 83 21 Konst-

115 449 181 28 flitsföreningen
311 450 36 21 för
362 452 34 19 att
411 450 102 21 förvaras
525 450 147 21 tillsammans
683 450 51 21 med
745 450 28 21 de
783 450 86 21 Antell-

115 483 40 21 ska
171 484 157 28 samlingarna,
344 483 75 22 består
434 484 33 21 af:

116 535 17 22 1)
145 535 27 17 ett
184 535 142 22 mumieporträtt
339 534 39 19 från
391 535 22 18 El
426 536 69 21 Fayum
515 549 56 4 2...
602 549 140 4 000
755 535 46 18 Fmk
831 536 39 17 300.

115 564 18 17 2)
145 561 31 19 två
189 563 108 22 gipshufvud
310 563 39 18 från
362 564 22 17 El
398 564 73 23 Kargeh
485 578 35 3 ...
535 577 209 4 nnen.
775 577 8 9 »
831 565 39 16 350.

115 592 18 21 3)
146 597 21 12 en
188 593 75 21 statyett
281 592 20 17 af
318 593 41 22 lera,
378 593 125 17 föreställande
522 593 39 18 Hor
609 593 67 17 funnen
696 593 5 17 i
722 593 21 17 El

182 621 69 21 PYM
271 634 8 4 a
293 617 54 30 mossar
363 635 18 3 aa
396 635 3 3 a
412 635 39 4 SN
466 635 20 4 01
494 617 10 30 NM
536 617 19 30 ROK
592 635 48 4 RB
660 617 32 30 MLO
706 634 20 4 na
775 635 8 8 "
842 621 27 17 80.

115 649 18 22 4)
146 654 20 12 en
180 649 75 22 samling
274 649 20 18 af
311 655 57 16 vapen
386 650 31 17 och
436 650 75 22 redskap
529 649 39 18 från
581 653 46 14 sten-
640 651 31 16 och
685 651 58 16 brons-

183 676 60 19 åldern
256 678 5 17 i
273 678 93 22 Egypten:
385 679 20 22 a)
424 679 22 16 50
463 680 22 16 st.
497 679 20 17 af
528 679 57 22 flinta;
600 678 17 24 b)
630 679 20 16 af
661 679 60 17 brons:
734 679 10 17 3

183 711 48 17 yxor,
245 708 6 15 1
266 707 62 21 hacka,
342 708 7 16 1
364 707 44 22 knif,
419 708 7 16 1
437 707 88 22 bredknif,
535 709 8 15 1
553 707 123 22 harpunspets,
686 708 7 15 1
705 707 39 17 rak-

183 734 44 20 knif,
241 736 7 15 1
262 735 73 22 pincett,
349 737 19 15 11
383 735 102 22 pilspotsar;
499 735 16 24 ce)
529 736 52 17 brons
594 734 39 19 från
646 736 79 21 Cypern:
735 736 9 16 2

184 766 55 14 störro
251 763 65 23 dolkar,
331 765 6 16 1
352 764 68 17 mindre
433 764 47 22 dolk,
493 766 8 15 1
516 765 35 17 celt

671 799 72 17 Summa
756 798 44 17 Fmk
815 798 55 21 1,060.

183 860 11 21 I
209 860 155 29 förhoppning
386 868 37 14 om
439 863 32 19 att
488 861 64 21 dessa
568 861 104 28 åtgärder
688 861 63 21 skola
766 860 26 21 af
806 860 64 21 Stän-

116 894 69 21 derna
200 894 140 28 godkännas,
357 895 35 21 fär
407 895 166 28 Delegationen
589 895 114 21 vördsamt
719 895 83 21 föreslä

320 965 32 20 att
370 963 129 22 Ständerna
518 964 47 21 ville
582 964 80 21 besluta
679 965 31 20 att
725 963 28 28 af
765 963 82 22 medlen
863 963 7 20 i

253 997 185 27 ,Kammarrädet
461 999 102 21 Herman
583 998 133 28 Rosenbergs
731 998 66 27 fond”
812 997 58 28 godt-

251 1034 52 25 göra
318 1033 125 20 statsverket
459 1033 168 26 ofvannämnda
640 1032 172 27 inköpssummor
823 1031 47 21 med

253 1066 65 25 1,519
337 1067 34 20 mk
389 1067 35 20 och
444 1067 30 21 70
489 1067 77 27 penni.
