1095 1803
228 142 8 15 4
480 141 97 18 Antellska
591 141 141 22 samlinyarnas

230 210 102 21 bestånd.
356 211 51 20 Med
423 213 82 18 största
520 210 196 28 tillmötesgående
727 210 170 28 möjliggjordes
909 210 71 21 denna

230 245 142 27 granskning
387 245 51 20 från
456 245 242 28 bankförvaltningens
713 245 54 21 sida.

298 279 65 20 Efter
378 281 76 26 nägon
470 279 32 21 tid
518 281 88 26 mottog
624 279 166 28 Delegationen
805 279 25 20 af
843 279 138 28 granskarne

230 313 148 21 meddelande
395 314 83 25 därom,
495 316 32 18 att
539 314 43 21 den
593 314 97 21 svenska
701 313 214 28 medaljsamlingen,
927 312 54 21 hvil-

230 348 45 20 ken
298 347 26 21 de
344 347 34 21 till
398 347 57 21 först
474 348 108 28 företagit
598 348 35 27 sig
649 350 32 18 att
696 349 112 26 genomgä
823 347 50 21 med
889 347 92 26 ledning

230 381 26 21 af
273 382 43 20 den
335 382 129 28 sorgfälligt
488 382 137 25 utarbetade,
650 382 25 21 af
692 382 77 20 Antell
790 381 54 28 själf
859 381 121 21 författade

229 416 128 28 katalogen,
377 416 34 20 till
430 419 82 18 största
531 416 65 21 delen
613 416 116 21 saknades.
761 416 86 21 Endast
863 415 84 21 Gustaf
959 416 22 20 II

229 450 81 21 Adolfs
333 450 42 21 och
399 450 117 28 drottning
539 450 71 21 Maria
629 450 122 22 Eleonoras
773 450 107 28 medaljer
899 450 34 20 till
950 453 30 17 ett

229 484 61 21 antal
306 484 25 21 af
345 486 40 19 275
401 485 96 27 stycken
513 485 57 21 hade
587 484 136 22 återfunnits
739 484 5 21 i
761 492 27 13 en
804 484 50 21 från
870 484 68 21 Wasa
949 492 31 13 se-

228 526 55 13 nare
303 518 82 21 anländ
405 519 65 25 kista,
494 518 156 22 hvarförutom
672 520 71 26 nägra
758 518 134 22 hithörande
907 518 73 29 pjeser

228 553 117 21 anträffats
362 553 68 21 bland
446 554 27 20 de
491 554 5 20 i
512 554 44 20 den
572 554 92 20 aflidnes
682 553 79 21 bostad
777 554 158 27 tillvaratagna
948 560 32 14 sa-

228 588 76 22 kerna.
327 588 80 27 Enligt
422 588 122 28 katalogen
560 588 72 20 skulle
648 588 172 28 ifrägavarande
831 588 83 20 vackra
925 595 55 13 sam-

228 622 48 28 ling
297 622 94 20 omfatta
409 622 109 27 medaljer
535 621 134 22 tillhörande
685 622 105 27 samtliga
805 622 175 28 regeringstider

227 656 52 21 frän
290 656 42 21 och
343 657 49 20 med
403 656 85 21 Gustaf
494 656 70 21 Wasa
573 656 42 21 och
623 656 63 21 bestä
695 656 25 21 af
726 656 79 21 inalles
815 658 61 23 1,154
885 657 95 28 stycken

227 690 110 28 kungliga
356 691 42 20 och
414 693 40 19 391
479 691 189 28 privatmedaljer,
692 691 113 28 dupletter
821 691 157 21 inberäknade.

296 724 50 21 Med
363 725 123 27 anledning
501 725 67 21 häraf
581 725 58 21 hade
654 725 176 27 Delegationens
844 724 135 22 ordförande

226 758 112 21 meddelat
363 759 34 27 sig
417 759 52 21 med
488 760 190 20 kommerserädet
698 759 90 21 Kurtön
804 759 40 21 och
861 759 117 21 statsrädet

227 792 112 21 Lindelöf.
371 793 75 21 Sedan
468 801 52 13 man
544 793 130 28 öfvertygat
695 794 35 27 sig
749 800 36 14 om
805 796 31 18 att
856 793 99 21 hvarken
973 793 6 20 i

226 827 107 21 Bankens
349 827 66 21 hvalf
434 828 53 20 eller
506 828 6 20 i
528 828 113 20 Ateneum
660 828 101 21 förefans
780 830 75 26 nägon
875 827 103 29 oöppnad

227 861 67 27 colly,
310 861 19 27 ej
346 861 71 21 heller
431 861 70 28 enligt
512 862 130 21 facturorna
652 864 77 26 nägon
740 862 69 21 sädan
819 862 70 21 borde
899 862 79 21 finnas,

227 895 43 21 och
286 895 27 21 dä
329 895 69 27 ingen
413 896 138 28 anteckning
570 896 102 21 lemnade
692 896 122 28 utredning
829 897 7 20 i
851 897 76 25 saken,
943 896 34 21 be-

226 929 44 21 slöt
279 929 171 28 Delegationen,
459 932 30 26 pä
497 930 190 22 kommerserådet
695 931 101 20 Kurtens
804 930 92 29 förslag,
905 930 74 22 vända

226 963 35 27 sig
281 963 32 21 till
334 964 193 21 konsthandlaren
549 965 133 28 Bukowsky
702 965 6 20 i
728 965 138 25 Stockholm,
886 965 92 21 hvilken

225 996 119 22 förmedlat
369 998 43 20 den
436 998 82 21 aflidne
538 999 122 21 samlarens
683 999 134 21 hithörande
836 999 81 21 affärer
936 999 42 21 och

226 1032 131 27 antagligen
373 1032 76 21 kunde
465 1032 99 22 förklara
579 1033 157 21 förhållandet.
767 1033 32 21 På
815 1033 163 21 ordförandens

225 1065 119 28 förfrågan
360 1066 77 27 ingick
453 1066 50 21 från
518 1067 28 20 hr
561 1067 132 28 Bukowsky
704 1068 45 20 den
759 1068 175 27 upplysningen,
946 1072 31 15 att

225 1099 51 25 han,
293 1099 70 28 enligt
379 1100 89 21 Antells
484 1101 110 28 uppdrag,
611 1103 28 26 på
651 1109 26 13 en
689 1101 159 28 myntauktion
860 1102 6 20 i
880 1101 96 21 februari

226 1135 51 19 1891
297 1133 5 21 i
319 1133 134 22 Stockholm
471 1137 109 26 anonymt
599 1135 79 21 försålt
693 1136 44 21 den
752 1143 31 13 nu
799 1136 98 21 saknade
913 1136 64 21 delen

224 1167 26 20 af
264 1167 216 29 medaljsamlingen.
504 1169 141 22 Skrifvelsen
661 1169 106 28 åtföljdes
782 1169 26 22 af
821 1178 27 13 en
865 1170 111 21 auktions-

224 1201 99 28 katalog,
339 1201 149 29 hvarigenom
504 1203 164 28 försäljningen
684 1204 49 21 blef
746 1204 34 21 till
796 1204 42 21 alla
851 1205 62 20 delar
923 1205 53 20 kon-

223 1235 98 21 staterad
338 1235 26 21 af
377 1237 145 26 granskarne.
548 1237 44 21 Vid
608 1240 105 19 testators
724 1238 105 21 frånfälle
840 1246 37 13 var
891 1239 85 20 således

222 1269 58 21 hans
303 1270 98 21 svenska
423 1271 181 28 medaljsamling
627 1272 122 21 reducerad
770 1273 34 20 till
829 1272 146 21 förenämnda

222 1303 85 22 Gustaf
319 1304 24 20 II
358 1304 83 21 Adolfs
461 1305 42 21 och
518 1305 70 22 Maria
604 1306 130 25 Eleonoras,
755 1307 2 20 i
773 1306 69 21 Wasa
857 1307 118 21 förvarade

222 1338 115 27 medaljer,
353 1341 55 18 utan
424 1341 32 18 att
472 1347 35 13 om
523 1340 74 21 denna
608 1340 134 28 förändring
752 1343 75 26 någon
838 1341 138 28 anteckning

222 1371 73 28 gjorts
311 1372 6 20 i
333 1372 123 28 katalogen
471 1373 54 21 eller
536 1375 153 20 annorstädes.
713 1375 69 21 Utom
793 1375 73 20 denna
877 1376 98 20 återstod

220 1406 67 28 ingår
298 1406 6 20 i
315 1405 56 22 hans
389 1407 172 22 numismatiska
577 1408 176 29 kvarlåtenskap
765 1411 30 19 ett
807 1409 60 21 antal
879 1409 95 28 spridda,

218 1440 148 25 främmande,
383 1442 119 20 mestadels
519 1442 93 21 franska
627 1443 222 28 minnespenningar.
