1095 1750
476 128 51 21 XVI

456 315 102 22 Transport
565 316 96 21 5,915,915:

146 345 210 26 Öfverkrigsdomstolen
382 363 3 4 .
409 363 5 3 .
440 363 2 3 .
468 362 3 5 .
497 363 3 4 .
525 363 4 5 .
553 363 4 4 .
596 351 65 20 18,700:

147 383 200 22 Generalguvernörens
360 383 176 22 dispositionsmedel
555 397 3 4 .
596 385 65 20 12,092:

146 417 161 22 Taffelpenningar
315 417 29 18 till
353 417 150 18 kommendanter
511 417 47 18 m.fi.
595 419 67 21 —18,027:

146 451 238 22 Ingvarteringskostnader
411 465 3 4 .
440 465 3 4 .
469 465 3 4 .
497 465 4 4 .
526 465 4 4 .
555 465 4 5 .
594 453 67 21 87,066:

147 485 119 18 Passevolans
296 499 3 4 i.
353 498 206 6 hake.
607 488 55 20 1,133:

147 519 152 18 Resekostnader.
324 533 3 4 .
353 533 3 4 .
380 533 4 4 .
409 533 5 4 «
439 533 119 5 «L
594 522 68 21 40,00:

147 554 105 23 Byggnads-
265 554 34 18 och
311 554 216 23 reparationskostnader
554 569 4 4 .
582 556 80 21 270,200:

146 588 59 18 Extra
218 589 63 22 anslag
296 602 4 4 .
440 602 4 4 N
594 590 68 22 44,402;

147 623 151 18 Gratifikationer
325 623 29 18 för
381 623 94 23 oförvitlig
502 624 58 22 tjenst

170 663 57 12 Mom
264 671 33 4 ss
323 671 32 4 sc
384 671 29 4 s
438 670 34 5 ke
522 671 7 4 »
554 672 3 4 +
593 654 69 31 20,000:

147 691 109 23 Ersättning
274 691 30 18 för
321 692 168 23 vakansbesparing
501 698 23 12 m.
537 698 23 12 m.

170 727 29 17 till
215 726 69 18 Finska
298 727 102 17 militärens
415 727 53 18 enke-
481 727 33 18 och
527 733 32 16 pu-

170 761 89 22 pillkassa
268 774 4 4 .
296 774 4 3 .
325 774 4 4 .
353 774 4 4 «
410 774 33 4 0.0.
497 774 4 5 +
527 775 3 4 +
555 775 3 3 2
594 763 68 21 30,000;

148 795 35 18 För
195 795 119 18 oförutsedda
326 795 56 18 behof
392 795 29 17 till

170 831 84 16 senatens
267 829 108 23 förfogande
388 843 3 4 .
416 843 4 4 .
457 831 67 21 15,000:
537 841 21 3 —

148 864 35 17 För
196 863 118 18 oförutsedda
326 864 56 17 behof
391 864 29 17 till

170 898 205 23 militieexpeditionens
393 894 9 31 =
416 899 6 16 i

171 935 76 16 senaten
262 933 109 23 förfogande
389 947 4 4 .
418 948 4 3 .
469 935 90 20 5,000:—
594 942 67 20 20,00:

148 968 108 22 Ersättning
272 968 28 17 till
317 968 116 18 statsfonden
446 969 29 18 för
486 969 73 18 militie-

170 1003 151 21 boställsvärden,
333 1003 48 18 efter
393 1003 66 22 afdrag
471 1003 21 18 af
503 1003 57 23 sagda

170 1037 54 18 fonds
233 1037 65 23 bidrag
307 1038 50 21 9,100
366 1038 52 17 mark
427 1038 29 17 till
465 1037 95 19 aflönande

338 1188 61 20 Extra
415 1188 95 27 utgifter,

149 1243 104 18 Kostnader
265 1244 29 17 för
306 1244 255 23 sanitetsförnödenhetsupp-

171 1279 30 22 lag
211 1279 5 16 i
225 1279 33 17 och
271 1279 29 17 för
312 1279 124 22 mobilisering
447 1279 21 18 af
475 1280 86 17 sanitets-

171 1313 121 18 formationer
304 1313 6 17 i
321 1313 80 22 krigstid
415 1327 1 4 .
442 1326 4 5 .
471 1326 4 5 .
499 1327 4 4 .
528 1327 4 5 .
557 1326 4 6 .
596 1315 68 21 85,000:

149 1347 35 18 För
193 1347 115 23 anläggande
317 1348 20 17 af
343 1348 167 23 telefonledningar
519 1349 42 17 frän

170 1382 50 18 vissa
232 1382 21 18 af
264 1382 157 18 militärväsendet
429 1383 95 17 bestämda
533 1384 28 17 ut-

172 1417 123 22 kikspunkter
312 1417 30 17 vid
360 1417 70 18 Finska
442 1417 63 18 vikens
517 1417 44 18 kust

459 1457 102 23 Transport
577 1453 12 32 =
596 1459 67 20 85,000:

171 1072 21 17 af
202 1073 28 16 tre
243 1072 205 18 boställsforstmästare
460 1078 23 12 m.
496 1078 34 12 m..
555 1086 3 4 .
594 1074 68 20 99,605:

674 317 22 16 72

675 420 22 16 72

675 1074 22 17 34

801 317 68 16 500]
857 313 15 30 —

744 1080 91 21 6,577,142]
848 1081 22 15 22

745 1459 91 22 6,577,642]
849 1459 22 16 22
