1092 1778
467 114 24 20 II
805 116 26 20 57

100 176 187 28 radshöfdingen
309 177 30 27 J.,
363 179 61 19 samt
446 176 304 28 hofrättsauskultanterne,
767 178 94 21 dämera

100 216 296 28 vicehäradshöfdingarne
412 217 37 21 W.
467 217 44 21 och
527 217 24 21 C.
569 219 85 19 stanna
669 216 38 22 till
717 217 51 28 last,
781 218 28 21 de
820 217 40 21 två

101 256 144 22 sistnämnde
267 256 63 22 hvad
345 257 9 21 i
369 256 156 22 nästberörda
548 256 121 22 memorial
688 258 50 19 mot
754 257 52 21 dem
822 264 40 14 an-

100 297 89 21 märkts
205 298 60 20 samt
280 296 272 29 vicehäradshöfdingen
568 297 21 21 J.
607 298 36 19 att
658 296 53 28 han,
728 296 73 22 ehuru
812 298 48 21 han

101 339 39 26 egt
162 337 132 21 kännedom
321 344 37 14 om
379 338 34 20 att
435 336 80 22 Johan
538 337 28 21 H.
589 336 42 22 hos
646 337 67 21 Hans
729 336 133 29 Kejserliga

101 377 111 28 Majestät
235 377 100 28 fullföljt
358 377 84 21 besvär
465 377 67 21 öfver
554 377 134 21 hofrättens
708 377 154 22 förenämnda

101 417 79 28 utslag
197 417 26 22 af
237 417 44 22 den
294 420 24 19 19
330 417 129 22 December
472 420 52 19 1891
538 417 43 22 och
591 417 272 28 vicehäradshöfdingen

101 458 21 21 J.
140 458 89 21 således
250 457 94 29 jemlikt
368 460 9 19 1
394 459 13 26 $
425 459 25 20 13
467 457 52 29 kap.
536 457 27 22 R.
583 458 27 21 B.
626 457 64 22 varit
710 457 78 30 jäfvig
804 459 35 20 att
854 458 9 21 i

103 498 118 29 egenskap
245 498 26 21 af
291 498 142 21 ordförande
455 498 41 21 vid
519 497 165 22 häradsrätten
699 500 104 27 upptaga
819 497 44 22 och

102 538 135 28 handlägga
253 538 152 22 fabrikanten
420 539 42 20 H:s
479 538 133 29 ansökning
626 545 38 14 om
674 538 79 21 Johan
762 539 42 21 H:s
816 538 46 21 för-

103 579 107 22 sättande
226 579 8 21 i
250 579 110 28 konkurs,
385 579 84 22 sädant
489 579 97 22 oaktadt
606 579 76 21 säsom
698 579 141 21 ordförande
854 579 8 20 i

103 619 163 22 häradsrätten
289 619 52 22 icke
363 619 100 22 allenast
487 619 45 22 den
556 621 24 20 21
602 619 48 28 Maj
670 621 52 19 1892
740 619 123 28 deltagit
851 615 16 37 i

103 659 101 22 beslutet
228 667 37 14 om
283 654 80 27 Johan
381 659 41 21 H:s
439 659 147 22 försättande
602 659 8 21 i
625 659 105 21 konkurs
746 661 57 18 utan
818 659 44 21 ock

104 699 101 21 derefter
220 699 41 21 vid
277 699 189 21 sammanträden
481 699 53 21 med
550 699 164 21 häradsrätten
730 699 45 20 den
792 702 11 18 7
820 699 43 21 och

104 740 26 20 27
146 738 63 28 Juni,
233 738 46 22 den
295 740 11 19 7
322 738 57 28 Juli,
400 738 44 21 den
466 740 25 20 29
509 738 137 28 September
666 739 43 21 och
728 739 45 21 den
791 742 9 18 1
817 739 46 21 No-

103 778 95 21 vember
216 780 53 19 1892
285 778 114 29 handlagt
415 779 73 28 sagda
503 779 154 21 konkursmä!
668 779 44 21 och
724 781 34 19 att
768 778 95 22 härads-

104 820 77 19 rätten
204 818 74 21 under
305 819 270 28 vicehäradshöfdingen
597 819 35 21 J:s
656 819 141 21 ordförande
822 818 40 21 vid

104 859 102 21 nämnda
229 859 171 21 sammanträde
425 859 45 21 den
487 861 24 20 21
529 859 48 29 Maj
596 861 53 20 1892
666 859 124 28 dessutom,
808 859 55 20 oak-

104 899 52 21 tadt
178 899 75 21 kändt
275 899 62 22 varit
360 901 35 19 att
410 899 79 22 Johan
504 900 29 21 H.
550 899 58 28 egde
625 900 49 21 fast
690 899 113 28 egendom
820 899 43 20 och

105 939 39 21 det
159 939 52 21 icke
227 947 40 13 ens
287 940 100 27 pästätts
406 942 35 19 att
457 939 135 22 densamma
608 940 65 21 sökts
688 939 9 21 i
712 942 48 19 mät
776 939 37 21 för
829 939 34 20 fa-

105 979 125 21 brikanten
245 979 41 22 H:s
303 979 154 22 omförmälda
474 980 103 28 fordran,
594 980 137 29 lagstridigt
741 979 122 22 förordnat

105 1021 35 19 att
154 1019 79 21 Johan
249 1019 28 21 H.
295 1019 74 22 skulle
385 1019 98 29 uppläta
500 1020 50 21 sina
566 1020 128 29 tillgängar
705 1020 37 21 till
753 1020 51 21 sina
812 1019 52 21 bor-

104 1063 110 23 genärers
230 1059 140 28 förnöjande
386 1062 60 18 samt
463 1062 35 18 att
512 1059 166 21 häradsrätten
694 1059 112 21 likaledes
822 1067 41 13 un-

106 1099 40 21 der
167 1099 271 29 vicehäradshöfdingen
458 1100 35 21 J:s
513 1099 142 21 ordförande
671 1099 40 21 vid
727 1098 138 22 förberörda

105 1140 172 21 sammanträde
301 1140 44 21 den
369 1142 12 18 7
406 1140 178 28 derpäföljande
606 1140 57 28 Juli,
688 1140 29 20 dä
740 1139 78 21 Johan
834 1139 28 21 H.

105 1180 100 21 invändt
220 1182 35 19 att
271 1180 238 28 vicehäradshöfding
524 1180 21 21 J.
563 1180 26 21 af
603 1179 183 22 ofvananmärkt
796 1179 69 21 orsak

105 1228 55 14 vore
173 1220 79 29 jäfvig
268 1223 35 19 att
313 1223 55 26 taga
379 1220 137 28 befattning
527 1221 53 20 med
591 1220 183 28 konkursmälet,
785 1220 81 20 urakt-

105 1260 53 21 lätit
175 1262 35 19 att
230 1260 106 22 meddela
355 1260 112 22 särskildt
485 1260 79 28 utslag
579 1260 9 21 i
604 1260 128 28 anledning
748 1260 26 21 af
788 1260 77 21 denna

105 1300 148 29 invändning
269 1300 43 22 och
328 1301 97 21 fortsatt
441 1300 53 22 med
510 1300 84 22 sakens
605 1300 187 29 handläggning,
812 1308 54 13 men

106 1340 39 21 det
160 1340 104 22 deremot
278 1340 52 22 icke
346 1340 91 22 kunnat
455 1340 125 22 tillräknas
595 1340 270 28 vicehäradshöfdingen

106 1381 21 21 J.
144 1382 35 20 att
194 1381 54 28 han,
272 1381 29 21 dä
323 1381 79 21 Johan
417 1382 29 20 H.
463 1383 85 26 vägrat
571 1383 35 19 att
621 1381 115 29 uppgifva
752 1381 51 21 sina
818 1380 47 22 till-

105 1421 91 26 gängar
212 1420 44 21 och
271 1420 100 28 skulder,
384 1422 76 19 säsom
471 1421 143 21 ordförande
625 1421 8 20 i
644 1421 164 21 häradsrätten
818 1420 48 21 del-
