1098 1756
793 128 27 21 29

88 199 71 20 staren
175 197 78 21 Arthur
268 197 94 26 Castrén,
378 197 85 21 hvilken
480 197 50 21 derå
544 197 41 21 den
603 198 26 20 13
645 197 41 27 Maj
705 197 55 21 1896
771 196 78 22 förord-

88 232 66 22 nades
177 232 31 20 att
229 238 49 15 vara
300 232 92 20 ledamot
410 231 7 21 i
438 232 92 20 nämnda
546 231 161 22 diskontkomité
723 231 53 21 efter
791 231 58 21 Vice-

89 266 89 22 konsuln
201 266 94 21 Leonard
315 266 102 21 Candelin
434 266 46 26 j:or,
500 272 44 15 som
560 266 44 20 från
621 266 145 26 befattningen
782 265 66 27 afgick

90 301 24 21 af
126 300 60 21 orsak
201 301 31 20 att
246 300 42 21 han
304 300 91 21 önskade
411 300 83 21 inträda
510 300 67 21 såsom
592 300 93 21 medlem
700 300 7 20 i
721 300 128 26 bestyrelsen

89 335 33 21 för
137 335 63 21 Wasa
214 335 60 21 Aktie
290 335 69 21 Banks
375 334 193 28 afdelningskontor
583 335 7 20 i
605 335 111 26 Uleåborg.
739 334 40 21 Till
794 334 56 20 leda-

90 369 166 27 motssuppleant
271 369 7 21 i
293 369 71 21 stället
378 369 33 21 för
426 369 243 27 Vicehäradshöfdingen
680 368 88 22 Castrén
779 368 71 26 utsågs

90 403 110 27 samtidigt
219 403 173 21 Tullförvaltaren
411 403 85 21 Nikolai
511 403 65 21 Adolf
588 404 124 20 Forsström.
741 403 60 21 Efter
816 402 34 21 det

90 437 121 28 ytterligare
234 444 25 15 en
282 437 160 28 ledamotsplats
464 438 7 20 i
494 444 81 15 samma
594 437 161 22 diskontkomité
776 442 74 22 genom

92 472 230 27 Politieborgmästaren
338 473 80 20 Robert
432 473 72 20 Alarik
521 472 142 21 Hasselblatts
674 472 121 27 afflyttning
806 471 44 21 från

91 507 105 26 Uleåborg
215 507 67 21 blifvit
301 506 56 27 ledig
373 507 56 20 samt
441 507 79 26 jemväl
535 507 241 27 ledamotssuppleanten
793 507 59 20 Vice-

92 541 89 21 konsuln
196 541 48 22 Otto
260 541 110 21 Ravander
386 541 90 21 anhållit
492 542 31 20 att
538 541 64 21 blifva
617 541 45 21 från
679 541 37 20 sitt
731 540 120 21 förberörda

92 575 95 28 uppdrag
209 575 86 27 befriad,
310 575 85 27 utsågos
418 575 7 20 i
448 575 72 22 dessas
543 575 60 21 ställe
623 576 40 20 den
684 576 26 20 15
728 575 52 21 Juni
797 575 55 21 1896

92 610 119 27 Sågegaren
229 610 57 21 John
308 610 92 21 Norblad
425 610 33 21 till
480 610 93 21 ledamot
595 610 38 21 och
648 610 141 21 Handlanden
804 609 48 21 Fre-

92 645 46 20 drik
155 645 62 21 Adolf
230 645 74 20 Riekki
315 644 31 21 till
354 644 397 28 ledamotssuppleant
575 640 11 37 i
594 644 156 28 ifrågavarande
760 644 92 21 diskont-

93 679 84 21 komité.

162 713 94 21 Emedan
271 713 120 22 ledamoten
406 714 7 20 i
430 713 177 22 diskontkomitén
623 713 34 21 vid
667 713 96 21 kontoret
772 713 8 20 i
790 713 62 20 Niko-

94 748 77 21 laistad
185 748 52 21 Paul
253 748 61 26 Hugo
331 748 130 21 Sölfverarm
477 748 92 27 antagits
580 748 33 20 till
623 747 154 21 verkställande
786 747 66 21 direk-

93 783 34 20 tör
142 782 34 21 vid
191 782 102 21 Nordiska
312 782 158 21 Aktiebankens
490 782 128 21 dervarande
633 782 131 25 filialkontor,
780 781 72 27 utsågs

94 817 41 20 den
152 818 26 20 12
193 817 87 21 Januari
297 817 54 21 1895
367 817 139 27 suppleanten
522 817 7 20 i
544 817 137 20 förenämnda
692 815 160 22 diskontkomité

94 851 161 27 Borgmästaren
278 851 71 21 Viktor
373 851 92 26 Cajanus
488 852 32 20 att
537 851 7 20 i
562 851 55 20 Herr
636 851 137 21 Sölfverarms
793 850 60 21 ställe

94 892 51 14 vara
166 885 91 21 ledamot
277 886 55 20 samt
349 885 220 21 Justitierådmannen
588 885 53 21 Bror
659 885 78 21 Balder
752 885 101 20 Hemmer

94 921 32 20 att
141 926 49 15 vara
205 920 110 27 suppleant
329 919 8 21 i
351 919 101 22 komiten.

163 954 39 21 Vid
218 955 94 20 kontoret
327 954 6 21 i
348 954 72 21 Kotka
436 955 72 26 utsägs
524 954 40 21 den
580 955 13 20 6
604 955 116 20 December
732 954 55 22 1895
797 954 57 21 leda-

94 989 192 27 motssuppleanten
309 984 177 25 Tullförvaltaren
511 989 65 20 Evald
598 989 120 20 Ferdinand
737 989 117 26 Lundqvist

94 1024 32 20 att
140 1023 44 21 frän
200 1023 71 27 början
288 1023 23 21 af
323 1023 24 21 är
363 1023 56 21 1896
436 1029 51 15 vara
498 1023 254 21 diskontkomiteledamot
766 1023 4 20 i
784 1023 70 21 stället

94 1057 32 21 för
147 1057 162 27 Borgmästaren
329 1057 66 22 Oskar
415 1058 85 26 August
518 1057 109 21 Backman
642 1057 38 22 och
696 1057 32 21 till
743 1058 112 27 suppleant

94 1092 53 21 efter
162 1092 39 21 den
217 1092 148 21 förstbemälde
384 1092 200 27 Konsularagenten
599 1092 105 21 Christian
720 1092 67 27 Holst,
803 1092 52 21 hvil-

95 1127 39 20 ken
150 1127 51 20 dock
216 1127 40 20 den
273 1129 10 19 1
301 1127 117 21 December
435 1127 57 22 1896
508 1127 66 27 afgick
590 1127 45 21 från
651 1127 112 27 nästsagde
779 1127 76 21 befatt-

96 1161 51 26 ning
163 1161 23 20 af
198 1161 58 21 orsak
273 1161 32 21 att
319 1161 42 20 han
377 1161 95 25 antagits
488 1161 32 21 till
536 1161 127 21 kontrollant
678 1161 34 21 vid
730 1161 125 27 Förenings-

94 1195 93 21 bankens
202 1195 7 21 i
225 1195 88 21 Finland
332 1195 128 21 filialkontor
475 1195 7 21 i
497 1195 78 25 Kotka;
591 1195 49 22 derä
655 1196 7 20 i
678 1196 53 21 hans
746 1196 60 21 ställe
822 1195 33 21 till

94 1229 215 28 ledamotssuppleant
329 1230 6 20 i
354 1230 162 27 ifrågavarande
533 1230 159 21 diskontkomitö
708 1231 72 26 utsågs
794 1231 62 26 Inge-

95 1264 72 21 niören
182 1264 66 21 Frans
263 1264 72 21 Alfred
351 1264 75 21 Collin.
666 1280 2 2 .

163 1299 40 20 Till
217 1299 92 20 ledamot
324 1299 7 20 i
347 1299 181 21 diskontkomiten
543 1299 34 21 vid
592 1299 95 22 kontoret
701 1299 7 21 i
718 1299 81 27 Kuopio
810 1299 44 21 från

94 1332 73 27 början
191 1333 22 20 af
233 1333 22 20 är
280 1333 54 21 1896
357 1333 74 27 utsågs
452 1333 42 21 den
514 1334 13 21 6
542 1333 116 22 December
675 1333 55 22 1895
744 1333 112 21 ledamots-

94 1367 138 26 suppleanten
251 1367 292 28 Domkapitelssekreteraren
562 1368 53 21 Karl
630 1368 83 27 August
727 1367 106 22 Herkman
848 1367 7 20 i

94 1401 73 20 stället
181 1401 33 20 för
229 1401 163 28 Borgmästaren
408 1402 69 21 Frans
494 1401 65 22 Oskar
569 1402 75 21 Möller
655 1402 38 21 och
704 1402 32 21 till
746 1402 110 27 suppleant

94 1434 53 21 efter
167 1435 39 21 den
219 1436 148 21 förstbemälde
383 1436 152 27 Kronofogden
551 1436 196 27 Kollegiiassessorn
762 1436 94 21 Herman

94 1465 91 36 Brunou.
586 1484 2 2 :
