1092 1759
245 140 40 21 212
585 140 26 22 I

284 202 12 22 I
312 205 26 19 99
354 202 50 28 fall,
420 202 56 22 eller
493 205 26 20 24
535 204 28 27 %/,
579 204 27 20 af
620 203 29 22 de
665 204 138 21 förekomna
819 202 80 29 fallen,
915 202 60 22 hade

216 242 191 28 ansökningarna
433 242 115 29 grundats
573 243 115 29 antingen
711 243 78 29 derpä,
813 245 34 19 att
871 242 45 22 den
932 249 44 15 ena

215 282 86 21 makan
324 282 112 21 äkommit
460 282 91 29 obotlig
573 283 190 28 sinnessjukdom
787 282 56 21 eller
858 282 38 21 för
911 282 65 29 groft

217 321 65 22 brott
298 322 90 21 ädömts
404 322 171 22 tukthusstraff
581 323 30 28 pä
619 323 78 22 lifstid
705 323 57 21 eller
769 323 31 28 pä
807 322 63 22 vissa
878 323 33 27 är,
919 322 56 21 eller

214 361 44 22 ock
274 361 145 29 deporterats
435 363 77 22 såsom
527 363 104 22 kolonist
646 363 38 21 till
700 363 133 27 Sibirien
811 357 30 38 *),
852 362 44 21 och
912 361 8 22 i
933 363 41 20 305

216 402 50 29 fall,
276 403 56 21 eller
348 405 26 20 76
390 404 28 27 %/,
434 403 26 22 af
474 403 81 28 fallen,
565 403 60 22 hade
641 403 114 22 makarna
771 402 86 22 mellan
872 401 103 22 rådande

216 442 38 22 kif
275 443 44 22 och
342 443 88 29 osämja
453 443 57 22 eller
528 443 137 29 liderlighet
680 443 42 22 hos
737 442 136 29 nägondera
889 442 26 21 af
929 449 47 14 ma-

215 482 75 22 karna
306 483 118 22 föranledt
440 483 171 28 ansökningen.

285 523 42 22 Uti
351 525 40 20 274
406 523 50 28 fall,
473 523 57 22 eller
548 525 27 20 68
591 525 28 26 9/,
635 523 27 22 af
676 523 79 28 fallen,
772 523 60 21 hade
849 522 126 21 ansöknin-

216 570 74 21 garna
305 563 101 22 bifallits
422 563 44 22 och
480 564 9 21 i
507 566 39 20 130
562 563 50 29 fall,
629 564 57 21 eller
702 565 26 20 32
744 564 28 27 9/,
789 563 26 22 af
831 562 80 28 fallen,
921 562 54 21 blif-

216 603 35 22 vit
281 603 115 29 afslagna,
425 604 119 29 nemligen
572 604 39 22 för
640 604 90 21 enhvar
758 604 26 21 af
808 602 167 29 efterföljande

216 643 115 28 perioder:

218 722 1 5 |
583 701 18 17 >
695 704 40 16 >
804 695 21 36 EF
913 701 40 18 PR

217 728 2 33 i
583 719 18 39 5
666 721 69 43 (98:
804 728 18 27 E
858 715 19 58 |
885 719 68 44 38

217 762 1 12 |
584 771 17 11 o
671 761 64 26 So
801 758 21 33 [N
885 760 68 27 >

583 783 19 26 E
671 784 65 27 Es
805 783 17 28 =
851 778 26 43 |
890 783 63 27 EZ

217 822 1 10 |
584 811 17 19 =
695 812 40 14 i
800 812 17 17 &
913 804 36 23 aI

217 834 2 11 I

241 858 164 20 1874—1875
399 846 17 42 .
438 875 3 3 .
474 875 3 3 .
510 875 3 3 .
587 859 26 19 23
697 859 24 19 11
808 858 23 20 12
929 859 12 19 6

241 899 165 20 1876—1880
399 887 14 42 .
437 915 3 4 .
474 915 3 3 .
510 915 4 4 .
587 899 25 20 72
698 900 25 19 14
807 899 24 19 22
928 899 13 19 4

241 939 164 20 1881—1885
400 926 15 43 .
438 955 3 4 .
474 955 4 4 .
510 955 4 4 .
586 939 27 20 54
697 939 26 20 10
806 939 26 19 30
929 939 12 19 6

241 978 165 21 1886—1890
399 967 14 42 .
438 995 3 4 .
474 995 4 4 .
510 995 4 4 .
587 979 26 20 50
698 980 25 19 10
805 979 26 20 45
929 979 12 19 9
973 971 1 44 |

217 1035 2 13 |
242 1018 164 21 1891—1895
404 1007 16 45 .
438 1035 4 4 .
474 1035 4 4 .
510 1035 4 4 .
587 1019 26 21 75
697 1020 25 20 15
806 1019 23 20 21
928 1019 13 19 4

420 1058 94 22 Summa
571 1061 41 19 274
695 1071 25 3 —
793 1059 38 20 130
913 1070 25 3 —

284 1121 36 21 Af
333 1120 43 22 här
391 1121 100 22 berörda
508 1123 53 20 1509
579 1121 306 29 äktenskapsförbindelser,
902 1121 73 28 (förut

215 1161 104 22 nämnda
342 1163 28 20 30
386 1161 146 29 ätergängna
548 1161 131 29 äktenskap
694 1161 9 22 i
721 1161 76 22 denna
813 1169 89 14 summa
918 1161 57 22 fort-

216 1200 98 21 farande
329 1200 52 22 icke
397 1201 174 28 medräknade),
589 1209 49 14 som
653 1201 75 22 under
743 1201 150 21 merberörda
909 1202 25 19 22
951 1201 25 21 är

215 1240 82 22 blifvit
320 1248 85 21 genom
428 1241 93 22 skilnad
540 1241 116 29 upplösta,
673 1241 73 22 hafva
761 1241 69 21 alltså
845 1241 8 20 i
870 1242 40 20 273
926 1240 49 26 fall,

216 1280 56 21 ollor
290 1283 24 19 18
324 1283 27 25 9/,
362 1281 27 22 af
399 1281 29 22 de
439 1281 138 22 förekomna
589 1281 80 28 fallen,
681 1281 94 22 skilnad
786 1281 62 21 skett
858 1281 30 28 pä
898 1279 77 29 grund

282 1355 17 22 *)
307 1355 63 18 Säsom
376 1355 75 23 bekant,
459 1356 94 23 upphörde
558 1356 129 22 brottslingars
695 1355 35 18 och
737 1355 118 18 lösdrifvares
863 1354 113 18 afsändande

215 1390 60 17 såsom
294 1390 102 19 kolonister
408 1391 29 18 till
451 1391 78 18 Sibirien
541 1391 58 18 redan
611 1391 58 18 under
681 1391 22 17 år
715 1391 51 20 1887,
779 1390 34 18 och
825 1389 56 18 sedan
896 1389 21 18 är
932 1389 44 18 1888

215 1424 108 23 deporteras
342 1425 28 18 dit
388 1425 17 22 ej
424 1425 59 19 heller
501 1425 62 18 vidare
581 1425 30 18 till
629 1425 102 18 dödsstraff
747 1425 69 21 dömde,
829 1429 40 13 men
882 1424 29 17 till
924 1423 53 18 lifvet

215 1458 95 18 benädade
322 1464 93 17 personer.
