1092 1748
354 134 28 23 U.
400 134 28 22 B.
445 147 27 2 —
487 134 181 21 111-XXXIII.
860 135 25 20 27

131 197 65 26 mark,
212 197 100 21 hvarmed
329 197 151 21 militieverket
492 197 96 28 deltager
598 198 7 20 i
616 200 30 18 ett
657 197 109 28 ärsanslag
779 197 22 21 af
813 197 74 26 10,000

131 231 59 21 mark
214 231 34 20 för
270 231 81 21 inlösen
375 231 23 21 af
420 231 139 28 fotografiska
573 231 77 29 kopior
665 231 23 22 af
703 231 26 22 de
744 231 143 29 topografiska

132 265 229 22 karta-brouillonerna
376 268 55 18 samt
446 265 63 22 dessa
524 266 87 28 kopiors
627 265 168 22 illuminerande.
817 265 71 28 Sagda

132 299 76 28 anslag
230 299 61 21 torde
314 299 85 21 komma
422 302 31 18 att
468 299 90 22 fortfara
573 300 67 27 nägot
655 299 24 22 är
694 299 86 22 utöfver
795 299 41 21 den
851 299 38 26 tid,

132 341 46 14 som
194 333 60 28 ätgär
269 333 32 21 till
317 333 47 21 hela
378 341 80 14 zonens
473 334 144 28 topografiska
632 335 139 27 upptagning.

201 481 71 22 Bland
288 483 72 21 extra
374 482 104 27 utgifter
494 483 125 21 observeras
635 483 54 21 1895
706 490 26 14 en
747 486 50 25 post
811 482 13 21 ä
836 482 55 21 Fmk

134 517 82 25 85,025:
240 518 26 19 75
288 516 36 21 för
346 516 133 28 anläggande
500 517 23 21 af
545 517 194 28 telefonledningar
758 517 37 21 vid
811 516 80 22 Finska

135 550 75 21 vikens
232 550 56 26 kust,
310 550 32 21 till
364 551 83 21 hvilket
470 551 72 21 arbete
563 551 120 21 Ständerna
705 552 91 28 anslagit
817 551 74 21 inalles

136 585 89 27 130,000
245 584 41 22 mk.
317 584 70 22 Dessa
402 585 112 28 ledningar
530 586 59 20 skola
606 586 74 20 beröra
696 586 57 20 vissa
767 586 24 20 af
806 586 86 20 militär-

135 618 105 22 väsendet
257 618 116 34 bestämda
395 620 166 28 utkikspunkter
577 620 40 21 och
633 620 86 21 sträcka
734 621 33 27 sig
781 620 48 20 från
846 619 46 21 Wi-

136 653 52 27 borg
202 653 33 21 till
250 654 54 20 Abo.
328 653 74 29 Enligt
417 654 57 21 hvad
488 654 113 22 Utskottet
613 654 74 21 erfarit
698 654 37 21 har
745 654 61 28 fräga
818 654 74 21 väckts

136 694 33 14 om
190 687 150 28 ledningarnas
355 688 132 28 upplätande
502 690 7 19 i
525 688 90 22 fredstid
631 688 35 21 för
681 690 70 26 privat
766 688 127 28 korrespon-

136 721 53 21 dens
211 722 41 20 och
274 729 62 14 anser
354 722 114 22 Utskottet
490 730 25 14 en
536 723 66 21 sädan
619 723 81 28 ätgärd,
715 724 64 26 jämte
795 722 36 22 det
846 722 47 20 där-

136 756 85 28 igenom
236 756 99 21 verksam
351 756 93 22 kontroll
460 765 82 13 vunnes
559 757 62 21 öfver
635 760 32 18 att
682 757 138 28 ledningarna
835 758 37 19 äro
887 757 6 20 i

136 790 114 28 tjänstbart
264 791 67 26 skick,
347 791 71 21 kunna
434 792 96 20 medföra
545 794 54 18 stort
613 799 56 21 gagn
681 792 34 20 för
725 792 108 27 sjöfarten,
844 792 50 20 enär

135 824 28 28 pä
184 824 70 22 denna
276 827 42 26 väg
340 826 110 28 uppgifter
468 826 72 20 kunde
557 825 90 21 erhällas
663 825 89 21 rörande
769 825 122 21 väderleks-

136 858 40 22 och
192 859 166 22 isförhällanden
372 863 55 18 samt
442 860 113 21 inträffade
571 860 126 29 sjöolyckor.

203 893 44 22 För
269 895 157 27 expropriation
450 894 23 21 af
494 895 73 20 Melkö
589 894 70 21 holme
680 894 59 21 invid
755 893 137 28 Helsingfors

136 927 41 22 och
199 928 134 28 uppförande
349 928 23 21 af
386 928 150 22 försvarsverk
552 928 111 21 därstädes
678 928 39 21 har
731 928 22 21 af
768 929 125 27 regeringen

136 962 98 28 beviljats
250 964 90 25 229,000
356 963 35 21 mk
407 963 209 26 (Finansrelationen
634 964 55 20 1894
708 963 35 21 IX
758 963 39 21 sid.
814 963 33 24 10)
863 964 31 18 att

136 996 52 28 utgå
211 1004 24 13 ur
256 997 98 28 anslagat
376 997 34 21 för
433 997 85 21 diverse
534 998 41 20 och
590 997 139 21 oförutsedda
746 996 69 22 behof.
845 996 49 21 Den

136 1030 68 21 under
226 1032 54 20 1893
302 1031 36 21 för
360 1031 60 21 detta
442 1031 100 21 ändamål
562 1034 108 26 upptagna
685 1034 74 25 posten
776 1031 13 21 å
806 1031 88 25 104,000

137 1064 35 21 mk
187 1066 62 26 utgör
264 1065 145 29 slutbeloppet
424 1066 23 20 af
462 1066 42 20 den
521 1065 104 29 beviljade
641 1073 102 13 summan.

206 1098 112 22 Utskottet
327 1100 38 20 har
373 1100 6 20 i
388 1100 37 20 det
433 1100 136 28 föregående,
578 1107 15 13 s.
604 1100 33 26 19,
650 1099 93 29 påpekat
753 1102 32 18 att
795 1102 31 18 ett
836 1101 59 18 extra

138 1133 74 28 anslag
228 1133 22 21 af
264 1133 61 21 Fmk.
341 1134 91 26 436,500
456 1134 68 21 under
544 1134 24 20 är
584 1134 55 21 1896
655 1134 72 20 blifvit
739 1133 100 21 anvisadt
848 1132 48 21 frän

138 1168 117 20 allmänna
269 1168 138 27 statsfonden
423 1168 35 20 för
473 1168 134 28 uppförande
624 1168 23 20 af
663 1175 26 13 en
705 1175 28 20 ny
746 1166 151 28 hufvudbygg-

137 1201 42 21 nad
195 1201 34 21 för
244 1202 68 21 finska
328 1202 148 21 kadettkären.

204 1236 12 20 I
231 1236 79 28 nådiga
326 1237 161 27 propositionen
498 1236 33 21 till
542 1236 130 27 landtdagen
683 1236 23 20 är
719 1236 60 25 1894,
792 1243 35 13 om
838 1236 59 20 anvi-

136 1270 66 21 sande
218 1270 23 21 af
256 1270 69 21 medel
340 1270 33 21 till
388 1270 124 21 bestridade
527 1270 22 21 af
565 1270 144 21 kostnaderna
729 1270 34 20 för
777 1269 67 21 finska
860 1270 38 20 mi-

136 1304 76 21 litären
235 1304 68 21 under
325 1304 51 21 åren
390 1305 149 25 1895—1897,
553 1312 39 13 var
608 1304 63 21 bland
689 1307 58 18 extra
764 1304 89 28 utgifter
869 1310 27 14 en

136 1341 50 25 post
200 1338 22 21 af
236 1339 91 25 400,000
343 1338 58 21 mark
417 1341 109 25 upptagen
541 1338 35 21 för
588 1346 26 13 en
625 1338 66 21 sädan
705 1338 106 28 byggnad.
831 1337 64 22 Stän-

137 1372 65 22 derna
224 1372 92 22 uteslöto
339 1372 70 22 denna
430 1375 50 26 post
495 1372 46 21 frän
558 1372 116 29 utgifterna
689 1372 35 21 för
739 1372 65 28 sagda
820 1371 75 30 period

137 1407 68 21 under
227 1407 118 21 anförande
366 1407 24 20 af
405 1407 27 21 de
452 1407 54 25 skäl,
524 1407 27 28 pä
566 1407 69 27 grund
651 1407 23 20 af
689 1407 73 21 hvilka
777 1406 120 22 Ständerna

137 1441 81 28 ansägo
233 1441 75 28 frägan
324 1449 34 12 om
375 1448 26 14 en
417 1449 29 20 ny
462 1440 186 29 hufvudbyggnad
663 1441 36 20 för
713 1440 141 21 kadettkären
870 1453 27 2 —

207 1480 141 17 Siatsutskottets
360 1480 110 17 betänkande
483 1480 38 17 N:o
534 1480 17 17 2.
