1089 1775
267 111 26 19 86
605 110 23 20 II

239 172 56 21 rade
322 172 36 28 sig
382 172 134 28 Kejserliga
542 172 115 22 Senatens
680 172 260 29 Justitiedepartement
961 173 35 21 uti

239 211 70 22 mälet
333 212 43 21 och
400 212 58 22 fann
474 212 167 29 länsstyrelsen
657 213 8 21 i
680 213 31 21 X.
727 212 46 29 län,
789 212 53 22 med
858 213 109 21 afseende
983 214 13 20 &

240 251 62 21 hvad
316 254 62 19 emot
391 252 27 21 D.
431 252 41 22 vid
487 252 53 22 med
555 252 86 22 honom
658 254 13 20 &
686 252 171 22 landskansliet
871 253 9 21 i
894 253 102 21 nämnda

237 291 40 21 län
301 291 45 21 den
365 294 24 19 27
406 292 58 22 Juni
480 292 43 22 och
541 294 24 20 12
582 292 50 22 Juli
650 295 53 19 1892
719 295 61 19 samt
795 292 45 22 den
856 294 26 20 28
898 292 98 22 Januari

239 330 44 22 och
296 333 25 19 30
332 332 63 21 Mars
408 334 54 20 1893
478 332 172 29 försiggängna
664 332 82 22 förhör
760 332 93 29 inlupit,
869 332 72 22 hafva
956 335 40 26 egt

239 371 128 29 anledning
390 375 40 25 att,
453 373 53 21 med
528 373 152 29 tillämpning
699 374 27 20 af
742 375 14 25 &
776 375 12 20 5
803 373 8 21 i
826 373 170 28 förordningen

238 411 45 21 den
301 414 10 19 2
327 412 68 28 April
413 415 53 19 1883
478 413 122 28 angående
610 413 141 22 lösdrifvare
762 413 43 21 och
816 412 67 22 deras
893 413 103 21 behand-

238 451 58 28 ling,
319 452 52 21 med
394 453 27 21 D.
445 454 90 20 förfara
558 454 30 28 pä
610 456 48 19 sätt
680 460 50 15 som
748 453 69 27 skett,
834 455 60 19 samt
909 453 87 28 ifräga-

239 491 86 21 komna
341 493 136 21 förfarande
493 494 65 27 förty
568 494 52 20 icke
631 494 80 21 kunna
721 496 147 26 guvernören
878 493 30 28 K,
918 493 78 21 lands-

237 531 131 22 kanslisten
387 533 24 21 O.
428 533 56 21 eller
499 533 217 22 landskontoristen
730 534 27 20 R.
774 534 76 21 såsom
866 533 33 21 fel
913 533 8 21 i
936 533 60 29 tjen-

238 573 52 20 sten
315 572 130 29 tillräknas,
468 573 110 22 hvarföre
600 574 134 29 Kejserliga
758 574 102 21 Senaten
882 574 113 28 pröfvade

238 613 102 27 rättvist,
363 613 53 22 med
438 614 169 28 upphäfvande
625 615 27 20 af
672 614 133 21 hofrättens
828 613 167 29 öfverklagade

239 652 84 28 utslag,
347 653 95 22 frikalla
465 657 147 25 guvernören
634 655 36 27 K.
694 653 199 22 landskanslisten
911 654 24 21 C.
952 654 43 21 och

239 691 216 24 landskontoristen
477 695 27 21 R.
528 695 54 21 från
604 695 141 28 utgifvande
769 695 26 20 at
816 694 52 21 dem
884 693 111 22 ähvälfda

241 733 131 28 ersättning
388 734 36 21 till
440 735 91 21 kronan
547 735 44 21 och
607 735 27 21 D.

310 895 46 22 Vid
375 898 50 20 1891
444 898 37 20 ärs
496 897 132 28 vinterting
643 897 8 21 i
667 897 27 21 R.
710 896 98 22 sockens
821 896 104 28 tingslag
935 896 59 21 hade

240 935 93 21 bonden
349 936 73 21 Albin
438 937 34 27 A.,
490 938 60 20 efter
565 939 71 26 tagen
648 937 118 28 stämning
777 937 13 21 &
802 936 89 22 aflidne
901 936 94 21 bonden

237 975 93 22 Henrik
353 976 43 22 M:s
415 977 223 28 rättsinnehafvare,
654 977 87 21 dennes
757 984 43 14 son
814 976 94 22 bonden
922 976 72 21 Albin

238 1016 30 20 M.
292 1016 43 21 och
359 1017 53 27 måg
435 1017 126 28 garfvaren
580 1018 94 27 August
690 1017 26 21 B.
733 1017 8 21 i
757 1016 117 29 egenskap
890 1016 26 21 af
930 1016 65 21 såväl

237 1056 114 21 mälsman
367 1057 38 20 för
420 1057 37 21 sin
472 1057 83 21 hustru
570 1057 87 21 Alvina
673 1058 30 20 M.
720 1064 50 14 som
784 1056 43 22 ock
845 1056 149 28 förmyndare

237 1096 38 20 för
297 1096 73 21 Albin
393 1097 43 21 och
459 1097 87 21 Alvina
568 1098 43 20 M:s
634 1099 76 27 syster
731 1096 81 22 Hilma
826 1097 31 21 M.
874 1096 120 21 äfvensom

236 1136 92 21 Henrik
350 1137 43 21 M:s
416 1140 75 26 syster
511 1138 172 21 bondedottern
698 1138 70 21 Anna
783 1137 75 21 Maria
872 1137 30 21 M.
918 1136 75 28 yrkat,

238 1178 41 25 att,
297 1177 97 21 emedan
410 1177 153 29 rähägnaden
579 1178 99 21 emellan
694 1177 73 22 Albin
781 1178 41 20 A:s
834 1176 89 29 egande
934 1176 61 21 tred-

234 1216 65 28 jedel
315 1219 60 19 samt
390 1217 74 22 Albin
479 1219 42 20 M:s
538 1218 43 21 och
597 1218 59 21 hans
671 1218 144 28 medparters
830 1217 90 28 egande
932 1216 62 21 hältt

237 1256 28 21 af
282 1257 212 22 skattehemmanet
512 1259 44 20 N:o
574 1261 25 19 10
615 1259 7 20 i
639 1257 153 23 Osikonmäki
807 1257 31 28 by
854 1257 26 21 af
893 1257 101 21 nämnda

236 1297 88 21 socken
339 1305 84 20 genom
437 1299 73 21 Albin
521 1299 43 21 M:s
575 1299 44 22 och
630 1299 58 22 hans
699 1299 144 28 medparters
853 1297 141 28 tillgörande

236 1337 39 20 för
292 1345 29 13 en
336 1337 82 29 längre
434 1339 35 21 tid
484 1339 100 21 tillbaka
599 1339 81 21 blifvit
695 1338 86 29 flyttad
796 1338 55 28 inpä
866 1337 74 22 Albin
954 1338 40 20 A:s

236 1377 95 22 omräde
353 1379 27 20 af
401 1379 99 21 berörda
522 1379 112 28 lägenhet
656 1381 60 19 samt
738 1378 74 22 Albin
830 1378 30 21 M.
878 1377 43 22 och
936 1377 58 22 hans

236 1418 133 28 medparter
391 1419 65 21 säväl
479 1419 74 22 under
575 1419 101 28 tidigare
699 1420 26 21 är
747 1426 55 20 som,
824 1419 59 20 efter
899 1417 39 22 det
953 1419 41 20 rän
