1098 1745
216 160 26 15 22

475 156 28 23 U.
521 157 28 22 B.
565 169 28 3 —
608 157 106 22 XXXIV.

491 221 120 27 Majestät;
633 221 10 21 i
660 221 81 22 hvilket
762 222 100 27 afseende
883 222 39 25 det,
939 222 41 21 vid

492 255 113 28 inträffad
617 256 97 27 ledighet,
731 257 129 20 tillkommer
869 257 105 26 bankfull-

492 289 94 28 mäktige
607 293 38 22 att,
668 291 58 26 efter
741 291 111 26 behörigen
866 291 112 28 kungjord

492 324 166 27 ansökningstid
670 326 31 26 af
706 325 118 27 femtiosex
836 326 76 27 dagar,
926 330 48 23 upp-

488 360 58 25 göra
557 359 147 27 underdånigt
705 360 94 27 förslag
804 360 38 21 och
850 360 68 27 derpå
926 364 48 23 upp-

485 393 58 27 föra
566 396 32 18 tre
619 395 30 26 af
659 394 124 21 sökandena
799 394 9 21 i
821 395 39 20 den
876 395 96 26 ordning,

485 428 145 27 fullmäktige
652 429 61 23 finna
740 429 48 20 dem
811 429 101 27 skicklige
936 429 38 20 och

492 463 88 26 erfarne
604 465 58 18 samt
689 463 37 20 till
752 463 86 21 embetet
866 463 106 27 lämplige.

491 497 119 27 Förslaget,
634 498 64 23 öfver
715 497 81 21 hvilket
817 497 79 21 besvär
913 498 21 27 ej
946 498 28 24 få

491 532 97 26 anföras,
610 531 102 21 insändes
727 532 36 21 till
776 531 103 22 Senatens
892 532 81 20 Ekono-

491 565 192 28 miedepartement,
708 573 46 14 som
778 567 101 26 afgifver
899 566 74 21 under-

491 600 79 27 dånigt
596 601 112 20 utlåtande
732 601 10 20 i
762 602 77 24 ämnet,
862 601 115 27 hvarefter

492 635 65 20 Hans
582 635 125 27 Kejserliga
730 635 109 28 Majestät
860 636 116 19 utnämner

492 676 24 13 en
532 670 30 26 af
573 669 25 21 de
607 670 135 26 föreslagne.

548 704 84 26 (utesl.)

698 779 18 26 S
731 783 35 22 47-

548 835 152 21 Direktionens
713 835 103 27 samtliga
834 835 142 21 medlemmar

492 869 57 25 böra,
558 869 31 21 dä
599 869 26 21 de
635 869 44 21 icke
686 871 40 18 äro
734 870 30 25 af
766 869 72 21 andra
845 870 127 27 tjensteälig-

487 904 89 27 ganden
592 907 116 24 upptagna,
719 904 40 21 vid
768 904 140 21 direktionens
918 911 54 14 sam-

467 948 2 3 :
491 939 129 20 manträden
642 940 100 19 närvara
757 939 44 24 och,
817 939 40 20 der
870 939 51 26 laga
929 939 47 27 jäf

491 973 44 20 icke
552 973 97 24 hindrar,
666 973 9 20 i
688 973 80 20 dervid
774 973 153 27 förefallande
942 973 30 27 öf-

491 1007 173 27 verläggningar
672 1007 37 21 och
724 1007 67 20 beslut
802 1007 93 26 deltaga.
916 1007 57 27 Upp-

490 1041 35 20 stä
546 1041 58 21 olika
622 1041 118 27 meningar,
763 1041 124 20 bestämmes
904 1041 67 20 dwek-

490 1076 81 20 tionens
593 1076 67 20 beslut
682 1077 30 26 af
728 1075 26 21 de
773 1076 69 27 flesta
867 1077 102 18 rösterna.

490 1111 65 19 Falla
579 1111 97 20 rösterna
698 1110 50 25 lika,
768 1111 77 26 afgöre
860 1109 111 23 ordföran-

491 1145 50 20 dens
558 1146 49 19 röst.

547 1179 138 20 Direktionen
705 1180 30 19 är
754 1179 108 26 beslutför,
878 1179 44 19 när
939 1181 33 18 tre

490 1214 30 25 af
531 1213 47 20 dess
593 1213 143 20 medlemmar
744 1214 40 19 äro
795 1213 114 23 tillstädes;
918 1212 53 21 dock

489 1247 49 25 kan,
555 1247 40 21 vid
608 1247 118 28 inträffadt
734 1247 46 28 jäf
792 1247 52 20 eller
854 1250 68 17 annat
931 1247 39 20 till-

484 1282 82 27 fälligt
579 1281 119 28 förhinder
708 1282 45 27 för
771 1282 71 26 någon
860 1281 89 21 medlem
964 1281 9 20 i

490 1316 136 24 direktionen,
655 1316 79 20 ärende
761 1316 91 27 afgöras
877 1316 30 26 af
931 1315 39 20 två

489 1350 146 25 medlemmar,
662 1357 34 14 om
725 1350 26 21 de
776 1351 39 19 äro
844 1357 33 13 om
907 1349 63 22 beslu

490 1387 29 18 tet
533 1392 53 13 ense.

546 1413 36 26 Är
603 1419 147 24 ordföranden
768 1418 82 28 jäfvig
866 1419 53 20 eller
934 1426 36 13 an-

489 1460 52 13 nars
562 1453 136 26 förhindrad
717 1453 53 20 eller
788 1453 29 19 är
832 1453 140 26 ordförande-

280 1498 139 17 Bankutskottets
432 1499 103 16 betänkande
547 1499 34 16 N:o
593 1504 16 15 4.
