<?xml version="1.0" encoding="UTF-8"?>
<alto xmlns="http://www.loc.gov/standards/alto/ns-v3#" xmlns:xlink="http://www.w3.org/1999/xlink" xmlns:xsi="http://www.w3.org/2001/XMLSchema-instance" xsi:schemaLocation="http://www.loc.gov/standards/alto/ns-v3# http://www.loc.gov/alto/v3/alto-3-0.xsd">
	<Description>
		<MeasurementUnit>pixel</MeasurementUnit>
		<sourceImageInformation>
			<fileName>/tmp/tess_tcme8072_input.PNG</fileName>
		</sourceImageInformation>
		<OCRProcessing ID="OCR_0">
			<ocrProcessingStep>
				<processingSoftware>
					<softwareName>tesseract 5.3.4</softwareName>
				</processingSoftware>
			</ocrProcessingStep>
		</OCRProcessing>
	</Description>
	<Layout>
		<Page WIDTH="1092" HEIGHT="1759" PHYSICAL_IMG_NR="0" ID="page_0">
			<PrintSpace HPOS="0" VPOS="0" WIDTH="1092" HEIGHT="1759">
				<ComposedBlock ID="cblock_0" HPOS="94" VPOS="438" WIDTH="761" HEIGHT="1096">
					<TextBlock ID="block_0" HPOS="94" VPOS="438" WIDTH="759" HEIGHT="250">
						<TextLine ID="line_0" HPOS="94" VPOS="438" WIDTH="756" HEIGHT="57">
							<String ID="string_0" HPOS="94" VPOS="438" WIDTH="42" HEIGHT="44" WC="0.92" CONTENT="J"/><SP WIDTH="2" VPOS="438" HPOS="136"/>
							<String ID="string_1" HPOS="138" VPOS="443" WIDTH="52" HEIGHT="52" WC="0.42" CONTENT="emte"/><SP WIDTH="31" VPOS="443" HPOS="190"/>
							<String ID="string_2" HPOS="221" VPOS="450" WIDTH="36" HEIGHT="30" WC="0.96" CONTENT="det"/><SP WIDTH="22" VPOS="450" HPOS="257"/>
							<String ID="string_3" HPOS="279" VPOS="449" WIDTH="134" HEIGHT="35" WC="0.96" CONTENT="förevarande"/><SP WIDTH="23" VPOS="449" HPOS="413"/>
							<String ID="string_4" HPOS="436" VPOS="456" WIDTH="112" HEIGHT="33" WC="0.96" CONTENT="berättelse"/><SP WIDTH="22" VPOS="456" HPOS="548"/>
							<String ID="string_5" HPOS="570" VPOS="452" WIDTH="56" HEIGHT="28" WC="0.96" CONTENT="öfver"/><SP WIDTH="22" VPOS="452" HPOS="626"/>
							<String ID="string_6" HPOS="648" VPOS="455" WIDTH="202" HEIGHT="35" WC="0.86" CONTENT="Bankfullmäktiges"/>
						</TextLine>
						<TextLine ID="line_1" HPOS="94" VPOS="492" WIDTH="760" HEIGHT="42">
							<String ID="string_7" HPOS="94" VPOS="492" WIDTH="140" HEIGHT="42" WC="0.90" CONTENT="tillgöranden"/><SP WIDTH="17" VPOS="492" HPOS="234"/>
							<String ID="string_8" HPOS="251" VPOS="500" WIDTH="67" HEIGHT="24" WC="0.90" CONTENT="under"/><SP WIDTH="18" VPOS="500" HPOS="318"/>
							<String ID="string_9" HPOS="336" VPOS="492" WIDTH="49" HEIGHT="29" WC="0.88" CONTENT="ären"/><SP WIDTH="21" VPOS="492" HPOS="385"/>
							<String ID="string_10" HPOS="406" VPOS="500" WIDTH="145" HEIGHT="28" WC="0.51" CONTENT="1894—1896,"/><SP WIDTH="15" VPOS="500" HPOS="551"/>
							<String ID="string_11" HPOS="566" VPOS="500" WIDTH="87" HEIGHT="21" WC="0.96" CONTENT="härmed"/><SP WIDTH="19" VPOS="500" HPOS="653"/>
							<String ID="string_12" HPOS="672" VPOS="500" WIDTH="32" HEIGHT="20" WC="0.93" CONTENT="till"/><SP WIDTH="19" VPOS="500" HPOS="704"/>
							<String ID="string_13" HPOS="723" VPOS="500" WIDTH="131" HEIGHT="29" WC="0.89" CONTENT="Ständernas-"/>
						</TextLine>
						<TextLine ID="line_2" HPOS="95" VPOS="527" WIDTH="755" HEIGHT="52">
							<String ID="string_14" HPOS="95" VPOS="527" WIDTH="140" HEIGHT="52" WC="0.89" CONTENT="Bankutskott"/><SP WIDTH="16" VPOS="527" HPOS="235"/>
							<String ID="string_15" HPOS="251" VPOS="532" WIDTH="108" HEIGHT="32" WC="0.96" CONTENT="vördsamt"/><SP WIDTH="16" VPOS="532" HPOS="359"/>
							<String ID="string_16" HPOS="375" VPOS="540" WIDTH="144" HEIGHT="34" WC="0.87" CONTENT="öfverlemnas,"/><SP WIDTH="16" VPOS="540" HPOS="519"/>
							<String ID="string_17" HPOS="535" VPOS="540" WIDTH="19" HEIGHT="21" WC="0.91" CONTENT="fä"/><SP WIDTH="11" VPOS="540" HPOS="554"/>
							<String ID="string_18" HPOS="565" VPOS="527" WIDTH="196" HEIGHT="45" WC="0.50" CONTENT="PBankfullmäktige"/><SP WIDTH="13" VPOS="527" HPOS="761"/>
							<String ID="string_19" HPOS="774" VPOS="536" WIDTH="76" HEIGHT="36" WC="0.92" CONTENT="tillika,"/>
						</TextLine>
						<TextLine ID="line_3" HPOS="94" VPOS="568" WIDTH="759" HEIGHT="44">
							<String ID="string_20" HPOS="94" VPOS="572" WIDTH="66" HEIGHT="40" WC="0.96" CONTENT="under"/><SP WIDTH="16" VPOS="572" HPOS="160"/>
							<String ID="string_21" HPOS="176" VPOS="568" WIDTH="115" HEIGHT="44" WC="0.81" CONTENT="hänvisande"/><SP WIDTH="16" VPOS="568" HPOS="291"/>
							<String ID="string_22" HPOS="307" VPOS="573" WIDTH="6" HEIGHT="28" WC="0.81" CONTENT="-"/><SP WIDTH="6" VPOS="573" HPOS="313"/>
							<String ID="string_23" HPOS="319" VPOS="578" WIDTH="32" HEIGHT="23" WC="0.96" CONTENT="till"/><SP WIDTH="14" VPOS="578" HPOS="351"/>
							<String ID="string_24" HPOS="365" VPOS="571" WIDTH="41" HEIGHT="33" WC="0.96" CONTENT="den"/><SP WIDTH="16" VPOS="571" HPOS="406"/>
							<String ID="string_25" HPOS="422" VPOS="572" WIDTH="126" HEIGHT="40" WC="0.92" CONTENT="berättelsen"/><SP WIDTH="16" VPOS="572" HPOS="548"/>
							<String ID="string_26" HPOS="564" VPOS="580" WIDTH="113" HEIGHT="26" WC="0.91" CONTENT="ätföljande"/><SP WIDTH="16" VPOS="580" HPOS="677"/>
							<String ID="string_27" HPOS="693" VPOS="580" WIDTH="126" HEIGHT="31" WC="0.89" CONTENT="öfversigten"/><SP WIDTH="9" VPOS="580" HPOS="819"/>
							<String ID="string_28" HPOS="828" VPOS="579" WIDTH="25" HEIGHT="29" WC="0.96" CONTENT="af"/>
						</TextLine>
						<TextLine ID="line_4" HPOS="95" VPOS="610" WIDTH="755" HEIGHT="47">
							<String ID="string_29" HPOS="95" VPOS="610" WIDTH="103" HEIGHT="47" WC="0.96" CONTENT="Finlands"/><SP WIDTH="11" VPOS="610" HPOS="198"/>
							<String ID="string_30" HPOS="209" VPOS="616" WIDTH="78" HEIGHT="37" WC="0.85" CONTENT="Banks,"/><SP WIDTH="-6" VPOS="616" HPOS="287"/>
							<String ID="string_31" HPOS="281" VPOS="612" WIDTH="120" HEIGHT="44" WC="0.40" CONTENT="ställning."/><SP WIDTH="6" VPOS="612" HPOS="401"/>
							<String ID="string_32" HPOS="407" VPOS="610" WIDTH="49" HEIGHT="38" WC="0.70" CONTENT="och."/><SP WIDTH="4" VPOS="610" HPOS="456"/>
							<String ID="string_33" HPOS="460" VPOS="620" WIDTH="144" HEIGHT="29" WC="0.79" CONTENT="&quot;verksamhet,"/><SP WIDTH="8" VPOS="620" HPOS="604"/>
							<String ID="string_34" HPOS="612" VPOS="620" WIDTH="53" HEIGHT="23" WC="0.96" CONTENT="här"/><SP WIDTH="-6" VPOS="620" HPOS="665"/>
							<String ID="string_35" HPOS="659" VPOS="616" WIDTH="10" HEIGHT="37" WC="0.96" CONTENT="i"/><SP WIDTH="9" VPOS="616" HPOS="669"/>
							<String ID="string_36" HPOS="678" VPOS="620" WIDTH="106" HEIGHT="28" WC="0.96" CONTENT="allmänna"/><SP WIDTH="15" VPOS="620" HPOS="784"/>
							<String ID="string_37" HPOS="799" VPOS="620" WIDTH="51" HEIGHT="27" WC="0.96" CONTENT="drag"/>
						</TextLine>
						<TextLine ID="line_5" HPOS="94" VPOS="659" WIDTH="710" HEIGHT="31">
							<String ID="string_38" HPOS="94" VPOS="652" WIDTH="104" HEIGHT="30" WC="0.78" CONTENT="meddela"/><SP WIDTH="6" VPOS="652" HPOS="198"/>
							<String ID="string_39" HPOS="204" VPOS="661" WIDTH="109" HEIGHT="21" WC="0.92" CONTENT="resultatet."/><SP WIDTH="15" VPOS="661" HPOS="313"/>
							<String ID="string_40" HPOS="328" VPOS="660" WIDTH="22" HEIGHT="21" WC="0.92" CONTENT="af"/><SP WIDTH="13" VPOS="660" HPOS="350"/>
							<String ID="string_41" HPOS="363" VPOS="652" WIDTH="92" HEIGHT="29" WC="0.96" CONTENT="bankens"/><SP WIDTH="16" VPOS="652" HPOS="455"/>
							<String ID="string_42" HPOS="471" VPOS="660" WIDTH="77" HEIGHT="21" WC="0.89" CONTENT="rörelse."/><SP WIDTH="18" VPOS="660" HPOS="548"/>
							<String ID="string_43" HPOS="566" VPOS="651" WIDTH="65" HEIGHT="31" WC="0.96" CONTENT="under"/><SP WIDTH="15" VPOS="651" HPOS="631"/>
							<String ID="string_44" HPOS="646" VPOS="660" WIDTH="65" HEIGHT="27" WC="0.91" CONTENT="sagda"/><SP WIDTH="14" VPOS="660" HPOS="711"/>
							<String ID="string_45" HPOS="725" VPOS="660" WIDTH="79" HEIGHT="30" WC="0.96" CONTENT="period."/>
						</TextLine>
					</TextBlock>
					<TextBlock ID="block_1" HPOS="94" VPOS="692" WIDTH="758" HEIGHT="157">
						<TextLine ID="line_6" HPOS="164" VPOS="692" WIDTH="688" HEIGHT="36">
							<String ID="string_46" HPOS="164" VPOS="701" WIDTH="68" HEIGHT="21" WC="0.96" CONTENT="Sedan"/><SP WIDTH="19" VPOS="701" HPOS="232"/>
							<String ID="string_47" HPOS="251" VPOS="700" WIDTH="24" HEIGHT="22" WC="0.93" CONTENT="de"/><SP WIDTH="20" VPOS="700" HPOS="275"/>
							<String ID="string_48" HPOS="295" VPOS="695" WIDTH="80" HEIGHT="33" WC="0.93" CONTENT="anslag,"/><SP WIDTH="20" VPOS="695" HPOS="375"/>
							<String ID="string_49" HPOS="395" VPOS="707" WIDTH="44" HEIGHT="15" WC="0.96" CONTENT="som"/><SP WIDTH="15" VPOS="707" HPOS="439"/>
							<String ID="string_50" HPOS="454" VPOS="700" WIDTH="95" HEIGHT="27" WC="0.95" CONTENT="beviljats"/><SP WIDTH="16" VPOS="700" HPOS="549"/>
							<String ID="string_51" HPOS="565" VPOS="700" WIDTH="32" HEIGHT="21" WC="0.93" CONTENT="för"/><SP WIDTH="12" VPOS="700" HPOS="597"/>
							<String ID="string_52" HPOS="609" VPOS="700" WIDTH="133" HEIGHT="27" WC="0.90" CONTENT="jordbrukets"/><SP WIDTH="15" VPOS="700" HPOS="742"/>
							<String ID="string_53" HPOS="757" VPOS="692" WIDTH="95" HEIGHT="36" WC="0.91" CONTENT="upphjel-"/>
						</TextLine>
						<TextLine ID="line_7" HPOS="94" VPOS="740" WIDTH="758" HEIGHT="29">
							<String ID="string_54" HPOS="94" VPOS="741" WIDTH="74" HEIGHT="28" WC="0.92" CONTENT="pande,"/><SP WIDTH="20" VPOS="741" HPOS="168"/>
							<String ID="string_55" HPOS="188" VPOS="740" WIDTH="94" HEIGHT="22" WC="0.93" CONTENT="tekniska"/><SP WIDTH="23" VPOS="740" HPOS="282"/>
							<String ID="string_56" HPOS="305" VPOS="740" WIDTH="144" HEIGHT="27" WC="0.91" CONTENT="realskolorna,"/><SP WIDTH="20" VPOS="740" HPOS="449"/>
							<String ID="string_57" HPOS="469" VPOS="740" WIDTH="113" HEIGHT="22" WC="0.92" CONTENT="därvärden"/><SP WIDTH="20" VPOS="740" HPOS="582"/>
							<String ID="string_58" HPOS="602" VPOS="740" WIDTH="38" HEIGHT="22" WC="0.96" CONTENT="och"/><SP WIDTH="23" VPOS="740" HPOS="640"/>
							<String ID="string_59" HPOS="663" VPOS="740" WIDTH="100" HEIGHT="22" WC="0.88" CONTENT="Finlands"/><SP WIDTH="20" VPOS="740" HPOS="763"/>
							<String ID="string_60" HPOS="783" VPOS="740" WIDTH="69" HEIGHT="22" WC="0.92" CONTENT="Stats-"/>
						</TextLine>
						<TextLine ID="line_8" HPOS="95" VPOS="780" WIDTH="757" HEIGHT="28">
							<String ID="string_61" HPOS="95" VPOS="782" WIDTH="72" HEIGHT="21" WC="0.89" CONTENT="kontor"/><SP WIDTH="22" VPOS="782" HPOS="167"/>
							<String ID="string_62" HPOS="189" VPOS="781" WIDTH="68" HEIGHT="21" WC="0.93" CONTENT="blifvit"/><SP WIDTH="22" VPOS="781" HPOS="257"/>
							<String ID="string_63" HPOS="279" VPOS="781" WIDTH="22" HEIGHT="21" WC="0.93" CONTENT="af"/><SP WIDTH="20" VPOS="781" HPOS="301"/>
							<String ID="string_64" HPOS="321" VPOS="781" WIDTH="92" HEIGHT="21" WC="0.96" CONTENT="bankens"/><SP WIDTH="22" VPOS="781" HPOS="413"/>
							<String ID="string_65" HPOS="435" VPOS="780" WIDTH="70" HEIGHT="22" WC="0.93" CONTENT="medel"/><SP WIDTH="23" VPOS="780" HPOS="505"/>
							<String ID="string_66" HPOS="528" VPOS="780" WIDTH="113" HEIGHT="28" WC="0.96" CONTENT="utbetalda,"/><SP WIDTH="23" VPOS="780" HPOS="641"/>
							<String ID="string_67" HPOS="664" VPOS="780" WIDTH="90" HEIGHT="28" WC="0.91" CONTENT="uppgick"/><SP WIDTH="19" VPOS="780" HPOS="754"/>
							<String ID="string_68" HPOS="773" VPOS="780" WIDTH="79" HEIGHT="22" WC="0.90" CONTENT="behäll-"/>
						</TextLine>
						<TextLine ID="line_9" HPOS="94" VPOS="822" WIDTH="78" HEIGHT="27">
							<String ID="string_69" HPOS="94" VPOS="822" WIDTH="78" HEIGHT="27" WC="0.91" CONTENT="ningen"/>
						</TextLine>
					</TextBlock>
					<TextBlock ID="block_2" HPOS="294" VPOS="860" WIDTH="381" HEIGHT="110">
						<TextLine ID="line_10" HPOS="294" VPOS="860" WIDTH="381" HEIGHT="29">
							<String ID="string_70" HPOS="294" VPOS="862" WIDTH="22" HEIGHT="20" WC="0.94" CONTENT="år"/><SP WIDTH="17" VPOS="862" HPOS="316"/>
							<String ID="string_71" HPOS="333" VPOS="862" WIDTH="55" HEIGHT="21" WC="0.96" CONTENT="1894"/><SP WIDTH="15" VPOS="862" HPOS="388"/>
							<String ID="string_72" HPOS="403" VPOS="861" WIDTH="31" HEIGHT="21" WC="0.96" CONTENT="till"/><SP WIDTH="15" VPOS="861" HPOS="434"/>
							<String ID="string_73" HPOS="449" VPOS="860" WIDTH="48" HEIGHT="29" WC="0.39" CONTENT="ne"/><SP WIDTH="17" VPOS="860" HPOS="497"/>
							<String ID="string_74" HPOS="514" VPOS="862" WIDTH="119" HEIGHT="27" WC="0.91" CONTENT="1,578,909:"/><SP WIDTH="17" VPOS="862" HPOS="633"/>
							<String ID="string_75" HPOS="650" VPOS="862" WIDTH="25" HEIGHT="21" WC="0.94" CONTENT="71"/>
						</TextLine>
						<TextLine ID="line_11" HPOS="302" VPOS="902" WIDTH="373" HEIGHT="27">
							<String ID="string_76" HPOS="302" VPOS="918" WIDTH="12" HEIGHT="11" WC="0.90" CONTENT="»"/><SP WIDTH="21" VPOS="918" HPOS="314"/>
							<String ID="string_77" HPOS="335" VPOS="902" WIDTH="55" HEIGHT="22" WC="0.93" CONTENT="1895"/><SP WIDTH="24" VPOS="902" HPOS="390"/>
							<String ID="string_78" HPOS="414" VPOS="918" WIDTH="13" HEIGHT="11" WC="0.39" CONTENT="1"/><SP WIDTH="41" VPOS="918" HPOS="427"/>
							<String ID="string_79" HPOS="468" VPOS="918" WIDTH="12" HEIGHT="11" WC="0.84" CONTENT="»"/><SP WIDTH="31" VPOS="918" HPOS="480"/>
							<String ID="string_80" HPOS="511" VPOS="902" WIDTH="120" HEIGHT="27" WC="0.25" CONTENT="2119525:"/><SP WIDTH="17" VPOS="902" HPOS="631"/>
							<String ID="string_81" HPOS="648" VPOS="902" WIDTH="27" HEIGHT="21" WC="0.95" CONTENT="76"/>
						</TextLine>
						<TextLine ID="line_12" HPOS="302" VPOS="942" WIDTH="372" HEIGHT="28">
							<String ID="string_82" HPOS="302" VPOS="958" WIDTH="12" HEIGHT="12" WC="0.92" CONTENT="»"/><SP WIDTH="23" VPOS="958" HPOS="314"/>
							<String ID="string_83" HPOS="337" VPOS="942" WIDTH="53" HEIGHT="22" WC="0.90" CONTENT="1896"/><SP WIDTH="26" VPOS="942" HPOS="390"/>
							<String ID="string_84" HPOS="416" VPOS="958" WIDTH="12" HEIGHT="11" WC="0.73" CONTENT="),"/><SP WIDTH="41" VPOS="958" HPOS="428"/>
							<String ID="string_85" HPOS="469" VPOS="958" WIDTH="12" HEIGHT="11" WC="0.58" CONTENT=","/><SP WIDTH="30" VPOS="958" HPOS="481"/>
							<String ID="string_86" HPOS="511" VPOS="942" WIDTH="120" HEIGHT="26" WC="0.88" CONTENT="2,446,281:"/><SP WIDTH="16" VPOS="942" HPOS="631"/>
							<String ID="string_87" HPOS="647" VPOS="942" WIDTH="27" HEIGHT="21" WC="0.96" CONTENT="28"/>
						</TextLine>
					</TextBlock>
					<TextBlock ID="block_3" HPOS="170" VPOS="982" WIDTH="515" HEIGHT="28">
						<TextLine ID="line_13" HPOS="170" VPOS="982" WIDTH="515" HEIGHT="28">
							<String ID="string_88" HPOS="170" VPOS="984" WIDTH="49" HEIGHT="20" WC="0.93" CONTENT="eller"/><SP WIDTH="16" VPOS="984" HPOS="219"/>
							<String ID="string_89" HPOS="235" VPOS="982" WIDTH="154" HEIGHT="28" WC="0.92" CONTENT="sammanlagdt"/><SP WIDTH="14" VPOS="982" HPOS="389"/>
							<String ID="string_90" HPOS="403" VPOS="982" WIDTH="32" HEIGHT="22" WC="0.92" CONTENT="till"/><SP WIDTH="15" VPOS="982" HPOS="435"/>
							<String ID="string_91" HPOS="450" VPOS="983" WIDTH="47" HEIGHT="26" WC="0.42" CONTENT="Zag"/><SP WIDTH="16" VPOS="983" HPOS="497"/>
							<String ID="string_92" HPOS="513" VPOS="982" WIDTH="121" HEIGHT="27" WC="0.91" CONTENT="6,144,716:"/><SP WIDTH="17" VPOS="982" HPOS="634"/>
							<String ID="string_93" HPOS="651" VPOS="983" WIDTH="34" HEIGHT="21" WC="0.96" CONTENT="75."/>
						</TextLine>
					</TextBlock>
					<TextBlock ID="block_4" HPOS="94" VPOS="1022" WIDTH="759" HEIGHT="189">
						<TextLine ID="line_14" HPOS="164" VPOS="1022" WIDTH="687" HEIGHT="28">
							<String ID="string_94" HPOS="164" VPOS="1023" WIDTH="64" HEIGHT="21" WC="0.96" CONTENT="Detta"/><SP WIDTH="14" VPOS="1023" HPOS="228"/>
							<String ID="string_95" HPOS="242" VPOS="1023" WIDTH="88" HEIGHT="21" WC="0.96" CONTENT="resultat"/><SP WIDTH="10" VPOS="1023" HPOS="330"/>
							<String ID="string_96" HPOS="340" VPOS="1023" WIDTH="57" HEIGHT="21" WC="0.96" CONTENT="torde"/><SP WIDTH="11" VPOS="1023" HPOS="397"/>
							<String ID="string_97" HPOS="408" VPOS="1023" WIDTH="71" HEIGHT="20" WC="0.96" CONTENT="kunna"/><SP WIDTH="10" VPOS="1023" HPOS="479"/>
							<String ID="string_98" HPOS="489" VPOS="1024" WIDTH="61" HEIGHT="20" WC="0.97" CONTENT="anses"/><SP WIDTH="10" VPOS="1024" HPOS="550"/>
							<String ID="string_99" HPOS="560" VPOS="1023" WIDTH="80" HEIGHT="27" WC="0.92" CONTENT="ganska"/><SP WIDTH="11" VPOS="1023" HPOS="640"/>
							<String ID="string_100" HPOS="651" VPOS="1022" WIDTH="200" HEIGHT="28" WC="0.91" CONTENT="tillfredsställande,"/>
						</TextLine>
						<TextLine ID="line_15" HPOS="96" VPOS="1062" WIDTH="755" HEIGHT="29">
							<String ID="string_101" HPOS="96" VPOS="1064" WIDTH="120" HEIGHT="27" WC="0.81" CONTENT="isynnerhet"/><SP WIDTH="19" VPOS="1064" HPOS="216"/>
							<String ID="string_102" HPOS="235" VPOS="1063" WIDTH="26" HEIGHT="21" WC="0.96" CONTENT="dä"/><SP WIDTH="19" VPOS="1063" HPOS="261"/>
							<String ID="string_103" HPOS="280" VPOS="1063" WIDTH="6" HEIGHT="21" WC="0.93" CONTENT="i"/><SP WIDTH="20" VPOS="1063" HPOS="286"/>
							<String ID="string_104" HPOS="306" VPOS="1062" WIDTH="136" HEIGHT="22" WC="0.96" CONTENT="betraktande"/><SP WIDTH="16" VPOS="1062" HPOS="442"/>
							<String ID="string_105" HPOS="458" VPOS="1063" WIDTH="66" HEIGHT="26" WC="0.96" CONTENT="tages,"/><SP WIDTH="16" VPOS="1063" HPOS="524"/>
							<String ID="string_106" HPOS="540" VPOS="1063" WIDTH="31" HEIGHT="20" WC="0.93" CONTENT="att"/><SP WIDTH="14" VPOS="1063" HPOS="571"/>
							<String ID="string_107" HPOS="585" VPOS="1063" WIDTH="76" HEIGHT="21" WC="0.96" CONTENT="räntan"/><SP WIDTH="14" VPOS="1063" HPOS="661"/>
							<String ID="string_108" HPOS="675" VPOS="1062" WIDTH="7" HEIGHT="21" WC="0.96" CONTENT="i"/><SP WIDTH="15" VPOS="1062" HPOS="682"/>
							<String ID="string_109" HPOS="697" VPOS="1063" WIDTH="72" HEIGHT="21" WC="0.96" CONTENT="landet"/><SP WIDTH="15" VPOS="1063" HPOS="769"/>
							<String ID="string_110" HPOS="784" VPOS="1063" WIDTH="67" HEIGHT="21" WC="0.96" CONTENT="under"/>
						</TextLine>
						<TextLine ID="line_16" HPOS="94" VPOS="1103" WIDTH="757" HEIGHT="28">
							<String ID="string_111" HPOS="94" VPOS="1104" WIDTH="157" HEIGHT="26" WC="0.96" CONTENT="ifrågavarande"/><SP WIDTH="19" VPOS="1104" HPOS="251"/>
							<String ID="string_112" HPOS="270" VPOS="1103" WIDTH="69" HEIGHT="28" WC="0.96" CONTENT="period"/><SP WIDTH="20" VPOS="1103" HPOS="339"/>
							<String ID="string_113" HPOS="359" VPOS="1103" WIDTH="7" HEIGHT="21" WC="0.93" CONTENT="i"/><SP WIDTH="19" VPOS="1103" HPOS="366"/>
							<String ID="string_114" HPOS="385" VPOS="1103" WIDTH="114" HEIGHT="21" WC="0.94" CONTENT="allmänhet"/><SP WIDTH="20" VPOS="1103" HPOS="499"/>
							<String ID="string_115" HPOS="519" VPOS="1103" WIDTH="50" HEIGHT="21" WC="0.96" CONTENT="stått"/><SP WIDTH="19" VPOS="1103" HPOS="569"/>
							<String ID="string_116" HPOS="588" VPOS="1103" WIDTH="44" HEIGHT="27" WC="0.96" CONTENT="lågt"/><SP WIDTH="20" VPOS="1103" HPOS="632"/>
							<String ID="string_117" HPOS="652" VPOS="1104" WIDTH="55" HEIGHT="20" WC="0.93" CONTENT="samt"/><SP WIDTH="15" VPOS="1104" HPOS="707"/>
							<String ID="string_118" HPOS="722" VPOS="1104" WIDTH="32" HEIGHT="20" WC="0.86" CONTENT="att"/><SP WIDTH="14" VPOS="1104" HPOS="754"/>
							<String ID="string_119" HPOS="768" VPOS="1110" WIDTH="26" HEIGHT="15" WC="0.86" CONTENT="en"/><SP WIDTH="16" VPOS="1110" HPOS="794"/>
							<String ID="string_120" HPOS="810" VPOS="1103" WIDTH="41" HEIGHT="21" WC="0.97" CONTENT="viss"/>
						</TextLine>
						<TextLine ID="line_17" HPOS="96" VPOS="1143" WIDTH="757" HEIGHT="22">
							<String ID="string_121" HPOS="96" VPOS="1144" WIDTH="170" HEIGHT="21" WC="0.94" CONTENT="återhållsamhet"/><SP WIDTH="24" VPOS="1144" HPOS="266"/>
							<String ID="string_122" HPOS="290" VPOS="1143" WIDTH="7" HEIGHT="21" WC="0.93" CONTENT="i"/><SP WIDTH="22" VPOS="1143" HPOS="297"/>
							<String ID="string_123" HPOS="319" VPOS="1143" WIDTH="139" HEIGHT="21" WC="0.90" CONTENT="lånerörelsen"/><SP WIDTH="19" VPOS="1143" HPOS="458"/>
							<String ID="string_124" HPOS="477" VPOS="1143" WIDTH="45" HEIGHT="21" WC="0.96" CONTENT="från"/><SP WIDTH="19" VPOS="1143" HPOS="522"/>
							<String ID="string_125" HPOS="541" VPOS="1143" WIDTH="93" HEIGHT="21" WC="0.95" CONTENT="bankens"/><SP WIDTH="16" VPOS="1143" HPOS="634"/>
							<String ID="string_126" HPOS="650" VPOS="1143" WIDTH="45" HEIGHT="21" WC="0.92" CONTENT="sida"/><SP WIDTH="15" VPOS="1143" HPOS="695"/>
							<String ID="string_127" HPOS="710" VPOS="1143" WIDTH="72" HEIGHT="21" WC="0.92" CONTENT="dervid"/><SP WIDTH="17" VPOS="1143" HPOS="782"/>
							<String ID="string_128" HPOS="799" VPOS="1143" WIDTH="54" HEIGHT="21" WC="0.92" CONTENT="iakt-"/>
						</TextLine>
						<TextLine ID="line_18" HPOS="96" VPOS="1184" WIDTH="70" HEIGHT="27">
							<String ID="string_129" HPOS="96" VPOS="1184" WIDTH="70" HEIGHT="27" WC="0.96" CONTENT="tagits."/>
						</TextLine>
					</TextBlock>
					<TextBlock ID="block_5" HPOS="95" VPOS="1224" WIDTH="760" HEIGHT="310">
						<TextLine ID="line_19" HPOS="165" VPOS="1224" WIDTH="688" HEIGHT="27">
							<String ID="string_130" HPOS="165" VPOS="1224" WIDTH="71" HEIGHT="27" WC="0.95" CONTENT="Enligt"/><SP WIDTH="18" VPOS="1224" HPOS="236"/>
							<String ID="string_131" HPOS="254" VPOS="1224" WIDTH="96" HEIGHT="27" WC="0.96" CONTENT="gällande"/><SP WIDTH="19" VPOS="1224" HPOS="350"/>
							<String ID="string_132" HPOS="369" VPOS="1224" WIDTH="131" HEIGHT="26" WC="0.96" CONTENT="stadganden"/><SP WIDTH="19" VPOS="1224" HPOS="500"/>
							<String ID="string_133" HPOS="519" VPOS="1224" WIDTH="39" HEIGHT="21" WC="0.96" CONTENT="har"/><SP WIDTH="19" VPOS="1224" HPOS="558"/>
							<String ID="string_134" HPOS="577" VPOS="1224" WIDTH="32" HEIGHT="20" WC="0.93" CONTENT="till"/><SP WIDTH="15" VPOS="1224" HPOS="609"/>
							<String ID="string_135" HPOS="624" VPOS="1224" WIDTH="146" HEIGHT="23" WC="0.92" CONTENT="reservfonden"/><SP WIDTH="17" VPOS="1224" HPOS="770"/>
							<String ID="string_136" HPOS="787" VPOS="1224" WIDTH="66" HEIGHT="21" WC="0.92" CONTENT="öfver-"/>
						</TextLine>
						<TextLine ID="line_20" HPOS="95" VPOS="1264" WIDTH="757" HEIGHT="27">
							<String ID="string_137" HPOS="95" VPOS="1264" WIDTH="52" HEIGHT="21" WC="0.96" CONTENT="förts"/><SP WIDTH="16" VPOS="1264" HPOS="147"/>
							<String ID="string_138" HPOS="163" VPOS="1270" WIDTH="24" HEIGHT="15" WC="0.93" CONTENT="en"/><SP WIDTH="16" VPOS="1270" HPOS="187"/>
							<String ID="string_139" HPOS="203" VPOS="1264" WIDTH="99" HEIGHT="27" WC="0.92" CONTENT="fjerdedel"/><SP WIDTH="15" VPOS="1264" HPOS="302"/>
							<String ID="string_140" HPOS="317" VPOS="1264" WIDTH="24" HEIGHT="21" WC="0.92" CONTENT="af"/><SP WIDTH="12" VPOS="1264" HPOS="341"/>
							<String ID="string_141" HPOS="353" VPOS="1264" WIDTH="136" HEIGHT="21" WC="0.91" CONTENT="förenämnda"/><SP WIDTH="11" VPOS="1264" HPOS="489"/>
							<String ID="string_142" HPOS="500" VPOS="1264" WIDTH="126" HEIGHT="27" WC="0.96" CONTENT="behållning,"/><SP WIDTH="12" VPOS="1264" HPOS="626"/>
							<String ID="string_143" HPOS="638" VPOS="1264" WIDTH="83" HEIGHT="21" WC="0.93" CONTENT="hvilken"/><SP WIDTH="11" VPOS="1264" HPOS="721"/>
							<String ID="string_144" HPOS="732" VPOS="1264" WIDTH="120" HEIGHT="27" WC="0.91" CONTENT="derigenom"/>
						</TextLine>
						<TextLine ID="line_21" HPOS="95" VPOS="1304" WIDTH="758" HEIGHT="27">
							<String ID="string_145" HPOS="95" VPOS="1304" WIDTH="119" HEIGHT="21" WC="0.96" CONTENT="reducerats"/><SP WIDTH="11" VPOS="1304" HPOS="214"/>
							<String ID="string_146" HPOS="225" VPOS="1304" WIDTH="32" HEIGHT="21" WC="0.96" CONTENT="till"/><SP WIDTH="10" VPOS="1304" HPOS="257"/>
							<String ID="string_147" HPOS="267" VPOS="1304" WIDTH="47" HEIGHT="26" WC="0.10" CONTENT="Zz"/><SP WIDTH="11" VPOS="1304" HPOS="314"/>
							<String ID="string_148" HPOS="325" VPOS="1304" WIDTH="120" HEIGHT="25" WC="0.91" CONTENT="4,608,537:"/><SP WIDTH="12" VPOS="1304" HPOS="445"/>
							<String ID="string_149" HPOS="457" VPOS="1304" WIDTH="33" HEIGHT="21" WC="0.95" CONTENT="56."/><SP WIDTH="23" VPOS="1304" HPOS="490"/>
							<String ID="string_150" HPOS="513" VPOS="1304" WIDTH="28" HEIGHT="21" WC="0.95" CONTENT="Af"/><SP WIDTH="9" VPOS="1304" HPOS="541"/>
							<String ID="string_151" HPOS="550" VPOS="1304" WIDTH="24" HEIGHT="21" WC="0.93" CONTENT="de"/><SP WIDTH="12" VPOS="1304" HPOS="574"/>
							<String ID="string_152" HPOS="586" VPOS="1304" WIDTH="130" HEIGHT="27" WC="0.91" CONTENT="vinstmedel,"/><SP WIDTH="10" VPOS="1304" HPOS="716"/>
							<String ID="string_153" HPOS="726" VPOS="1310" WIDTH="44" HEIGHT="16" WC="0.96" CONTENT="som"/><SP WIDTH="11" VPOS="1310" HPOS="770"/>
							<String ID="string_154" HPOS="781" VPOS="1305" WIDTH="72" HEIGHT="21" WC="0.96" CONTENT="senast"/>
						</TextLine>
						<TextLine ID="line_22" HPOS="96" VPOS="1344" WIDTH="758" HEIGHT="27">
							<String ID="string_155" HPOS="96" VPOS="1344" WIDTH="125" HEIGHT="22" WC="0.96" CONTENT="församlade"/><SP WIDTH="24" VPOS="1344" HPOS="221"/>
							<String ID="string_156" HPOS="245" VPOS="1345" WIDTH="84" HEIGHT="21" WC="0.89" CONTENT="ständer"/><SP WIDTH="26" VPOS="1345" HPOS="329"/>
							<String ID="string_157" HPOS="355" VPOS="1344" WIDTH="106" HEIGHT="21" WC="0.89" CONTENT="eventuelt"/><SP WIDTH="18" VPOS="1344" HPOS="461"/>
							<String ID="string_158" HPOS="479" VPOS="1344" WIDTH="97" HEIGHT="22" WC="0.96" CONTENT="anvisade"/><SP WIDTH="20" VPOS="1344" HPOS="576"/>
							<String ID="string_159" HPOS="596" VPOS="1344" WIDTH="31" HEIGHT="22" WC="0.93" CONTENT="för"/><SP WIDTH="15" VPOS="1344" HPOS="627"/>
							<String ID="string_160" HPOS="642" VPOS="1345" WIDTH="158" HEIGHT="26" WC="0.91" CONTENT="statsändamål,"/><SP WIDTH="15" VPOS="1345" HPOS="800"/>
							<String ID="string_161" HPOS="815" VPOS="1345" WIDTH="39" HEIGHT="21" WC="0.95" CONTENT="har"/>
						</TextLine>
						<TextLine ID="line_23" HPOS="96" VPOS="1384" WIDTH="757" HEIGHT="28">
							<String ID="string_162" HPOS="96" VPOS="1385" WIDTH="70" HEIGHT="21" WC="0.96" CONTENT="vidare"/><SP WIDTH="20" VPOS="1385" HPOS="166"/>
							<String ID="string_163" HPOS="186" VPOS="1385" WIDTH="65" HEIGHT="27" WC="0.93" CONTENT="enligt"/><SP WIDTH="18" VPOS="1385" HPOS="251"/>
							<String ID="string_164" HPOS="269" VPOS="1392" WIDTH="20" HEIGHT="13" WC="0.89" CONTENT="n."/><SP WIDTH="21" VPOS="1392" HPOS="289"/>
							<String ID="string_165" HPOS="310" VPOS="1384" WIDTH="139" HEIGHT="28" WC="0.96" CONTENT="kungörelsen"/><SP WIDTH="19" VPOS="1384" HPOS="449"/>
							<String ID="string_166" HPOS="468" VPOS="1384" WIDTH="23" HEIGHT="21" WC="0.96" CONTENT="af"/><SP WIDTH="14" VPOS="1384" HPOS="491"/>
							<String ID="string_167" HPOS="505" VPOS="1384" WIDTH="39" HEIGHT="21" WC="0.96" CONTENT="den"/><SP WIDTH="16" VPOS="1384" HPOS="544"/>
							<String ID="string_168" HPOS="560" VPOS="1385" WIDTH="13" HEIGHT="21" WC="0.95" CONTENT="5"/><SP WIDTH="15" VPOS="1385" HPOS="573"/>
							<String ID="string_169" HPOS="588" VPOS="1384" WIDTH="58" HEIGHT="22" WC="0.96" CONTENT="Mars"/><SP WIDTH="18" VPOS="1384" HPOS="646"/>
							<String ID="string_170" HPOS="664" VPOS="1385" WIDTH="53" HEIGHT="22" WC="0.96" CONTENT="1895"/><SP WIDTH="16" VPOS="1385" HPOS="717"/>
							<String ID="string_171" HPOS="733" VPOS="1386" WIDTH="31" HEIGHT="20" WC="0.95" CONTENT="ett"/><SP WIDTH="15" VPOS="1386" HPOS="764"/>
							<String ID="string_172" HPOS="779" VPOS="1385" WIDTH="74" HEIGHT="27" WC="0.96" CONTENT="belopp"/>
						</TextLine>
						<TextLine ID="line_24" HPOS="96" VPOS="1424" WIDTH="759" HEIGHT="28">
							<String ID="string_173" HPOS="96" VPOS="1424" WIDTH="24" HEIGHT="21" WC="0.96" CONTENT="af"/><SP WIDTH="11" VPOS="1424" HPOS="120"/>
							<String ID="string_174" HPOS="131" VPOS="1424" WIDTH="48" HEIGHT="27" WC="0.35" CONTENT="Ing"/><SP WIDTH="11" VPOS="1424" HPOS="179"/>
							<String ID="string_175" HPOS="190" VPOS="1424" WIDTH="121" HEIGHT="28" WC="0.91" CONTENT="4,025,185:"/><SP WIDTH="15" VPOS="1424" HPOS="311"/>
							<String ID="string_176" HPOS="326" VPOS="1425" WIDTH="25" HEIGHT="21" WC="0.93" CONTENT="13"/><SP WIDTH="11" VPOS="1425" HPOS="351"/>
							<String ID="string_177" HPOS="362" VPOS="1425" WIDTH="113" HEIGHT="21" WC="0.96" CONTENT="beräknats"/><SP WIDTH="10" VPOS="1425" HPOS="475"/>
							<String ID="string_178" HPOS="485" VPOS="1425" WIDTH="83" HEIGHT="21" WC="0.96" CONTENT="komma"/><SP WIDTH="11" VPOS="1425" HPOS="568"/>
							<String ID="string_179" HPOS="579" VPOS="1426" WIDTH="31" HEIGHT="20" WC="0.96" CONTENT="att"/><SP WIDTH="10" VPOS="1426" HPOS="610"/>
							<String ID="string_180" HPOS="620" VPOS="1424" WIDTH="32" HEIGHT="21" WC="0.93" CONTENT="för"/><SP WIDTH="10" VPOS="1424" HPOS="652"/>
							<String ID="string_181" HPOS="662" VPOS="1425" WIDTH="136" HEIGHT="21" WC="0.92" CONTENT="statsverkets"/><SP WIDTH="10" VPOS="1425" HPOS="798"/>
							<String ID="string_182" HPOS="808" VPOS="1425" WIDTH="47" HEIGHT="21" WC="0.92" CONTENT="räk-"/>
						</TextLine>
						<TextLine ID="line_25" HPOS="97" VPOS="1464" WIDTH="757" HEIGHT="28">
							<String ID="string_183" HPOS="97" VPOS="1464" WIDTH="51" HEIGHT="27" WC="0.93" CONTENT="ning"/><SP WIDTH="15" VPOS="1464" HPOS="148"/>
							<String ID="string_184" HPOS="163" VPOS="1465" WIDTH="58" HEIGHT="26" WC="0.96" CONTENT="tagas"/><SP WIDTH="16" VPOS="1465" HPOS="221"/>
							<String ID="string_185" HPOS="237" VPOS="1465" WIDTH="7" HEIGHT="20" WC="0.93" CONTENT="i"/><SP WIDTH="16" VPOS="1465" HPOS="244"/>
							<String ID="string_186" HPOS="260" VPOS="1465" WIDTH="94" HEIGHT="27" WC="0.96" CONTENT="anspråk,"/><SP WIDTH="13" VPOS="1465" HPOS="354"/>
							<String ID="string_187" HPOS="367" VPOS="1465" WIDTH="75" HEIGHT="21" WC="0.93" CONTENT="hvaraf"/><SP WIDTH="9" VPOS="1465" HPOS="442"/>
							<String ID="string_188" HPOS="451" VPOS="1465" WIDTH="120" HEIGHT="27" WC="0.92" CONTENT="2,650,172:"/><SP WIDTH="13" VPOS="1465" HPOS="571"/>
							<String ID="string_189" HPOS="584" VPOS="1465" WIDTH="26" HEIGHT="21" WC="0.96" CONTENT="14"/><SP WIDTH="11" VPOS="1465" HPOS="610"/>
							<String ID="string_190" HPOS="621" VPOS="1464" WIDTH="66" HEIGHT="22" WC="0.93" CONTENT="skulle"/><SP WIDTH="11" VPOS="1464" HPOS="687"/>
							<String ID="string_191" HPOS="698" VPOS="1464" WIDTH="156" HEIGHT="28" WC="0.49" CONTENT="betäckasjmed"/>
						</TextLine>
						<TextLine ID="line_26" HPOS="96" VPOS="1504" WIDTH="756" HEIGHT="30">
							<String ID="string_192" HPOS="96" VPOS="1505" WIDTH="40" HEIGHT="23" WC="0.96" CONTENT="den"/><SP WIDTH="16" VPOS="1505" HPOS="136"/>
							<String ID="string_193" HPOS="152" VPOS="1504" WIDTH="33" HEIGHT="22" WC="0.96" CONTENT="vid"/><SP WIDTH="17" VPOS="1504" HPOS="185"/>
							<String ID="string_194" HPOS="202" VPOS="1505" WIDTH="54" HEIGHT="22" WC="0.93" CONTENT="1893"/><SP WIDTH="16" VPOS="1505" HPOS="256"/>
							<String ID="string_195" HPOS="272" VPOS="1505" WIDTH="33" HEIGHT="22" WC="0.96" CONTENT="års"/><SP WIDTH="15" VPOS="1505" HPOS="305"/>
							<String ID="string_196" HPOS="320" VPOS="1505" WIDTH="79" HEIGHT="28" WC="0.96" CONTENT="utgång"/><SP WIDTH="15" VPOS="1505" HPOS="399"/>
							<String ID="string_197" HPOS="414" VPOS="1505" WIDTH="108" HEIGHT="29" WC="0.92" CONTENT="befintliga"/><SP WIDTH="15" VPOS="1505" HPOS="522"/>
							<String ID="string_198" HPOS="537" VPOS="1504" WIDTH="137" HEIGHT="22" WC="0.93" CONTENT="bankvinsten"/><SP WIDTH="12" VPOS="1504" HPOS="674"/>
							<String ID="string_199" HPOS="686" VPOS="1504" WIDTH="38" HEIGHT="22" WC="0.93" CONTENT="och"/><SP WIDTH="10" VPOS="1504" HPOS="724"/>
							<String ID="string_200" HPOS="734" VPOS="1504" WIDTH="118" HEIGHT="24" WC="0.95" CONTENT="återstoden"/>
						</TextLine>
					</TextBlock>
				</ComposedBlock>
			</PrintSpace>
		</Page>
	</Layout>
</alto>
