1092 1789
343 157 30 22 U.
388 157 29 22 B.
432 170 27 3 -—
474 156 182 21 II—-XXXIHI.
852 157 27 20 59

122 219 47 21 från
179 220 145 27 järnvägarna,
335 226 46 14 som
392 220 7 20 i
409 219 64 28 årligt
483 219 98 21 medeltal
593 219 50 21 med
653 219 62 21 F:mk
727 220 115 25 1,203,760:
853 220 26 20 92

122 253 126 28 understigit
271 253 150 28 beräkningen.
452 253 66 21 Detta
539 253 62 21 beror
621 253 57 21 dock
698 253 181 28 hufvudsakligen

122 287 66 29 därpä
203 290 32 18 att
250 287 63 22 äfven
328 287 91 28 utgifter
434 295 45 14 som
495 287 41 21 öka
551 287 159 28 kapitalvärdet
720 287 161 29 (nybyggnader

122 321 40 22 och
183 321 65 28 rörlig
270 321 103 27 material)
390 321 28 21 dä
436 321 104 28 afdragits
556 321 48 21 frän
620 321 155 25 trafikvinsten,
791 324 31 19 ett
837 322 43 21 för-

122 355 89 22 farande
226 363 46 14 som
288 355 54 22 efter
358 357 56 20 1894
428 356 48 21 icke
492 363 56 14 mera
564 363 50 20 eger
628 363 53 14 rum.
706 355 95 22 Därnäst
812 356 68 21 förete

123 390 202 21 brännvinsskatten
348 390 41 21 och
411 389 137 22 maltskatten
570 397 25 14 en
612 390 59 27 lägre
686 390 95 21 inkomst
795 391 27 20 än
839 389 41 22 den

124 424 142 28 kalkylerade.
294 424 160 21 Totalsumman
476 424 117 21 inkomster
613 424 129 28 öfverstiger
761 424 118 21 emellertid

124 458 47 21 med
187 458 61 21 F:mk
265 459 115 25 1,114,049:
388 459 33 25 98,
436 458 52 21 eller
503 458 48 21 med
567 459 30 24 2,5
607 458 28 27 ?/,
654 458 34 37 det
703 459 4 3 i
702 466 5 12 i
719 458 109 28 budgeten
842 458 38 21 be-

123 492 94 22 räknade
234 492 105 28 beloppet.

192 526 136 29 Utgifternas
350 527 137 21 totalsumma
510 526 37 22 har
570 526 123 29 öfverstigit
714 527 100 28 kalkylen
833 526 48 22 med

124 562 62 21 F:mk
206 562 151 26 2,071,293:18
378 562 51 20 elier
443 561 71 27 4,29.
539 561 43 21 Det
597 563 79 20 största
689 561 191 22 öfverskridandet

126 609 26 2 —
168 604 44 13 mer
234 598 27 18 än
278 597 10 20 1
304 596 80 20 million
400 608 28 3 —
443 596 63 20 faller
520 596 37 20 här
573 596 28 28 pä
618 596 105 21 »Diverse
739 599 60 18 extra
814 596 67 27 utgif-

124 633 53 23 ter»,
199 630 69 27 (13:de
283 630 152 26 hufvudtiteln)
452 630 41 21 och
508 638 38 13 var
561 630 110 21 föranledt
686 630 23 22 af
724 631 156 21 missväxterna

126 665 54 21 1891
204 664 40 21 och
265 665 61 21 1892.
354 664 95 21 Därnäst
464 666 23 18 är
502 664 36 21 det
553 667 93 18 remont-
662 664 41 22 och
717 665 165 27 restaurerings-

126 698 86 22 arbeten
235 698 13 21 å
269 698 105 21 allmänna
396 698 125 28 byggnader
540 701 54 18 samt
616 698 90 28 utgifter
724 698 34 22 för
774 701 60 19 extra
849 706 33 13 ar-

126 733 63 21 beten
204 734 6 20 i
226 733 180 27 kronoskogarna,
428 740 46 13 som
490 732 91 29 uppgätt
595 733 32 20 till
643 733 107 28 betydligt
764 733 66 28 högre
847 733 36 21 be-

126 768 50 28 lopp
192 769 26 19 än
234 767 26 21 de
276 768 6 20 i
297 767 107 27 budgeten
420 770 115 25 upptagna.

194 801 102 21 Siffrorna
311 802 7 20 i
334 801 41 21 den
390 801 134 28 jämförande
540 801 73 21 tablän
629 801 132 28 ädagalägga
777 801 62 21 alltsä
851 804 32 18 att

127 836 225 28 budgetberäkningen
378 835 34 21 för
433 835 103 29 perioden
557 832 150 49 1892—1894,
727 836 82 28 ganska
832 837 50 19 nära

127 870 117 21 bekräftats
260 870 23 21 af
297 870 122 21 resultaten.

195 1007 10 21 I
228 1007 94 28 enlighet
343 1007 49 21 med
412 1007 58 21 hvad
485 1007 37 21 vid
540 1007 129 28 föregäende
685 1007 126 29 landtdagar
827 1008 56 21 varit

127 1041 60 21 fallet
206 1041 41 22 och
268 1041 28 28 pä
314 1041 37 21 det
370 1041 126 22 Utskottets
520 1041 157 22 ofvanstäende
697 1042 187 28 framställningar,

127 1075 71 22 sävidt
221 1075 26 21 de
270 1075 23 22 af
316 1075 120 22 Ständerna
462 1075 131 28 godkännas,
620 1077 33 20 mä
673 1077 7 20 i
700 1077 105 20 särskilda
826 1076 59 21 delar

127 1110 69 21 blifva
217 1110 23 21 af
262 1110 160 21 vederbörande
447 1110 148 28 myndigheter
617 1111 113 26 beaktade,
751 1111 80 21 tilläter
852 1111 33 27 sig

127 1143 165 23 Statsutskottet
305 1144 109 21 vördsamt
429 1144 80 21 föreslä

401 1198 33 19 att
454 1195 125 22 Ständerna
597 1197 52 20 ville
659 1197 72 27 jämte
746 1196 139 28 underdänig

332 1230 114 28 skrifvelse
455 1230 98 21 insända
565 1231 59 20 detta
633 1231 133 21 betänkande
776 1231 35 21 till
819 1231 65 20 Hans

332 1264 122 28 Kejserliga
476 1263 102 29 Majestät
600 1265 51 21 med
665 1265 110 21 anhållan
789 1267 34 19 att
837 1265 46 21 det-

332 1305 86 14 samma
442 1299 68 26 Dblefve
532 1299 34 21 till
587 1299 97 21 Senaten
699 1299 162 28 öfverlämnadt
875 1299 10 20 i

332 1333 101 27 afseende
455 1333 14 20 å
491 1333 141 28 vidtagandet
647 1334 29 27 af
687 1334 25 21 de
727 1333 107 28 åtgärder,
850 1333 35 21 till

332 1367 74 21 hvilka
422 1367 24 21 de
462 1367 26 27 af
504 1367 162 22 Statsutskottet
671 1368 78 27 gjorda
757 1367 128 28 erinringar

332 1401 38 21 och
385 1401 84 28 förslag
485 1401 76 22 kunna
574 1401 65 28 gifva
654 1402 128 27 anledning.

198 1498 140 18 Statsutskottets
350 1498 111 17 betänkande
473 1498 39 18 N:o
521 1499 18 17 2.
