<?xml version="1.0" encoding="UTF-8"?>
<alto xmlns="http://www.loc.gov/standards/alto/ns-v3#" xmlns:xlink="http://www.w3.org/1999/xlink" xmlns:xsi="http://www.w3.org/2001/XMLSchema-instance" xsi:schemaLocation="http://www.loc.gov/standards/alto/ns-v3# http://www.loc.gov/alto/v3/alto-3-0.xsd">
	<Description>
		<MeasurementUnit>pixel</MeasurementUnit>
		<sourceImageInformation>
			<fileName>/tmp/tess_el70svwd_input.PNG</fileName>
		</sourceImageInformation>
		<OCRProcessing ID="OCR_0">
			<ocrProcessingStep>
				<processingSoftware>
					<softwareName>tesseract 5.3.4</softwareName>
				</processingSoftware>
			</ocrProcessingStep>
		</OCRProcessing>
	</Description>
	<Layout>
		<Page WIDTH="1086" HEIGHT="1748" PHYSICAL_IMG_NR="0" ID="page_0">
			<PrintSpace HPOS="0" VPOS="0" WIDTH="1086" HEIGHT="1748">
				<ComposedBlock ID="cblock_0" HPOS="464" VPOS="95" WIDTH="360" HEIGHT="36">
					<TextBlock ID="block_0" HPOS="464" VPOS="95" WIDTH="360" HEIGHT="36">
						<TextLine ID="line_0" HPOS="464" VPOS="95" WIDTH="360" HEIGHT="36">
							<String ID="string_0" HPOS="464" VPOS="95" WIDTH="26" HEIGHT="36" WC="0.52" CONTENT="HI"/><SP WIDTH="295" VPOS="95" HPOS="490"/>
							<String ID="string_1" HPOS="785" VPOS="100" WIDTH="39" HEIGHT="20" WC="0.96" CONTENT="103"/>
						</TextLine>
					</TextBlock>
				</ComposedBlock>
				<ComposedBlock ID="cblock_1" HPOS="96" VPOS="161" WIDTH="763" HEIGHT="1274">
					<TextBlock ID="block_1" HPOS="96" VPOS="161" WIDTH="758" HEIGHT="423">
						<TextLine ID="line_1" HPOS="96" VPOS="161" WIDTH="755" HEIGHT="29">
							<String ID="string_2" HPOS="96" VPOS="162" WIDTH="114" HEIGHT="28" WC="0.92" CONTENT="mätighet"/><SP WIDTH="15" VPOS="162" HPOS="210"/>
							<String ID="string_3" HPOS="225" VPOS="162" WIDTH="78" HEIGHT="28" WC="0.96" CONTENT="borde,"/><SP WIDTH="17" VPOS="162" HPOS="303"/>
							<String ID="string_4" HPOS="320" VPOS="162" WIDTH="25" HEIGHT="21" WC="0.97" CONTENT="sä"/><SP WIDTH="16" VPOS="162" HPOS="345"/>
							<String ID="string_5" HPOS="361" VPOS="163" WIDTH="65" HEIGHT="19" WC="0.93" CONTENT="snart"/><SP WIDTH="10" VPOS="163" HPOS="426"/>
							<String ID="string_6" HPOS="436" VPOS="161" WIDTH="40" HEIGHT="21" WC="0.96" CONTENT="ske"/><SP WIDTH="12" VPOS="161" HPOS="476"/>
							<String ID="string_7" HPOS="488" VPOS="161" WIDTH="84" HEIGHT="28" WC="0.93" CONTENT="kunde,"/><SP WIDTH="11" VPOS="161" HPOS="572"/>
							<String ID="string_8" HPOS="583" VPOS="161" WIDTH="156" HEIGHT="21" WC="0.96" CONTENT="underkastas"/><SP WIDTH="11" VPOS="161" HPOS="739"/>
							<String ID="string_9" HPOS="750" VPOS="161" WIDTH="101" HEIGHT="21" WC="0.96" CONTENT="domstols"/>
						</TextLine>
						<TextLine ID="line_2" HPOS="97" VPOS="201" WIDTH="756" HEIGHT="29">
							<String ID="string_10" HPOS="97" VPOS="201" WIDTH="117" HEIGHT="29" WC="0.91" CONTENT="pröfning,"/><SP WIDTH="24" VPOS="201" HPOS="214"/>
							<String ID="string_11" HPOS="238" VPOS="203" WIDTH="79" HEIGHT="27" WC="0.92" CONTENT="syntes"/><SP WIDTH="24" VPOS="203" HPOS="317"/>
							<String ID="string_12" HPOS="341" VPOS="201" WIDTH="67" HEIGHT="21" WC="0.92" CONTENT="deraf"/><SP WIDTH="22" VPOS="201" HPOS="408"/>
							<String ID="string_13" HPOS="430" VPOS="201" WIDTH="121" HEIGHT="29" WC="0.92" CONTENT="sjelfmant"/><SP WIDTH="23" VPOS="201" HPOS="551"/>
							<String ID="string_14" HPOS="574" VPOS="201" WIDTH="60" HEIGHT="29" WC="0.91" CONTENT="följa"/><SP WIDTH="23" VPOS="201" HPOS="634"/>
							<String ID="string_15" HPOS="657" VPOS="202" WIDTH="35" HEIGHT="20" WC="0.93" CONTENT="att"/><SP WIDTH="15" VPOS="202" HPOS="692"/>
							<String ID="string_16" HPOS="707" VPOS="204" WIDTH="146" HEIGHT="25" WC="0.92" CONTENT="guvernören"/>
						</TextLine>
						<TextLine ID="line_3" HPOS="97" VPOS="240" WIDTH="756" HEIGHT="29">
							<String ID="string_17" HPOS="97" VPOS="241" WIDTH="54" HEIGHT="21" WC="0.93" CONTENT="bort"/><SP WIDTH="18" VPOS="241" HPOS="151"/>
							<String ID="string_18" HPOS="169" VPOS="240" WIDTH="170" HEIGHT="29" WC="0.91" CONTENT="ofördröjligen"/><SP WIDTH="21" VPOS="240" HPOS="339"/>
							<String ID="string_19" HPOS="360" VPOS="240" WIDTH="145" HEIGHT="22" WC="0.87" CONTENT="öfverlemna"/><SP WIDTH="19" VPOS="240" HPOS="505"/>
							<String ID="string_20" HPOS="524" VPOS="241" WIDTH="45" HEIGHT="21" WC="0.96" CONTENT="den"/><SP WIDTH="16" VPOS="241" HPOS="569"/>
							<String ID="string_21" HPOS="585" VPOS="241" WIDTH="26" HEIGHT="21" WC="0.93" CONTENT="af"/><SP WIDTH="14" VPOS="241" HPOS="611"/>
							<String ID="string_22" HPOS="625" VPOS="240" WIDTH="228" HEIGHT="22" WC="0.92" CONTENT="kronolänsmannen"/>
						</TextLine>
						<TextLine ID="line_4" HPOS="98" VPOS="280" WIDTH="755" HEIGHT="28">
							<String ID="string_23" HPOS="98" VPOS="280" WIDTH="24" HEIGHT="21" WC="0.91" CONTENT="P."/><SP WIDTH="17" VPOS="280" HPOS="122"/>
							<String ID="string_24" HPOS="139" VPOS="283" WIDTH="49" HEIGHT="19" WC="0.96" CONTENT="mot"/><SP WIDTH="15" VPOS="283" HPOS="188"/>
							<String ID="string_25" HPOS="203" VPOS="280" WIDTH="92" HEIGHT="22" WC="0.96" CONTENT="Anders"/><SP WIDTH="15" VPOS="280" HPOS="295"/>
							<String ID="string_26" HPOS="310" VPOS="280" WIDTH="36" HEIGHT="22" WC="0.93" CONTENT="W."/><SP WIDTH="16" VPOS="280" HPOS="346"/>
							<String ID="string_27" HPOS="362" VPOS="280" WIDTH="84" HEIGHT="28" WC="0.92" CONTENT="gjorda"/><SP WIDTH="16" VPOS="280" HPOS="446"/>
							<String ID="string_28" HPOS="462" VPOS="280" WIDTH="149" HEIGHT="28" WC="0.92" CONTENT="angifvelsen"/><SP WIDTH="16" VPOS="280" HPOS="611"/>
							<String ID="string_29" HPOS="627" VPOS="280" WIDTH="37" HEIGHT="21" WC="0.96" CONTENT="till"/><SP WIDTH="15" VPOS="280" HPOS="664"/>
							<String ID="string_30" HPOS="679" VPOS="280" WIDTH="174" HEIGHT="22" WC="0.96" CONTENT="vederbörande"/>
						</TextLine>
						<TextLine ID="line_5" HPOS="99" VPOS="320" WIDTH="755" HEIGHT="30">
							<String ID="string_31" HPOS="99" VPOS="320" WIDTH="111" HEIGHT="22" WC="0.90" CONTENT="domstols"/><SP WIDTH="23" VPOS="320" HPOS="210"/>
							<String ID="string_32" HPOS="233" VPOS="320" WIDTH="151" HEIGHT="29" WC="0.96" CONTENT="behandling,"/><SP WIDTH="18" VPOS="320" HPOS="384"/>
							<String ID="string_33" HPOS="402" VPOS="323" WIDTH="60" HEIGHT="19" WC="0.93" CONTENT="utan"/><SP WIDTH="16" VPOS="323" HPOS="462"/>
							<String ID="string_34" HPOS="478" VPOS="321" WIDTH="109" HEIGHT="21" WC="0.92" CONTENT="afseende"/><SP WIDTH="17" VPOS="321" HPOS="587"/>
							<String ID="string_35" HPOS="604" VPOS="320" WIDTH="61" HEIGHT="28" WC="0.92" CONTENT="derä,"/><SP WIDTH="17" VPOS="320" HPOS="665"/>
							<String ID="string_36" HPOS="682" VPOS="320" WIDTH="115" HEIGHT="22" WC="0.93" CONTENT="huruvida"/><SP WIDTH="16" VPOS="320" HPOS="797"/>
							<String ID="string_37" HPOS="813" VPOS="328" WIDTH="41" HEIGHT="22" WC="0.91" CONTENT="gu-"/>
						</TextLine>
						<TextLine ID="line_6" HPOS="98" VPOS="360" WIDTH="756" HEIGHT="29">
							<String ID="string_38" HPOS="98" VPOS="364" WIDTH="113" HEIGHT="18" WC="0.92" CONTENT="vernören"/><SP WIDTH="16" VPOS="364" HPOS="211"/>
							<String ID="string_39" HPOS="227" VPOS="360" WIDTH="8" HEIGHT="21" WC="0.96" CONTENT="i"/><SP WIDTH="16" VPOS="360" HPOS="235"/>
							<String ID="string_40" HPOS="251" VPOS="360" WIDTH="35" HEIGHT="22" WC="0.92" CONTENT="sin"/><SP WIDTH="17" VPOS="360" HPOS="286"/>
							<String ID="string_41" HPOS="303" VPOS="360" WIDTH="116" HEIGHT="29" WC="0.92" CONTENT="egenskap"/><SP WIDTH="17" VPOS="360" HPOS="419"/>
							<String ID="string_42" HPOS="436" VPOS="361" WIDTH="27" HEIGHT="21" WC="0.92" CONTENT="af"/><SP WIDTH="9" VPOS="361" HPOS="463"/>
							<String ID="string_43" HPOS="472" VPOS="360" WIDTH="175" HEIGHT="22" WC="0.92" CONTENT="öfvervakande"/><SP WIDTH="11" VPOS="360" HPOS="647"/>
							<String ID="string_44" HPOS="658" VPOS="360" WIDTH="139" HEIGHT="28" WC="0.92" CONTENT="myndighet"/><SP WIDTH="10" VPOS="360" HPOS="797"/>
							<String ID="string_45" HPOS="807" VPOS="360" WIDTH="47" HEIGHT="21" WC="0.91" CONTENT="till-"/>
						</TextLine>
						<TextLine ID="line_7" HPOS="100" VPOS="400" WIDTH="754" HEIGHT="29">
							<String ID="string_46" HPOS="100" VPOS="401" WIDTH="119" HEIGHT="28" WC="0.91" CONTENT="äfventyrs"/><SP WIDTH="17" VPOS="401" HPOS="219"/>
							<String ID="string_47" HPOS="236" VPOS="401" WIDTH="91" HEIGHT="21" WC="0.96" CONTENT="kunnat"/><SP WIDTH="14" VPOS="401" HPOS="327"/>
							<String ID="string_48" HPOS="341" VPOS="401" WIDTH="26" HEIGHT="21" WC="0.93" CONTENT="af"/><SP WIDTH="14" VPOS="401" HPOS="367"/>
							<String ID="string_49" HPOS="381" VPOS="401" WIDTH="84" HEIGHT="21" WC="0.91" CONTENT="sakens"/><SP WIDTH="17" VPOS="401" HPOS="465"/>
							<String ID="string_50" HPOS="482" VPOS="401" WIDTH="44" HEIGHT="21" WC="0.97" CONTENT="och"/><SP WIDTH="13" VPOS="401" HPOS="526"/>
							<String ID="string_51" HPOS="539" VPOS="401" WIDTH="44" HEIGHT="21" WC="0.93" CONTENT="den"/><SP WIDTH="12" VPOS="401" HPOS="583"/>
							<String ID="string_52" HPOS="595" VPOS="400" WIDTH="131" HEIGHT="29" WC="0.92" CONTENT="äberopade"/><SP WIDTH="11" VPOS="400" HPOS="726"/>
							<String ID="string_53" HPOS="737" VPOS="400" WIDTH="117" HEIGHT="22" WC="0.92" CONTENT="bevisnin-"/>
						</TextLine>
						<TextLine ID="line_8" HPOS="101" VPOS="441" WIDTH="753" HEIGHT="29">
							<String ID="string_54" HPOS="101" VPOS="449" WIDTH="56" HEIGHT="21" WC="0.92" CONTENT="gens"/><SP WIDTH="16" VPOS="449" HPOS="157"/>
							<String ID="string_55" HPOS="173" VPOS="442" WIDTH="162" HEIGHT="21" WC="0.92" CONTENT="beskaffenhet"/><SP WIDTH="16" VPOS="442" HPOS="335"/>
							<String ID="string_56" HPOS="351" VPOS="442" WIDTH="63" HEIGHT="21" WC="0.96" CONTENT="finna"/><SP WIDTH="16" VPOS="442" HPOS="414"/>
							<String ID="string_57" HPOS="430" VPOS="442" WIDTH="36" HEIGHT="28" WC="0.93" CONTENT="sig"/><SP WIDTH="16" VPOS="442" HPOS="466"/>
							<String ID="string_58" HPOS="482" VPOS="442" WIDTH="134" HEIGHT="21" WC="0.93" CONTENT="föranläten"/><SP WIDTH="18" VPOS="442" HPOS="616"/>
							<String ID="string_59" HPOS="634" VPOS="443" WIDTH="34" HEIGHT="19" WC="0.93" CONTENT="att"/><SP WIDTH="16" VPOS="443" HPOS="668"/>
							<String ID="string_60" HPOS="684" VPOS="441" WIDTH="76" HEIGHT="21" WC="0.92" CONTENT="erinra"/><SP WIDTH="10" VPOS="441" HPOS="760"/>
							<String ID="string_61" HPOS="770" VPOS="441" WIDTH="84" HEIGHT="21" WC="0.91" CONTENT="krono-"/>
						</TextLine>
						<TextLine ID="line_9" HPOS="99" VPOS="481" WIDTH="755" HEIGHT="29">
							<String ID="string_62" HPOS="99" VPOS="482" WIDTH="153" HEIGHT="21" WC="0.92" CONTENT="länsmannen"/><SP WIDTH="22" VPOS="482" HPOS="252"/>
							<String ID="string_63" HPOS="274" VPOS="482" WIDTH="25" HEIGHT="21" WC="0.90" CONTENT="P."/><SP WIDTH="18" VPOS="482" HPOS="299"/>
							<String ID="string_64" HPOS="317" VPOS="484" WIDTH="33" HEIGHT="18" WC="0.96" CONTENT="att"/><SP WIDTH="23" VPOS="484" HPOS="350"/>
							<String ID="string_65" HPOS="373" VPOS="482" WIDTH="37" HEIGHT="21" WC="0.92" CONTENT="för"/><SP WIDTH="24" VPOS="482" HPOS="410"/>
							<String ID="string_66" HPOS="434" VPOS="482" WIDTH="160" HEIGHT="28" WC="0.91" CONTENT="angifvelsens"/><SP WIDTH="23" VPOS="482" HPOS="594"/>
							<String ID="string_67" HPOS="617" VPOS="481" WIDTH="156" HEIGHT="28" WC="0.92" CONTENT="fullständiga"/><SP WIDTH="23" VPOS="481" HPOS="773"/>
							<String ID="string_68" HPOS="796" VPOS="482" WIDTH="58" HEIGHT="27" WC="0.93" CONTENT="styr-"/>
						</TextLine>
						<TextLine ID="line_10" HPOS="100" VPOS="520" WIDTH="754" HEIGHT="30">
							<String ID="string_69" HPOS="100" VPOS="522" WIDTH="77" HEIGHT="21" WC="0.93" CONTENT="kande"/><SP WIDTH="15" VPOS="522" HPOS="177"/>
							<String ID="string_70" HPOS="192" VPOS="522" WIDTH="101" HEIGHT="22" WC="0.96" CONTENT="anställa"/><SP WIDTH="14" VPOS="522" HPOS="293"/>
							<String ID="string_71" HPOS="307" VPOS="522" WIDTH="137" HEIGHT="28" WC="0.96" CONTENT="ytterligare"/><SP WIDTH="16" VPOS="522" HPOS="444"/>
							<String ID="string_72" HPOS="460" VPOS="522" WIDTH="178" HEIGHT="28" WC="0.96" CONTENT="undersökning"/><SP WIDTH="10" VPOS="522" HPOS="638"/>
							<String ID="string_73" HPOS="648" VPOS="522" WIDTH="57" HEIGHT="21" WC="0.92" CONTENT="eller"/><SP WIDTH="10" VPOS="522" HPOS="705"/>
							<String ID="string_74" HPOS="715" VPOS="520" WIDTH="139" HEIGHT="23" WC="0.96" CONTENT="införskaffa"/>
						</TextLine>
						<TextLine ID="line_11" HPOS="99" VPOS="562" WIDTH="244" HEIGHT="22">
							<String ID="string_75" HPOS="99" VPOS="562" WIDTH="80" HEIGHT="22" WC="0.93" CONTENT="vidare"/><SP WIDTH="16" VPOS="562" HPOS="179"/>
							<String ID="string_76" HPOS="195" VPOS="563" WIDTH="148" HEIGHT="21" WC="0.91" CONTENT="bevismedel."/>
						</TextLine>
					</TextBlock>
					<TextBlock ID="block_2" HPOS="99" VPOS="601" WIDTH="758" HEIGHT="633">
						<TextLine ID="line_12" HPOS="168" VPOS="601" WIDTH="685" HEIGHT="28">
							<String ID="string_77" HPOS="168" VPOS="603" WIDTH="54" HEIGHT="21" WC="0.90" CONTENT="Med"/><SP WIDTH="24" VPOS="603" HPOS="222"/>
							<String ID="string_78" HPOS="246" VPOS="603" WIDTH="109" HEIGHT="21" WC="0.90" CONTENT="afseende"/><SP WIDTH="23" VPOS="603" HPOS="355"/>
							<String ID="string_79" HPOS="378" VPOS="603" WIDTH="56" HEIGHT="21" WC="0.92" CONTENT="härä"/><SP WIDTH="20" VPOS="603" HPOS="434"/>
							<String ID="string_80" HPOS="454" VPOS="603" WIDTH="44" HEIGHT="21" WC="0.97" CONTENT="och"/><SP WIDTH="17" VPOS="603" HPOS="498"/>
							<String ID="string_81" HPOS="515" VPOS="603" WIDTH="28" HEIGHT="21" WC="0.93" CONTENT="dä"/><SP WIDTH="16" VPOS="603" HPOS="543"/>
							<String ID="string_82" HPOS="559" VPOS="602" WIDTH="259" HEIGHT="22" WC="0.91" CONTENT="Prokuratorsembetet"/><SP WIDTH="15" VPOS="602" HPOS="818"/>
							<String ID="string_83" HPOS="833" VPOS="601" WIDTH="20" HEIGHT="28" WC="0.88" CONTENT="ej"/>
						</TextLine>
						<TextLine ID="line_13" HPOS="102" VPOS="641" WIDTH="753" HEIGHT="30">
							<String ID="string_84" HPOS="102" VPOS="643" WIDTH="36" HEIGHT="21" WC="0.96" CONTENT="för"/><SP WIDTH="15" VPOS="643" HPOS="138"/>
							<String ID="string_85" HPOS="153" VPOS="643" WIDTH="36" HEIGHT="21" WC="0.96" CONTENT="sin"/><SP WIDTH="17" VPOS="643" HPOS="189"/>
							<String ID="string_86" HPOS="206" VPOS="643" WIDTH="37" HEIGHT="21" WC="0.96" CONTENT="del"/><SP WIDTH="15" VPOS="643" HPOS="243"/>
							<String ID="string_87" HPOS="258" VPOS="643" WIDTH="78" HEIGHT="21" WC="0.96" CONTENT="kunde"/><SP WIDTH="15" VPOS="643" HPOS="336"/>
							<String ID="string_88" HPOS="351" VPOS="643" WIDTH="71" HEIGHT="28" WC="0.96" CONTENT="finna,"/><SP WIDTH="17" VPOS="643" HPOS="422"/>
							<String ID="string_89" HPOS="439" VPOS="645" WIDTH="35" HEIGHT="19" WC="0.96" CONTENT="att"/><SP WIDTH="15" VPOS="645" HPOS="474"/>
							<String ID="string_90" HPOS="489" VPOS="643" WIDTH="8" HEIGHT="20" WC="0.93" CONTENT="i"/><SP WIDTH="15" VPOS="643" HPOS="497"/>
							<String ID="string_91" HPOS="512" VPOS="642" WIDTH="155" HEIGHT="22" WC="0.92" CONTENT="förevarande"/><SP WIDTH="16" VPOS="642" HPOS="667"/>
							<String ID="string_92" HPOS="683" VPOS="642" WIDTH="43" HEIGHT="21" WC="0.93" CONTENT="fall"/><SP WIDTH="11" VPOS="642" HPOS="726"/>
							<String ID="string_93" HPOS="737" VPOS="642" WIDTH="73" HEIGHT="29" WC="0.93" CONTENT="nägra"/><SP WIDTH="11" VPOS="642" HPOS="810"/>
							<String ID="string_94" HPOS="821" VPOS="641" WIDTH="34" HEIGHT="21" WC="0.93" CONTENT="sä-"/>
						</TextLine>
						<TextLine ID="line_14" HPOS="103" VPOS="682" WIDTH="752" HEIGHT="29">
							<String ID="string_95" HPOS="103" VPOS="683" WIDTH="60" HEIGHT="21" WC="0.92" CONTENT="dana"/><SP WIDTH="23" VPOS="683" HPOS="163"/>
							<String ID="string_96" HPOS="186" VPOS="683" WIDTH="159" HEIGHT="28" WC="0.91" CONTENT="exceptionela"/><SP WIDTH="15" VPOS="683" HPOS="345"/>
							<String ID="string_97" HPOS="360" VPOS="682" WIDTH="201" HEIGHT="29" WC="0.96" CONTENT="omständigheter"/><SP WIDTH="16" VPOS="682" HPOS="561"/>
							<String ID="string_98" HPOS="577" VPOS="682" WIDTH="77" HEIGHT="21" WC="0.93" CONTENT="skulle"/><SP WIDTH="15" VPOS="682" HPOS="654"/>
							<String ID="string_99" HPOS="669" VPOS="682" WIDTH="121" HEIGHT="28" WC="0.90" CONTENT="förelegat,"/><SP WIDTH="17" VPOS="682" HPOS="790"/>
							<String ID="string_100" HPOS="807" VPOS="688" WIDTH="48" HEIGHT="14" WC="0.96" CONTENT="som"/>
						</TextLine>
						<TextLine ID="line_15" HPOS="99" VPOS="721" WIDTH="756" HEIGHT="30">
							<String ID="string_101" HPOS="99" VPOS="723" WIDTH="91" HEIGHT="21" WC="0.92" CONTENT="kunnat"/><SP WIDTH="23" VPOS="723" HPOS="190"/>
							<String ID="string_102" HPOS="213" VPOS="723" WIDTH="66" HEIGHT="28" WC="0.92" CONTENT="gifva"/><SP WIDTH="22" VPOS="723" HPOS="279"/>
							<String ID="string_103" HPOS="301" VPOS="726" WIDTH="147" HEIGHT="25" WC="0.92" CONTENT="guvernören"/><SP WIDTH="19" VPOS="726" HPOS="448"/>
							<String ID="string_104" HPOS="467" VPOS="723" WIDTH="76" HEIGHT="28" WC="0.92" CONTENT="skälig"/><SP WIDTH="16" VPOS="723" HPOS="543"/>
							<String ID="string_105" HPOS="559" VPOS="722" WIDTH="129" HEIGHT="28" WC="0.92" CONTENT="anledning"/><SP WIDTH="16" VPOS="722" HPOS="688"/>
							<String ID="string_106" HPOS="704" VPOS="724" WIDTH="34" HEIGHT="19" WC="0.96" CONTENT="att"/><SP WIDTH="15" VPOS="724" HPOS="738"/>
							<String ID="string_107" HPOS="753" VPOS="721" WIDTH="53" HEIGHT="22" WC="0.93" CONTENT="med"/><SP WIDTH="15" VPOS="721" HPOS="806"/>
							<String ID="string_108" HPOS="821" VPOS="721" WIDTH="34" HEIGHT="22" WC="0.92" CONTENT="af-"/>
						</TextLine>
						<TextLine ID="line_16" HPOS="101" VPOS="762" WIDTH="754" HEIGHT="29">
							<String ID="string_109" HPOS="101" VPOS="763" WIDTH="87" HEIGHT="21" WC="0.92" CONTENT="vikelse"/><SP WIDTH="16" VPOS="763" HPOS="188"/>
							<String ID="string_110" HPOS="204" VPOS="763" WIDTH="54" HEIGHT="22" WC="0.93" CONTENT="frän"/><SP WIDTH="16" VPOS="763" HPOS="258"/>
							<String ID="string_111" HPOS="274" VPOS="763" WIDTH="152" HEIGHT="21" WC="0.92" CONTENT="förenämnda"/><SP WIDTH="16" VPOS="763" HPOS="426"/>
							<String ID="string_112" HPOS="442" VPOS="763" WIDTH="189" HEIGHT="28" WC="0.92" CONTENT="lagstadganden"/><SP WIDTH="15" VPOS="763" HPOS="631"/>
							<String ID="string_113" HPOS="646" VPOS="762" WIDTH="44" HEIGHT="21" WC="0.96" CONTENT="och"/><SP WIDTH="16" VPOS="762" HPOS="690"/>
							<String ID="string_114" HPOS="706" VPOS="762" WIDTH="98" HEIGHT="21" WC="0.93" CONTENT="allmänt"/><SP WIDTH="14" VPOS="762" HPOS="804"/>
							<String ID="string_115" HPOS="818" VPOS="769" WIDTH="37" HEIGHT="14" WC="0.92" CONTENT="ve-"/>
						</TextLine>
						<TextLine ID="line_17" HPOS="100" VPOS="803" WIDTH="756" HEIGHT="29">
							<String ID="string_116" HPOS="100" VPOS="803" WIDTH="113" HEIGHT="28" WC="0.92" CONTENT="dertagen"/><SP WIDTH="22" VPOS="803" HPOS="213"/>
							<String ID="string_117" HPOS="235" VPOS="804" WIDTH="77" HEIGHT="28" WC="0.92" CONTENT="praxis"/><SP WIDTH="24" VPOS="804" HPOS="312"/>
							<String ID="string_118" HPOS="336" VPOS="804" WIDTH="89" HEIGHT="21" WC="0.90" CONTENT="förfara"/><SP WIDTH="15" VPOS="804" HPOS="425"/>
							<String ID="string_119" HPOS="440" VPOS="805" WIDTH="30" HEIGHT="27" WC="0.96" CONTENT="pä"/><SP WIDTH="16" VPOS="805" HPOS="470"/>
							<String ID="string_120" HPOS="486" VPOS="805" WIDTH="48" HEIGHT="20" WC="0.96" CONTENT="sätt"/><SP WIDTH="15" VPOS="805" HPOS="534"/>
							<String ID="string_121" HPOS="549" VPOS="811" WIDTH="49" HEIGHT="14" WC="0.96" CONTENT="som"/><SP WIDTH="16" VPOS="811" HPOS="598"/>
							<String ID="string_122" HPOS="614" VPOS="804" WIDTH="68" HEIGHT="27" WC="0.96" CONTENT="skett,"/><SP WIDTH="18" VPOS="804" HPOS="682"/>
							<String ID="string_123" HPOS="700" VPOS="805" WIDTH="59" HEIGHT="20" WC="0.91" CONTENT="samt"/><SP WIDTH="14" VPOS="805" HPOS="759"/>
							<String ID="string_124" HPOS="773" VPOS="809" WIDTH="83" HEIGHT="22" WC="0.91" CONTENT="guver-"/>
						</TextLine>
						<TextLine ID="line_18" HPOS="100" VPOS="843" WIDTH="756" HEIGHT="30">
							<String ID="string_125" HPOS="100" VPOS="847" WIDTH="83" HEIGHT="18" WC="0.90" CONTENT="nörens"/><SP WIDTH="19" VPOS="847" HPOS="183"/>
							<String ID="string_126" HPOS="202" VPOS="844" WIDTH="164" HEIGHT="29" WC="0.82" CONTENT="ifrägakomna"/><SP WIDTH="20" VPOS="844" HPOS="366"/>
							<String ID="string_127" HPOS="386" VPOS="844" WIDTH="137" HEIGHT="21" WC="0.93" CONTENT="förfarande"/><SP WIDTH="20" VPOS="844" HPOS="523"/>
							<String ID="string_128" HPOS="543" VPOS="844" WIDTH="130" HEIGHT="21" WC="0.95" CONTENT="emellertid"/><SP WIDTH="15" VPOS="844" HPOS="673"/>
							<String ID="string_129" HPOS="688" VPOS="843" WIDTH="101" HEIGHT="22" WC="0.96" CONTENT="faktiskt"/><SP WIDTH="15" VPOS="843" HPOS="789"/>
							<String ID="string_130" HPOS="804" VPOS="843" WIDTH="52" HEIGHT="21" WC="0.96" CONTENT="haft"/>
						</TextLine>
						<TextLine ID="line_19" HPOS="101" VPOS="884" WIDTH="755" HEIGHT="28">
							<String ID="string_131" HPOS="101" VPOS="884" WIDTH="37" HEIGHT="21" WC="0.93" CONTENT="till"/><SP WIDTH="15" VPOS="884" HPOS="138"/>
							<String ID="string_132" HPOS="153" VPOS="884" WIDTH="91" HEIGHT="28" WC="0.96" CONTENT="påföljd"/><SP WIDTH="17" VPOS="884" HPOS="244"/>
							<String ID="string_133" HPOS="261" VPOS="886" WIDTH="34" HEIGHT="19" WC="0.96" CONTENT="att"/><SP WIDTH="11" VPOS="886" HPOS="295"/>
							<String ID="string_134" HPOS="306" VPOS="884" WIDTH="91" HEIGHT="22" WC="0.96" CONTENT="Anders"/><SP WIDTH="11" VPOS="884" HPOS="397"/>
							<String ID="string_135" HPOS="408" VPOS="885" WIDTH="36" HEIGHT="21" WC="0.93" CONTENT="W."/><SP WIDTH="13" VPOS="885" HPOS="444"/>
							<String ID="string_136" HPOS="457" VPOS="884" WIDTH="80" HEIGHT="22" WC="0.95" CONTENT="hållits"/><SP WIDTH="10" VPOS="884" HPOS="537"/>
							<String ID="string_137" HPOS="547" VPOS="885" WIDTH="90" HEIGHT="21" WC="0.96" CONTENT="häktad"/><SP WIDTH="11" VPOS="885" HPOS="637"/>
							<String ID="string_138" HPOS="648" VPOS="884" WIDTH="117" HEIGHT="28" WC="0.96" CONTENT="betydligt"/><SP WIDTH="10" VPOS="884" HPOS="765"/>
							<String ID="string_139" HPOS="775" VPOS="884" WIDTH="81" HEIGHT="28" WC="0.96" CONTENT="längre"/>
						</TextLine>
						<TextLine ID="line_20" HPOS="101" VPOS="923" WIDTH="756" HEIGHT="29">
							<String ID="string_140" HPOS="101" VPOS="923" WIDTH="36" HEIGHT="22" WC="0.96" CONTENT="tid"/><SP WIDTH="16" VPOS="923" HPOS="137"/>
							<String ID="string_141" HPOS="153" VPOS="927" WIDTH="29" HEIGHT="17" WC="0.93" CONTENT="än"/><SP WIDTH="17" VPOS="927" HPOS="182"/>
							<String ID="string_142" HPOS="199" VPOS="924" WIDTH="67" HEIGHT="21" WC="0.93" CONTENT="fallet"/><SP WIDTH="11" VPOS="924" HPOS="266"/>
							<String ID="string_143" HPOS="277" VPOS="924" WIDTH="66" HEIGHT="28" WC="0.96" CONTENT="varit,"/><SP WIDTH="13" VPOS="924" HPOS="343"/>
							<String ID="string_144" HPOS="356" VPOS="932" WIDTH="37" HEIGHT="13" WC="0.93" CONTENT="om"/><SP WIDTH="10" VPOS="932" HPOS="393"/>
							<String ID="string_145" HPOS="403" VPOS="928" WIDTH="148" HEIGHT="24" WC="0.91" CONTENT="guvernören"/><SP WIDTH="11" VPOS="928" HPOS="551"/>
							<String ID="string_146" HPOS="562" VPOS="924" WIDTH="145" HEIGHT="22" WC="0.92" CONTENT="omedelbart"/><SP WIDTH="11" VPOS="924" HPOS="707"/>
							<String ID="string_147" HPOS="718" VPOS="924" WIDTH="59" HEIGHT="21" WC="0.93" CONTENT="efter"/><SP WIDTH="8" VPOS="924" HPOS="777"/>
							<String ID="string_148" HPOS="785" VPOS="925" WIDTH="72" HEIGHT="19" WC="0.92" CONTENT="emot-"/>
						</TextLine>
						<TextLine ID="line_21" HPOS="101" VPOS="964" WIDTH="754" HEIGHT="29">
							<String ID="string_149" HPOS="101" VPOS="964" WIDTH="112" HEIGHT="28" WC="0.92" CONTENT="tagandet"/><SP WIDTH="23" VPOS="964" HPOS="213"/>
							<String ID="string_150" HPOS="236" VPOS="965" WIDTH="26" HEIGHT="21" WC="0.93" CONTENT="af"/><SP WIDTH="21" VPOS="965" HPOS="262"/>
							<String ID="string_151" HPOS="283" VPOS="965" WIDTH="393" HEIGHT="28" WC="0.90" CONTENT="polisundersökningsprotokollet"/><SP WIDTH="23" VPOS="965" HPOS="676"/>
							<String ID="string_152" HPOS="699" VPOS="964" WIDTH="98" HEIGHT="22" WC="0.93" CONTENT="rörande"/><SP WIDTH="22" VPOS="964" HPOS="797"/>
							<String ID="string_153" HPOS="819" VPOS="964" WIDTH="36" HEIGHT="21" WC="0.96" CONTENT="W."/>
						</TextLine>
						<TextLine ID="line_22" HPOS="102" VPOS="1004" WIDTH="755" HEIGHT="28">
							<String ID="string_154" HPOS="102" VPOS="1004" WIDTH="155" HEIGHT="22" WC="0.57" CONTENT="Ofverlemnat"/><SP WIDTH="16" VPOS="1004" HPOS="257"/>
							<String ID="string_155" HPOS="273" VPOS="1005" WIDTH="71" HEIGHT="21" WC="0.96" CONTENT="saken"/><SP WIDTH="16" VPOS="1005" HPOS="344"/>
							<String ID="string_156" HPOS="360" VPOS="1005" WIDTH="37" HEIGHT="21" WC="0.95" CONTENT="till"/><SP WIDTH="16" VPOS="1005" HPOS="397"/>
							<String ID="string_157" HPOS="413" VPOS="1005" WIDTH="174" HEIGHT="22" WC="0.93" CONTENT="vederbörande"/><SP WIDTH="17" VPOS="1005" HPOS="587"/>
							<String ID="string_158" HPOS="604" VPOS="1005" WIDTH="113" HEIGHT="21" WC="0.93" CONTENT="domstols"/><SP WIDTH="11" VPOS="1005" HPOS="717"/>
							<String ID="string_159" HPOS="728" VPOS="1004" WIDTH="129" HEIGHT="28" WC="0.91" CONTENT="handlägg-"/>
						</TextLine>
						<TextLine ID="line_23" HPOS="101" VPOS="1044" WIDTH="755" HEIGHT="29">
							<String ID="string_160" HPOS="101" VPOS="1044" WIDTH="63" HEIGHT="28" WC="0.93" CONTENT="ning,"/><SP WIDTH="18" VPOS="1044" HPOS="164"/>
							<String ID="string_161" HPOS="182" VPOS="1044" WIDTH="57" HEIGHT="21" WC="0.92" CONTENT="fann"/><SP WIDTH="15" VPOS="1044" HPOS="239"/>
							<String ID="string_162" HPOS="254" VPOS="1045" WIDTH="266" HEIGHT="28" WC="0.92" CONTENT="Prokuratorsembetet,"/><SP WIDTH="18" VPOS="1045" HPOS="520"/>
							<String ID="string_163" HPOS="538" VPOS="1044" WIDTH="59" HEIGHT="22" WC="0.93" CONTENT="efter"/><SP WIDTH="12" VPOS="1044" HPOS="597"/>
							<String ID="string_164" HPOS="609" VPOS="1045" WIDTH="104" HEIGHT="21" WC="0.91" CONTENT="erhällen"/><SP WIDTH="12" VPOS="1045" HPOS="713"/>
							<String ID="string_165" HPOS="725" VPOS="1044" WIDTH="131" HEIGHT="22" WC="0.91" CONTENT="kännedom"/>
						</TextLine>
						<TextLine ID="line_24" HPOS="102" VPOS="1084" WIDTH="755" HEIGHT="30">
							<String ID="string_166" HPOS="102" VPOS="1091" WIDTH="37" HEIGHT="14" WC="0.91" CONTENT="om"/><SP WIDTH="15" VPOS="1091" HPOS="139"/>
							<String ID="string_167" HPOS="154" VPOS="1084" WIDTH="132" HEIGHT="22" WC="0.91" CONTENT="hofrättens"/><SP WIDTH="17" VPOS="1084" HPOS="286"/>
							<String ID="string_168" HPOS="303" VPOS="1085" WIDTH="154" HEIGHT="21" WC="0.92" CONTENT="omförmälda"/><SP WIDTH="20" VPOS="1085" HPOS="457"/>
							<String ID="string_169" HPOS="477" VPOS="1085" WIDTH="84" HEIGHT="28" WC="0.96" CONTENT="utslag,"/><SP WIDTH="16" VPOS="1085" HPOS="561"/>
							<String ID="string_170" HPOS="577" VPOS="1086" WIDTH="37" HEIGHT="28" WC="0.93" CONTENT="sig"/><SP WIDTH="15" VPOS="1086" HPOS="614"/>
							<String ID="string_171" HPOS="629" VPOS="1085" WIDTH="127" HEIGHT="21" WC="0.78" CONTENT="töranlätet"/><SP WIDTH="15" VPOS="1085" HPOS="756"/>
							<String ID="string_172" HPOS="771" VPOS="1087" WIDTH="35" HEIGHT="19" WC="0.93" CONTENT="att"/><SP WIDTH="15" VPOS="1087" HPOS="806"/>
							<String ID="string_173" HPOS="821" VPOS="1084" WIDTH="36" HEIGHT="21" WC="0.96" CONTENT="uti"/>
						</TextLine>
						<TextLine ID="line_25" HPOS="102" VPOS="1124" WIDTH="755" HEIGHT="23">
							<String ID="string_174" HPOS="102" VPOS="1124" WIDTH="123" HEIGHT="22" WC="0.93" CONTENT="skrifvelse"/><SP WIDTH="11" VPOS="1124" HPOS="225"/>
							<String ID="string_175" HPOS="236" VPOS="1126" WIDTH="27" HEIGHT="20" WC="0.96" CONTENT="af"/><SP WIDTH="9" VPOS="1126" HPOS="263"/>
							<String ID="string_176" HPOS="272" VPOS="1125" WIDTH="44" HEIGHT="21" WC="0.96" CONTENT="den"/><SP WIDTH="14" VPOS="1125" HPOS="316"/>
							<String ID="string_177" HPOS="330" VPOS="1128" WIDTH="23" HEIGHT="19" WC="0.96" CONTENT="18"/><SP WIDTH="11" VPOS="1128" HPOS="353"/>
							<String ID="string_178" HPOS="364" VPOS="1126" WIDTH="101" HEIGHT="21" WC="0.96" CONTENT="Januari"/><SP WIDTH="13" VPOS="1126" HPOS="465"/>
							<String ID="string_179" HPOS="478" VPOS="1128" WIDTH="53" HEIGHT="19" WC="0.93" CONTENT="1894"/><SP WIDTH="12" VPOS="1128" HPOS="531"/>
							<String ID="string_180" HPOS="543" VPOS="1126" WIDTH="101" HEIGHT="21" WC="0.91" CONTENT="anmoda"/><SP WIDTH="12" VPOS="1126" HPOS="644"/>
							<String ID="string_181" HPOS="656" VPOS="1124" WIDTH="201" HEIGHT="23" WC="0.92" CONTENT="advokatfiskalen"/>
						</TextLine>
						<TextLine ID="line_26" HPOS="103" VPOS="1165" WIDTH="754" HEIGHT="29">
							<String ID="string_182" HPOS="103" VPOS="1167" WIDTH="34" HEIGHT="19" WC="0.96" CONTENT="att"/><SP WIDTH="11" VPOS="1167" HPOS="137"/>
							<String ID="string_183" HPOS="148" VPOS="1172" WIDTH="83" HEIGHT="21" WC="0.93" CONTENT="genom"/><SP WIDTH="11" VPOS="1172" HPOS="231"/>
							<String ID="string_184" HPOS="242" VPOS="1165" WIDTH="163" HEIGHT="29" WC="0.92" CONTENT="underdäniga"/><SP WIDTH="9" VPOS="1165" HPOS="405"/>
							<String ID="string_185" HPOS="414" VPOS="1166" WIDTH="85" HEIGHT="21" WC="0.92" CONTENT="besvär"/><SP WIDTH="10" VPOS="1166" HPOS="499"/>
							<String ID="string_186" HPOS="509" VPOS="1166" WIDTH="143" HEIGHT="21" WC="0.91" CONTENT="underkasta"/><SP WIDTH="11" VPOS="1166" HPOS="652"/>
							<String ID="string_187" HPOS="663" VPOS="1166" WIDTH="128" HEIGHT="21" WC="0.92" CONTENT="detsamma"/><SP WIDTH="10" VPOS="1166" HPOS="791"/>
							<String ID="string_188" HPOS="801" VPOS="1165" WIDTH="56" HEIGHT="28" WC="0.92" CONTENT="Kej-"/>
						</TextLine>
						<TextLine ID="line_27" HPOS="101" VPOS="1205" WIDTH="347" HEIGHT="29">
							<String ID="string_189" HPOS="101" VPOS="1205" WIDTH="85" HEIGHT="28" WC="0.93" CONTENT="serliga"/><SP WIDTH="16" VPOS="1205" HPOS="186"/>
							<String ID="string_190" HPOS="202" VPOS="1206" WIDTH="112" HEIGHT="21" WC="0.92" CONTENT="Senatens"/><SP WIDTH="16" VPOS="1206" HPOS="314"/>
							<String ID="string_191" HPOS="330" VPOS="1206" WIDTH="118" HEIGHT="28" WC="0.92" CONTENT="pröfning."/>
						</TextLine>
					</TextBlock>
					<TextBlock ID="block_3" HPOS="101" VPOS="1246" WIDTH="758" HEIGHT="189">
						<TextLine ID="line_28" HPOS="171" VPOS="1246" WIDTH="686" HEIGHT="29">
							<String ID="string_192" HPOS="171" VPOS="1246" WIDTH="76" HEIGHT="21" WC="0.92" CONTENT="Sedan"/><SP WIDTH="24" VPOS="1246" HPOS="247"/>
							<String ID="string_193" HPOS="271" VPOS="1246" WIDTH="83" HEIGHT="22" WC="0.92" CONTENT="sädant"/><SP WIDTH="21" VPOS="1246" HPOS="354"/>
							<String ID="string_194" HPOS="375" VPOS="1246" WIDTH="69" HEIGHT="28" WC="0.93" CONTENT="skett,"/><SP WIDTH="17" VPOS="1246" HPOS="444"/>
							<String ID="string_195" HPOS="461" VPOS="1247" WIDTH="122" HEIGHT="28" WC="0.91" CONTENT="töredrogs"/><SP WIDTH="16" VPOS="1247" HPOS="583"/>
							<String ID="string_196" HPOS="599" VPOS="1246" WIDTH="97" HEIGHT="22" WC="0.92" CONTENT="ärendet"/><SP WIDTH="16" VPOS="1246" HPOS="696"/>
							<String ID="string_197" HPOS="712" VPOS="1246" WIDTH="44" HEIGHT="21" WC="0.96" CONTENT="den"/><SP WIDTH="19" VPOS="1246" HPOS="756"/>
							<String ID="string_198" HPOS="775" VPOS="1249" WIDTH="24" HEIGHT="18" WC="0.93" CONTENT="14"/><SP WIDTH="16" VPOS="1249" HPOS="799"/>
							<String ID="string_199" HPOS="815" VPOS="1246" WIDTH="42" HEIGHT="20" WC="0.92" CONTENT="Fe-"/>
						</TextLine>
						<TextLine ID="line_29" HPOS="103" VPOS="1286" WIDTH="754" HEIGHT="30">
							<String ID="string_200" HPOS="103" VPOS="1286" WIDTH="78" HEIGHT="22" WC="0.91" CONTENT="bruari"/><SP WIDTH="18" VPOS="1286" HPOS="181"/>
							<String ID="string_201" HPOS="199" VPOS="1288" WIDTH="52" HEIGHT="20" WC="0.93" CONTENT="1895"/><SP WIDTH="16" VPOS="1288" HPOS="251"/>
							<String ID="string_202" HPOS="267" VPOS="1287" WIDTH="35" HEIGHT="21" WC="0.92" CONTENT="uti"/><SP WIDTH="16" VPOS="1287" HPOS="302"/>
							<String ID="string_203" HPOS="318" VPOS="1287" WIDTH="134" HEIGHT="29" WC="0.92" CONTENT="Kejserliga"/><SP WIDTH="16" VPOS="1287" HPOS="452"/>
							<String ID="string_204" HPOS="468" VPOS="1288" WIDTH="113" HEIGHT="20" WC="0.91" CONTENT="Senatens"/><SP WIDTH="11" VPOS="1288" HPOS="581"/>
							<String ID="string_205" HPOS="592" VPOS="1287" WIDTH="265" HEIGHT="28" WC="0.92" CONTENT="Justitiedepartement,"/>
						</TextLine>
						<TextLine ID="line_30" HPOS="103" VPOS="1326" WIDTH="756" HEIGHT="30">
							<String ID="string_206" HPOS="103" VPOS="1326" WIDTH="43" HEIGHT="21" WC="0.93" CONTENT="och"/><SP WIDTH="16" VPOS="1326" HPOS="146"/>
							<String ID="string_207" HPOS="162" VPOS="1326" WIDTH="58" HEIGHT="22" WC="0.93" CONTENT="fann"/><SP WIDTH="15" VPOS="1326" HPOS="220"/>
							<String ID="string_208" HPOS="235" VPOS="1327" WIDTH="133" HEIGHT="29" WC="0.92" CONTENT="Kejserliga"/><SP WIDTH="16" VPOS="1327" HPOS="368"/>
							<String ID="string_209" HPOS="384" VPOS="1327" WIDTH="103" HEIGHT="21" WC="0.92" CONTENT="Senaten"/><SP WIDTH="15" VPOS="1327" HPOS="487"/>
							<String ID="string_210" HPOS="502" VPOS="1331" WIDTH="148" HEIGHT="25" WC="0.92" CONTENT="guvernören"/><SP WIDTH="15" VPOS="1331" HPOS="650"/>
							<String ID="string_211" HPOS="665" VPOS="1327" WIDTH="39" HEIGHT="21" WC="0.93" CONTENT="väl"/><SP WIDTH="15" VPOS="1327" HPOS="704"/>
							<String ID="string_212" HPOS="719" VPOS="1327" WIDTH="52" HEIGHT="21" WC="0.92" CONTENT="icke"/><SP WIDTH="16" VPOS="1327" HPOS="771"/>
							<String ID="string_213" HPOS="787" VPOS="1326" WIDTH="72" HEIGHT="21" WC="0.92" CONTENT="hafva"/>
						</TextLine>
						<TextLine ID="line_31" HPOS="103" VPOS="1366" WIDTH="755" HEIGHT="29">
							<String ID="string_214" HPOS="103" VPOS="1369" WIDTH="39" HEIGHT="25" WC="0.91" CONTENT="egt"/><SP WIDTH="15" VPOS="1369" HPOS="142"/>
							<String ID="string_215" HPOS="157" VPOS="1367" WIDTH="54" HEIGHT="28" WC="0.92" CONTENT="laga"/><SP WIDTH="16" VPOS="1367" HPOS="211"/>
							<String ID="string_216" HPOS="227" VPOS="1367" WIDTH="128" HEIGHT="28" WC="0.91" CONTENT="anledning"/><SP WIDTH="19" VPOS="1367" HPOS="355"/>
							<String ID="string_217" HPOS="374" VPOS="1369" WIDTH="41" HEIGHT="26" WC="0.96" CONTENT="att,"/><SP WIDTH="21" VPOS="1369" HPOS="415"/>
							<String ID="string_218" HPOS="436" VPOS="1368" WIDTH="30" HEIGHT="27" WC="0.96" CONTENT="pä"/><SP WIDTH="16" VPOS="1368" HPOS="466"/>
							<String ID="string_219" HPOS="482" VPOS="1370" WIDTH="46" HEIGHT="19" WC="0.96" CONTENT="sätt"/><SP WIDTH="16" VPOS="1370" HPOS="528"/>
							<String ID="string_220" HPOS="544" VPOS="1375" WIDTH="49" HEIGHT="14" WC="0.96" CONTENT="som"/><SP WIDTH="16" VPOS="1375" HPOS="593"/>
							<String ID="string_221" HPOS="609" VPOS="1368" WIDTH="69" HEIGHT="27" WC="0.93" CONTENT="skett,"/><SP WIDTH="17" VPOS="1368" HPOS="678"/>
							<String ID="string_222" HPOS="695" VPOS="1367" WIDTH="111" HEIGHT="21" WC="0.92" CONTENT="förordna"/><SP WIDTH="16" VPOS="1367" HPOS="806"/>
							<String ID="string_223" HPOS="822" VPOS="1366" WIDTH="36" HEIGHT="21" WC="0.96" CONTENT="till"/>
						</TextLine>
						<TextLine ID="line_32" HPOS="101" VPOS="1406" WIDTH="758" HEIGHT="29">
							<String ID="string_224" HPOS="101" VPOS="1414" WIDTH="32" HEIGHT="20" WC="0.92" CONTENT="ny"/><SP WIDTH="22" VPOS="1414" HPOS="133"/>
							<String ID="string_225" HPOS="155" VPOS="1407" WIDTH="237" HEIGHT="28" WC="0.92" CONTENT="polisundersökning"/><SP WIDTH="19" VPOS="1407" HPOS="392"/>
							<String ID="string_226" HPOS="411" VPOS="1407" WIDTH="35" HEIGHT="22" WC="0.92" CONTENT="uti"/><SP WIDTH="19" VPOS="1407" HPOS="446"/>
							<String ID="string_227" HPOS="465" VPOS="1415" WIDTH="32" HEIGHT="13" WC="0.93" CONTENT="nu"/><SP WIDTH="15" VPOS="1415" HPOS="497"/>
							<String ID="string_228" HPOS="512" VPOS="1407" WIDTH="181" HEIGHT="28" WC="0.91" CONTENT="ifrägavarande"/><SP WIDTH="17" VPOS="1407" HPOS="693"/>
							<String ID="string_229" HPOS="710" VPOS="1406" WIDTH="149" HEIGHT="29" WC="0.92" CONTENT="tjufnadssak"/>
						</TextLine>
					</TextBlock>
				</ComposedBlock>
			</PrintSpace>
		</Page>
	</Layout>
</alto>
