1089 1770
457 112 23 21 HI
794 114 26 20 85

93 174 91 22 kronan
200 174 47 21 fätt
262 174 131 21 vidkännas
409 174 101 28 onödiga
526 174 128 22 kostnader
668 176 37 20 för
716 176 40 20 D:s
766 175 85 21 under-

94 214 48 22 häll
157 214 75 21 under
247 214 74 28 sagda
331 214 74 28 dagar
416 214 43 21 och
471 214 37 21 för
518 214 58 22 hans
588 215 158 21 försändande
758 216 53 20 frän
822 215 27 21 N.

94 254 37 21 till
139 254 29 21 H.
177 254 59 28 stad,
245 256 84 20 stanna
337 254 37 22 till
382 254 52 28 last,
444 254 77 22 sävidt
529 255 68 21 rörde
605 255 103 21 beslutet
714 256 46 20 den
770 258 23 19 12
801 256 51 21 Juli

97 296 60 25 1892,
172 294 199 22 landskanslisten
387 295 23 21 C.
428 294 43 21 och
486 294 217 22 landskontoristen
717 295 28 21 R.
761 295 9 21 i
783 303 69 21 egen-

95 334 58 28 skap
169 334 30 27 af,
215 334 46 21 den
276 334 62 21 förre
353 335 38 20 för
406 334 66 22 tiden
487 334 221 28 tjenstförrättande
722 335 130 22 vicelands-

95 374 143 22 sekreterare
261 374 43 21 och
327 374 26 22 R.
377 374 167 22 tillförordnad
566 375 255 22 vicelandskamrerare
844 376 7 20 i

95 414 174 28 länsstyrelsen,
285 416 60 19 samt
364 414 148 22 beträffande
527 414 102 22 beslutet
645 415 27 20 af
686 415 44 21 den
747 417 26 19 30
789 415 63 21 Mars

98 456 53 19 1893
173 457 147 25 guvernören
339 454 30 21 K.
385 454 44 21 och
445 454 199 22 landskanslisten
660 455 32 27 C.,
709 455 45 21 den
770 455 82 21 sistbe-

96 494 77 21 mälde
191 494 8 21 i
218 494 86 21 dennes
319 494 116 29 uppgifna
451 495 127 28 egenskap;
594 495 8 21 i
618 495 116 21 anseende
749 495 102 27 hvartill,

97 534 42 21 och
160 535 73 27 jemte
256 534 39 21 det
317 534 120 21 hofrätten
453 537 77 18 ansett
545 534 179 29 länsstyrelsens
740 535 113 21 ofvanbe-

96 574 69 21 rörda
187 574 136 21 förfarande
340 574 60 21 dock
414 574 52 21 icke
481 582 57 13 vara
554 575 26 20 af
594 574 73 22 sädan
683 574 169 27 beskaffenhet,

97 617 35 19 att
151 622 84 14 ansvar
253 614 79 22 derför
347 615 58 28 egde
420 622 57 20 rum,
494 618 60 18 samt
570 615 45 21 den
631 616 13 20 å
660 614 193 23 advokatfiskals-

97 655 112 21 embetets
232 658 89 25 vägnar
345 655 78 21 derom
446 655 97 21 utförda
565 655 65 21 talan
654 656 62 27 förty
733 654 119 22 lemnades

97 697 57 19 utan
177 694 116 28 afseende,
317 698 147 24 guvernören
486 695 36 27 K.,
543 694 200 22 landskanslisten
768 695 24 21 C.
809 694 44 21 och

97 735 215 21 landskontoristen
335 735 26 21 R.
386 735 85 27 älades,
495 735 24 21 C.
544 735 43 21 och
610 735 28 21 R.
662 737 145 26 gemensamt
822 734 31 22 el-

98 776 33 20 ler
154 775 44 21 den
221 776 28 20 af
270 775 57 27 dem,
352 782 48 14 som
422 775 102 28 tillgång
548 775 64 28 egde,
632 775 116 29 godtgöra
762 776 91 20 kronan

98 815 28 21 de
142 815 133 28 kostnader,
291 816 90 20 kronan
397 816 46 21 fätt
458 815 132 22 vidkännas
606 816 8 20 i
630 816 128 28 anledning
771 816 27 20 af
807 816 47 20 för-

98 855 109 21 farandet
229 855 53 21 med
297 856 27 20 D.
340 856 74 20 under
430 856 25 20 är
474 858 59 24 1892,
549 856 53 20 med
617 856 83 21 inalles
718 858 10 19 2
744 856 67 20 mark
826 858 27 18 44

98 895 77 28 penni,
205 895 120 21 äfvensom
354 898 146 25 guvernören
530 895 29 21 K.
586 895 43 21 och
655 895 199 21 landskanslisten

111 937 12 19 J.
140 937 35 20 att
189 935 113 22 likaledes
318 935 95 21 samfält
428 935 57 21 eller
501 935 45 21 den
562 935 102 29 tillgång
680 935 59 21 hade
754 935 37 22 till
802 935 52 20 kro-

98 983 47 13 nan
160 976 94 27 utgifva
269 975 149 29 godtgörelse
434 976 38 21 för
488 976 89 21 kronan
588 975 160 29 tillskyndade
760 975 94 22 kostna-

99 1015 40 21 der
154 1015 8 21 i
178 1015 127 28 anledning
321 1016 26 21 af
361 1015 40 22 det
416 1015 92 22 ätalade
519 1015 148 22 förfarandet
677 1015 74 22 under
762 1016 26 21 är
801 1017 53 20 1893

99 1055 52 21 med
167 1055 171 29 sammanlagdt
357 1058 10 18 2
384 1055 66 21 mark
466 1058 26 18 68
508 1055 78 28 penni,
603 1054 100 22 hvarhos
714 1055 27 21 D.
754 1055 7 21 i
772 1056 83 20 ersätt-

99 1095 57 28 ning
172 1095 37 21 för
225 1095 45 21 den
285 1095 35 21 tid
335 1095 47 21 han
397 1095 119 29 olagligen
531 1095 121 21 beröfvats
668 1095 36 21 sin
720 1095 73 21 frihet
808 1094 47 22 till-

99 1135 94 21 erkänts
216 1136 61 20 efter
299 1136 131 28 beräkning
453 1136 27 20 af
500 1136 40 21 två
559 1136 66 20 mark
640 1136 38 20 för
694 1136 46 27 dag
755 1135 101 28 tillhopa

100 1178 27 19 34
142 1176 72 28 mark,
230 1176 86 22 hvaraf
329 1176 199 22 landskanslisten
544 1176 24 22 C.
585 1176 43 21 och
639 1176 216 21 landskontoristen

99 1216 28 21 R.
150 1216 59 21 hade
233 1218 35 19 att
291 1216 94 22 samfält
408 1216 96 28 erlägga
528 1219 25 19 16
576 1216 66 22 mark
661 1216 43 21 och
720 1216 135 21 återstoden

100 1256 57 21 eller
173 1258 25 19 18
214 1256 67 22 mark
295 1256 72 22 borde
382 1256 118 22 utbetalas
515 1259 145 25 gemensamt
671 1256 27 21 af
706 1259 148 25 guvernören

99 1296 30 21 K.
145 1295 44 22 och
204 1296 200 21 landskanslisten
420 1296 24 21 C.

171 1336 12 21 I
200 1335 65 22 detta
281 1336 131 21 hofrättens
422 1336 79 28 utslag
512 1335 94 22 anhöllo
617 1339 147 25 guvernören
775 1335 29 21 K.
817 1335 39 21 för

100 1376 36 28 sig
144 1378 60 19 samt
212 1376 198 22 landskanslisten
419 1377 24 21 C.
453 1376 44 22 och
503 1376 216 21 landskontoristen
726 1376 27 21 R.
760 1382 95 21 gemen-

99 1418 61 19 samt
175 1423 37 14 om
223 1416 106 29 ändring,
341 1417 44 21 och
395 1424 85 21 genom
491 1417 78 28 utslag
580 1416 45 21 den
638 1419 11 18 6
660 1416 68 28 April
742 1417 53 20 1895
807 1417 50 26 ytt-
