1098 1789
136 193 36 16 Pag.
182 195 12 11 9.

128 471 36 14 Pag.
174 471 22 12 12.

94 1097 36 15 Pag.
141 1097 56 13 18—14.

128 1406 37 16 Pag.
176 1407 21 11 14.

236 119 14 20 2
541 119 93 23 XXXIII

277 187 19 23 3)
315 190 33 19 att,
367 188 42 18 med
427 189 88 18 afseende
528 188 11 19 ä
552 190 153 18 statsutskottets
722 190 125 23 anmärkning
860 190 69 21 derom,
942 191 26 16 att

207 220 57 24 några
282 222 114 22 tullkamrar,
413 222 56 19 såsom
482 224 7 17 i
501 223 103 23 Nykarleby
617 225 30 16 och
660 225 100 20 isynnerhet
771 225 7 16 i
790 224 78 22 Nyslott,
879 224 89 21 företedde

207 260 21 13 en
246 256 125 18 kostsammare
388 258 120 21 organisation
527 260 22 15 än
568 258 32 17 den
618 259 52 22 ringa
686 259 74 21 trafiken
777 257 11 18 å
800 260 55 20 orten,
867 257 55 19 sådan
934 258 33 17 den

206 291 99 22 Tramginge
322 292 23 21 af
360 292 140 23 tulluppbörden,
518 295 59 20 syntes
590 293 82 22 påkalla,
684 293 105 23 afiöningen
800 293 31 18 för
842 293 126 18 tullförvalta-

208 331 33 12 ren
253 325 6 18 i
275 325 76 24 Nyslott
367 332 65 17 genom
448 327 69 23 nädiga
529 327 126 23 kungörelsen
668 328 36 17 den
718 329 20 16 13
751 328 83 17 februari
848 329 44 16 1895
904 327 64 18 blifvit

208 360 80 22 nedsatt,
306 361 104 22 hvarjemte
429 362 104 23 utgifterna
550 362 30 18 för
596 362 138 18 tullkamrarna
745 363 6 17 i
764 362 81 23 Nyslott,
859 361 108 23 Nykarleby

208 395 35 18 och
258 395 72 18 Iisalmi
346 401 66 17 genom
425 396 112 23 indragning
549 397 21 17 af
581 397 23 18 de
616 397 97 18 derstädes
726 397 51 18 förut
791 396 97 23 befintliga
900 401 67 17 uppsy-

208 431 278 23 ningsmannabefattningarna
498 432 102 22 minskats;

278 466 19 22 4)
316 467 27 16 att
361 466 142 18 statsutskottet
521 466 69 18 uttalat
607 465 161 24 önskningsmälet
786 467 26 16 att
827 465 117 22 stadgandena
961 464 7 17 i

207 499 84 23 gällande
302 501 141 22 resereglemente
455 501 107 22 beträffande
573 502 102 22 grunderna
687 501 29 21 för
729 501 96 22 beräkning
838 499 21 22 af
867 499 100 23 dagtrakta-

208 537 56 15 mente
282 535 56 22 blefve
356 536 128 17 underkastade
502 537 77 16 revision
594 537 8 16 i
617 537 47 21 syfte
676 538 26 15 att
714 536 67 17 antalet
793 535 61 22 dagar,
866 535 30 21 för
908 533 59 18 hvilka

209 570 115 17 traktamente
342 571 93 21 debiteras,
453 571 38 17 icke
509 571 28 17 mä
555 571 59 17 kunna
633 571 107 22 väsentligen
756 570 96 22 öfverstiga
864 569 21 17 de
896 568 12 18 &
919 573 49 13 resor

209 605 90 22 verkligen
314 605 81 18 använda
407 606 88 22 dagarnas
507 606 30 21 tal,
551 606 96 18 äfvensom
660 607 28 17 att
700 605 134 19 embetsresors
847 603 121 23 företagande

209 638 94 19 måhända
322 639 63 18 kunde
405 640 6 17 i
432 639 97 24 åtskilliga
547 640 34 18 fall
599 641 107 22 begränsas.
731 639 29 18 Då
778 638 105 19 emellertid
902 637 66 23 hvarje

208 673 55 24 gång,
282 677 41 20 nytt
341 675 156 22 resereglemente
515 675 105 22 uppgjorts,
638 675 70 18 sådana
728 673 171 24 lagbestämnnigar
918 672 50 17 varit

208 709 84 22 afsedda,
304 709 121 23 hvarigenom
438 710 11 17 &
461 715 36 12 ena
509 709 53 18 sidan
575 709 89 23 obehörig
678 709 104 22 debitering
796 709 20 17 af
827 706 141 19 resekostnads-

209 744 105 23 ersättning
332 744 61 18 skulle
411 744 130 22 förekommas,
560 749 42 13 men
620 745 54 17 äfven
691 743 11 18 &
714 743 60 19 andra
786 743 53 18 sidan
852 741 24 24 på
888 742 80 18 embets-

209 784 53 13 resor
280 779 67 18 stadda
359 779 114 22 tjenstemän
485 778 29 18 för
527 779 41 18 sina
580 778 78 23 utgifter
670 778 128 18 tillförsäkras
810 777 36 18 full
858 776 110 22 ersättning,

209 813 30 18 för
259 813 74 18 hvilket
352 813 87 18 ändamål
456 813 70 23 jemväl
544 813 113 18 hithörande
677 812 120 19 föreskrifter
815 812 6 17 i
839 817 25 12 nu
882 810 86 23 gällande

209 848 157 23 resereglemente
384 848 21 17 af
421 848 36 17 den
477 848 20 17 16
515 847 92 18 Februari
625 848 43 17 1891
681 847 115 22 tillkommit,
809 847 39 20 har,
861 847 45 16 enär
919 845 49 18 dess-

209 884 51 16 utom
284 882 68 18 endast
373 881 59 24 några
453 881 21 19 år
495 881 71 24 förgått
586 882 56 18 sedan
663 882 52 18 detta
734 881 114 23 reglemente
870 880 98 20 utfärdats,

209 922 43 12 men
271 917 31 18 det
320 917 49 18 först
385 922 65 17 genom
463 916 60 23 någon
536 917 38 18 tids
586 917 110 22 ytterligare
707 916 121 23 tillämpning
840 916 38 17 kan
890 915 78 21 erfaras,

209 952 95 18 huruvida
321 952 36 18 och
375 952 6 17 i
399 952 66 17 hvilka
483 952 52 17 delar
554 951 57 23 sagda
627 952 114 22 reglemente
753 951 91 18 behöfver
856 950 112 23 förtydligas

210 986 46 18 eller
276 986 140 23 kompletteras,
435 986 42 18 skäl
496 986 16 22 ej
531 987 73 16 ansetts
624 985 116 18 förekomma
758 987 29 16 att
804 985 30 17 för
852 983 117 19 närvarande

210 1021 116 17 underkasta
338 1020 164 23 resereglementet
515 1025 22 12 en
550 1025 24 17 ny
586 1019 130 23 omarbetning
728 1019 6 18 i
746 1019 33 18 det
796 1019 20 18 af
828 1018 142 18 statsutskottet

210 1055 84 23 antydda
306 1055 57 23 syfte;

280 1091 18 21 5)
314 1092 29 15 att
355 1090 150 18 statsutskottets
518 1090 124 22 anmärkning
654 1090 69 21 derom,
736 1091 26 16 att
774 1089 28 17 det
815 1088 21 17 år
848 1089 48 17 1890
907 1088 29 21 för
949 1093 20 12 en

209 1125 140 22 frysinrättning
366 1125 7 16 i
388 1124 63 23 Hangö
469 1124 86 22 beviljade
572 1124 62 23 anslag
652 1125 22 20 af
688 1124 68 21 20,000
771 1124 51 16 mark
833 1122 81 24 utgifvits
927 1124 41 15 utan

209 1158 88 22 förbehåll
314 1165 27 11 om
359 1158 88 24 anslagets
465 1158 115 18 återbärande
598 1159 30 17 vid
646 1159 129 22 inrättningens
793 1157 119 23 upphörande,
927 1156 42 18 icke

209 1193 97 18 föranledt
322 1193 30 18 till
371 1193 61 23 någon
451 1192 70 23 åtgärd,
541 1192 24 18 då
583 1193 27 17 uti
623 1193 35 18 den
671 1192 129 23 underdåniga
813 1191 112 18 bemställan
938 1196 29 12 om

210 1227 116 23 beviljandet
344 1228 21 17 af
381 1226 142 24 ifrågavarande
542 1227 117 21 subvention,
675 1232 39 13 som
730 1227 36 17 den
782 1228 11 16 6
806 1231 49 13 mars
869 1226 45 18 1890
926 1225 42 18 aflå-

209 1262 35 17 tits
263 1262 29 17 till
310 1262 53 18 Hans
381 1262 106 22 Kejserliga
505 1262 95 23 Majestät,
618 1262 61 22 någon
694 1261 140 23 framställning
853 1256 47 34 icke.
904 1260 66 17 blifvit

209 1296 57 23 gjord
278 1296 68 22 derom,
359 1298 28 16 att
399 1297 135 18 subventionen
547 1297 58 17 borde
617 1302 45 12 vara
674 1296 107 22 förverkad,
791 1301 29 13 om
830 1295 138 23 frysinrättnin-

209 1336 37 18 gen
264 1331 80 18 instälde
361 1331 29 17 sin
409 1332 126 17 verksamhet.
560 1332 63 22 Utsigt
640 1333 21 16 är
676 1336 78 13 numera
774 1330 105 18 förhanden
897 1331 28 16 att
941 1330 27 17 in-

209 1366 108 22 rättningen
327 1367 53 17 snart
388 1366 41 18 åter
439 1366 83 18 kommer
531 1367 29 16 att
569 1367 71 21 öppnas
650 1366 35 17 och
696 1365 59 17 blifva
760 1364 31 18 till
801 1369 48 18 gagn
858 1363 29 19 för
895 1364 74 22 landet;

279 1401 19 22 6)
316 1402 26 16 att
361 1400 60 18 Saima
439 1401 62 17 kanals
519 1400 74 22 utgifter
607 1401 55 21 jemte
673 1400 97 17 kostnaden
782 1400 30 20 för
825 1399 58 22 öfriga
895 1398 74 17 kanaler

209 1433 43 23 från
271 1434 30 17 och
319 1434 38 17 med
373 1434 21 17 år
413 1434 71 21 1892,i
500 1434 100 23 anledning
616 1434 21 18 af
653 1434 152 18 statsutskottets
824 1432 62 19 derom
902 1432 67 23 gjorda
