1095 1789
180 131 75 22 Ständ.
271 131 50 22 Skr.
332 143 24 4 —
366 131 99 22 XXXIV.
476 143 23 4 —
510 131 80 22 Bankf.
607 131 38 22 och
662 131 111 22 Bankrev.
844 132 12 19 3

353 235 57 22 inom
427 234 182 23 Presteständet:

173 309 36 21 till
232 309 200 28 Bankfullmäktig:
454 309 188 22 Extraordinarie
666 310 134 21 Professorn
820 309 40 21 vid

105 343 140 22 Alexanders
261 343 174 29 Universitetet,
451 344 109 22 Filosofie
571 344 106 21 Doktorn
689 344 54 21 Otto
755 345 104 25 Donner;

174 384 36 21 till
231 385 65 27 förste
317 384 324 29 Bankfullmäktigssuppleant:
663 385 137 21 Professorn
820 384 40 21 vid

105 419 100 22 nämnda
226 419 148 27 Universitet,
398 419 65 22 Juris
488 419 126 28 Utriusgue
639 420 107 21 Doktorn
771 419 89 22 Jaakko

107 454 72 20 Oskar
194 453 122 27 Forsman
304 449 15 35 ;

174 494 37 21 till
233 494 68 22 andre
322 494 319 28 Bankfullmäktigssuppleant:
663 494 135 21 Professorn
821 493 40 22 vid

107 528 69 29 sagda
201 528 149 28 Universitet,
376 528 109 22 Filosofie
514 529 111 28 Doktorn,
655 528 106 22 Friherre
791 528 71 22 Ernst

108 563 85 22 Gustaf
205 563 105 27 Palmén;

175 604 36 20 till
235 604 66 27 tredje
323 604 322 28 Bankfullmäktigssuppleant:
667 604 137 22 Professorn
822 603 40 22 vid

109 646 85 14 samma
213 638 148 28 Universitet,
382 638 109 22 Filosofie
514 639 98 21 Doktorn
629 639 90 30 Edvard
735 638 126 22 Immanuel

108 673 74 29 Hjelt;

176 714 36 21 till
235 714 155 22 Bankrevisor:
413 709 160 26 Öfverläraren
592 714 39 22 vid
650 714 99 21 svenska
764 713 98 22 normal-

109 748 74 28 lyceet
198 748 81 22 Alfred
294 748 122 28 Kihlman;

177 789 36 21 till
227 789 65 27 förste
307 788 280 28 Bankrevisorssuppleant:
597 788 170 29 Kyrkoherden
779 788 7 21 i
797 788 65 22 Will-

110 823 131 21 manstrand
264 823 43 21 och
328 824 116 28 Lappvesi
466 824 141 28 församling,
630 824 105 27 Prosten,
755 822 108 22 Filosofie

109 858 126 28 Magistern
251 858 84 21 Gustaf
348 857 72 22 Oskar
436 858 105 22 Theodor
556 858 145 27 Nordström;

178 898 36 22 till
229 899 68 21 andre
309 899 280 27 Bankrevisorssuppleant:
603 894 159 26 Öfverläraren
773 898 39 22 vid
822 898 42 21 fin-

111 933 42 21 ska
174 933 169 29 normallyceet,
366 933 142 29 Professorn,
532 933 107 22 Filosofie
662 933 107 21 Doktorn
793 933 71 21 Ernst

110 968 76 21 Jakob
200 968 130 21 Waldemar
345 968 135 27 Bonsdorff;

179 1008 36 21 till
232 1008 65 28 tredje
312 1008 282 28 Bankrevisorssuppleant:
608 1008 169 29 Kyrkoherden
796 1008 7 21 i
822 1007 42 22 Ta-

111 1043 106 21 vastehus
241 1043 42 21 och
303 1043 75 21 Wånå
396 1042 142 29 församling,
554 1043 224 28 Kontraktsprosten
793 1042 72 21 Josua

111 1077 129 21 Johansson
248 1085 4 19 ;

351 1210 56 22 inom
423 1210 199 28 Borgareständet:

181 1308 35 21 till
240 1308 197 29 Bankfullmäktig:
460 1303 203 27 Öfverdirektören
685 1309 8 20 i
716 1303 149 34 Öfverstyrel-

112 1344 40 19 ten
171 1343 36 20 för
226 1342 174 28 Skolväsendet,
416 1342 110 29 Verklige
541 1343 134 28 Statsrädet,
692 1343 107 21 Doktorn
814 1343 8 21 i
838 1343 28 21 de

113 1377 245 28 fysisk-matematiska
376 1377 183 28 vetenskaperna
578 1377 89 22 Lorenz
686 1377 105 22 Leonard
811 1377 55 22 Lin-

113 1411 74 27 delöf;
