1092 1734
278 165 84 23 Ständ.
379 165 55 23 Skr.
449 178 30 3 —
494 164 95 23 Antells
604 164 142 28 samlingar.
877 162 13 21 5

335 234 62 21 träde
413 233 102 28 uppbära
530 236 28 18 ett
574 232 79 22 arvode
668 232 32 28 af
710 233 30 21 25
751 232 70 21 mark.
850 226 41 32 Öf-

334 269 51 27 riga
400 268 96 28 utgifter
506 268 117 20 ankomma
634 268 13 20 å
658 267 160 27 delegationens
826 265 65 28 pröf-

335 303 54 27 ning
404 302 39 21 och
460 302 167 21 bestämmande.

195 368 122 29 Därjämte
336 368 71 22 hafva
427 367 134 22 Ständerna
580 367 108 22 beslutit:

404 428 23 26 4)
451 430 33 18 att
505 428 160 27 delegationens
680 426 104 28 uppdrag
800 426 90 20 bestäm-

333 469 44 14 mes
397 464 32 19 att
441 462 106 27 fortvara
562 462 35 21 till
612 462 109 27 utgången
737 461 30 27 af
780 461 26 20 år
821 460 70 29 1900;

333 499 56 18 samt

403 548 24 27 5)
443 550 33 18 att
487 548 44 27 för
546 549 52 20 åren
614 548 152 21 1898—1900
783 546 64 21 anslå
860 547 29 19 ett

337 582 76 27 belopp
437 582 30 27 af
479 583 80 26 15,000
575 582 63 21 mark
654 584 31 18 att
700 582 32 27 af
743 580 148 28 delegationen

335 620 54 17 emot
403 616 277 28 redovisningsskyldighet
693 615 115 22 användas
818 615 36 20 till
865 614 26 21 de

333 651 99 27 utgifter,
451 657 47 14 som
518 651 31 27 af
564 651 48 20 dess
630 650 102 28 uppdrag
748 649 141 28 föranledas.

197 711 12 21 I
227 710 168 29 sammanhang
413 710 99 22 härmed
530 711 24 21 få
573 710 132 22 Ständerna
721 709 170 28 underdånigst

128 745 99 28 anmäla,
255 747 35 20 att
317 745 161 22 nästnämnda
502 745 38 21 till
558 744 175 29 delegationens
751 743 139 29 förfogande

128 779 77 22 stälda
233 780 148 28 anslagspost
403 780 92 27 15,000
513 779 73 28 mark,
604 779 104 22 kommer
726 780 36 20 att
780 778 24 22 af
822 777 69 22 Stän-

128 814 72 22 derna
228 815 135 21 observeras
391 813 42 23 vid
451 813 177 30 behandlingen
646 813 24 22 af
687 811 204 30 bevillningsbud-

128 851 71 27 geten
217 849 36 22 för
271 848 158 22 instundande
448 848 165 30 finansperiod.

198 974 37 22 Då
262 974 39 22 val
329 974 23 22 af
373 974 129 22 ledamöter
524 974 44 22 och
586 974 149 28 suppleanter
753 974 8 20 i
780 972 110 23 ofvanbe-

128 1008 69 23 rörda
225 1008 134 30 delegation
377 1009 64 21 inom
460 1008 100 22 stånden
579 1008 106 28 anstälts,
703 1008 71 22 hafva
792 1006 98 23 utsedde

129 1043 89 22 blifvit:

199 1095 24 22 af
252 1094 160 27 Ridderskapet
436 1094 39 20 och
491 1094 86 21 Adeln:
600 1094 38 22 till
664 1094 112 22 ledamot:
804 1093 87 29 profes-

130 1137 61 20 sorn,
222 1128 96 22 friherre
348 1129 116 21 Maximus
496 1128 129 22 Widekind
656 1128 24 22 af
707 1128 120 28 Schulten,
854 1127 37 22 till

130 1164 160 28 suppleanter:
309 1163 202 29 generalmajoren
530 1163 78 22 Julius
628 1163 23 21 af
662 1162 118 29 Lindfors,
794 1162 98 22 artisten

131 1198 85 22 Albert
234 1198 103 21 Edelfelt
355 1197 44 22 och
417 1197 124 28 docenten,
560 1197 199 22 filosofiedoktorn
772 1196 61 22 Axel
846 1196 45 22 Ga-

130 1232 61 22 briel
207 1232 173 28 Wallensköld;

200 1267 23 22 af
250 1268 174 21 Presteständet:
439 1266 39 21 till
499 1266 112 22 ledamot:
636 1266 139 28 professorn,
794 1264 97 23 friherre

131 1301 73 22 Ernst
231 1301 84 22 Gustaf
341 1299 104 29 Palmen,
471 1300 38 21 till
533 1300 159 29 suppleanter:
711 1299 181 22 filosofiedokto-

131 1343 67 14 rerne
221 1336 80 21 Petter
319 1335 107 21 Theodor
445 1334 115 22 Schvindt
579 1335 44 21 och
640 1334 90 21 Arthur
746 1334 68 29 Hjelt
832 1335 60 20 samt

131 1371 66 20 extra
215 1370 116 22 ordinarie
350 1369 134 29 professorn
501 1369 53 22 Jarl
571 1369 99 22 Werner
689 1368 155 29 Söderhjelm;

201 1405 23 21 af
251 1405 195 28 Borgareständet:
468 1403 38 22 till
532 1403 111 22 ledamot:
671 1403 139 29 professorn,
835 1403 57 20 kan-

132 1437 97 23 slirädet
247 1439 54 21 Carl
319 1438 85 21 Gustaf
416 1438 134 27 Estlander,
563 1438 38 21 till
612 1438 72 21 förste
697 1437 125 29 suppleant
834 1436 58 29 poli-

131 1472 210 29 tieborgmästaren
359 1472 66 22 Elias
444 1469 98 31 Öhman,
560 1472 38 21 till
614 1471 72 22 andre
698 1472 126 28 suppleant
834 1471 58 28 juris
