<?xml version="1.0" encoding="UTF-8"?>
<alto xmlns="http://www.loc.gov/standards/alto/ns-v3#" xmlns:xlink="http://www.w3.org/1999/xlink" xmlns:xsi="http://www.w3.org/2001/XMLSchema-instance" xsi:schemaLocation="http://www.loc.gov/standards/alto/ns-v3# http://www.loc.gov/alto/v3/alto-3-0.xsd">
	<Description>
		<MeasurementUnit>pixel</MeasurementUnit>
		<sourceImageInformation>
			<fileName>/tmp/tess_ezec7s9m_input.PNG</fileName>
		</sourceImageInformation>
		<OCRProcessing ID="OCR_0">
			<ocrProcessingStep>
				<processingSoftware>
					<softwareName>tesseract 5.3.4</softwareName>
				</processingSoftware>
			</ocrProcessingStep>
		</OCRProcessing>
	</Description>
	<Layout>
		<Page WIDTH="1098" HEIGHT="1756" PHYSICAL_IMG_NR="0" ID="page_0">
			<PrintSpace HPOS="0" VPOS="0" WIDTH="1098" HEIGHT="1756">
				<ComposedBlock ID="cblock_0" HPOS="394" VPOS="143" WIDTH="493" HEIGHT="26">
					<TextBlock ID="block_0" HPOS="394" VPOS="143" WIDTH="493" HEIGHT="26">
						<TextLine ID="line_0" HPOS="394" VPOS="143" WIDTH="493" HEIGHT="26">
							<String ID="string_0" HPOS="394" VPOS="143" WIDTH="30" HEIGHT="23" WC="0.92" CONTENT="U."/><SP WIDTH="15" VPOS="143" HPOS="424"/>
							<String ID="string_1" HPOS="439" VPOS="143" WIDTH="27" HEIGHT="22" WC="0.91" CONTENT="B."/><SP WIDTH="18" VPOS="143" HPOS="466"/>
							<String ID="string_2" HPOS="484" VPOS="155" WIDTH="28" HEIGHT="3" WC="0.91" CONTENT="—"/><SP WIDTH="15" VPOS="155" HPOS="512"/>
							<String ID="string_3" HPOS="527" VPOS="143" WIDTH="106" HEIGHT="21" WC="0.92" CONTENT="XXXIV."/><SP WIDTH="243" VPOS="143" HPOS="633"/>
							<String ID="string_4" HPOS="876" VPOS="148" WIDTH="11" HEIGHT="21" WC="0.96" CONTENT="3"/>
						</TextLine>
					</TextBlock>
				</ComposedBlock>
				<ComposedBlock ID="cblock_1" HPOS="127" VPOS="206" WIDTH="770" HEIGHT="1264">
					<TextBlock ID="block_1" HPOS="127" VPOS="206" WIDTH="770" HEIGHT="1264">
						<TextLine ID="line_1" HPOS="127" VPOS="206" WIDTH="760" HEIGHT="27">
							<String ID="string_5" HPOS="127" VPOS="206" WIDTH="133" HEIGHT="22" WC="0.91" CONTENT="förhällande"/><SP WIDTH="14" VPOS="206" HPOS="260"/>
							<String ID="string_6" HPOS="274" VPOS="207" WIDTH="32" HEIGHT="21" WC="0.96" CONTENT="till"/><SP WIDTH="14" VPOS="207" HPOS="306"/>
							<String ID="string_7" HPOS="320" VPOS="206" WIDTH="107" HEIGHT="27" WC="0.95" CONTENT="beloppet"/><SP WIDTH="15" VPOS="206" HPOS="427"/>
							<String ID="string_8" HPOS="442" VPOS="206" WIDTH="25" HEIGHT="21" WC="0.97" CONTENT="af"/><SP WIDTH="12" VPOS="206" HPOS="467"/>
							<String ID="string_9" HPOS="479" VPOS="206" WIDTH="51" HEIGHT="21" WC="0.93" CONTENT="dess"/><SP WIDTH="15" VPOS="206" HPOS="530"/>
							<String ID="string_10" HPOS="545" VPOS="206" WIDTH="133" HEIGHT="27" WC="0.92" CONTENT="utelöpande"/><SP WIDTH="15" VPOS="206" HPOS="678"/>
							<String ID="string_11" HPOS="693" VPOS="206" WIDTH="78" HEIGHT="21" WC="0.91" CONTENT="sedlar."/><SP WIDTH="22" VPOS="206" HPOS="771"/>
							<String ID="string_12" HPOS="793" VPOS="206" WIDTH="47" HEIGHT="21" WC="0.96" CONTENT="Hos"/><SP WIDTH="11" VPOS="206" HPOS="840"/>
							<String ID="string_13" HPOS="851" VPOS="213" WIDTH="36" HEIGHT="14" WC="0.96" CONTENT="oss"/>
						</TextLine>
						<TextLine ID="line_2" HPOS="127" VPOS="240" WIDTH="759" HEIGHT="27">
							<String ID="string_14" HPOS="127" VPOS="241" WIDTH="24" HEIGHT="21" WC="0.95" CONTENT="är"/><SP WIDTH="15" VPOS="241" HPOS="151"/>
							<String ID="string_15" HPOS="166" VPOS="241" WIDTH="61" HEIGHT="20" WC="0.92" CONTENT="detta"/><SP WIDTH="15" VPOS="241" HPOS="227"/>
							<String ID="string_16" HPOS="242" VPOS="241" WIDTH="48" HEIGHT="20" WC="0.87" CONTENT="icke"/><SP WIDTH="13" VPOS="241" HPOS="290"/>
							<String ID="string_17" HPOS="303" VPOS="241" WIDTH="66" HEIGHT="25" WC="0.92" CONTENT="fallet,"/><SP WIDTH="16" VPOS="241" HPOS="369"/>
							<String ID="string_18" HPOS="385" VPOS="244" WIDTH="52" HEIGHT="17" WC="0.96" CONTENT="utan"/><SP WIDTH="15" VPOS="244" HPOS="437"/>
							<String ID="string_19" HPOS="452" VPOS="241" WIDTH="73" HEIGHT="26" WC="0.93" CONTENT="gäller,"/><SP WIDTH="13" VPOS="241" HPOS="525"/>
							<String ID="string_20" HPOS="538" VPOS="240" WIDTH="126" HEIGHT="21" WC="0.92" CONTENT="oberoende"/><SP WIDTH="12" VPOS="240" HPOS="664"/>
							<String ID="string_21" HPOS="676" VPOS="240" WIDTH="24" HEIGHT="21" WC="0.93" CONTENT="af"/><SP WIDTH="10" VPOS="240" HPOS="700"/>
							<String ID="string_22" HPOS="710" VPOS="240" WIDTH="176" HEIGHT="27" WC="0.92" CONTENT="sedelmängden,"/>
						</TextLine>
						<TextLine ID="line_3" HPOS="128" VPOS="275" WIDTH="759" HEIGHT="21">
							<String ID="string_23" HPOS="128" VPOS="275" WIDTH="78" HEIGHT="21" WC="0.96" CONTENT="endast"/><SP WIDTH="21" VPOS="275" HPOS="206"/>
							<String ID="string_24" HPOS="227" VPOS="279" WIDTH="32" HEIGHT="17" WC="0.96" CONTENT="att"/><SP WIDTH="23" VPOS="279" HPOS="259"/>
							<String ID="string_25" HPOS="282" VPOS="275" WIDTH="42" HEIGHT="21" WC="0.93" CONTENT="den"/><SP WIDTH="19" VPOS="275" HPOS="324"/>
							<String ID="string_26" HPOS="343" VPOS="275" WIDTH="121" HEIGHT="21" WC="0.92" CONTENT="metalliska"/><SP WIDTH="14" VPOS="275" HPOS="464"/>
							<String ID="string_27" HPOS="478" VPOS="275" WIDTH="80" HEIGHT="20" WC="0.93" CONTENT="kassan"/><SP WIDTH="15" VPOS="275" HPOS="558"/>
							<String ID="string_28" HPOS="573" VPOS="275" WIDTH="48" HEIGHT="20" WC="0.91" CONTENT="icke"/><SP WIDTH="15" VPOS="275" HPOS="621"/>
							<String ID="string_29" HPOS="636" VPOS="275" WIDTH="35" HEIGHT="20" WC="0.93" CONTENT="mä"/><SP WIDTH="15" VPOS="275" HPOS="671"/>
							<String ID="string_30" HPOS="686" VPOS="275" WIDTH="119" HEIGHT="20" WC="0.92" CONTENT="bibehällas"/><SP WIDTH="15" VPOS="275" HPOS="805"/>
							<String ID="string_31" HPOS="820" VPOS="275" WIDTH="67" HEIGHT="20" WC="0.96" CONTENT="under"/>
						</TextLine>
						<TextLine ID="line_4" HPOS="128" VPOS="309" WIDTH="758" HEIGHT="28">
							<String ID="string_32" HPOS="128" VPOS="313" WIDTH="32" HEIGHT="18" WC="0.94" CONTENT="ett"/><SP WIDTH="22" VPOS="313" HPOS="160"/>
							<String ID="string_33" HPOS="182" VPOS="311" WIDTH="54" HEIGHT="20" WC="0.93" CONTENT="visst"/><SP WIDTH="22" VPOS="311" HPOS="236"/>
							<String ID="string_34" HPOS="258" VPOS="309" WIDTH="110" HEIGHT="22" WC="0.92" CONTENT="faststäldt"/><SP WIDTH="18" VPOS="309" HPOS="368"/>
							<String ID="string_35" HPOS="386" VPOS="309" WIDTH="90" HEIGHT="28" WC="0.92" CONTENT="belopp,"/><SP WIDTH="15" VPOS="309" HPOS="476"/>
							<String ID="string_36" HPOS="491" VPOS="309" WIDTH="60" HEIGHT="27" WC="0.92" CONTENT="tjugu"/><SP WIDTH="16" VPOS="309" HPOS="551"/>
							<String ID="string_37" HPOS="567" VPOS="309" WIDTH="96" HEIGHT="26" WC="0.96" CONTENT="miljoner"/><SP WIDTH="15" VPOS="309" HPOS="663"/>
							<String ID="string_38" HPOS="678" VPOS="309" WIDTH="67" HEIGHT="25" WC="0.96" CONTENT="mark,"/><SP WIDTH="16" VPOS="309" HPOS="745"/>
							<String ID="string_39" HPOS="761" VPOS="309" WIDTH="79" HEIGHT="21" WC="0.93" CONTENT="medan"/><SP WIDTH="14" VPOS="309" HPOS="840"/>
							<String ID="string_40" HPOS="854" VPOS="309" WIDTH="32" HEIGHT="20" WC="0.92" CONTENT="sä-"/>
						</TextLine>
						<TextLine ID="line_5" HPOS="128" VPOS="343" WIDTH="761" HEIGHT="28">
							<String ID="string_41" HPOS="128" VPOS="351" WIDTH="48" HEIGHT="14" WC="0.96" CONTENT="som"/><SP WIDTH="21" VPOS="351" HPOS="176"/>
							<String ID="string_42" HPOS="197" VPOS="343" WIDTH="71" HEIGHT="22" WC="0.96" CONTENT="valuta"/><SP WIDTH="22" VPOS="343" HPOS="268"/>
							<String ID="string_43" HPOS="290" VPOS="343" WIDTH="33" HEIGHT="21" WC="0.93" CONTENT="för"/><SP WIDTH="15" VPOS="343" HPOS="323"/>
							<String ID="string_44" HPOS="338" VPOS="343" WIDTH="194" HEIGHT="28" WC="0.92" CONTENT="sedelutgifningen"/><SP WIDTH="15" VPOS="343" HPOS="532"/>
							<String ID="string_45" HPOS="547" VPOS="343" WIDTH="106" HEIGHT="21" WC="0.92" CONTENT="erkännes"/><SP WIDTH="16" VPOS="343" HPOS="653"/>
							<String ID="string_46" HPOS="669" VPOS="347" WIDTH="61" HEIGHT="17" WC="0.92" CONTENT="utom"/><SP WIDTH="14" VPOS="347" HPOS="730"/>
							<String ID="string_47" HPOS="744" VPOS="343" WIDTH="52" HEIGHT="28" WC="0.93" CONTENT="guld"/><SP WIDTH="12" VPOS="343" HPOS="796"/>
							<String ID="string_48" HPOS="808" VPOS="343" WIDTH="81" HEIGHT="27" WC="0.92" CONTENT="jämväl"/>
						</TextLine>
						<TextLine ID="line_6" HPOS="129" VPOS="377" WIDTH="759" HEIGHT="28">
							<String ID="string_49" HPOS="129" VPOS="377" WIDTH="67" HEIGHT="21" WC="0.87" CONTENT="andra"/><SP WIDTH="23" VPOS="377" HPOS="196"/>
							<String ID="string_50" HPOS="219" VPOS="377" WIDTH="57" HEIGHT="28" WC="0.94" CONTENT="slags"/><SP WIDTH="16" VPOS="377" HPOS="276"/>
							<String ID="string_51" HPOS="292" VPOS="377" WIDTH="120" HEIGHT="28" WC="0.93" CONTENT="tillgångar,"/><SP WIDTH="16" VPOS="377" HPOS="412"/>
							<String ID="string_52" HPOS="428" VPOS="377" WIDTH="268" HEIGHT="28" WC="0.92" CONTENT="kontokurantfordringar"/><SP WIDTH="15" VPOS="377" HPOS="696"/>
							<String ID="string_53" HPOS="711" VPOS="379" WIDTH="7" HEIGHT="19" WC="0.93" CONTENT="i"/><SP WIDTH="16" VPOS="379" HPOS="718"/>
							<String ID="string_54" HPOS="734" VPOS="377" WIDTH="97" HEIGHT="22" WC="0.96" CONTENT="utlandet"/><SP WIDTH="15" VPOS="377" HPOS="831"/>
							<String ID="string_55" HPOS="846" VPOS="377" WIDTH="42" HEIGHT="21" WC="0.96" CONTENT="och"/>
						</TextLine>
						<TextLine ID="line_7" HPOS="129" VPOS="412" WIDTH="759" HEIGHT="27">
							<String ID="string_56" HPOS="129" VPOS="412" WIDTH="115" HEIGHT="21" WC="0.93" CONTENT="utländska"/><SP WIDTH="18" VPOS="412" HPOS="244"/>
							<String ID="string_57" HPOS="262" VPOS="412" WIDTH="148" HEIGHT="27" WC="0.92" CONTENT="obligationer."/><SP WIDTH="30" VPOS="412" HPOS="410"/>
							<String ID="string_58" HPOS="440" VPOS="413" WIDTH="10" HEIGHT="20" WC="0.87" CONTENT="I"/><SP WIDTH="15" VPOS="413" HPOS="450"/>
							<String ID="string_59" HPOS="465" VPOS="413" WIDTH="117" HEIGHT="21" WC="0.92" CONTENT="allmänhet"/><SP WIDTH="15" VPOS="413" HPOS="582"/>
							<String ID="string_60" HPOS="597" VPOS="413" WIDTH="39" HEIGHT="20" WC="0.96" CONTENT="har"/><SP WIDTH="14" VPOS="413" HPOS="636"/>
							<String ID="string_61" HPOS="650" VPOS="413" WIDTH="103" HEIGHT="20" WC="0.96" CONTENT="Finlands"/><SP WIDTH="15" VPOS="413" HPOS="753"/>
							<String ID="string_62" HPOS="768" VPOS="412" WIDTH="62" HEIGHT="21" WC="0.93" CONTENT="Bank"/><SP WIDTH="10" VPOS="412" HPOS="830"/>
							<String ID="string_63" HPOS="840" VPOS="412" WIDTH="48" HEIGHT="21" WC="0.92" CONTENT="icke"/>
						</TextLine>
						<TextLine ID="line_8" HPOS="130" VPOS="446" WIDTH="758" HEIGHT="28">
							<String ID="string_64" HPOS="130" VPOS="446" WIDTH="75" HEIGHT="27" WC="0.91" CONTENT="plägat"/><SP WIDTH="15" VPOS="446" HPOS="205"/>
							<String ID="string_65" HPOS="220" VPOS="446" WIDTH="56" HEIGHT="21" WC="0.89" CONTENT="hällä"/><SP WIDTH="14" VPOS="446" HPOS="276"/>
							<String ID="string_66" HPOS="290" VPOS="446" WIDTH="89" HEIGHT="27" WC="0.96" CONTENT="mycket"/><SP WIDTH="15" VPOS="446" HPOS="379"/>
							<String ID="string_67" HPOS="394" VPOS="446" WIDTH="70" HEIGHT="21" WC="0.93" CONTENT="större"/><SP WIDTH="15" VPOS="446" HPOS="464"/>
							<String ID="string_68" HPOS="479" VPOS="447" WIDTH="117" HEIGHT="27" WC="0.92" CONTENT="guldkassa"/><SP WIDTH="13" VPOS="447" HPOS="596"/>
							<String ID="string_69" HPOS="609" VPOS="447" WIDTH="27" HEIGHT="20" WC="0.93" CONTENT="än"/><SP WIDTH="18" VPOS="447" HPOS="636"/>
							<String ID="string_70" HPOS="654" VPOS="447" WIDTH="79" HEIGHT="20" WC="0.92" CONTENT="nämda"/><SP WIDTH="17" VPOS="447" HPOS="733"/>
							<String ID="string_71" HPOS="750" VPOS="447" WIDTH="83" HEIGHT="27" WC="0.92" CONTENT="belopp"/><SP WIDTH="13" VPOS="447" HPOS="833"/>
							<String ID="string_72" HPOS="846" VPOS="446" WIDTH="42" HEIGHT="21" WC="0.96" CONTENT="och"/>
						</TextLine>
						<TextLine ID="line_9" HPOS="130" VPOS="481" WIDTH="758" HEIGHT="27">
							<String ID="string_73" HPOS="130" VPOS="481" WIDTH="102" HEIGHT="21" WC="0.93" CONTENT="särskildt"/><SP WIDTH="24" VPOS="481" HPOS="232"/>
							<String ID="string_74" HPOS="256" VPOS="481" WIDTH="66" HEIGHT="21" WC="0.93" CONTENT="under"/><SP WIDTH="24" VPOS="481" HPOS="322"/>
							<String ID="string_75" HPOS="346" VPOS="485" WIDTH="87" HEIGHT="18" WC="0.95" CONTENT="senaste"/><SP WIDTH="21" VPOS="485" HPOS="433"/>
							<String ID="string_76" HPOS="454" VPOS="481" WIDTH="32" HEIGHT="21" WC="0.96" CONTENT="tid"/><SP WIDTH="22" VPOS="481" HPOS="486"/>
							<String ID="string_77" HPOS="508" VPOS="481" WIDTH="39" HEIGHT="20" WC="0.93" CONTENT="har"/><SP WIDTH="22" VPOS="481" HPOS="547"/>
							<String ID="string_78" HPOS="569" VPOS="481" WIDTH="210" HEIGHT="27" WC="0.91" CONTENT="guldbehällningen,"/><SP WIDTH="17" VPOS="481" HPOS="779"/>
							<String ID="string_79" HPOS="796" VPOS="481" WIDTH="92" HEIGHT="21" WC="0.92" CONTENT="oaktadt"/>
						</TextLine>
						<TextLine ID="line_10" HPOS="130" VPOS="515" WIDTH="759" HEIGHT="28">
							<String ID="string_80" HPOS="130" VPOS="515" WIDTH="107" HEIGHT="27" WC="0.96" CONTENT="beloppet"/><SP WIDTH="15" VPOS="515" HPOS="237"/>
							<String ID="string_81" HPOS="252" VPOS="515" WIDTH="22" HEIGHT="21" WC="0.96" CONTENT="af"/><SP WIDTH="14" VPOS="515" HPOS="274"/>
							<String ID="string_82" HPOS="288" VPOS="515" WIDTH="28" HEIGHT="21" WC="0.93" CONTENT="de"/><SP WIDTH="16" VPOS="515" HPOS="316"/>
							<String ID="string_83" HPOS="332" VPOS="515" WIDTH="132" HEIGHT="28" WC="0.91" CONTENT="utelöpande"/><SP WIDTH="15" VPOS="515" HPOS="464"/>
							<String ID="string_84" HPOS="479" VPOS="515" WIDTH="100" HEIGHT="21" WC="0.91" CONTENT="sedlarna"/><SP WIDTH="15" VPOS="515" HPOS="579"/>
							<String ID="string_85" HPOS="594" VPOS="517" WIDTH="55" HEIGHT="20" WC="0.93" CONTENT="varit"/><SP WIDTH="16" VPOS="517" HPOS="649"/>
							<String ID="string_86" HPOS="665" VPOS="515" WIDTH="97" HEIGHT="28" WC="0.92" CONTENT="ovanligt"/><SP WIDTH="15" VPOS="515" HPOS="762"/>
							<String ID="string_87" HPOS="777" VPOS="515" WIDTH="61" HEIGHT="27" WC="0.90" CONTENT="högt,"/><SP WIDTH="13" VPOS="515" HPOS="838"/>
							<String ID="string_88" HPOS="851" VPOS="521" WIDTH="38" HEIGHT="14" WC="0.92" CONTENT="va-"/>
						</TextLine>
						<TextLine ID="line_11" HPOS="130" VPOS="549" WIDTH="759" HEIGHT="27">
							<String ID="string_89" HPOS="130" VPOS="551" WIDTH="65" HEIGHT="20" WC="0.92" CONTENT="rierat"/><SP WIDTH="15" VPOS="551" HPOS="195"/>
							<String ID="string_90" HPOS="210" VPOS="550" WIDTH="78" HEIGHT="21" WC="0.96" CONTENT="mellan"/><SP WIDTH="18" VPOS="550" HPOS="288"/>
							<String ID="string_91" HPOS="306" VPOS="555" WIDTH="28" HEIGHT="16" WC="0.96" CONTENT="20"/><SP WIDTH="14" VPOS="555" HPOS="334"/>
							<String ID="string_92" HPOS="348" VPOS="550" WIDTH="42" HEIGHT="20" WC="0.96" CONTENT="och"/><SP WIDTH="16" VPOS="550" HPOS="390"/>
							<String ID="string_93" HPOS="406" VPOS="555" WIDTH="26" HEIGHT="15" WC="0.96" CONTENT="22"/><SP WIDTH="16" VPOS="555" HPOS="432"/>
							<String ID="string_94" HPOS="448" VPOS="550" WIDTH="103" HEIGHT="26" WC="0.95" CONTENT="miljoner."/><SP WIDTH="30" VPOS="550" HPOS="551"/>
							<String ID="string_95" HPOS="581" VPOS="550" WIDTH="46" HEIGHT="21" WC="0.93" CONTENT="Det"/><SP WIDTH="14" VPOS="550" HPOS="627"/>
							<String ID="string_96" HPOS="641" VPOS="557" WIDTH="66" HEIGHT="19" WC="0.92" CONTENT="synes"/><SP WIDTH="16" VPOS="557" HPOS="707"/>
							<String ID="string_97" HPOS="723" VPOS="549" WIDTH="58" HEIGHT="21" WC="0.93" CONTENT="dock"/><SP WIDTH="16" VPOS="549" HPOS="781"/>
							<String ID="string_98" HPOS="797" VPOS="549" WIDTH="92" HEIGHT="22" WC="0.92" CONTENT="Utskot-"/>
						</TextLine>
						<TextLine ID="line_12" HPOS="130" VPOS="583" WIDTH="760" HEIGHT="28">
							<String ID="string_99" HPOS="130" VPOS="587" WIDTH="39" HEIGHT="21" WC="0.94" CONTENT="tet,"/><SP WIDTH="17" VPOS="587" HPOS="169"/>
							<String ID="string_100" HPOS="186" VPOS="591" WIDTH="48" HEIGHT="13" WC="0.96" CONTENT="som"/><SP WIDTH="14" VPOS="591" HPOS="234"/>
							<String ID="string_101" HPOS="248" VPOS="591" WIDTH="36" HEIGHT="14" WC="0.93" CONTENT="om"/><SP WIDTH="15" VPOS="591" HPOS="284"/>
							<String ID="string_102" HPOS="299" VPOS="584" WIDTH="100" HEIGHT="27" WC="0.92" CONTENT="vägande"/><SP WIDTH="15" VPOS="584" HPOS="399"/>
							<String ID="string_103" HPOS="414" VPOS="584" WIDTH="47" HEIGHT="21" WC="0.93" CONTENT="skäl"/><SP WIDTH="15" VPOS="584" HPOS="461"/>
							<String ID="string_104" HPOS="476" VPOS="584" WIDTH="122" HEIGHT="21" WC="0.92" CONTENT="förefunnes"/><SP WIDTH="15" VPOS="584" HPOS="598"/>
							<String ID="string_105" HPOS="613" VPOS="584" WIDTH="33" HEIGHT="21" WC="0.93" CONTENT="för"/><SP WIDTH="15" VPOS="584" HPOS="646"/>
							<String ID="string_106" HPOS="661" VPOS="584" WIDTH="86" HEIGHT="21" WC="0.91" CONTENT="banken"/><SP WIDTH="14" VPOS="584" HPOS="747"/>
							<String ID="string_107" HPOS="761" VPOS="587" WIDTH="33" HEIGHT="18" WC="0.96" CONTENT="att"/><SP WIDTH="15" VPOS="587" HPOS="794"/>
							<String ID="string_108" HPOS="809" VPOS="585" WIDTH="7" HEIGHT="20" WC="0.96" CONTENT="i"/><SP WIDTH="14" VPOS="585" HPOS="816"/>
							<String ID="string_109" HPOS="830" VPOS="583" WIDTH="60" HEIGHT="28" WC="0.96" CONTENT="regel"/>
						</TextLine>
						<TextLine ID="line_13" HPOS="131" VPOS="617" WIDTH="759" HEIGHT="28">
							<String ID="string_110" HPOS="131" VPOS="617" WIDTH="56" HEIGHT="21" WC="0.96" CONTENT="hålla"/><SP WIDTH="23" VPOS="617" HPOS="187"/>
							<String ID="string_111" HPOS="210" VPOS="625" WIDTH="26" HEIGHT="14" WC="0.92" CONTENT="en"/><SP WIDTH="22" VPOS="625" HPOS="236"/>
							<String ID="string_112" HPOS="258" VPOS="619" WIDTH="67" HEIGHT="26" WC="0.96" CONTENT="något"/><SP WIDTH="21" VPOS="619" HPOS="325"/>
							<String ID="string_113" HPOS="346" VPOS="619" WIDTH="68" HEIGHT="20" WC="0.93" CONTENT="större"/><SP WIDTH="22" VPOS="619" HPOS="414"/>
							<String ID="string_114" HPOS="436" VPOS="618" WIDTH="125" HEIGHT="27" WC="0.91" CONTENT="guldkassa."/><SP WIDTH="30" VPOS="618" HPOS="561"/>
							<String ID="string_115" HPOS="591" VPOS="618" WIDTH="106" HEIGHT="21" WC="0.91" CONTENT="Särskildt"/><SP WIDTH="22" VPOS="618" HPOS="697"/>
							<String ID="string_116" HPOS="719" VPOS="625" WIDTH="66" HEIGHT="20" WC="0.96" CONTENT="synes"/><SP WIDTH="19" VPOS="625" HPOS="785"/>
							<String ID="string_117" HPOS="804" VPOS="618" WIDTH="86" HEIGHT="21" WC="0.96" CONTENT="banken"/>
						</TextLine>
						<TextLine ID="line_14" HPOS="131" VPOS="651" WIDTH="759" HEIGHT="28">
							<String ID="string_118" HPOS="131" VPOS="651" WIDTH="65" HEIGHT="22" WC="0.96" CONTENT="hafva"/><SP WIDTH="27" VPOS="651" HPOS="196"/>
							<String ID="string_119" HPOS="223" VPOS="652" WIDTH="115" HEIGHT="27" WC="0.96" CONTENT="anledning"/><SP WIDTH="26" VPOS="652" HPOS="338"/>
							<String ID="string_120" HPOS="364" VPOS="653" WIDTH="76" HEIGHT="25" WC="0.93" CONTENT="därtill,"/><SP WIDTH="26" VPOS="653" HPOS="440"/>
							<String ID="string_121" HPOS="466" VPOS="660" WIDTH="37" HEIGHT="13" WC="0.96" CONTENT="om"/><SP WIDTH="21" VPOS="660" HPOS="503"/>
							<String ID="string_122" HPOS="524" VPOS="653" WIDTH="79" HEIGHT="20" WC="0.96" CONTENT="tecken"/><SP WIDTH="15" VPOS="653" HPOS="603"/>
							<String ID="string_123" HPOS="618" VPOS="652" WIDTH="32" HEIGHT="21" WC="0.96" CONTENT="till"/><SP WIDTH="17" VPOS="652" HPOS="650"/>
							<String ID="string_124" HPOS="667" VPOS="659" WIDTH="27" HEIGHT="14" WC="0.93" CONTENT="en"/><SP WIDTH="15" VPOS="659" HPOS="694"/>
							<String ID="string_125" HPOS="709" VPOS="659" WIDTH="181" HEIGHT="20" WC="0.92" CONTENT="ogynnsammare"/>
						</TextLine>
						<TextLine ID="line_15" HPOS="132" VPOS="686" WIDTH="757" HEIGHT="28">
							<String ID="string_126" HPOS="132" VPOS="686" WIDTH="132" HEIGHT="28" WC="0.92" CONTENT="gestaltning"/><SP WIDTH="23" VPOS="686" HPOS="264"/>
							<String ID="string_127" HPOS="287" VPOS="687" WIDTH="23" HEIGHT="21" WC="0.93" CONTENT="af"/><SP WIDTH="23" VPOS="687" HPOS="310"/>
							<String ID="string_128" HPOS="333" VPOS="687" WIDTH="84" HEIGHT="21" WC="0.92" CONTENT="landets"/><SP WIDTH="24" VPOS="687" HPOS="417"/>
							<String ID="string_129" HPOS="441" VPOS="687" WIDTH="199" HEIGHT="27" WC="0.92" CONTENT="betalningsbalans"/><SP WIDTH="22" VPOS="687" HPOS="640"/>
							<String ID="string_130" HPOS="662" VPOS="690" WIDTH="112" HEIGHT="24" WC="0.92" CONTENT="gentemot"/><SP WIDTH="18" VPOS="690" HPOS="774"/>
							<String ID="string_131" HPOS="792" VPOS="687" WIDTH="97" HEIGHT="21" WC="0.92" CONTENT="utlandet"/>
						</TextLine>
						<TextLine ID="line_16" HPOS="132" VPOS="720" WIDTH="757" HEIGHT="28">
							<String ID="string_132" HPOS="132" VPOS="720" WIDTH="123" HEIGHT="22" WC="0.91" CONTENT="framträda."/><SP WIDTH="16" VPOS="720" HPOS="255"/>
							<String ID="string_133" HPOS="271" VPOS="721" WIDTH="80" HEIGHT="21" WC="0.92" CONTENT="Likasä"/><SP WIDTH="12" VPOS="721" HPOS="351"/>
							<String ID="string_134" HPOS="363" VPOS="722" WIDTH="23" HEIGHT="20" WC="0.93" CONTENT="är"/><SP WIDTH="10" VPOS="722" HPOS="386"/>
							<String ID="string_135" HPOS="396" VPOS="722" WIDTH="110" HEIGHT="20" WC="0.92" CONTENT="hällandet"/><SP WIDTH="10" VPOS="722" HPOS="506"/>
							<String ID="string_136" HPOS="516" VPOS="722" WIDTH="23" HEIGHT="20" WC="0.97" CONTENT="af"/><SP WIDTH="9" VPOS="722" HPOS="539"/>
							<String ID="string_137" HPOS="548" VPOS="728" WIDTH="27" HEIGHT="14" WC="0.96" CONTENT="en"/><SP WIDTH="10" VPOS="728" HPOS="575"/>
							<String ID="string_138" HPOS="585" VPOS="721" WIDTH="69" HEIGHT="21" WC="0.93" CONTENT="större"/><SP WIDTH="11" VPOS="721" HPOS="654"/>
							<String ID="string_139" HPOS="665" VPOS="721" WIDTH="116" HEIGHT="27" WC="0.92" CONTENT="guldkassa"/><SP WIDTH="17" VPOS="721" HPOS="781"/>
							<String ID="string_140" HPOS="798" VPOS="722" WIDTH="91" HEIGHT="20" WC="0.91" CONTENT="motive-"/>
						</TextLine>
						<TextLine ID="line_17" HPOS="132" VPOS="755" WIDTH="759" HEIGHT="28">
							<String ID="string_141" HPOS="132" VPOS="755" WIDTH="55" HEIGHT="25" WC="0.92" CONTENT="radt,"/><SP WIDTH="13" VPOS="755" HPOS="187"/>
							<String ID="string_142" HPOS="200" VPOS="755" WIDTH="73" HEIGHT="21" WC="0.93" CONTENT="därest"/><SP WIDTH="10" VPOS="755" HPOS="273"/>
							<String ID="string_143" HPOS="283" VPOS="755" WIDTH="106" HEIGHT="28" WC="0.96" CONTENT="beloppet"/><SP WIDTH="11" VPOS="755" HPOS="389"/>
							<String ID="string_144" HPOS="400" VPOS="756" WIDTH="24" HEIGHT="20" WC="0.92" CONTENT="af"/><SP WIDTH="7" VPOS="756" HPOS="424"/>
							<String ID="string_145" HPOS="431" VPOS="756" WIDTH="96" HEIGHT="20" WC="0.92" CONTENT="bankens"/><SP WIDTH="13" VPOS="756" HPOS="527"/>
							<String ID="string_146" HPOS="540" VPOS="755" WIDTH="132" HEIGHT="28" WC="0.91" CONTENT="utelöpande"/><SP WIDTH="11" VPOS="755" HPOS="672"/>
							<String ID="string_147" HPOS="683" VPOS="755" WIDTH="70" HEIGHT="21" WC="0.92" CONTENT="sedlar"/><SP WIDTH="9" VPOS="755" HPOS="753"/>
							<String ID="string_148" HPOS="762" VPOS="755" WIDTH="129" HEIGHT="27" WC="0.90" CONTENT="öfverstiger"/>
						</TextLine>
						<TextLine ID="line_18" HPOS="133" VPOS="788" WIDTH="758" HEIGHT="29">
							<String ID="string_149" HPOS="133" VPOS="788" WIDTH="38" HEIGHT="22" WC="0.96" CONTENT="det"/><SP WIDTH="10" VPOS="788" HPOS="171"/>
							<String ID="string_150" HPOS="181" VPOS="790" WIDTH="105" HEIGHT="25" WC="0.96" CONTENT="normala;"/><SP WIDTH="11" VPOS="790" HPOS="286"/>
							<String ID="string_151" HPOS="297" VPOS="793" WIDTH="25" HEIGHT="23" WC="0.93" CONTENT="ty"/><SP WIDTH="10" VPOS="793" HPOS="322"/>
							<String ID="string_152" HPOS="332" VPOS="790" WIDTH="124" HEIGHT="27" WC="0.92" CONTENT="pätagligen"/><SP WIDTH="12" VPOS="790" HPOS="456"/>
							<String ID="string_153" HPOS="468" VPOS="790" WIDTH="61" HEIGHT="21" WC="0.93" CONTENT="skola"/><SP WIDTH="9" VPOS="790" HPOS="529"/>
							<String ID="string_154" HPOS="538" VPOS="790" WIDTH="122" HEIGHT="27" WC="0.93" CONTENT="anspråken"/><SP WIDTH="8" VPOS="790" HPOS="660"/>
							<String ID="string_155" HPOS="668" VPOS="790" WIDTH="12" HEIGHT="20" WC="0.93" CONTENT="å"/><SP WIDTH="8" VPOS="790" HPOS="680"/>
							<String ID="string_156" HPOS="688" VPOS="789" WIDTH="96" HEIGHT="21" WC="0.96" CONTENT="bankens"/><SP WIDTH="9" VPOS="789" HPOS="784"/>
							<String ID="string_157" HPOS="793" VPOS="790" WIDTH="98" HEIGHT="26" WC="0.96" CONTENT="förmåga"/>
						</TextLine>
						<TextLine ID="line_19" HPOS="133" VPOS="823" WIDTH="756" HEIGHT="28">
							<String ID="string_158" HPOS="133" VPOS="826" WIDTH="33" HEIGHT="18" WC="0.89" CONTENT="att"/><SP WIDTH="22" VPOS="826" HPOS="166"/>
							<String ID="string_159" HPOS="188" VPOS="823" WIDTH="62" HEIGHT="21" WC="0.88" CONTENT="ställa"/><SP WIDTH="15" VPOS="823" HPOS="250"/>
							<String ID="string_160" HPOS="265" VPOS="824" WIDTH="51" HEIGHT="27" WC="0.96" CONTENT="guld"/><SP WIDTH="16" VPOS="824" HPOS="316"/>
							<String ID="string_161" HPOS="332" VPOS="824" WIDTH="32" HEIGHT="21" WC="0.96" CONTENT="för"/><SP WIDTH="15" VPOS="824" HPOS="364"/>
							<String ID="string_162" HPOS="379" VPOS="826" WIDTH="46" HEIGHT="20" WC="0.93" CONTENT="sina"/><SP WIDTH="15" VPOS="826" HPOS="425"/>
							<String ID="string_163" HPOS="440" VPOS="825" WIDTH="71" HEIGHT="20" WC="0.92" CONTENT="sedlar"/><SP WIDTH="15" VPOS="825" HPOS="511"/>
							<String ID="string_164" HPOS="526" VPOS="824" WIDTH="66" HEIGHT="21" WC="0.92" CONTENT="blifva"/><SP WIDTH="15" VPOS="824" HPOS="592"/>
							<String ID="string_165" HPOS="607" VPOS="824" WIDTH="76" HEIGHT="25" WC="0.96" CONTENT="större,"/><SP WIDTH="16" VPOS="824" HPOS="683"/>
							<String ID="string_166" HPOS="699" VPOS="831" WIDTH="36" HEIGHT="13" WC="0.93" CONTENT="om"/><SP WIDTH="15" VPOS="831" HPOS="735"/>
							<String ID="string_167" HPOS="750" VPOS="827" WIDTH="15" HEIGHT="18" WC="0.93" CONTENT="t."/><SP WIDTH="16" VPOS="827" HPOS="765"/>
							<String ID="string_168" HPOS="781" VPOS="831" WIDTH="35" HEIGHT="13" WC="0.93" CONTENT="ex."/><SP WIDTH="16" VPOS="831" HPOS="816"/>
							<String ID="string_169" HPOS="832" VPOS="824" WIDTH="57" HEIGHT="21" WC="0.92" CONTENT="förut"/>
						</TextLine>
						<TextLine ID="line_20" HPOS="133" VPOS="857" WIDTH="758" HEIGHT="29">
							<String ID="string_170" HPOS="133" VPOS="857" WIDTH="93" HEIGHT="21" WC="0.93" CONTENT="berörda"/><SP WIDTH="12" VPOS="857" HPOS="226"/>
							<String ID="string_171" HPOS="238" VPOS="859" WIDTH="152" HEIGHT="27" WC="0.93" CONTENT="exceptionela"/><SP WIDTH="12" VPOS="859" HPOS="390"/>
							<String ID="string_172" HPOS="402" VPOS="858" WIDTH="355" HEIGHT="28" WC="0.93" CONTENT="störingar"/><SP WIDTH="-239" VPOS="858" HPOS="757"/>
							<String ID="string_173" HPOS="518" VPOS="853" WIDTH="10" HEIGHT="38" WC="0.92" CONTENT="i"/><SP WIDTH="9" VPOS="853" HPOS="528"/>
							<String ID="string_174" HPOS="537" VPOS="858" WIDTH="210" HEIGHT="28" WC="0.92" CONTENT="betalningsbalansen"/><SP WIDTH="18" VPOS="858" HPOS="747"/>
							<String ID="string_175" HPOS="765" VPOS="859" WIDTH="51" HEIGHT="21" WC="0.92" CONTENT="eller"/><SP WIDTH="10" VPOS="859" HPOS="816"/>
							<String ID="string_176" HPOS="826" VPOS="860" WIDTH="65" HEIGHT="20" WC="0.92" CONTENT="inter-"/>
						</TextLine>
						<TextLine ID="line_21" HPOS="134" VPOS="892" WIDTH="755" HEIGHT="29">
							<String ID="string_177" HPOS="134" VPOS="892" WIDTH="109" HEIGHT="21" WC="0.92" CONTENT="nationela"/><SP WIDTH="21" VPOS="892" HPOS="243"/>
							<String ID="string_178" HPOS="264" VPOS="892" WIDTH="158" HEIGHT="29" WC="0.92" CONTENT="förvecklingar"/><SP WIDTH="20" VPOS="892" HPOS="422"/>
							<String ID="string_179" HPOS="442" VPOS="894" WIDTH="84" HEIGHT="20" WC="0.92" CONTENT="inträda"/><SP WIDTH="16" VPOS="894" HPOS="526"/>
							<String ID="string_180" HPOS="542" VPOS="893" WIDTH="135" HEIGHT="21" WC="0.91" CONTENT="omedelbart"/><SP WIDTH="16" VPOS="893" HPOS="677"/>
							<String ID="string_181" HPOS="693" VPOS="893" WIDTH="54" HEIGHT="21" WC="0.97" CONTENT="efter"/><SP WIDTH="16" VPOS="893" HPOS="747"/>
							<String ID="string_182" HPOS="763" VPOS="900" WIDTH="27" HEIGHT="14" WC="0.97" CONTENT="en"/><SP WIDTH="15" VPOS="900" HPOS="790"/>
							<String ID="string_183" HPOS="805" VPOS="892" WIDTH="84" HEIGHT="28" WC="0.96" CONTENT="period,"/>
						</TextLine>
						<TextLine ID="line_22" HPOS="134" VPOS="926" WIDTH="757" HEIGHT="29">
							<String ID="string_184" HPOS="134" VPOS="926" WIDTH="121" HEIGHT="21" WC="0.92" CONTENT="hvarunder"/><SP WIDTH="13" VPOS="926" HPOS="255"/>
							<String ID="string_185" HPOS="268" VPOS="927" WIDTH="42" HEIGHT="21" WC="0.93" CONTENT="den"/><SP WIDTH="8" VPOS="927" HPOS="310"/>
							<String ID="string_186" HPOS="318" VPOS="928" WIDTH="131" HEIGHT="27" WC="0.93" CONTENT="utelöpande"/><SP WIDTH="8" VPOS="928" HPOS="449"/>
							<String ID="string_187" HPOS="457" VPOS="927" WIDTH="154" HEIGHT="22" WC="0.93" CONTENT="sedelstocken"/><SP WIDTH="8" VPOS="927" HPOS="611"/>
							<String ID="string_188" HPOS="619" VPOS="927" WIDTH="69" HEIGHT="21" WC="0.93" CONTENT="starkt"/><SP WIDTH="7" VPOS="927" HPOS="688"/>
							<String ID="string_189" HPOS="695" VPOS="927" WIDTH="70" HEIGHT="25" WC="0.92" CONTENT="ökats,"/><SP WIDTH="10" VPOS="927" HPOS="765"/>
							<String ID="string_190" HPOS="775" VPOS="927" WIDTH="27" HEIGHT="21" WC="0.96" CONTENT="än"/><SP WIDTH="8" VPOS="927" HPOS="802"/>
							<String ID="string_191" HPOS="810" VPOS="934" WIDTH="36" HEIGHT="14" WC="0.93" CONTENT="om"/><SP WIDTH="7" VPOS="934" HPOS="846"/>
							<String ID="string_192" HPOS="853" VPOS="927" WIDTH="38" HEIGHT="21" WC="0.92" CONTENT="be-"/>
						</TextLine>
						<TextLine ID="line_23" HPOS="134" VPOS="960" WIDTH="759" HEIGHT="28">
							<String ID="string_193" HPOS="134" VPOS="960" WIDTH="78" HEIGHT="28" WC="0.96" CONTENT="loppet"/><SP WIDTH="16" VPOS="960" HPOS="212"/>
							<String ID="string_194" HPOS="228" VPOS="961" WIDTH="25" HEIGHT="21" WC="0.92" CONTENT="af"/><SP WIDTH="8" VPOS="961" HPOS="253"/>
							<String ID="string_195" HPOS="261" VPOS="962" WIDTH="103" HEIGHT="26" WC="0.92" CONTENT="bankens?"/><SP WIDTH="9" VPOS="962" HPOS="364"/>
							<String ID="string_196" HPOS="373" VPOS="962" WIDTH="141" HEIGHT="21" WC="0.96" CONTENT="förbindelser"/><SP WIDTH="17" VPOS="962" HPOS="514"/>
							<String ID="string_197" HPOS="531" VPOS="962" WIDTH="68" HEIGHT="21" WC="0.93" CONTENT="redan"/><SP WIDTH="8" VPOS="962" HPOS="599"/>
							<String ID="string_198" HPOS="607" VPOS="962" WIDTH="57" HEIGHT="21" WC="0.96" CONTENT="förut"/><SP WIDTH="8" VPOS="962" HPOS="664"/>
							<String ID="string_199" HPOS="672" VPOS="963" WIDTH="55" HEIGHT="20" WC="0.96" CONTENT="varit"/><SP WIDTH="8" VPOS="963" HPOS="727"/>
							<String ID="string_200" HPOS="735" VPOS="961" WIDTH="117" HEIGHT="27" WC="0.93" CONTENT="väsentligt"/><SP WIDTH="7" VPOS="961" HPOS="852"/>
							<String ID="string_201" HPOS="859" VPOS="968" WIDTH="34" HEIGHT="14" WC="0.93" CONTENT="re-"/>
						</TextLine>
						<TextLine ID="line_24" HPOS="135" VPOS="994" WIDTH="756" HEIGHT="30">
							<String ID="string_202" HPOS="135" VPOS="994" WIDTH="111" HEIGHT="22" WC="0.74" CONTENT="duceradt."/><SP WIDTH="29" VPOS="994" HPOS="246"/>
							<String ID="string_203" HPOS="275" VPOS="996" WIDTH="53" HEIGHT="21" WC="0.96" CONTENT="Men"/><SP WIDTH="24" VPOS="996" HPOS="328"/>
							<String ID="string_204" HPOS="352" VPOS="997" WIDTH="66" HEIGHT="20" WC="0.92" CONTENT="under"/><SP WIDTH="22" VPOS="997" HPOS="418"/>
							<String ID="string_205" HPOS="440" VPOS="996" WIDTH="160" HEIGHT="28" WC="0.96" CONTENT="förutsättning,"/><SP WIDTH="15" VPOS="996" HPOS="600"/>
							<String ID="string_206" HPOS="615" VPOS="1000" WIDTH="33" HEIGHT="17" WC="0.93" CONTENT="att"/><SP WIDTH="21" VPOS="1000" HPOS="648"/>
							<String ID="string_207" HPOS="669" VPOS="995" WIDTH="222" HEIGHT="27" WC="0.92" CONTENT="bankförvaltningen,"/>
						</TextLine>
						<TextLine ID="line_25" HPOS="134" VPOS="1029" WIDTH="759" HEIGHT="29">
							<String ID="string_208" HPOS="134" VPOS="1032" WIDTH="52" HEIGHT="18" WC="0.96" CONTENT="utan"/><SP WIDTH="23" VPOS="1032" HPOS="186"/>
							<String ID="string_209" HPOS="209" VPOS="1033" WIDTH="33" HEIGHT="18" WC="0.95" CONTENT="att"/><SP WIDTH="20" VPOS="1033" HPOS="242"/>
							<String ID="string_210" HPOS="262" VPOS="1037" WIDTH="51" HEIGHT="14" WC="0.93" CONTENT="vara"/><SP WIDTH="23" VPOS="1037" HPOS="313"/>
							<String ID="string_211" HPOS="336" VPOS="1031" WIDTH="70" HEIGHT="21" WC="0.92" CONTENT="därtill"/><SP WIDTH="22" VPOS="1031" HPOS="406"/>
							<String ID="string_212" HPOS="428" VPOS="1031" WIDTH="22" HEIGHT="20" WC="0.93" CONTENT="af"/><SP WIDTH="20" VPOS="1031" HPOS="450"/>
							<String ID="string_213" HPOS="470" VPOS="1030" WIDTH="144" HEIGHT="28" WC="0.92" CONTENT="reglementet"/><SP WIDTH="18" VPOS="1030" HPOS="614"/>
							<String ID="string_214" HPOS="632" VPOS="1030" WIDTH="125" HEIGHT="28" WC="0.92" CONTENT="förpligtad,"/><SP WIDTH="16" VPOS="1030" HPOS="757"/>
							<String ID="string_215" HPOS="773" VPOS="1030" WIDTH="68" HEIGHT="20" WC="0.96" CONTENT="skulle"/><SP WIDTH="15" VPOS="1030" HPOS="841"/>
							<String ID="string_216" HPOS="856" VPOS="1029" WIDTH="37" HEIGHT="21" WC="0.96" CONTENT="vid"/>
						</TextLine>
						<TextLine ID="line_26" HPOS="135" VPOS="1064" WIDTH="758" HEIGHT="22">
							<String ID="string_217" HPOS="135" VPOS="1064" WIDTH="173" HEIGHT="22" WC="0.93" CONTENT="bestämmandet"/><SP WIDTH="16" VPOS="1064" HPOS="308"/>
							<String ID="string_218" HPOS="324" VPOS="1065" WIDTH="24" HEIGHT="21" WC="0.97" CONTENT="af"/><SP WIDTH="12" VPOS="1065" HPOS="348"/>
							<String ID="string_219" HPOS="360" VPOS="1065" WIDTH="52" HEIGHT="21" WC="0.96" CONTENT="huru"/><SP WIDTH="15" VPOS="1065" HPOS="412"/>
							<String ID="string_220" HPOS="427" VPOS="1068" WIDTH="46" HEIGHT="18" WC="0.93" CONTENT="stor"/><SP WIDTH="15" VPOS="1068" HPOS="473"/>
							<String ID="string_221" HPOS="488" VPOS="1064" WIDTH="108" HEIGHT="22" WC="0.91" CONTENT="metallisk"/><SP WIDTH="15" VPOS="1064" HPOS="596"/>
							<String ID="string_222" HPOS="611" VPOS="1064" WIDTH="65" HEIGHT="21" WC="0.93" CONTENT="kassa"/><SP WIDTH="14" VPOS="1064" HPOS="676"/>
							<String ID="string_223" HPOS="690" VPOS="1064" WIDTH="85" HEIGHT="21" WC="0.92" CONTENT="banken"/><SP WIDTH="15" VPOS="1064" HPOS="775"/>
							<String ID="string_224" HPOS="790" VPOS="1064" WIDTH="33" HEIGHT="21" WC="0.96" CONTENT="för"/><SP WIDTH="10" VPOS="1064" HPOS="823"/>
							<String ID="string_225" HPOS="833" VPOS="1064" WIDTH="60" HEIGHT="20" WC="0.97" CONTENT="tiden"/>
						</TextLine>
						<TextLine ID="line_27" HPOS="134" VPOS="1098" WIDTH="758" HEIGHT="28">
							<String ID="string_226" HPOS="134" VPOS="1098" WIDTH="70" HEIGHT="21" WC="0.93" CONTENT="borde"/><SP WIDTH="21" VPOS="1098" HPOS="204"/>
							<String ID="string_227" HPOS="225" VPOS="1098" WIDTH="63" HEIGHT="26" WC="0.91" CONTENT="hälla,"/><SP WIDTH="23" VPOS="1098" HPOS="288"/>
							<String ID="string_228" HPOS="311" VPOS="1103" WIDTH="52" HEIGHT="23" WC="0.91" CONTENT="taga"/><SP WIDTH="22" VPOS="1103" HPOS="363"/>
							<String ID="string_229" HPOS="385" VPOS="1100" WIDTH="84" HEIGHT="26" WC="0.96" CONTENT="hänsyn"/><SP WIDTH="15" VPOS="1100" HPOS="469"/>
							<String ID="string_230" HPOS="484" VPOS="1100" WIDTH="32" HEIGHT="20" WC="0.93" CONTENT="till"/><SP WIDTH="15" VPOS="1100" HPOS="516"/>
							<String ID="string_231" HPOS="531" VPOS="1100" WIDTH="65" HEIGHT="20" WC="0.92" CONTENT="ofvan"/><SP WIDTH="15" VPOS="1100" HPOS="596"/>
							<String ID="string_232" HPOS="611" VPOS="1099" WIDTH="125" HEIGHT="21" WC="0.91" CONTENT="framhällna"/><SP WIDTH="15" VPOS="1099" HPOS="736"/>
							<String ID="string_233" HPOS="751" VPOS="1098" WIDTH="141" HEIGHT="28" WC="0.95" CONTENT="synpunkter,"/>
						</TextLine>
						<TextLine ID="line_28" HPOS="134" VPOS="1132" WIDTH="759" HEIGHT="28">
							<String ID="string_234" HPOS="134" VPOS="1132" WIDTH="43" HEIGHT="21" WC="0.92" CONTENT="kan"/><SP WIDTH="25" VPOS="1132" HPOS="177"/>
							<String ID="string_235" HPOS="202" VPOS="1132" WIDTH="116" HEIGHT="22" WC="0.92" CONTENT="Utskottet"/><SP WIDTH="22" VPOS="1132" HPOS="318"/>
							<String ID="string_236" HPOS="340" VPOS="1134" WIDTH="18" HEIGHT="26" WC="0.93" CONTENT="ej"/><SP WIDTH="22" VPOS="1134" HPOS="358"/>
							<String ID="string_237" HPOS="380" VPOS="1137" WIDTH="65" HEIGHT="18" WC="0.96" CONTENT="annat"/><SP WIDTH="21" VPOS="1137" HPOS="445"/>
							<String ID="string_238" HPOS="466" VPOS="1134" WIDTH="62" HEIGHT="25" WC="0.96" CONTENT="finna,"/><SP WIDTH="25" VPOS="1134" HPOS="528"/>
							<String ID="string_239" HPOS="553" VPOS="1134" WIDTH="27" HEIGHT="20" WC="0.96" CONTENT="än"/><SP WIDTH="19" VPOS="1134" HPOS="580"/>
							<String ID="string_240" HPOS="599" VPOS="1137" WIDTH="32" HEIGHT="18" WC="0.96" CONTENT="att"/><SP WIDTH="12" VPOS="1137" HPOS="631"/>
							<String ID="string_241" HPOS="643" VPOS="1133" WIDTH="45" HEIGHT="27" WC="0.96" CONTENT="just"/><SP WIDTH="15" VPOS="1133" HPOS="688"/>
							<String ID="string_242" HPOS="703" VPOS="1134" WIDTH="42" HEIGHT="20" WC="0.93" CONTENT="den"/><SP WIDTH="16" VPOS="1134" HPOS="745"/>
							<String ID="string_243" HPOS="761" VPOS="1132" WIDTH="132" HEIGHT="27" WC="0.91" CONTENT="omständig-"/>
						</TextLine>
						<TextLine ID="line_29" HPOS="135" VPOS="1167" WIDTH="759" HEIGHT="30">
							<String ID="string_244" HPOS="135" VPOS="1168" WIDTH="70" HEIGHT="24" WC="0.93" CONTENT="heten,"/><SP WIDTH="17" VPOS="1168" HPOS="205"/>
							<String ID="string_245" HPOS="222" VPOS="1170" WIDTH="32" HEIGHT="18" WC="0.93" CONTENT="att"/><SP WIDTH="15" VPOS="1170" HPOS="254"/>
							<String ID="string_246" HPOS="269" VPOS="1167" WIDTH="96" HEIGHT="21" WC="0.89" CONTENT="bankens"/><SP WIDTH="26" VPOS="1167" HPOS="365"/>
							<String ID="string_247" HPOS="391" VPOS="1168" WIDTH="133" HEIGHT="27" WC="0.89" CONTENT="reglemente"/><SP WIDTH="24" VPOS="1168" HPOS="524"/>
							<String ID="string_248" HPOS="548" VPOS="1168" WIDTH="55" HEIGHT="29" WC="0.92" CONTENT="icke,"/><SP WIDTH="26" VPOS="1168" HPOS="603"/>
							<String ID="string_249" HPOS="629" VPOS="1168" WIDTH="29" HEIGHT="27" WC="0.96" CONTENT="pä"/><SP WIDTH="15" VPOS="1168" HPOS="658"/>
							<String ID="string_250" HPOS="673" VPOS="1174" WIDTH="82" HEIGHT="14" WC="0.96" CONTENT="samma"/><SP WIDTH="24" VPOS="1174" HPOS="755"/>
							<String ID="string_251" HPOS="779" VPOS="1167" WIDTH="44" HEIGHT="21" WC="0.96" CONTENT="sätt"/><SP WIDTH="23" VPOS="1167" HPOS="823"/>
							<String ID="string_252" HPOS="846" VPOS="1173" WIDTH="48" HEIGHT="14" WC="0.96" CONTENT="som"/>
						</TextLine>
						<TextLine ID="line_30" HPOS="135" VPOS="1200" WIDTH="759" HEIGHT="29">
							<String ID="string_253" HPOS="135" VPOS="1201" WIDTH="161" HEIGHT="27" WC="0.90" CONTENT="reglementena"/><SP WIDTH="20" VPOS="1201" HPOS="296"/>
							<String ID="string_254" HPOS="316" VPOS="1202" WIDTH="34" HEIGHT="21" WC="0.93" CONTENT="för"/><SP WIDTH="22" VPOS="1202" HPOS="350"/>
							<String ID="string_255" HPOS="372" VPOS="1202" WIDTH="91" HEIGHT="22" WC="0.91" CONTENT="flertalet"/><SP WIDTH="23" VPOS="1202" HPOS="463"/>
							<String ID="string_256" HPOS="486" VPOS="1202" WIDTH="188" HEIGHT="27" WC="0.92" CONTENT="sedelutgifvande"/><SP WIDTH="22" VPOS="1202" HPOS="674"/>
							<String ID="string_257" HPOS="696" VPOS="1202" WIDTH="83" HEIGHT="20" WC="0.90" CONTENT="institut"/><SP WIDTH="21" VPOS="1202" HPOS="779"/>
							<String ID="string_258" HPOS="800" VPOS="1202" WIDTH="6" HEIGHT="20" WC="0.92" CONTENT="i"/><SP WIDTH="19" VPOS="1202" HPOS="806"/>
							<String ID="string_259" HPOS="825" VPOS="1200" WIDTH="69" HEIGHT="22" WC="0.92" CONTENT="utlan-"/>
						</TextLine>
						<TextLine ID="line_31" HPOS="136" VPOS="1235" WIDTH="759" HEIGHT="29">
							<String ID="string_260" HPOS="136" VPOS="1236" WIDTH="43" HEIGHT="25" WC="0.93" CONTENT="det,"/><SP WIDTH="16" VPOS="1236" HPOS="179"/>
							<String ID="string_261" HPOS="195" VPOS="1236" WIDTH="117" HEIGHT="21" WC="0.93" CONTENT="fastställer"/><SP WIDTH="15" VPOS="1236" HPOS="312"/>
							<String ID="string_262" HPOS="327" VPOS="1244" WIDTH="27" HEIGHT="14" WC="0.93" CONTENT="en"/><SP WIDTH="15" VPOS="1244" HPOS="354"/>
							<String ID="string_263" HPOS="369" VPOS="1237" WIDTH="114" HEIGHT="27" WC="0.91" CONTENT="ovilkorlig"/><SP WIDTH="15" VPOS="1237" HPOS="483"/>
							<String ID="string_264" HPOS="498" VPOS="1238" WIDTH="130" HEIGHT="26" WC="0.91" CONTENT="proportion"/><SP WIDTH="10" VPOS="1238" HPOS="628"/>
							<String ID="string_265" HPOS="638" VPOS="1236" WIDTH="78" HEIGHT="21" WC="0.93" CONTENT="mellan"/><SP WIDTH="10" VPOS="1236" HPOS="716"/>
							<String ID="string_266" HPOS="726" VPOS="1235" WIDTH="97" HEIGHT="21" WC="0.93" CONTENT="bankens"/><SP WIDTH="10" VPOS="1235" HPOS="823"/>
							<String ID="string_267" HPOS="833" VPOS="1235" WIDTH="62" HEIGHT="27" WC="0.93" CONTENT="guld-"/>
						</TextLine>
						<TextLine ID="line_32" HPOS="135" VPOS="1269" WIDTH="760" HEIGHT="30">
							<String ID="string_268" HPOS="135" VPOS="1270" WIDTH="124" HEIGHT="28" WC="0.95" CONTENT="behållning"/><SP WIDTH="29" VPOS="1270" HPOS="259"/>
							<String ID="string_269" HPOS="288" VPOS="1271" WIDTH="42" HEIGHT="21" WC="0.94" CONTENT="och"/><SP WIDTH="29" VPOS="1271" HPOS="330"/>
							<String ID="string_270" HPOS="359" VPOS="1271" WIDTH="106" HEIGHT="28" WC="0.93" CONTENT="beloppet"/><SP WIDTH="23" VPOS="1271" HPOS="465"/>
							<String ID="string_271" HPOS="488" VPOS="1271" WIDTH="26" HEIGHT="21" WC="0.96" CONTENT="af"/><SP WIDTH="18" VPOS="1271" HPOS="514"/>
							<String ID="string_272" HPOS="532" VPOS="1271" WIDTH="29" HEIGHT="21" WC="0.93" CONTENT="de"/><SP WIDTH="20" VPOS="1271" HPOS="561"/>
							<String ID="string_273" HPOS="581" VPOS="1271" WIDTH="77" HEIGHT="24" WC="0.96" CONTENT="sedlar,"/><SP WIDTH="28" VPOS="1271" HPOS="658"/>
							<String ID="string_274" HPOS="686" VPOS="1277" WIDTH="48" HEIGHT="14" WC="0.93" CONTENT="som"/><SP WIDTH="26" VPOS="1277" HPOS="734"/>
							<String ID="string_275" HPOS="760" VPOS="1269" WIDTH="85" HEIGHT="22" WC="0.96" CONTENT="banken"/><SP WIDTH="18" VPOS="1269" HPOS="845"/>
							<String ID="string_276" HPOS="863" VPOS="1269" WIDTH="32" HEIGHT="21" WC="0.96" CONTENT="får"/>
						</TextLine>
						<TextLine ID="line_33" HPOS="136" VPOS="1304" WIDTH="759" HEIGHT="29">
							<String ID="string_277" HPOS="136" VPOS="1305" WIDTH="88" HEIGHT="27" WC="0.93" CONTENT="utgifva,"/><SP WIDTH="26" VPOS="1305" HPOS="224"/>
							<String ID="string_278" HPOS="250" VPOS="1305" WIDTH="88" HEIGHT="22" WC="0.95" CONTENT="innebär"/><SP WIDTH="25" VPOS="1305" HPOS="338"/>
							<String ID="string_279" HPOS="363" VPOS="1313" WIDTH="27" HEIGHT="14" WC="0.93" CONTENT="en"/><SP WIDTH="23" VPOS="1313" HPOS="390"/>
							<String ID="string_280" HPOS="413" VPOS="1306" WIDTH="108" HEIGHT="27" WC="0.95" CONTENT="väsentlig"/><SP WIDTH="25" VPOS="1306" HPOS="521"/>
							<String ID="string_281" HPOS="546" VPOS="1305" WIDTH="75" HEIGHT="21" WC="0.92" CONTENT="fördel."/><SP WIDTH="29" VPOS="1305" HPOS="621"/>
							<String ID="string_282" HPOS="650" VPOS="1305" WIDTH="99" HEIGHT="20" WC="0.93" CONTENT="Bankens"/><SP WIDTH="28" VPOS="1305" HPOS="749"/>
							<String ID="string_283" HPOS="777" VPOS="1304" WIDTH="118" HEIGHT="27" WC="0.92" CONTENT="guldkassa"/>
						</TextLine>
						<TextLine ID="line_34" HPOS="136" VPOS="1337" WIDTH="760" HEIGHT="30">
							<String ID="string_284" HPOS="136" VPOS="1339" WIDTH="42" HEIGHT="21" WC="0.96" CONTENT="kan"/><SP WIDTH="22" VPOS="1339" HPOS="178"/>
							<String ID="string_285" HPOS="200" VPOS="1339" WIDTH="108" HEIGHT="28" WC="0.96" CONTENT="nämligen"/><SP WIDTH="15" VPOS="1339" HPOS="308"/>
							<String ID="string_286" HPOS="323" VPOS="1341" WIDTH="7" HEIGHT="20" WC="0.93" CONTENT="i"/><SP WIDTH="15" VPOS="1341" HPOS="330"/>
							<String ID="string_287" HPOS="345" VPOS="1340" WIDTH="78" HEIGHT="21" WC="0.93" CONTENT="sädant"/><SP WIDTH="21" VPOS="1340" HPOS="423"/>
							<String ID="string_288" HPOS="444" VPOS="1340" WIDTH="36" HEIGHT="21" WC="0.93" CONTENT="fall"/><SP WIDTH="18" VPOS="1340" HPOS="480"/>
							<String ID="string_289" HPOS="498" VPOS="1339" WIDTH="112" HEIGHT="28" WC="0.92" CONTENT="värkligen"/><SP WIDTH="22" VPOS="1339" HPOS="610"/>
							<String ID="string_290" HPOS="632" VPOS="1339" WIDTH="53" HEIGHT="27" WC="0.96" CONTENT="göra"/><SP WIDTH="20" VPOS="1339" HPOS="685"/>
							<String ID="string_291" HPOS="705" VPOS="1339" WIDTH="71" HEIGHT="26" WC="0.96" CONTENT="tjänst,"/><SP WIDTH="19" VPOS="1339" HPOS="776"/>
							<String ID="string_292" HPOS="795" VPOS="1338" WIDTH="28" HEIGHT="21" WC="0.93" CONTENT="dä"/><SP WIDTH="15" VPOS="1338" HPOS="823"/>
							<String ID="string_293" HPOS="838" VPOS="1337" WIDTH="58" HEIGHT="22" WC="0.92" CONTENT="trän-"/>
						</TextLine>
						<TextLine ID="line_35" HPOS="136" VPOS="1373" WIDTH="760" HEIGHT="28">
							<String ID="string_294" HPOS="136" VPOS="1374" WIDTH="72" HEIGHT="27" WC="0.92" CONTENT="gande"/><SP WIDTH="28" VPOS="1374" HPOS="208"/>
							<String ID="string_295" HPOS="236" VPOS="1374" WIDTH="68" HEIGHT="21" WC="0.92" CONTENT="behof"/><SP WIDTH="23" VPOS="1374" HPOS="304"/>
							<String ID="string_296" HPOS="327" VPOS="1376" WIDTH="21" HEIGHT="19" WC="0.96" CONTENT="at"/><SP WIDTH="24" VPOS="1376" HPOS="348"/>
							<String ID="string_297" HPOS="372" VPOS="1374" WIDTH="52" HEIGHT="27" WC="0.93" CONTENT="guld"/><SP WIDTH="25" VPOS="1374" HPOS="424"/>
							<String ID="string_298" HPOS="449" VPOS="1375" WIDTH="102" HEIGHT="26" WC="0.92" CONTENT="uppstär;"/><SP WIDTH="26" VPOS="1375" HPOS="551"/>
							<String ID="string_299" HPOS="577" VPOS="1373" WIDTH="86" HEIGHT="22" WC="0.92" CONTENT="banken"/><SP WIDTH="22" VPOS="1373" HPOS="663"/>
							<String ID="string_300" HPOS="685" VPOS="1373" WIDTH="38" HEIGHT="20" WC="0.96" CONTENT="har"/><SP WIDTH="22" VPOS="1373" HPOS="723"/>
							<String ID="string_301" HPOS="745" VPOS="1379" WIDTH="28" HEIGHT="14" WC="0.93" CONTENT="en"/><SP WIDTH="21" VPOS="1379" HPOS="773"/>
							<String ID="string_302" HPOS="794" VPOS="1379" WIDTH="74" HEIGHT="14" WC="0.91" CONTENT="reserv"/><SP WIDTH="21" VPOS="1379" HPOS="868"/>
							<String ID="string_303" HPOS="889" VPOS="1373" WIDTH="7" HEIGHT="19" WC="0.96" CONTENT="i"/>
						</TextLine>
						<TextLine ID="line_36" HPOS="136" VPOS="1405" WIDTH="760" HEIGHT="30">
							<String ID="string_304" HPOS="136" VPOS="1407" WIDTH="57" HEIGHT="28" WC="0.95" CONTENT="guld,"/><SP WIDTH="23" VPOS="1407" HPOS="193"/>
							<String ID="string_305" HPOS="216" VPOS="1415" WIDTH="48" HEIGHT="14" WC="0.93" CONTENT="som"/><SP WIDTH="22" VPOS="1415" HPOS="264"/>
							<String ID="string_306" HPOS="286" VPOS="1409" WIDTH="125" HEIGHT="20" WC="0.92" CONTENT="densamma"/><SP WIDTH="22" VPOS="1409" HPOS="411"/>
							<String ID="string_307" HPOS="433" VPOS="1409" WIDTH="51" HEIGHT="20" WC="0.93" CONTENT="med"/><SP WIDTH="12" VPOS="1409" HPOS="484"/>
							<String ID="string_308" HPOS="496" VPOS="1408" WIDTH="112" HEIGHT="27" WC="0.92" CONTENT="jämnmod"/><SP WIDTH="15" VPOS="1408" HPOS="608"/>
							<String ID="string_309" HPOS="623" VPOS="1407" WIDTH="43" HEIGHT="21" WC="0.92" CONTENT="kan"/><SP WIDTH="15" VPOS="1407" HPOS="666"/>
							<String ID="string_310" HPOS="681" VPOS="1407" WIDTH="44" HEIGHT="21" WC="0.92" CONTENT="läta"/><SP WIDTH="14" VPOS="1407" HPOS="725"/>
							<String ID="string_311" HPOS="739" VPOS="1407" WIDTH="28" HEIGHT="27" WC="0.93" CONTENT="gä"/><SP WIDTH="16" VPOS="1407" HPOS="767"/>
							<String ID="string_312" HPOS="783" VPOS="1406" WIDTH="31" HEIGHT="22" WC="0.93" CONTENT="till"/><SP WIDTH="14" VPOS="1406" HPOS="814"/>
							<String ID="string_313" HPOS="828" VPOS="1405" WIDTH="68" HEIGHT="22" WC="0.92" CONTENT="utlan-"/>
						</TextLine>
						<TextLine ID="line_37" HPOS="137" VPOS="1439" WIDTH="760" HEIGHT="31">
							<String ID="string_314" HPOS="137" VPOS="1443" WIDTH="38" HEIGHT="21" WC="0.90" CONTENT="det"/><SP WIDTH="23" VPOS="1443" HPOS="175"/>
							<String ID="string_315" HPOS="198" VPOS="1443" WIDTH="74" HEIGHT="20" WC="0.94" CONTENT="såsom"/><SP WIDTH="21" VPOS="1443" HPOS="272"/>
							<String ID="string_316" HPOS="293" VPOS="1443" WIDTH="111" HEIGHT="27" WC="0.96" CONTENT="betalning"/><SP WIDTH="18" VPOS="1443" HPOS="404"/>
							<String ID="string_317" HPOS="422" VPOS="1443" WIDTH="32" HEIGHT="21" WC="0.93" CONTENT="för"/><SP WIDTH="15" VPOS="1443" HPOS="454"/>
							<String ID="string_318" HPOS="469" VPOS="1443" WIDTH="86" HEIGHT="21" WC="0.92" CONTENT="landets"/><SP WIDTH="15" VPOS="1443" HPOS="555"/>
							<String ID="string_319" HPOS="570" VPOS="1442" WIDTH="58" HEIGHT="27" WC="0.93" CONTENT="gäld,"/><SP WIDTH="17" VPOS="1442" HPOS="628"/>
							<String ID="string_320" HPOS="645" VPOS="1442" WIDTH="42" HEIGHT="21" WC="0.93" CONTENT="och"/><SP WIDTH="14" VPOS="1442" HPOS="687"/>
							<String ID="string_321" HPOS="701" VPOS="1441" WIDTH="105" HEIGHT="22" WC="0.91" CONTENT="behöfver"/><SP WIDTH="15" VPOS="1441" HPOS="806"/>
							<String ID="string_322" HPOS="821" VPOS="1440" WIDTH="18" HEIGHT="27" WC="0.93" CONTENT="ej"/><SP WIDTH="16" VPOS="1440" HPOS="839"/>
							<String ID="string_323" HPOS="855" VPOS="1439" WIDTH="42" HEIGHT="22" WC="0.91" CONTENT="till-"/>
						</TextLine>
					</TextBlock>
				</ComposedBlock>
				<ComposedBlock ID="cblock_2" HPOS="206" VPOS="1487" WIDTH="347" HEIGHT="22">
					<TextBlock ID="block_2" HPOS="206" VPOS="1487" WIDTH="347" HEIGHT="22">
						<TextLine ID="line_38" HPOS="206" VPOS="1487" WIDTH="347" HEIGHT="22">
							<String ID="string_324" HPOS="206" VPOS="1487" WIDTH="145" HEIGHT="19" WC="0.91" CONTENT="Bankutskottets"/><SP WIDTH="12" VPOS="1487" HPOS="351"/>
							<String ID="string_325" HPOS="363" VPOS="1487" WIDTH="111" HEIGHT="18" WC="0.91" CONTENT="betänkande"/><SP WIDTH="11" VPOS="1487" HPOS="474"/>
							<String ID="string_326" HPOS="485" VPOS="1487" WIDTH="39" HEIGHT="18" WC="0.96" CONTENT="N:o"/><SP WIDTH="12" VPOS="1487" HPOS="524"/>
							<String ID="string_327" HPOS="536" VPOS="1493" WIDTH="17" HEIGHT="16" WC="0.96" CONTENT="4."/>
						</TextLine>
					</TextBlock>
				</ComposedBlock>
			</PrintSpace>
		</Page>
	</Layout>
</alto>
