1089 1745
453 113 25 20 H
791 115 25 20 51

84 175 96 28 vidtaga
205 175 47 21 alla
276 175 172 21 förberedande
471 175 110 28 ätgärder
605 176 35 21 uti
663 176 184 29 ifrägavarande

84 215 152 21 konkursmä!
252 217 61 19 samt
329 217 36 19 att
379 215 54 28 han,
451 215 30 22 dä
495 215 48 22 han
557 216 36 21 uti
609 216 36 21 sin
660 216 38 21 till
713 216 135 30 Kejserliga

86 256 100 21 Senaten
210 256 93 29 afgifna
326 256 133 29 förklaring
482 256 8 21 i
514 256 128 29 anledning
663 257 26 21 af
703 256 79 23 Johan
796 257 50 22 H.:s

84 296 83 21 besvär
189 296 68 22 öfver
275 296 133 21 hofrättens
427 296 79 28 utslag
521 297 36 21 nti
573 296 155 22 omförmälda
744 297 47 21 mäl
807 304 38 14 om

86 343 83 14 ansvar
183 336 38 21 för
236 336 127 28 tjenstefel,
380 336 115 21 förklarat
511 336 36 29 sig
562 336 68 29 nöjas
646 337 25 20 ät
681 336 74 29 sagda
765 336 79 28 utslag

85 378 60 19 samt
165 376 87 29 jemväl
276 376 75 29 erlagt
375 376 28 21 de
426 376 87 21 honom
536 376 50 21 deri
609 376 142 21 omnämnda
771 376 75 27 böter,

86 419 76 19 ansett
185 417 36 28 sig
244 417 91 28 ojäfvig
354 418 35 20 att
404 417 77 21 säsom
497 417 142 21 ordförande
657 417 8 20 i
681 417 165 21 häradsrätten

85 457 135 28 handlägga
242 457 177 21 konkursmälet
442 457 13 21 &
477 457 87 21 urtima
586 457 83 28 tingen
689 457 46 20 den
755 459 24 19 21
796 456 48 29 Maj

89 499 59 26 1892,
167 497 100 21 hvarvid
284 497 165 21 häradsrätten
469 497 72 21 fattat
555 497 79 21 beslut
649 504 38 13 om
702 497 79 21 Johan
796 497 50 21 H.:s

87 537 145 22 försättande
258 537 9 21 i
289 537 110 28 konkurs,
424 537 46 21 den
493 540 11 19 7
528 537 178 28 derpäföljande
728 537 64 28 Juni,
817 537 30 21 dä

87 576 162 22 häradsrätten
270 577 124 21 förordnat
417 578 35 19 att
474 577 79 21 Johan
569 577 37 28 H.,
623 584 50 14 som
688 579 85 26 vägrat
788 583 58 22 upp-

87 616 66 29 gifva
171 617 36 21 sin
225 619 53 26 stat,
297 617 76 20 skulle
388 617 8 20 i
412 616 71 22 häkte
499 617 113 27 inmanas,
629 617 46 21 den
691 619 25 18 27
733 617 8 20 i
757 623 89 14 samma

87 657 90 27 mänad,
197 657 100 21 hvarvid
311 656 79 21 Johan
405 657 29 20 H.
450 657 121 27 uppgifvit
587 657 54 20 sina
657 656 130 28 tillgängar
803 655 43 22 och

87 696 94 21 skulder
204 698 61 19 samt
287 697 97 20 försatts
407 697 14 20 &
441 697 32 20 fri
488 697 41 27 fot,
547 697 45 20 den
609 699 11 18 7
636 696 137 29 päföljande
788 696 58 27 Juli,

88 737 29 22 dä
139 737 210 28 borgenärsförhör
365 739 39 26 egt
419 744 58 20 rum,
494 740 60 18 samt
569 737 41 22 vid
626 745 89 13 samma
731 738 36 20 ärs
784 737 63 21 ordi-

87 777 64 22 narie
169 777 107 28 höstting
292 778 13 21 ä
319 777 208 28 inställelsedagen
543 777 46 21 den
606 779 25 20 29
648 777 137 28 September
801 777 44 21 och

88 818 13 20 &
123 819 116 26 uppropet
261 817 45 21 den
326 819 9 19 1
352 817 138 28 November,
507 817 132 28 hvarjemte
655 817 192 22 vicehäradshöf-

88 857 87 29 dingen
189 857 22 21 J.
228 857 76 28 bilagt
319 857 36 21 sin
369 857 132 29 förklaring
511 857 132 21 hofrättens
655 857 46 21 den
714 860 24 18 19
750 857 96 21 Decem-

88 896 41 22 ber
150 898 52 20 1891
222 896 68 29 gifna
309 896 78 28 utslag
402 896 36 21 uti
453 896 104 28 antydda
574 897 26 21 af
615 896 233 22 advokatfiskalsem-

89 937 64 21 betet
174 937 9 21 i
205 937 126 28 hofrätten,
355 937 60 21 efter
438 937 132 28 angifvelse
595 938 26 20 af
643 937 80 21 Johan
737 938 29 20 H.
783 939 63 19 emot

88 979 73 21 bland
185 979 77 28 andre,
287 979 270 28 vicehäradshöfdingen
583 979 22 21 J.
628 979 97 21 utförda
743 979 47 21 mål
806 985 37 14 om

89 1027 83 14 ansvar
200 1019 38 21 för
266 1019 112 28 felaktigt
407 1019 136 21 förfarande
568 1019 41 21 vid
635 1019 209 21 domareembetets

87 1059 118 28 utöfning,
229 1061 60 19 samt
311 1059 107 21 bemälde
441 1059 145 21 häradsrätts
601 1059 39 21 vid
656 1059 115 21 särskilda
787 1066 59 13 sam-

88 1099 138 22 manträden
236 1099 9 21 i
255 1099 155 22 omförmälda
421 1099 152 21 konkursmä!
584 1099 125 21 tillkomna
720 1098 124 29 protokoll;

89 1140 60 28 derä,
169 1140 43 21 och
227 1141 73 20 sedan
315 1140 79 21 Johan
408 1140 29 21 H.
453 1140 138 28 ytterligare
609 1140 125 21 inkommit
749 1139 54 22 med
819 1147 29 14 en

89 1180 70 21 skrift
181 1181 44 20 och
248 1181 50 21 deri
313 1181 88 28 pästätt
417 1187 85 15 ansvar
515 1180 88 29 jemväl
620 1181 13 20 &
649 1180 152 21 fabrikanten
816 1180 33 21 H.

88 1221 38 22 för
148 1221 40 22 det
211 1221 75 22 denne
308 1224 58 19 utan
389 1221 128 28 anledning
533 1221 53 22 sökt
605 1221 79 22 Johan
699 1221 49 21 H:s
764 1221 85 21 försät-

88 1262 71 21 tande
174 1262 9 21 i
197 1262 105 21 konkurs
318 1264 60 19 samt
392 1262 71 28 yrkat
479 1264 34 19 att
526 1261 88 29 jemväl
629 1261 77 22 blifva
719 1261 129 29 godtgjord

89 1302 37 20 för
141 1301 42 21 sitt
193 1301 140 29 fängslande
343 1301 44 21 och
398 1301 37 21 för
446 1301 158 21 kostnaderna
614 1301 8 21 i
633 1301 78 28 saken,
723 1301 122 21 hofrätten

89 1342 35 21 uti
139 1342 211 21 remissresolution
365 1343 38 20 för
418 1342 46 21 den
481 1344 25 20 18
522 1349 61 14 mars
601 1344 53 20 1893
666 1342 85 21 aktade
763 1341 85 28 nödigt

90 1382 143 22 öfverlemna
255 1382 174 28 handlingarna
451 1383 38 21 till
505 1382 288 22 advokatfiskalsembetet
808 1382 41 21 för

90 1423 146 21 anställande
247 1424 27 21 af
283 1424 46 21 den
339 1424 66 21 talan
415 1424 233 29 omständigheterna
659 1424 78 21 kunde
747 1423 102 29 päkalla,
