1098 1767
270 108 26 20 32
612 107 15 26 I

312 175 53 21 Med
384 175 67 21 bifall
468 175 37 21 till
521 175 77 21 denna
613 175 101 29 petition
731 178 26 18 är
771 174 73 29 nådig
854 176 146 28 proposition

238 209 9 21 i
265 211 78 20 ämnet
359 209 133 23 Ständerna
506 210 41 21 vid
563 210 78 21 denna
657 209 114 29 landtdag
787 210 115 28 förelagd.

314 245 30 19 18.
368 244 42 22 Uti
425 244 149 28 underdånig
590 244 125 21 skrifvelse
731 244 27 21 af
772 244 45 21 den
834 246 24 20 31
878 244 47 29 Maj
947 247 53 19 1894

239 278 74 21 hafva
327 278 131 22 Ständerna
475 278 100 22 anhållit
591 280 36 20 att
637 278 38 22 för
686 278 129 28 stipendier
825 278 8 21 i
844 278 157 29 pedagogiskt

238 312 64 28 syfte
313 312 24 21 ät
347 312 194 22 folkskolelärare
553 312 44 22 och
605 312 133 22 lärarinnor
745 312 9 22 i
762 312 239 23 landskommunerna

239 346 73 22 mätte
335 347 37 21 för
394 347 139 22 kommande
556 347 159 28 finansperiod
731 347 77 21 ansläs
827 354 28 14 en
871 354 89 15 summa
976 348 27 21 af

239 383 64 26 3,600
321 382 67 21 mark
404 382 96 29 årligen,
517 382 36 21 till
569 382 137 28 fördelning
721 381 87 22 mellan
823 382 92 22 landets
931 384 70 20 samt-

239 415 49 29 liga
313 416 370 28 folkskoleinspektionsdistrikt,
712 416 38 21 för
775 416 91 21 hvilket
892 416 109 22 ändamäl

240 451 132 21 Ständerna
388 451 37 21 för
441 451 73 28 sagda
529 451 82 28 period
627 458 28 14 ur
670 450 222 29 bevillningsmedel
908 451 93 21 anvisat

238 492 31 13 en
285 492 89 15 summa
390 486 26 21 af
429 485 83 22 inalles
530 487 76 26 10,800
622 485 73 21 mark.

312 520 53 21 Med
382 519 68 22 bifall
466 519 37 22 till
519 519 77 22 denna
611 519 101 28 petition
728 519 43 22 har
785 519 66 22 Hans
867 519 134 29 Kejserliga

238 553 112 28 Majestät
361 554 24 21 ät
397 551 188 32 Öfverstyrelsen
597 554 38 21 för
647 553 165 22 skolväsendet
822 553 9 22 i
841 553 73 22 nåder
925 554 75 21 öfver-

239 587 90 22 lemnat
344 590 36 19 att
395 589 24 21 ät
434 589 75 21 lärare
525 588 44 21 och
585 588 132 22 lärarinnor
733 588 40 21 vid
787 588 72 28 högre
870 588 131 22 folkskolor

239 622 65 21 inom
318 622 239 22 landskommunerna
567 623 8 20 i
586 623 44 21 och
641 623 38 21 för
689 622 182 22 auskulterande
882 623 27 21 af
917 622 84 22 under-

239 656 125 29 visningen
380 657 8 21 i
404 657 135 21 seminarier
562 657 44 21 och
629 657 74 21 andra
725 659 74 19 orters
823 657 131 22 folkskolor
973 664 28 14 ur

239 691 30 21 de
286 691 26 21 af
326 691 133 22 Ständerna
482 691 112 22 anvisade
617 691 76 22 medel
709 691 90 28 ärligen
815 691 80 22 utdela
909 691 91 22 mindre

239 725 130 29 stipendier
385 727 27 20 af
427 729 39 19 100
482 726 56 21 eller
556 727 39 21 150
611 726 74 28 mark,
701 726 61 21 efter
777 725 132 29 beräkning
925 726 26 21 af
960 726 41 21 tvä

242 759 57 22 eller
321 762 35 19 tre
379 761 130 28 stipendier
524 761 38 21 för
578 760 105 22 etthvart
698 761 27 20 af
738 760 93 21 landets
846 760 48 22 tolf
907 760 94 28 inspek-

241 794 166 29 tionsdistrikt,
423 795 53 22 med
492 793 188 30 Öfverstyrelsen
696 795 78 21 tillika
789 795 94 21 lemnad
899 797 48 19 rätt
958 797 41 25 att,

241 829 78 21 derest
334 829 8 21 i
358 829 107 22 enskilda
487 829 43 22 fall
553 829 130 28 stipendier
702 829 38 21 till
755 829 72 28 högre
843 829 85 28 belopp
944 829 57 21 eller

240 863 39 21 för
290 866 72 19 annat
373 864 157 28 pedagogiskt
540 863 109 22 ändamål
660 863 117 22 befunnes
787 863 124 28 behöfliga,
921 863 80 22 derom

240 898 114 21 särskildt
369 898 42 22 hos
428 899 102 21 Senaten
544 902 59 25 göra
618 898 183 28 framställning.

315 935 31 19 19.
371 933 77 21 Sedan
454 933 133 22 Ständerna
595 933 36 21 uti
639 933 148 28 underdänig
796 932 156 22 skrifvelseaf
956 932 44 21 den

241 969 25 19 31
284 967 47 29 Maj
350 969 53 20 1894
420 967 99 22 anhällit
535 969 35 20 att
580 967 9 21 i
599 969 118 19 närmaste
728 967 98 22 framtid
837 974 28 14 en
877 973 124 22 noggrann

240 1001 178 29 undersökning
433 1003 72 20 mätte
520 1001 141 22 verkställas
677 1001 8 22 i
701 1002 64 28 syfte
780 1003 35 20 att
830 1001 89 28 utreda,
931 1001 70 21 huru-

239 1035 57 22 vida
307 1036 29 21 de
346 1036 134 29 upprepade
490 1036 150 29 klagomälen
653 1037 66 20 öfver
728 1043 29 14 en
766 1035 147 28 obegränsad
921 1035 79 29 skogs-

240 1069 104 30 sköfling
359 1074 40 18 äro
415 1071 148 28 berättigade
579 1071 44 21 och
639 1073 36 19 att
685 1071 7 21 i
704 1070 129 29 anledning
844 1070 26 21 af
879 1069 45 22 den
934 1069 67 22 verk-

240 1104 78 22 stälda
340 1105 208 28 undersökningen
571 1105 28 22 de
619 1105 110 28 ätgärder
744 1105 74 21 mätte
833 1104 114 28 vidtagas,
963 1103 38 22 till

240 1138 82 22 hvilka
337 1139 180 22 förhällandena
533 1139 80 22 kunna
629 1139 130 28 föranleda,
775 1138 43 22 har
830 1139 67 21 Hans
907 1137 94 29 Kejser-

239 1172 50 29 liga
311 1173 111 28 Majestät
443 1174 31 28 pä
497 1173 114 22 Senatens
634 1173 79 22 derom
736 1173 84 28 gjorda
838 1172 163 28 underdäniga

240 1207 177 29 framställning
433 1208 8 21 i
456 1208 72 21 nåder
544 1207 124 22 förordnat
683 1210 36 20 att
735 1215 28 14 en
779 1207 88 22 komitö
881 1207 62 28 finge
955 1206 46 22 till-

238 1243 82 27 sättas,
338 1249 49 14 som
403 1242 59 29 egde
477 1244 35 19 att
528 1243 61 20 efter
604 1242 74 21 skedd
688 1249 126 21 noggrann
824 1241 177 28 undersökning

240 1276 8 20 i
264 1276 151 22 förenämndt
431 1277 110 21 afseende
556 1276 121 22 inkomma
692 1276 53 21 med
760 1275 123 22 utlätande
893 1275 9 21 i
913 1277 87 25 ämnet;

240 1310 45 22 och
304 1310 44 22 har
371 1311 103 22 Senaten
498 1311 120 21 allaredan
631 1313 75 19 utsett
722 1310 142 22 ordförande
880 1309 44 23 och
939 1309 62 22 leda-

239 1346 77 20 möter
330 1345 9 21 i
354 1345 74 29 sagda
443 1345 87 22 komitö
546 1347 61 20 samt
622 1346 25 20 ät
661 1345 106 21 komiten
783 1344 107 22 utfärdat
905 1344 28 21 de
949 1347 52 18 när-

238 1386 65 14 mare
326 1380 150 21 föreskrifter
498 1380 44 21 och
565 1379 178 28 instruktioner,
761 1386 49 14 som
827 1378 121 22 befunnits
963 1378 38 21 för

238 1414 138 22 ändamälet
391 1414 93 28 nödiga.
