<?xml version="1.0" encoding="UTF-8"?>
<alto xmlns="http://www.loc.gov/standards/alto/ns-v3#" xmlns:xlink="http://www.w3.org/1999/xlink" xmlns:xsi="http://www.w3.org/2001/XMLSchema-instance" xsi:schemaLocation="http://www.loc.gov/standards/alto/ns-v3# http://www.loc.gov/alto/v3/alto-3-0.xsd">
	<Description>
		<MeasurementUnit>pixel</MeasurementUnit>
		<sourceImageInformation>
			<fileName>/tmp/tess_nea7wbwt_input.PNG</fileName>
		</sourceImageInformation>
		<OCRProcessing ID="OCR_0">
			<ocrProcessingStep>
				<processingSoftware>
					<softwareName>tesseract 5.3.4</softwareName>
				</processingSoftware>
			</ocrProcessingStep>
		</OCRProcessing>
	</Description>
	<Layout>
		<Page WIDTH="1095" HEIGHT="1725" PHYSICAL_IMG_NR="0" ID="page_0">
			<PrintSpace HPOS="0" VPOS="0" WIDTH="1095" HEIGHT="1725">
				<ComposedBlock ID="cblock_0" HPOS="270" VPOS="129" WIDTH="359" HEIGHT="21">
					<TextBlock ID="block_0" HPOS="270" VPOS="129" WIDTH="359" HEIGHT="21">
						<TextLine ID="line_0" HPOS="270" VPOS="129" WIDTH="359" HEIGHT="21">
							<String ID="string_0" HPOS="270" VPOS="129" WIDTH="24" HEIGHT="20" WC="0.96" CONTENT="12"/><SP WIDTH="325" VPOS="129" HPOS="294"/>
							<String ID="string_1" HPOS="619" VPOS="129" WIDTH="10" HEIGHT="21" WC="0.96" CONTENT="I"/>
						</TextLine>
					</TextBlock>
				</ComposedBlock>
				<ComposedBlock ID="cblock_1" HPOS="232" VPOS="196" WIDTH="764" HEIGHT="1265">
					<TextBlock ID="block_1" HPOS="238" VPOS="196" WIDTH="757" HEIGHT="97">
						<TextLine ID="line_1" HPOS="303" VPOS="196" WIDTH="692" HEIGHT="28">
							<String ID="string_2" HPOS="303" VPOS="196" WIDTH="23" HEIGHT="28" WC="0.92" CONTENT="g)"/><SP WIDTH="23" VPOS="196" HPOS="326"/>
							<String ID="string_3" HPOS="349" VPOS="196" WIDTH="142" HEIGHT="28" WC="0.95" CONTENT="Förordning,"/><SP WIDTH="16" VPOS="196" HPOS="491"/>
							<String ID="string_4" HPOS="507" VPOS="197" WIDTH="112" HEIGHT="27" WC="0.95" CONTENT="angående"/><SP WIDTH="15" VPOS="197" HPOS="619"/>
							<String ID="string_5" HPOS="634" VPOS="197" WIDTH="92" HEIGHT="27" WC="0.96" CONTENT="ändring"/><SP WIDTH="16" VPOS="197" HPOS="726"/>
							<String ID="string_6" HPOS="742" VPOS="196" WIDTH="23" HEIGHT="22" WC="0.96" CONTENT="af"/><SP WIDTH="13" VPOS="196" HPOS="765"/>
							<String ID="string_7" HPOS="778" VPOS="198" WIDTH="12" HEIGHT="20" WC="0.95" CONTENT="6"/><SP WIDTH="12" VPOS="198" HPOS="790"/>
							<String ID="string_8" HPOS="802" VPOS="197" WIDTH="11" HEIGHT="27" WC="0.72" CONTENT="$"/><SP WIDTH="12" VPOS="197" HPOS="813"/>
							<String ID="string_9" HPOS="825" VPOS="196" WIDTH="6" HEIGHT="22" WC="0.90" CONTENT="i"/><SP WIDTH="11" VPOS="196" HPOS="831"/>
							<String ID="string_10" HPOS="842" VPOS="196" WIDTH="153" HEIGHT="28" WC="0.96" CONTENT="förordningen"/>
						</TextLine>
						<TextLine ID="line_2" HPOS="238" VPOS="230" WIDTH="757" HEIGHT="29">
							<String ID="string_11" HPOS="238" VPOS="230" WIDTH="24" HEIGHT="21" WC="0.96" CONTENT="af"/><SP WIDTH="17" VPOS="230" HPOS="262"/>
							<String ID="string_12" HPOS="279" VPOS="230" WIDTH="39" HEIGHT="21" WC="0.96" CONTENT="den"/><SP WIDTH="26" VPOS="230" HPOS="318"/>
							<String ID="string_13" HPOS="344" VPOS="231" WIDTH="25" HEIGHT="21" WC="0.96" CONTENT="10"/><SP WIDTH="20" VPOS="231" HPOS="369"/>
							<String ID="string_14" HPOS="389" VPOS="230" WIDTH="119" HEIGHT="23" WC="0.96" CONTENT="November"/><SP WIDTH="20" VPOS="230" HPOS="508"/>
							<String ID="string_15" HPOS="528" VPOS="232" WIDTH="61" HEIGHT="26" WC="0.93" CONTENT="1892,"/><SP WIDTH="17" VPOS="232" HPOS="589"/>
							<String ID="string_16" HPOS="606" VPOS="231" WIDTH="151" HEIGHT="22" WC="0.91" CONTENT="innehällande"/><SP WIDTH="23" VPOS="231" HPOS="757"/>
							<String ID="string_17" HPOS="780" VPOS="231" WIDTH="58" HEIGHT="22" WC="0.93" CONTENT="vissa"/><SP WIDTH="23" VPOS="231" HPOS="838"/>
							<String ID="string_18" HPOS="861" VPOS="232" WIDTH="134" HEIGHT="27" WC="0.91" CONTENT="stadganden"/>
						</TextLine>
						<TextLine ID="line_3" HPOS="239" VPOS="264" WIDTH="395" HEIGHT="29">
							<String ID="string_19" HPOS="239" VPOS="264" WIDTH="93" HEIGHT="22" WC="0.92" CONTENT="rörande"/><SP WIDTH="15" VPOS="264" HPOS="332"/>
							<String ID="string_20" HPOS="347" VPOS="264" WIDTH="48" HEIGHT="29" WC="0.91" CONTENT="lega"/><SP WIDTH="15" VPOS="264" HPOS="395"/>
							<String ID="string_21" HPOS="410" VPOS="265" WIDTH="24" HEIGHT="22" WC="0.96" CONTENT="af"/><SP WIDTH="10" VPOS="265" HPOS="434"/>
							<String ID="string_22" HPOS="444" VPOS="266" WIDTH="49" HEIGHT="27" WC="0.96" CONTENT="jord"/><SP WIDTH="15" VPOS="266" HPOS="493"/>
							<String ID="string_23" HPOS="508" VPOS="266" WIDTH="29" HEIGHT="27" WC="0.96" CONTENT="pä"/><SP WIDTH="15" VPOS="266" HPOS="537"/>
							<String ID="string_24" HPOS="552" VPOS="266" WIDTH="82" HEIGHT="27" WC="0.96" CONTENT="landet;"/>
						</TextLine>
					</TextBlock>
					<TextBlock ID="block_2" HPOS="304" VPOS="299" WIDTH="692" HEIGHT="30">
						<TextLine ID="line_4" HPOS="304" VPOS="299" WIDTH="692" HEIGHT="30">
							<String ID="string_25" HPOS="304" VPOS="299" WIDTH="23" HEIGHT="28" WC="0.46" CONTENT="n)"/><SP WIDTH="23" VPOS="299" HPOS="327"/>
							<String ID="string_26" HPOS="350" VPOS="299" WIDTH="141" HEIGHT="29" WC="0.96" CONTENT="Förordning,"/><SP WIDTH="10" VPOS="299" HPOS="491"/>
							<String ID="string_27" HPOS="501" VPOS="301" WIDTH="110" HEIGHT="27" WC="0.96" CONTENT="angående"/><SP WIDTH="11" VPOS="301" HPOS="611"/>
							<String ID="string_28" HPOS="622" VPOS="301" WIDTH="92" HEIGHT="27" WC="0.96" CONTENT="ändring"/><SP WIDTH="8" VPOS="301" HPOS="714"/>
							<String ID="string_29" HPOS="722" VPOS="300" WIDTH="23" HEIGHT="22" WC="0.77" CONTENT="af"/><SP WIDTH="7" VPOS="300" HPOS="745"/>
							<String ID="string_30" HPOS="752" VPOS="301" WIDTH="11" HEIGHT="28" WC="0.73" CONTENT="$"/><SP WIDTH="11" VPOS="301" HPOS="763"/>
							<String ID="string_31" HPOS="774" VPOS="302" WIDTH="25" HEIGHT="20" WC="0.84" CONTENT="15"/><SP WIDTH="8" VPOS="302" HPOS="799"/>
							<String ID="string_32" HPOS="807" VPOS="301" WIDTH="7" HEIGHT="21" WC="0.84" CONTENT="i"/><SP WIDTH="9" VPOS="301" HPOS="814"/>
							<String ID="string_33" HPOS="823" VPOS="301" WIDTH="104" HEIGHT="27" WC="0.85" CONTENT="sjölagen;"/><SP WIDTH="12" VPOS="301" HPOS="927"/>
							<String ID="string_34" HPOS="939" VPOS="302" WIDTH="57" HEIGHT="20" WC="0.96" CONTENT="samt"/>
						</TextLine>
					</TextBlock>
					<TextBlock ID="block_3" HPOS="238" VPOS="334" WIDTH="756" HEIGHT="62">
						<TextLine ID="line_5" HPOS="304" VPOS="334" WIDTH="690" HEIGHT="29">
							<String ID="string_35" HPOS="304" VPOS="334" WIDTH="17" HEIGHT="26" WC="0.68" CONTENT="1)"/><SP WIDTH="23" VPOS="334" HPOS="321"/>
							<String ID="string_36" HPOS="344" VPOS="334" WIDTH="139" HEIGHT="28" WC="0.95" CONTENT="Förordning,"/><SP WIDTH="18" VPOS="334" HPOS="483"/>
							<String ID="string_37" HPOS="501" VPOS="335" WIDTH="110" HEIGHT="27" WC="0.96" CONTENT="angående"/><SP WIDTH="17" VPOS="335" HPOS="611"/>
							<String ID="string_38" HPOS="628" VPOS="335" WIDTH="91" HEIGHT="27" WC="0.96" CONTENT="ändring"/><SP WIDTH="11" VPOS="335" HPOS="719"/>
							<String ID="string_39" HPOS="730" VPOS="335" WIDTH="22" HEIGHT="22" WC="0.91" CONTENT="af"/><SP WIDTH="9" VPOS="335" HPOS="752"/>
							<String ID="string_40" HPOS="761" VPOS="335" WIDTH="11" HEIGHT="28" WC="0.87" CONTENT="$"/><SP WIDTH="12" VPOS="335" HPOS="772"/>
							<String ID="string_41" HPOS="784" VPOS="336" WIDTH="27" HEIGHT="21" WC="0.95" CONTENT="23"/><SP WIDTH="11" VPOS="336" HPOS="811"/>
							<String ID="string_42" HPOS="822" VPOS="335" WIDTH="6" HEIGHT="21" WC="0.95" CONTENT="i"/><SP WIDTH="12" VPOS="335" HPOS="828"/>
							<String ID="string_43" HPOS="840" VPOS="335" WIDTH="154" HEIGHT="27" WC="0.96" CONTENT="förordningen"/>
						</TextLine>
						<TextLine ID="line_6" HPOS="238" VPOS="368" WIDTH="573" HEIGHT="28">
							<String ID="string_44" HPOS="238" VPOS="374" WIDTH="34" HEIGHT="15" WC="0.93" CONTENT="om"/><SP WIDTH="16" VPOS="374" HPOS="272"/>
							<String ID="string_45" HPOS="288" VPOS="368" WIDTH="172" HEIGHT="28" WC="0.93" CONTENT="skeppsregister"/><SP WIDTH="15" VPOS="368" HPOS="460"/>
							<String ID="string_46" HPOS="475" VPOS="369" WIDTH="22" HEIGHT="21" WC="0.96" CONTENT="af"/><SP WIDTH="14" VPOS="369" HPOS="497"/>
							<String ID="string_47" HPOS="511" VPOS="369" WIDTH="40" HEIGHT="22" WC="0.96" CONTENT="den"/><SP WIDTH="18" VPOS="369" HPOS="551"/>
							<String ID="string_48" HPOS="569" VPOS="371" WIDTH="24" HEIGHT="19" WC="0.95" CONTENT="11"/><SP WIDTH="17" VPOS="371" HPOS="593"/>
							<String ID="string_49" HPOS="610" VPOS="369" WIDTH="120" HEIGHT="22" WC="0.96" CONTENT="November"/><SP WIDTH="17" VPOS="369" HPOS="730"/>
							<String ID="string_50" HPOS="747" VPOS="370" WIDTH="64" HEIGHT="25" WC="0.96" CONTENT="1889;"/>
						</TextLine>
					</TextBlock>
					<TextBlock ID="block_4" HPOS="237" VPOS="403" WIDTH="758" HEIGHT="337">
						<TextLine ID="line_7" HPOS="306" VPOS="403" WIDTH="689" HEIGHT="28">
							<String ID="string_51" HPOS="306" VPOS="403" WIDTH="24" HEIGHT="21" WC="0.92" CONTENT="sä"/><SP WIDTH="19" VPOS="403" HPOS="330"/>
							<String ID="string_52" HPOS="349" VPOS="403" WIDTH="63" HEIGHT="21" WC="0.92" CONTENT="hafva"/><SP WIDTH="23" VPOS="403" HPOS="412"/>
							<String ID="string_53" HPOS="435" VPOS="403" WIDTH="122" HEIGHT="22" WC="0.92" CONTENT="Ständerna"/><SP WIDTH="15" VPOS="403" HPOS="557"/>
							<String ID="string_54" HPOS="572" VPOS="404" WIDTH="6" HEIGHT="21" WC="0.92" CONTENT="i"/><SP WIDTH="16" VPOS="404" HPOS="578"/>
							<String ID="string_55" HPOS="594" VPOS="403" WIDTH="136" HEIGHT="28" WC="0.92" CONTENT="underdänig"/><SP WIDTH="18" VPOS="403" HPOS="730"/>
							<String ID="string_56" HPOS="748" VPOS="403" WIDTH="111" HEIGHT="22" WC="0.93" CONTENT="skrifvelse"/><SP WIDTH="16" VPOS="403" HPOS="859"/>
							<String ID="string_57" HPOS="875" VPOS="403" WIDTH="22" HEIGHT="22" WC="0.96" CONTENT="af"/><SP WIDTH="14" VPOS="403" HPOS="897"/>
							<String ID="string_58" HPOS="911" VPOS="403" WIDTH="41" HEIGHT="22" WC="0.96" CONTENT="den"/><SP WIDTH="16" VPOS="403" HPOS="952"/>
							<String ID="string_59" HPOS="968" VPOS="404" WIDTH="27" HEIGHT="21" WC="0.96" CONTENT="30"/>
						</TextLine>
						<TextLine ID="line_8" HPOS="238" VPOS="437" WIDTH="757" HEIGHT="28">
							<String ID="string_60" HPOS="238" VPOS="437" WIDTH="44" HEIGHT="27" WC="0.96" CONTENT="Maj"/><SP WIDTH="22" VPOS="437" HPOS="282"/>
							<String ID="string_61" HPOS="304" VPOS="438" WIDTH="54" HEIGHT="21" WC="0.96" CONTENT="1894"/><SP WIDTH="20" VPOS="438" HPOS="358"/>
							<String ID="string_62" HPOS="378" VPOS="437" WIDTH="38" HEIGHT="22" WC="0.96" CONTENT="hos"/><SP WIDTH="24" VPOS="437" HPOS="416"/>
							<String ID="string_63" HPOS="440" VPOS="437" WIDTH="59" HEIGHT="22" WC="0.93" CONTENT="Hans"/><SP WIDTH="20" VPOS="437" HPOS="499"/>
							<String ID="string_64" HPOS="519" VPOS="437" WIDTH="119" HEIGHT="28" WC="0.92" CONTENT="Kejserliga"/><SP WIDTH="17" VPOS="437" HPOS="638"/>
							<String ID="string_65" HPOS="655" VPOS="438" WIDTH="103" HEIGHT="27" WC="0.91" CONTENT="Majestät"/><SP WIDTH="22" VPOS="438" HPOS="758"/>
							<String ID="string_66" HPOS="780" VPOS="437" WIDTH="89" HEIGHT="27" WC="0.91" CONTENT="anmält,"/><SP WIDTH="19" VPOS="437" HPOS="869"/>
							<String ID="string_67" HPOS="888" VPOS="439" WIDTH="33" HEIGHT="20" WC="0.93" CONTENT="att"/><SP WIDTH="18" VPOS="439" HPOS="921"/>
							<String ID="string_68" HPOS="939" VPOS="437" WIDTH="56" HEIGHT="22" WC="0.92" CONTENT="före-"/>
						</TextLine>
						<TextLine ID="line_9" HPOS="238" VPOS="471" WIDTH="757" HEIGHT="28">
							<String ID="string_69" HPOS="238" VPOS="471" WIDTH="94" HEIGHT="22" WC="0.96" CONTENT="nämnda"/><SP WIDTH="22" VPOS="471" HPOS="332"/>
							<String ID="string_70" HPOS="354" VPOS="471" WIDTH="80" HEIGHT="28" WC="0.93" CONTENT="förslag"/><SP WIDTH="15" VPOS="471" HPOS="434"/>
							<String ID="string_71" HPOS="449" VPOS="472" WIDTH="68" HEIGHT="21" WC="0.92" CONTENT="blifvit"/><SP WIDTH="16" VPOS="472" HPOS="517"/>
							<String ID="string_72" HPOS="533" VPOS="472" WIDTH="23" HEIGHT="21" WC="0.93" CONTENT="af"/><SP WIDTH="15" VPOS="472" HPOS="556"/>
							<String ID="string_73" HPOS="571" VPOS="472" WIDTH="123" HEIGHT="22" WC="0.92" CONTENT="Ständerna"/><SP WIDTH="15" VPOS="472" HPOS="694"/>
							<String ID="string_74" HPOS="709" VPOS="473" WIDTH="48" HEIGHT="21" WC="0.96" CONTENT="med"/><SP WIDTH="15" VPOS="473" HPOS="757"/>
							<String ID="string_75" HPOS="772" VPOS="472" WIDTH="57" HEIGHT="21" WC="0.96" CONTENT="vissa"/><SP WIDTH="15" VPOS="472" HPOS="829"/>
							<String ID="string_76" HPOS="844" VPOS="472" WIDTH="151" HEIGHT="27" WC="0.96" CONTENT="förändringar"/>
						</TextLine>
						<TextLine ID="line_10" HPOS="238" VPOS="506" WIDTH="756" HEIGHT="27">
							<String ID="string_77" HPOS="238" VPOS="507" WIDTH="103" HEIGHT="26" WC="0.95" CONTENT="antagna,"/><SP WIDTH="24" VPOS="507" HPOS="341"/>
							<String ID="string_78" HPOS="365" VPOS="507" WIDTH="56" HEIGHT="20" WC="0.92" CONTENT="samt"/><SP WIDTH="23" VPOS="507" HPOS="421"/>
							<String ID="string_79" HPOS="444" VPOS="507" WIDTH="68" HEIGHT="21" WC="0.92" CONTENT="tillika"/><SP WIDTH="23" VPOS="507" HPOS="512"/>
							<String ID="string_80" HPOS="535" VPOS="506" WIDTH="96" HEIGHT="27" WC="0.95" CONTENT="anhållit,"/><SP WIDTH="18" VPOS="506" HPOS="631"/>
							<String ID="string_81" HPOS="649" VPOS="507" WIDTH="37" HEIGHT="21" WC="0.93" CONTENT="det"/><SP WIDTH="14" VPOS="507" HPOS="686"/>
							<String ID="string_82" HPOS="700" VPOS="507" WIDTH="84" HEIGHT="21" WC="0.96" CONTENT="täcktes"/><SP WIDTH="15" VPOS="507" HPOS="784"/>
							<String ID="string_83" HPOS="799" VPOS="506" WIDTH="62" HEIGHT="21" WC="0.93" CONTENT="Hans"/><SP WIDTH="16" VPOS="506" HPOS="861"/>
							<String ID="string_84" HPOS="877" VPOS="506" WIDTH="117" HEIGHT="27" WC="0.95" CONTENT="Kejserliga"/>
						</TextLine>
						<TextLine ID="line_11" HPOS="238" VPOS="540" WIDTH="757" HEIGHT="27">
							<String ID="string_85" HPOS="238" VPOS="540" WIDTH="103" HEIGHT="27" WC="0.96" CONTENT="Majestät"/><SP WIDTH="22" VPOS="540" HPOS="341"/>
							<String ID="string_86" HPOS="363" VPOS="541" WIDTH="7" HEIGHT="20" WC="0.96" CONTENT="i"/><SP WIDTH="23" VPOS="541" HPOS="370"/>
							<String ID="string_87" HPOS="393" VPOS="541" WIDTH="67" HEIGHT="21" WC="0.96" CONTENT="nåder"/><SP WIDTH="21" VPOS="541" HPOS="460"/>
							<String ID="string_88" HPOS="481" VPOS="541" WIDTH="52" HEIGHT="26" WC="0.95" CONTENT="låta,"/><SP WIDTH="26" VPOS="541" HPOS="533"/>
							<String ID="string_89" HPOS="559" VPOS="541" WIDTH="24" HEIGHT="21" WC="0.96" CONTENT="så"/><SP WIDTH="22" VPOS="541" HPOS="583"/>
							<String ID="string_90" HPOS="605" VPOS="541" WIDTH="43" HEIGHT="21" WC="0.96" CONTENT="fort"/><SP WIDTH="25" VPOS="541" HPOS="648"/>
							<String ID="string_91" HPOS="673" VPOS="541" WIDTH="39" HEIGHT="22" WC="0.96" CONTENT="ske"/><SP WIDTH="24" VPOS="541" HPOS="712"/>
							<String ID="string_92" HPOS="736" VPOS="541" WIDTH="49" HEIGHT="26" WC="0.96" CONTENT="kan,"/><SP WIDTH="26" VPOS="541" HPOS="785"/>
							<String ID="string_93" HPOS="811" VPOS="540" WIDTH="33" HEIGHT="21" WC="0.91" CONTENT="till"/><SP WIDTH="25" VPOS="540" HPOS="844"/>
							<String ID="string_94" HPOS="869" VPOS="540" WIDTH="126" HEIGHT="22" WC="0.91" CONTENT="efterlefnad"/>
						</TextLine>
						<TextLine ID="line_12" HPOS="238" VPOS="574" WIDTH="757" HEIGHT="29">
							<String ID="string_95" HPOS="238" VPOS="575" WIDTH="98" HEIGHT="27" WC="0.92" CONTENT="kungöra"/><SP WIDTH="23" VPOS="575" HPOS="336"/>
							<String ID="string_96" HPOS="359" VPOS="575" WIDTH="41" HEIGHT="21" WC="0.96" CONTENT="den"/><SP WIDTH="20" VPOS="575" HPOS="400"/>
							<String ID="string_97" HPOS="420" VPOS="574" WIDTH="22" HEIGHT="22" WC="0.93" CONTENT="af"/><SP WIDTH="21" VPOS="574" HPOS="442"/>
							<String ID="string_98" HPOS="463" VPOS="575" WIDTH="122" HEIGHT="22" WC="0.88" CONTENT="Ständerna"/><SP WIDTH="19" VPOS="575" HPOS="585"/>
							<String ID="string_99" HPOS="604" VPOS="577" WIDTH="96" HEIGHT="26" WC="0.93" CONTENT="antagna"/><SP WIDTH="19" VPOS="577" HPOS="700"/>
							<String ID="string_100" HPOS="719" VPOS="575" WIDTH="192" HEIGHT="27" WC="0.92" CONTENT="utsökningslagen"/><SP WIDTH="18" VPOS="575" HPOS="911"/>
							<String ID="string_101" HPOS="929" VPOS="575" WIDTH="66" HEIGHT="27" WC="0.94" CONTENT="jemte"/>
						</TextLine>
						<TextLine ID="line_13" HPOS="239" VPOS="608" WIDTH="756" HEIGHT="29">
							<String ID="string_102" HPOS="239" VPOS="608" WIDTH="69" HEIGHT="28" WC="0.96" CONTENT="öfriga"/><SP WIDTH="24" VPOS="608" HPOS="308"/>
							<String ID="string_103" HPOS="332" VPOS="609" WIDTH="32" HEIGHT="21" WC="0.94" CONTENT="till"/><SP WIDTH="23" VPOS="609" HPOS="364"/>
							<String ID="string_104" HPOS="387" VPOS="610" WIDTH="123" HEIGHT="21" WC="0.96" CONTENT="densamma"/><SP WIDTH="22" VPOS="610" HPOS="510"/>
							<String ID="string_105" HPOS="532" VPOS="610" WIDTH="96" HEIGHT="21" WC="0.94" CONTENT="hörande"/><SP WIDTH="22" VPOS="610" HPOS="628"/>
							<String ID="string_106" HPOS="650" VPOS="609" WIDTH="158" HEIGHT="28" WC="0.93" CONTENT="författningar,"/><SP WIDTH="16" VPOS="609" HPOS="808"/>
							<String ID="string_107" HPOS="824" VPOS="609" WIDTH="93" HEIGHT="22" WC="0.90" CONTENT="hvarhos"/><SP WIDTH="15" VPOS="609" HPOS="917"/>
							<String ID="string_108" HPOS="932" VPOS="609" WIDTH="63" HEIGHT="22" WC="0.91" CONTENT="Stän-"/>
						</TextLine>
						<TextLine ID="line_14" HPOS="238" VPOS="643" WIDTH="756" HEIGHT="29">
							<String ID="string_109" HPOS="238" VPOS="643" WIDTH="67" HEIGHT="22" WC="0.96" CONTENT="derna"/><SP WIDTH="27" VPOS="643" HPOS="305"/>
							<String ID="string_110" HPOS="332" VPOS="644" WIDTH="23" HEIGHT="21" WC="0.96" CONTENT="åt"/><SP WIDTH="26" VPOS="644" HPOS="355"/>
							<String ID="string_111" HPOS="381" VPOS="644" WIDTH="61" HEIGHT="22" WC="0.90" CONTENT="Hans"/><SP WIDTH="25" VPOS="644" HPOS="442"/>
							<String ID="string_112" HPOS="467" VPOS="644" WIDTH="118" HEIGHT="28" WC="0.96" CONTENT="Kejserliga"/><SP WIDTH="25" VPOS="644" HPOS="585"/>
							<String ID="string_113" HPOS="610" VPOS="644" WIDTH="102" HEIGHT="28" WC="0.93" CONTENT="Majestät"/><SP WIDTH="26" VPOS="644" HPOS="712"/>
							<String ID="string_114" HPOS="738" VPOS="644" WIDTH="140" HEIGHT="22" WC="0.90" CONTENT="öfverlemnat"/><SP WIDTH="25" VPOS="644" HPOS="878"/>
							<String ID="string_115" HPOS="903" VPOS="645" WIDTH="32" HEIGHT="21" WC="0.92" CONTENT="att"/><SP WIDTH="25" VPOS="645" HPOS="935"/>
							<String ID="string_116" HPOS="960" VPOS="645" WIDTH="34" HEIGHT="20" WC="0.92" CONTENT="ut-"/>
						</TextLine>
						<TextLine ID="line_15" HPOS="237" VPOS="678" WIDTH="758" HEIGHT="28">
							<String ID="string_117" HPOS="237" VPOS="679" WIDTH="60" HEIGHT="20" WC="0.96" CONTENT="sätta"/><SP WIDTH="22" VPOS="679" HPOS="297"/>
							<String ID="string_118" HPOS="319" VPOS="678" WIDTH="59" HEIGHT="22" WC="0.96" CONTENT="tiden"/><SP WIDTH="23" VPOS="678" HPOS="378"/>
							<String ID="string_119" HPOS="401" VPOS="678" WIDTH="28" HEIGHT="22" WC="0.96" CONTENT="då"/><SP WIDTH="23" VPOS="678" HPOS="429"/>
							<String ID="string_120" HPOS="452" VPOS="678" WIDTH="162" HEIGHT="28" WC="0.95" CONTENT="tillämpningen"/><SP WIDTH="20" VPOS="678" HPOS="614"/>
							<String ID="string_121" HPOS="634" VPOS="678" WIDTH="23" HEIGHT="22" WC="0.96" CONTENT="af"/><SP WIDTH="16" VPOS="678" HPOS="657"/>
							<String ID="string_122" HPOS="673" VPOS="678" WIDTH="164" HEIGHT="28" WC="0.96" CONTENT="ifrågavarande"/><SP WIDTH="23" VPOS="678" HPOS="837"/>
							<String ID="string_123" HPOS="860" VPOS="678" WIDTH="135" HEIGHT="28" WC="0.95" CONTENT="lagstiftning"/>
						</TextLine>
						<TextLine ID="line_16" HPOS="238" VPOS="712" WIDTH="163" HEIGHT="28">
							<String ID="string_124" HPOS="238" VPOS="712" WIDTH="54" HEIGHT="21" WC="0.96" CONTENT="skall"/><SP WIDTH="15" VPOS="712" HPOS="292"/>
							<String ID="string_125" HPOS="307" VPOS="712" WIDTH="94" HEIGHT="28" WC="0.96" CONTENT="vidtaga."/>
						</TextLine>
					</TextBlock>
					<TextBlock ID="block_5" HPOS="236" VPOS="746" WIDTH="758" HEIGHT="269">
						<TextLine ID="line_17" HPOS="305" VPOS="746" WIDTH="689" HEIGHT="28">
							<String ID="string_126" HPOS="305" VPOS="746" WIDTH="68" HEIGHT="22" WC="0.89" CONTENT="Ofvan"/><SP WIDTH="16" VPOS="746" HPOS="373"/>
							<String ID="string_127" HPOS="389" VPOS="747" WIDTH="142" HEIGHT="27" WC="0.96" CONTENT="uppräknade"/><SP WIDTH="18" VPOS="747" HPOS="531"/>
							<String ID="string_128" HPOS="549" VPOS="747" WIDTH="116" HEIGHT="27" WC="0.96" CONTENT="lagförslag"/><SP WIDTH="15" VPOS="747" HPOS="665"/>
							<String ID="string_129" HPOS="680" VPOS="746" WIDTH="64" HEIGHT="22" WC="0.96" CONTENT="hafva"/><SP WIDTH="16" VPOS="746" HPOS="744"/>
							<String ID="string_130" HPOS="760" VPOS="746" WIDTH="22" HEIGHT="22" WC="0.96" CONTENT="af"/><SP WIDTH="12" VPOS="746" HPOS="782"/>
							<String ID="string_131" HPOS="794" VPOS="747" WIDTH="61" HEIGHT="21" WC="0.96" CONTENT="Hans"/><SP WIDTH="16" VPOS="747" HPOS="855"/>
							<String ID="string_132" HPOS="871" VPOS="747" WIDTH="101" HEIGHT="27" WC="0.90" CONTENT="Majestät"/><SP WIDTH="15" VPOS="747" HPOS="972"/>
							<String ID="string_133" HPOS="987" VPOS="747" WIDTH="7" HEIGHT="21" WC="0.96" CONTENT="i"/>
						</TextLine>
						<TextLine ID="line_18" HPOS="237" VPOS="781" WIDTH="757" HEIGHT="28">
							<String ID="string_134" HPOS="237" VPOS="781" WIDTH="68" HEIGHT="21" WC="0.92" CONTENT="nåder"/><SP WIDTH="22" VPOS="781" HPOS="305"/>
							<String ID="string_135" HPOS="327" VPOS="781" WIDTH="135" HEIGHT="27" WC="0.92" CONTENT="stadfästats,"/><SP WIDTH="23" VPOS="781" HPOS="462"/>
							<String ID="string_136" HPOS="485" VPOS="782" WIDTH="82" HEIGHT="22" WC="0.96" CONTENT="sådana"/><SP WIDTH="23" VPOS="782" HPOS="567"/>
							<String ID="string_137" HPOS="590" VPOS="782" WIDTH="26" HEIGHT="22" WC="0.96" CONTENT="de"/><SP WIDTH="19" VPOS="782" HPOS="616"/>
							<String ID="string_138" HPOS="635" VPOS="782" WIDTH="23" HEIGHT="21" WC="0.92" CONTENT="af"/><SP WIDTH="19" VPOS="782" HPOS="658"/>
							<String ID="string_139" HPOS="677" VPOS="782" WIDTH="122" HEIGHT="22" WC="0.91" CONTENT="Ständerna"/><SP WIDTH="16" VPOS="782" HPOS="799"/>
							<String ID="string_140" HPOS="815" VPOS="782" WIDTH="102" HEIGHT="27" WC="0.93" CONTENT="antagits,"/><SP WIDTH="16" VPOS="782" HPOS="917"/>
							<String ID="string_141" HPOS="933" VPOS="781" WIDTH="61" HEIGHT="21" WC="0.92" CONTENT="hvar-"/>
						</TextLine>
						<TextLine ID="line_19" HPOS="239" VPOS="814" WIDTH="755" HEIGHT="30">
							<String ID="string_142" HPOS="239" VPOS="814" WIDTH="55" HEIGHT="23" WC="0.95" CONTENT="efter"/><SP WIDTH="22" VPOS="814" HPOS="294"/>
							<String ID="string_143" HPOS="316" VPOS="816" WIDTH="60" HEIGHT="21" WC="0.92" CONTENT="såväl"/><SP WIDTH="22" VPOS="816" HPOS="376"/>
							<String ID="string_144" HPOS="398" VPOS="816" WIDTH="190" HEIGHT="28" WC="0.91" CONTENT="utsökningslagen"/><SP WIDTH="25" VPOS="816" HPOS="588"/>
							<String ID="string_145" HPOS="613" VPOS="823" WIDTH="45" HEIGHT="15" WC="0.96" CONTENT="som"/><SP WIDTH="23" VPOS="823" HPOS="658"/>
							<String ID="string_146" HPOS="681" VPOS="816" WIDTH="69" HEIGHT="28" WC="0.93" CONTENT="öfriga"/><SP WIDTH="18" VPOS="816" HPOS="750"/>
							<String ID="string_147" HPOS="768" VPOS="816" WIDTH="127" HEIGHT="22" WC="0.91" CONTENT="förberörda"/><SP WIDTH="14" VPOS="816" HPOS="895"/>
							<String ID="string_148" HPOS="909" VPOS="815" WIDTH="85" HEIGHT="22" WC="0.91" CONTENT="författ-"/>
						</TextLine>
						<TextLine ID="line_20" HPOS="237" VPOS="850" WIDTH="757" HEIGHT="28">
							<String ID="string_149" HPOS="237" VPOS="850" WIDTH="78" HEIGHT="27" WC="0.95" CONTENT="ningar"/><SP WIDTH="19" VPOS="850" HPOS="315"/>
							<String ID="string_150" HPOS="334" VPOS="850" WIDTH="41" HEIGHT="22" WC="0.96" CONTENT="den"/><SP WIDTH="20" VPOS="850" HPOS="375"/>
							<String ID="string_151" HPOS="395" VPOS="852" WIDTH="12" HEIGHT="21" WC="0.96" CONTENT="3"/><SP WIDTH="20" VPOS="852" HPOS="407"/>
							<String ID="string_152" HPOS="427" VPOS="851" WIDTH="115" HEIGHT="22" WC="0.96" CONTENT="December"/><SP WIDTH="21" VPOS="851" HPOS="542"/>
							<String ID="string_153" HPOS="563" VPOS="852" WIDTH="55" HEIGHT="21" WC="0.96" CONTENT="1895"/><SP WIDTH="18" VPOS="852" HPOS="618"/>
							<String ID="string_154" HPOS="636" VPOS="851" WIDTH="116" HEIGHT="27" WC="0.96" CONTENT="utfärdats,"/><SP WIDTH="21" VPOS="851" HPOS="752"/>
							<String ID="string_155" HPOS="773" VPOS="852" WIDTH="33" HEIGHT="20" WC="0.96" CONTENT="att"/><SP WIDTH="15" VPOS="852" HPOS="806"/>
							<String ID="string_156" HPOS="821" VPOS="850" WIDTH="57" HEIGHT="28" WC="0.96" CONTENT="gälla"/><SP WIDTH="14" VPOS="850" HPOS="878"/>
							<String ID="string_157" HPOS="892" VPOS="850" WIDTH="46" HEIGHT="22" WC="0.96" CONTENT="från"/><SP WIDTH="17" VPOS="850" HPOS="938"/>
							<String ID="string_158" HPOS="955" VPOS="850" WIDTH="39" HEIGHT="22" WC="0.96" CONTENT="och"/>
						</TextLine>
						<TextLine ID="line_21" HPOS="236" VPOS="884" WIDTH="757" HEIGHT="28">
							<String ID="string_159" HPOS="236" VPOS="884" WIDTH="49" HEIGHT="21" WC="0.96" CONTENT="med"/><SP WIDTH="23" VPOS="884" HPOS="285"/>
							<String ID="string_160" HPOS="308" VPOS="885" WIDTH="40" HEIGHT="21" WC="0.96" CONTENT="den"/><SP WIDTH="22" VPOS="885" HPOS="348"/>
							<String ID="string_161" HPOS="370" VPOS="887" WIDTH="6" HEIGHT="19" WC="0.96" CONTENT="1"/><SP WIDTH="23" VPOS="887" HPOS="376"/>
							<String ID="string_162" HPOS="399" VPOS="885" WIDTH="91" HEIGHT="22" WC="0.96" CONTENT="Januari"/><SP WIDTH="26" VPOS="885" HPOS="490"/>
							<String ID="string_163" HPOS="516" VPOS="887" WIDTH="59" HEIGHT="25" WC="0.96" CONTENT="1897,"/><SP WIDTH="24" VPOS="887" HPOS="575"/>
							<String ID="string_164" HPOS="599" VPOS="885" WIDTH="48" HEIGHT="22" WC="0.96" CONTENT="med"/><SP WIDTH="22" VPOS="885" HPOS="647"/>
							<String ID="string_165" HPOS="669" VPOS="885" WIDTH="113" HEIGHT="27" WC="0.95" CONTENT="undantag"/><SP WIDTH="20" VPOS="885" HPOS="782"/>
							<String ID="string_166" HPOS="802" VPOS="885" WIDTH="23" HEIGHT="21" WC="0.96" CONTENT="af"/><SP WIDTH="16" VPOS="885" HPOS="825"/>
							<String ID="string_167" HPOS="841" VPOS="884" WIDTH="152" HEIGHT="27" WC="0.95" CONTENT="förordningen"/>
						</TextLine>
						<TextLine ID="line_22" HPOS="237" VPOS="919" WIDTH="757" HEIGHT="29">
							<String ID="string_168" HPOS="237" VPOS="919" WIDTH="111" HEIGHT="27" WC="0.96" CONTENT="angående"/><SP WIDTH="21" VPOS="919" HPOS="348"/>
							<String ID="string_169" HPOS="369" VPOS="919" WIDTH="91" HEIGHT="28" WC="0.96" CONTENT="ändring"/><SP WIDTH="15" VPOS="919" HPOS="460"/>
							<String ID="string_170" HPOS="475" VPOS="920" WIDTH="22" HEIGHT="21" WC="0.93" CONTENT="af"/><SP WIDTH="14" VPOS="920" HPOS="497"/>
							<String ID="string_171" HPOS="511" VPOS="921" WIDTH="11" HEIGHT="27" WC="0.90" CONTENT="$"/><SP WIDTH="17" VPOS="921" HPOS="522"/>
							<String ID="string_172" HPOS="539" VPOS="921" WIDTH="26" HEIGHT="20" WC="0.93" CONTENT="23"/><SP WIDTH="16" VPOS="921" HPOS="565"/>
							<String ID="string_173" HPOS="581" VPOS="920" WIDTH="7" HEIGHT="21" WC="0.96" CONTENT="i"/><SP WIDTH="16" VPOS="920" HPOS="588"/>
							<String ID="string_174" HPOS="604" VPOS="920" WIDTH="153" HEIGHT="27" WC="0.96" CONTENT="förordningen"/><SP WIDTH="16" VPOS="920" HPOS="757"/>
							<String ID="string_175" HPOS="773" VPOS="926" WIDTH="34" HEIGHT="15" WC="0.93" CONTENT="om"/><SP WIDTH="16" VPOS="926" HPOS="807"/>
							<String ID="string_176" HPOS="823" VPOS="919" WIDTH="171" HEIGHT="28" WC="0.90" CONTENT="skeppsregister"/>
						</TextLine>
						<TextLine ID="line_23" HPOS="237" VPOS="953" WIDTH="757" HEIGHT="28">
							<String ID="string_177" HPOS="237" VPOS="953" WIDTH="23" HEIGHT="21" WC="0.96" CONTENT="af"/><SP WIDTH="18" VPOS="953" HPOS="260"/>
							<String ID="string_178" HPOS="278" VPOS="953" WIDTH="41" HEIGHT="22" WC="0.96" CONTENT="den"/><SP WIDTH="22" VPOS="953" HPOS="319"/>
							<String ID="string_179" HPOS="341" VPOS="955" WIDTH="23" HEIGHT="20" WC="0.96" CONTENT="11"/><SP WIDTH="20" VPOS="955" HPOS="364"/>
							<String ID="string_180" HPOS="384" VPOS="954" WIDTH="119" HEIGHT="22" WC="0.96" CONTENT="November"/><SP WIDTH="25" VPOS="954" HPOS="503"/>
							<String ID="string_181" HPOS="528" VPOS="955" WIDTH="61" HEIGHT="26" WC="0.94" CONTENT="1889,"/><SP WIDTH="23" VPOS="955" HPOS="589"/>
							<String ID="string_182" HPOS="612" VPOS="955" WIDTH="64" HEIGHT="21" WC="0.95" CONTENT="hvars"/><SP WIDTH="23" VPOS="955" HPOS="676"/>
							<String ID="string_183" HPOS="699" VPOS="954" WIDTH="136" HEIGHT="27" WC="0.96" CONTENT="tillämpning"/><SP WIDTH="22" VPOS="954" HPOS="835"/>
							<String ID="string_184" HPOS="857" VPOS="954" WIDTH="84" HEIGHT="21" WC="0.96" CONTENT="komme"/><SP WIDTH="20" VPOS="954" HPOS="941"/>
							<String ID="string_185" HPOS="961" VPOS="955" WIDTH="33" HEIGHT="20" WC="0.96" CONTENT="att"/>
						</TextLine>
						<TextLine ID="line_24" HPOS="238" VPOS="987" WIDTH="241" HEIGHT="28">
							<String ID="string_186" HPOS="238" VPOS="987" WIDTH="133" HEIGHT="22" WC="0.96" CONTENT="omedelbart"/><SP WIDTH="15" VPOS="987" HPOS="371"/>
							<String ID="string_187" HPOS="386" VPOS="988" WIDTH="93" HEIGHT="27" WC="0.96" CONTENT="vidtaga."/>
						</TextLine>
					</TextBlock>
					<TextBlock ID="block_6" HPOS="235" VPOS="1021" WIDTH="759" HEIGHT="98">
						<TextLine ID="line_25" HPOS="304" VPOS="1021" WIDTH="690" HEIGHT="29">
							<String ID="string_188" HPOS="304" VPOS="1021" WIDTH="126" HEIGHT="22" WC="0.96" CONTENT="Sedermera"/><SP WIDTH="22" VPOS="1021" HPOS="430"/>
							<String ID="string_189" HPOS="452" VPOS="1023" WIDTH="39" HEIGHT="21" WC="0.96" CONTENT="har"/><SP WIDTH="18" VPOS="1023" HPOS="491"/>
							<String ID="string_190" HPOS="509" VPOS="1023" WIDTH="60" HEIGHT="21" WC="0.96" CONTENT="Hans"/><SP WIDTH="16" VPOS="1023" HPOS="569"/>
							<String ID="string_191" HPOS="585" VPOS="1023" WIDTH="119" HEIGHT="27" WC="0.96" CONTENT="Kejserliga"/><SP WIDTH="14" VPOS="1023" HPOS="704"/>
							<String ID="string_192" HPOS="718" VPOS="1023" WIDTH="109" HEIGHT="27" WC="0.96" CONTENT="Majestät,"/><SP WIDTH="16" VPOS="1023" HPOS="827"/>
							<String ID="string_193" HPOS="843" VPOS="1022" WIDTH="7" HEIGHT="21" WC="0.96" CONTENT="i"/><SP WIDTH="16" VPOS="1022" HPOS="850"/>
							<String ID="string_194" HPOS="866" VPOS="1022" WIDTH="100" HEIGHT="21" WC="0.93" CONTENT="afseende"/><SP WIDTH="16" VPOS="1022" HPOS="966"/>
							<String ID="string_195" HPOS="982" VPOS="1022" WIDTH="12" HEIGHT="21" WC="0.93" CONTENT="å"/>
						</TextLine>
						<TextLine ID="line_26" HPOS="236" VPOS="1056" WIDTH="756" HEIGHT="29">
							<String ID="string_196" HPOS="236" VPOS="1056" WIDTH="168" HEIGHT="28" WC="0.96" CONTENT="komplettering"/><SP WIDTH="16" VPOS="1056" HPOS="404"/>
							<String ID="string_197" HPOS="420" VPOS="1057" WIDTH="23" HEIGHT="22" WC="0.96" CONTENT="af"/><SP WIDTH="13" VPOS="1057" HPOS="443"/>
							<String ID="string_198" HPOS="456" VPOS="1057" WIDTH="161" HEIGHT="28" WC="0.96" CONTENT="lagstiftningen"/><SP WIDTH="15" VPOS="1057" HPOS="617"/>
							<String ID="string_199" HPOS="632" VPOS="1057" WIDTH="112" HEIGHT="28" WC="0.93" CONTENT="angående"/><SP WIDTH="10" VPOS="1057" HPOS="744"/>
							<String ID="string_200" HPOS="754" VPOS="1057" WIDTH="238" HEIGHT="27" WC="0.92" CONTENT="utsökningsväsendet,"/>
						</TextLine>
						<TextLine ID="line_27" HPOS="235" VPOS="1091" WIDTH="757" HEIGHT="28">
							<String ID="string_201" HPOS="235" VPOS="1091" WIDTH="50" HEIGHT="21" WC="0.96" CONTENT="låtit"/><SP WIDTH="19" VPOS="1091" HPOS="285"/>
							<String ID="string_202" HPOS="304" VPOS="1091" WIDTH="41" HEIGHT="22" WC="0.96" CONTENT="den"/><SP WIDTH="19" VPOS="1091" HPOS="345"/>
							<String ID="string_203" HPOS="364" VPOS="1093" WIDTH="26" HEIGHT="20" WC="0.96" CONTENT="31"/><SP WIDTH="21" VPOS="1093" HPOS="390"/>
							<String ID="string_204" HPOS="411" VPOS="1091" WIDTH="97" HEIGHT="22" WC="0.96" CONTENT="Oktober"/><SP WIDTH="20" VPOS="1091" HPOS="508"/>
							<String ID="string_205" HPOS="528" VPOS="1093" WIDTH="54" HEIGHT="21" WC="0.96" CONTENT="1896"/><SP WIDTH="23" VPOS="1093" HPOS="582"/>
							<String ID="string_206" HPOS="605" VPOS="1092" WIDTH="87" HEIGHT="21" WC="0.96" CONTENT="utfärda"/><SP WIDTH="22" VPOS="1092" HPOS="692"/>
							<String ID="string_207" HPOS="714" VPOS="1091" WIDTH="94" HEIGHT="28" WC="0.96" CONTENT="följande"/><SP WIDTH="23" VPOS="1091" HPOS="808"/>
							<String ID="string_208" HPOS="831" VPOS="1091" WIDTH="161" HEIGHT="27" WC="0.96" CONTENT="författningar:"/>
						</TextLine>
					</TextBlock>
					<TextBlock ID="block_7" HPOS="235" VPOS="1125" WIDTH="759" HEIGHT="63">
						<TextLine ID="line_28" HPOS="304" VPOS="1125" WIDTH="690" HEIGHT="29">
							<String ID="string_209" HPOS="304" VPOS="1127" WIDTH="21" HEIGHT="26" WC="0.96" CONTENT="a)"/><SP WIDTH="23" VPOS="1127" HPOS="325"/>
							<String ID="string_210" HPOS="348" VPOS="1125" WIDTH="133" HEIGHT="29" WC="0.96" CONTENT="förordning,"/><SP WIDTH="23" VPOS="1125" HPOS="481"/>
							<String ID="string_211" HPOS="504" VPOS="1127" WIDTH="111" HEIGHT="27" WC="0.96" CONTENT="angående"/><SP WIDTH="21" VPOS="1127" HPOS="615"/>
							<String ID="string_212" HPOS="636" VPOS="1126" WIDTH="56" HEIGHT="21" WC="0.96" CONTENT="hvad"/><SP WIDTH="23" VPOS="1126" HPOS="692"/>
							<String ID="string_213" HPOS="715" VPOS="1126" WIDTH="35" HEIGHT="21" WC="0.95" CONTENT="vid"/><SP WIDTH="23" VPOS="1126" HPOS="750"/>
							<String ID="string_214" HPOS="773" VPOS="1125" WIDTH="135" HEIGHT="28" WC="0.96" CONTENT="tillämpning"/><SP WIDTH="16" VPOS="1125" HPOS="908"/>
							<String ID="string_215" HPOS="924" VPOS="1125" WIDTH="22" HEIGHT="21" WC="0.93" CONTENT="af"/><SP WIDTH="13" VPOS="1125" HPOS="946"/>
							<String ID="string_216" HPOS="959" VPOS="1127" WIDTH="35" HEIGHT="19" WC="0.92" CONTENT="ut-"/>
						</TextLine>
						<TextLine ID="line_29" HPOS="235" VPOS="1160" WIDTH="517" HEIGHT="28">
							<String ID="string_217" HPOS="235" VPOS="1160" WIDTH="167" HEIGHT="28" WC="0.92" CONTENT="sökningslagen"/><SP WIDTH="16" VPOS="1160" HPOS="402"/>
							<String ID="string_218" HPOS="418" VPOS="1160" WIDTH="7" HEIGHT="21" WC="0.96" CONTENT="i"/><SP WIDTH="15" VPOS="1160" HPOS="425"/>
							<String ID="string_219" HPOS="440" VPOS="1161" WIDTH="57" HEIGHT="21" WC="0.96" CONTENT="vissa"/><SP WIDTH="14" VPOS="1161" HPOS="497"/>
							<String ID="string_220" HPOS="511" VPOS="1160" WIDTH="37" HEIGHT="22" WC="0.96" CONTENT="fall"/><SP WIDTH="15" VPOS="1160" HPOS="548"/>
							<String ID="string_221" HPOS="563" VPOS="1161" WIDTH="55" HEIGHT="21" WC="0.96" CONTENT="skall"/><SP WIDTH="15" VPOS="1161" HPOS="618"/>
							<String ID="string_222" HPOS="633" VPOS="1161" WIDTH="119" HEIGHT="27" WC="0.96" CONTENT="iakttagas;"/>
						</TextLine>
					</TextBlock>
					<TextBlock ID="block_8" HPOS="235" VPOS="1194" WIDTH="758" HEIGHT="62">
						<TextLine ID="line_30" HPOS="303" VPOS="1194" WIDTH="690" HEIGHT="28">
							<String ID="string_223" HPOS="303" VPOS="1194" WIDTH="20" HEIGHT="27" WC="0.60" CONTENT="0)"/><SP WIDTH="23" VPOS="1194" HPOS="323"/>
							<String ID="string_224" HPOS="346" VPOS="1194" WIDTH="133" HEIGHT="28" WC="0.96" CONTENT="förordning,"/><SP WIDTH="11" VPOS="1194" HPOS="479"/>
							<String ID="string_225" HPOS="490" VPOS="1195" WIDTH="111" HEIGHT="27" WC="0.96" CONTENT="angående"/><SP WIDTH="16" VPOS="1195" HPOS="601"/>
							<String ID="string_226" HPOS="617" VPOS="1195" WIDTH="113" HEIGHT="27" WC="0.96" CONTENT="värdering"/><SP WIDTH="12" VPOS="1195" HPOS="730"/>
							<String ID="string_227" HPOS="742" VPOS="1194" WIDTH="23" HEIGHT="22" WC="0.97" CONTENT="af"/><SP WIDTH="8" VPOS="1194" HPOS="765"/>
							<String ID="string_228" HPOS="773" VPOS="1194" WIDTH="42" HEIGHT="22" WC="0.96" CONTENT="fast"/><SP WIDTH="12" VPOS="1194" HPOS="815"/>
							<String ID="string_229" HPOS="827" VPOS="1194" WIDTH="109" HEIGHT="27" WC="0.96" CONTENT="egendom,"/><SP WIDTH="12" VPOS="1194" HPOS="936"/>
							<String ID="string_230" HPOS="948" VPOS="1200" WIDTH="45" HEIGHT="15" WC="0.96" CONTENT="som"/>
						</TextLine>
						<TextLine ID="line_31" HPOS="235" VPOS="1228" WIDTH="757" HEIGHT="28">
							<String ID="string_231" HPOS="235" VPOS="1230" WIDTH="25" HEIGHT="19" WC="0.91" CONTENT="är"/><SP WIDTH="8" VPOS="1230" HPOS="260"/>
							<String ID="string_232" HPOS="268" VPOS="1228" WIDTH="184" HEIGHT="27" WC="0.89" CONTENT="pantförskrifven"/><SP WIDTH="10" VPOS="1228" HPOS="452"/>
							<String ID="string_233" HPOS="462" VPOS="1229" WIDTH="50" HEIGHT="21" WC="0.93" CONTENT="eller"/><SP WIDTH="9" VPOS="1229" HPOS="512"/>
							<String ID="string_234" HPOS="521" VPOS="1229" WIDTH="60" HEIGHT="21" WC="0.92" CONTENT="hvari"/><SP WIDTH="9" VPOS="1229" HPOS="581"/>
							<String ID="string_235" HPOS="590" VPOS="1229" WIDTH="88" HEIGHT="21" WC="0.96" CONTENT="införsel"/><SP WIDTH="8" VPOS="1229" HPOS="678"/>
							<String ID="string_236" HPOS="686" VPOS="1229" WIDTH="88" HEIGHT="21" WC="0.95" CONTENT="vunnits"/><SP WIDTH="5" VPOS="1229" HPOS="774"/>
							<String ID="string_237" HPOS="779" VPOS="1234" WIDTH="77" HEIGHT="22" WC="0.93" CONTENT="genom"/><SP WIDTH="5" VPOS="1234" HPOS="856"/>
							<String ID="string_238" HPOS="861" VPOS="1228" WIDTH="131" HEIGHT="27" WC="0.92" CONTENT="utmätning;"/>
						</TextLine>
					</TextBlock>
					<TextBlock ID="block_9" HPOS="235" VPOS="1262" WIDTH="758" HEIGHT="62">
						<TextLine ID="line_32" HPOS="307" VPOS="1262" WIDTH="686" HEIGHT="28">
							<String ID="string_239" HPOS="307" VPOS="1262" WIDTH="19" HEIGHT="27" WC="0.85" CONTENT="c)"/><SP WIDTH="23" VPOS="1262" HPOS="326"/>
							<String ID="string_240" HPOS="349" VPOS="1262" WIDTH="135" HEIGHT="28" WC="0.95" CONTENT="kungörelse,"/><SP WIDTH="17" VPOS="1262" HPOS="484"/>
							<String ID="string_241" HPOS="501" VPOS="1263" WIDTH="110" HEIGHT="27" WC="0.96" CONTENT="angående"/><SP WIDTH="10" VPOS="1263" HPOS="611"/>
							<String ID="string_242" HPOS="621" VPOS="1263" WIDTH="75" HEIGHT="27" WC="0.93" CONTENT="längre"/><SP WIDTH="10" VPOS="1263" HPOS="696"/>
							<String ID="string_243" HPOS="706" VPOS="1262" WIDTH="121" HEIGHT="23" WC="0.93" CONTENT="besvärstid"/><SP WIDTH="10" VPOS="1262" HPOS="827"/>
							<String ID="string_244" HPOS="837" VPOS="1262" WIDTH="7" HEIGHT="22" WC="0.93" CONTENT="i"/><SP WIDTH="11" VPOS="1262" HPOS="844"/>
							<String ID="string_245" HPOS="855" VPOS="1262" WIDTH="138" HEIGHT="27" WC="0.93" CONTENT="utsöknings-"/>
						</TextLine>
						<TextLine ID="line_33" HPOS="235" VPOS="1296" WIDTH="374" HEIGHT="28">
							<String ID="string_246" HPOS="235" VPOS="1296" WIDTH="43" HEIGHT="21" WC="0.88" CONTENT="mäl"/><SP WIDTH="15" VPOS="1296" HPOS="278"/>
							<String ID="string_247" HPOS="293" VPOS="1296" WIDTH="33" HEIGHT="22" WC="0.97" CONTENT="för"/><SP WIDTH="15" VPOS="1296" HPOS="326"/>
							<String ID="string_248" HPOS="341" VPOS="1297" WIDTH="58" HEIGHT="21" WC="0.96" CONTENT="vissa"/><SP WIDTH="16" VPOS="1297" HPOS="399"/>
							<String ID="string_249" HPOS="415" VPOS="1297" WIDTH="60" HEIGHT="21" WC="0.96" CONTENT="delar"/><SP WIDTH="15" VPOS="1297" HPOS="475"/>
							<String ID="string_250" HPOS="490" VPOS="1297" WIDTH="22" HEIGHT="21" WC="0.97" CONTENT="af"/><SP WIDTH="13" VPOS="1297" HPOS="512"/>
							<String ID="string_251" HPOS="525" VPOS="1298" WIDTH="84" HEIGHT="26" WC="0.95" CONTENT="landet;"/>
						</TextLine>
					</TextBlock>
					<TextBlock ID="block_10" HPOS="234" VPOS="1330" WIDTH="759" HEIGHT="62">
						<TextLine ID="line_34" HPOS="302" VPOS="1330" WIDTH="691" HEIGHT="29">
							<String ID="string_252" HPOS="302" VPOS="1330" WIDTH="23" HEIGHT="28" WC="0.89" CONTENT="d)"/><SP WIDTH="23" VPOS="1330" HPOS="325"/>
							<String ID="string_253" HPOS="348" VPOS="1330" WIDTH="132" HEIGHT="28" WC="0.92" CONTENT="förordning,"/><SP WIDTH="25" VPOS="1330" HPOS="480"/>
							<String ID="string_254" HPOS="505" VPOS="1332" WIDTH="111" HEIGHT="27" WC="0.90" CONTENT="angäende"/><SP WIDTH="22" VPOS="1332" HPOS="616"/>
							<String ID="string_255" HPOS="638" VPOS="1331" WIDTH="135" HEIGHT="28" WC="0.90" CONTENT="stadsfogdes"/><SP WIDTH="24" VPOS="1331" HPOS="773"/>
							<String ID="string_256" HPOS="797" VPOS="1330" WIDTH="134" HEIGHT="22" WC="0.92" CONTENT="tillsättande"/><SP WIDTH="23" VPOS="1330" HPOS="931"/>
							<String ID="string_257" HPOS="954" VPOS="1330" WIDTH="39" HEIGHT="22" WC="0.96" CONTENT="och"/>
						</TextLine>
						<TextLine ID="line_35" HPOS="234" VPOS="1364" WIDTH="599" HEIGHT="28">
							<String ID="string_258" HPOS="234" VPOS="1370" WIDTH="34" HEIGHT="15" WC="0.92" CONTENT="om"/><SP WIDTH="16" VPOS="1370" HPOS="268"/>
							<String ID="string_259" HPOS="284" VPOS="1364" WIDTH="96" HEIGHT="22" WC="0.92" CONTENT="vilkoren"/><SP WIDTH="16" VPOS="1364" HPOS="380"/>
							<String ID="string_260" HPOS="396" VPOS="1364" WIDTH="34" HEIGHT="22" WC="0.93" CONTENT="för"/><SP WIDTH="16" VPOS="1364" HPOS="430"/>
							<String ID="string_261" HPOS="446" VPOS="1366" WIDTH="122" HEIGHT="21" WC="0.92" CONTENT="erhällande"/><SP WIDTH="16" VPOS="1366" HPOS="568"/>
							<String ID="string_262" HPOS="584" VPOS="1366" WIDTH="23" HEIGHT="21" WC="0.93" CONTENT="af"/><SP WIDTH="13" VPOS="1366" HPOS="607"/>
							<String ID="string_263" HPOS="620" VPOS="1366" WIDTH="67" HEIGHT="21" WC="0.92" CONTENT="sädan"/><SP WIDTH="16" VPOS="1366" HPOS="687"/>
							<String ID="string_264" HPOS="703" VPOS="1365" WIDTH="130" HEIGHT="27" WC="0.93" CONTENT="befattning;"/>
						</TextLine>
					</TextBlock>
					<TextBlock ID="block_11" HPOS="232" VPOS="1398" WIDTH="761" HEIGHT="63">
						<TextLine ID="line_36" HPOS="306" VPOS="1398" WIDTH="687" HEIGHT="29">
							<String ID="string_265" HPOS="306" VPOS="1399" WIDTH="19" HEIGHT="27" WC="0.88" CONTENT="e)"/><SP WIDTH="24" VPOS="1399" HPOS="325"/>
							<String ID="string_266" HPOS="349" VPOS="1399" WIDTH="135" HEIGHT="27" WC="0.91" CONTENT="kungörelse,"/><SP WIDTH="17" VPOS="1399" HPOS="484"/>
							<String ID="string_267" HPOS="501" VPOS="1400" WIDTH="110" HEIGHT="27" WC="0.92" CONTENT="angäende"/><SP WIDTH="14" VPOS="1400" HPOS="611"/>
							<String ID="string_268" HPOS="625" VPOS="1400" WIDTH="137" HEIGHT="22" WC="0.92" CONTENT="anställande"/><SP WIDTH="10" VPOS="1400" HPOS="762"/>
							<String ID="string_269" HPOS="772" VPOS="1399" WIDTH="23" HEIGHT="21" WC="0.93" CONTENT="af"/><SP WIDTH="9" VPOS="1399" HPOS="795"/>
							<String ID="string_270" HPOS="804" VPOS="1398" WIDTH="189" HEIGHT="22" WC="0.92" CONTENT="kommissionärer"/>
						</TextLine>
						<TextLine ID="line_37" HPOS="232" VPOS="1432" WIDTH="303" HEIGHT="29">
							<String ID="string_271" HPOS="232" VPOS="1432" WIDTH="40" HEIGHT="22" WC="0.93" CONTENT="hos"/><SP WIDTH="16" VPOS="1432" HPOS="272"/>
							<String ID="string_272" HPOS="288" VPOS="1432" WIDTH="174" HEIGHT="29" WC="0.92" CONTENT="öfverexekutor;"/><SP WIDTH="17" VPOS="1432" HPOS="462"/>
							<String ID="string_273" HPOS="479" VPOS="1436" WIDTH="56" HEIGHT="20" WC="0.96" CONTENT="samt"/>
						</TextLine>
					</TextBlock>
				</ComposedBlock>
			</PrintSpace>
		</Page>
	</Layout>
</alto>
