1098 1753
258 131 28 20 44

229 199 39 20 och
288 199 148 22 utrikesvexlar
454 200 8 20 i
481 199 83 28 portfölj
585 201 57 20 samt
661 201 32 20 att
712 200 81 21 således
813 199 61 21 äfven
891 200 69 21 vexlar
975 199 24 21 af

230 233 93 28 antydda
342 234 45 27 slag
406 235 63 20 borde
485 235 21 22 få
520 235 77 20 räknas
613 235 33 20 till
663 235 84 20 valutan
764 234 32 21 för
812 233 185 28 sedelutgifnings-

229 269 76 20 rätten.
338 268 75 21 Denna
436 268 157 28 framställning
613 269 39 21 har
671 269 153 26 otvifvelaktigt
842 269 46 20 skäl
907 269 31 20 för
958 268 39 27 sig.

229 303 50 20 Men
301 303 6 20 i
329 303 104 21 anseende
452 303 33 21 till
504 303 75 21 sakens
598 303 82 21 mindre
700 303 130 28 betydenhet
849 303 32 21 för
899 303 98 21 Bankens

230 337 165 27 sedelutgifning
415 344 62 20 synes
493 337 52 21 dock
560 338 51 20 böra
627 337 141 27 ifrågasättas,
785 337 105 21 huruvida
905 338 35 20 det
955 338 40 20 kan

231 377 61 15 anses
315 371 106 27 påkalladt
443 372 31 20 att
498 372 83 21 ensamt
603 372 24 20 af
648 372 70 21 denna
740 372 116 26 anledning
875 372 70 20 skrida
963 371 33 21 till

231 405 195 27 åvägabringandet
448 406 23 21 af
491 406 40 21 den
550 406 63 21 häraf
630 406 112 27 betingade
761 406 124 27 förändring
902 406 7 21 i
928 406 69 20 hithö-

231 440 64 21 rande
319 440 131 28 stadganden
473 440 7 21 i
507 441 204 26 bankreglementet,
732 440 69 22 såvidt
823 441 107 27 nemligen
952 440 45 21 icke

233 474 67 27 någon
318 481 59 15 mera
397 475 178 27 genomgripande
597 475 89 21 revision
702 475 23 21 af
738 475 62 21 dessa
816 475 130 27 stadganden
963 475 36 21 be-

233 508 67 22 finnes
315 510 50 20 böra
381 510 158 26 ifrågakomma.

305 544 37 21 Uti
364 550 26 14 en
409 544 175 21 Bankutskottets
603 544 132 22 betänkande
754 544 98 27 vidfogad
872 544 126 21 reservation

235 578 38 20 har
292 578 132 24 framhållits,
444 580 31 20 att
495 579 98 21 Bankens
612 578 149 28 odisponerade
780 578 132 28 vinstmedel,
930 578 69 21 såsom

234 612 45 21 icke
291 613 185 27 representerande
488 620 25 14 en
525 613 32 21 för
567 614 99 21 Bankens
681 614 78 20 rörelse
772 613 49 21 fullt
833 613 116 27 disponibel
956 613 43 21 till-

234 646 62 28 gång,
315 647 62 21 borde
398 648 12 20 &
429 648 244 26 sedelutgifningsrätten
695 648 105 20 afräknas.
831 648 79 21 Härom
928 648 71 21 kunna

234 681 192 27 Bankfullmäktige
442 682 44 21 icke
502 682 73 21 förena
591 682 38 27 sig,
645 682 89 21 emedan
751 682 62 21 dessa
825 682 125 21 vinstmedel
963 684 36 19 äro

234 715 32 21 för
283 715 98 22 Bankens
397 717 78 20 rörelse
491 717 118 27 disponibla
624 717 55 20 ända
694 717 33 20 till
742 717 49 20 dess
807 716 119 21 Ständerna
936 716 63 21 förfo-

234 751 37 26 gat
287 750 56 21 öfver
359 750 48 21 dem
423 752 55 19 samt
494 751 81 21 säledes
590 751 45 21 icke
651 751 71 21 kunna
738 751 49 21 med
803 751 67 21 avista
886 751 113 21 förbindel-

234 791 33 14 ser
285 785 108 20 likställas.
424 786 71 20 Annat
514 787 22 19 är
554 785 95 22 deremot
663 785 143 22 förhållandet
820 785 49 21 med
885 785 64 21 redan
964 785 33 21 för

233 819 152 21 statsändamä]
404 819 102 27 anslagna
524 826 48 15 men
592 820 45 21 icke
657 821 88 26 uttagna
764 819 132 22 vinstmedel.
930 819 67 22 Dessa

233 853 70 21 medel
326 853 61 22 hafva
411 854 104 21 härintills
536 855 32 20 uti
589 854 98 21 Bankens
711 854 111 27 bokföring
840 854 90 21 likstälts
949 854 49 21 med

234 887 149 28 odisponerade
408 888 130 27 vinstmedel,
560 895 49 14 men
633 889 59 20 detta
713 888 120 21 förfarande
853 889 59 25 skall,
932 889 65 26 enligt

233 921 55 22 hvad
304 922 136 21 Direktionen
457 923 71 21 derom
544 923 87 25 anmält,
647 923 47 21 frän
708 923 54 22 1897
774 923 34 21 ärs
823 923 72 26 början
906 923 90 26 frängäs,

233 956 39 21 och
292 957 83 20 komma
395 957 65 26 sagda
477 957 76 27 medel,
573 957 72 22 hvilka
663 958 88 21 Banken
770 958 68 21 mäste
854 964 50 15 vara
919 957 78 21 beredd

233 991 32 20 att
284 992 37 19 när
342 997 45 15 som
406 991 56 21 helst
477 992 100 23 utbetala,
595 993 38 26 att,
648 992 6 21 i
669 992 66 21 likhet
750 992 48 21 med
814 992 100 21 Bankens
930 991 67 27 öfriga

235 1025 67 20 avista
317 1025 144 26 förbindelser,
478 1026 97 21 afräknas
591 1027 12 20 å
618 1027 253 26 sedelutgifningsrätten.
902 1026 40 21 För
952 1026 45 20 vid-

232 1058 101 27 tagandet
351 1059 23 21 af
389 1059 69 21 denna
473 1060 73 26 ätgärd
563 1060 103 21 erfordras
682 1060 118 21 emellertid
815 1060 45 20 icke
876 1060 68 26 nägon
960 1060 37 20 än-

231 1092 62 28 dring
308 1093 23 21 af
344 1094 144 26 reglementet.

300 1127 60 21 Inom
381 1128 163 22 Bankutskottet
563 1129 38 21 har
620 1130 44 20 mot
679 1136 28 14 nu
723 1128 99 28 gällande
837 1128 158 27 bestämningar

232 1168 35 14 om
283 1162 98 21 Bankens
397 1162 218 28 sedelutgifningsrätt
631 1163 61 21 äfven
707 1164 116 24 anmärkts,
837 1164 31 20 att
878 1163 61 21 dessa
949 1162 45 22 icke

231 1196 107 26 medgifva
354 1196 69 27 nägon
438 1198 65 26 utväg
513 1198 31 20 att
555 1198 68 20 under
633 1198 142 27 exceptionela
785 1197 145 21 förhällanden
941 1198 54 20 tem-

230 1231 73 25 porärt
321 1231 108 21 utsträcka
445 1231 251 28 sedelutgifningsrätten,
711 1232 7 20 i
734 1232 81 21 hvilket
830 1231 97 21 afseende
942 1232 52 26 möj-

229 1264 56 26 ligen
307 1264 68 22 kunde
400 1265 45 21 åter
467 1267 103 26 upptagas
594 1266 37 21 det
652 1266 33 21 vid
706 1266 115 22 1877—78
840 1266 33 21 års
892 1266 102 26 landtdag

228 1298 75 21 väckta
318 1299 39 21 och
372 1299 23 21 af
409 1300 34 20 två
459 1300 61 21 stånd
536 1300 111 27 godkända
661 1300 101 28 förslaget
778 1307 35 15 om
828 1302 32 20 ett
874 1300 74 27 tillägg
960 1300 33 20 till

227 1332 145 28 reglementet,
397 1334 141 21 innebärande
561 1336 32 20 att
615 1335 36 21 det
673 1335 81 27 belopp,
774 1335 102 21 hvarmed
894 1334 99 22 Bankens

227 1366 69 22 sedlar
311 1367 21 21 få
347 1368 113 27 öfverstiga
476 1368 46 22 dess
537 1369 120 21 metalliska
672 1370 78 24 valuta,
767 1369 71 21 kunde
854 1369 32 21 för
898 1368 94 28 öfvergå-

224 1401 53 21 ende
299 1402 37 26 tid,
360 1402 27 27 på
406 1402 205 27 Bankfullmäktiges
630 1403 164 27 framställning,
815 1403 59 26 höjas
892 1403 49 20 med
960 1404 31 20 ett

223 1435 52 21 visst
297 1436 81 27 belopp,
402 1436 52 21 dock
476 1437 44 21 icke
543 1437 82 21 utöfver
648 1438 15 20 t.
687 1444 31 15 ex.
741 1437 44 22 fem
805 1437 97 27 miljoner
922 1437 67 21 mark.

221 1469 194 29 Bankfullmäktige
437 1471 32 21 för
488 1472 32 21 sin
539 1472 34 21 del
593 1478 50 15 anse
662 1473 51 20 dock
732 1473 47 20 icke
799 1472 125 27 tillräckligt
944 1472 46 21 skäl
