1095 1795
233 149 20 16 18
523 148 172 17 Nationalmuseets

232 219 40 19 ter,
289 217 33 20 till
337 216 56 29 följd
410 217 25 21 af
449 217 116 28 trängseln
586 217 70 21 delvis
673 217 153 28 otillgängligt
843 217 36 21 för
895 217 90 21 allmän-

233 251 67 21 heten
315 251 42 21 och
372 252 172 27 svåråtkomligt
561 251 67 22 äfven
644 251 36 22 för
692 251 125 26 forskaren,
829 252 40 21 har
877 252 107 28 Regerin-

231 293 46 20 gen
293 287 47 26 gått
357 286 4 20 i
378 286 137 27 författning
531 293 35 14 om
587 293 27 14 en
631 286 188 28 museibyggnad,
836 286 67 22 hvars
919 286 65 21 önsk-

231 320 95 21 värdhet
350 321 126 20 Ständerna
497 321 39 20 vid
560 326 88 15 senaste
672 320 109 28 landtdag
803 320 120 22 framhöllo
942 320 42 21 och

230 354 68 21 hvars
313 354 129 21 fullbordan
458 355 63 20 torde
538 354 70 21 hafva
624 355 107 27 fördröjts
748 355 79 20 endast
843 363 81 20 genom
936 357 48 18 svå-

230 388 104 28 righeten
350 391 31 18 att
398 389 102 21 anskaffa
515 389 95 28 lämplig
625 389 64 29 plats.

300 416 20 28 Å
336 424 67 21 andra
427 424 64 21 sidan
507 424 82 21 saknas
607 425 47 20 icke
675 424 71 22 heller
762 424 199 22 beståndsdelarna
978 425 4 20 i

230 460 31 19 ett
285 459 183 20 Konstmuseum.
500 459 84 20 Finska
608 459 213 27 Konstföreningen
845 459 91 20 besitter
952 461 30 18 ett

231 492 48 21 icke
296 493 142 27 obetydande
454 493 60 21 antal
530 493 128 28 målningar
678 493 41 21 och
735 493 159 26 skulpturverk,
923 493 59 20 särde-

229 527 20 20 les
285 527 25 21 af
330 527 102 21 inhemsk
457 527 72 22 konst.
554 527 76 21 hvilka
646 535 42 20 ega
704 527 79 21 sädant
800 527 92 21 allmänt
907 527 56 21 kons

229 561 76 25 värde,
322 563 31 19 att
370 561 27 21 de
420 561 98 28 förtjena
542 562 58 28 plats
617 563 5 20 i
639 565 31 18 ett
687 562 210 25 nationalmuseum,
913 561 67 21 andra

230 598 49 19 åter
294 603 47 14 som
357 596 53 21 böra
426 596 109 27 utställas,
553 597 92 20 emedan
661 597 28 20 de
705 599 38 18 äro
760 596 85 28 egnade
862 598 31 19 att
904 596 52 28 bely

229 630 231 29 konstutvecklingen
476 631 5 21 i
498 631 81 20 landet.
610 624 123 34 Ätskilliga
751 630 55 21 verk
823 633 37 18 äro
878 631 4 19 i
899 631 82 20 Konst-

229 665 147 27 föreningens
391 665 55 21 värd
470 665 141 29 deponerade
627 665 25 21 af
671 665 152 28 Regeringen,
839 664 126 27 Helsingfor

229 699 157 28 stadsstyrelse
402 702 56 18 samt
476 699 86 21 enskild
578 707 88 20 person.
698 699 42 21 Till
758 699 74 21 denna
848 699 5 20 i
869 699 110 20 Ateneum

229 733 119 28 uppstälda
364 734 97 28 samling
476 734 43 20 kan
536 734 60 21 föras
612 734 36 21 det
665 742 16 13 s.
694 734 20 20 k.
728 733 92 28 Cygni
833 733 84 28 galleri,
927 733 54 20 hvil-

229 768 37 21 ket
283 771 24 18 är
323 768 5 20 i
344 768 156 29 Regeringens
524 769 61 20 vård.
616 769 35 20 En
675 768 142 21 beståndsdel
839 769 5 19 i
860 768 121 20 Konstmu-

228 810 69 16 seum,
320 810 48 13 som
390 803 51 22 kan,
465 803 69 28 enligt
558 803 113 21 utlandets
695 803 122 20 föredöme,
834 803 38 20 lätt
891 802 42 21 och
948 802 32 20 till

229 837 82 21 bätnad
328 836 34 22 för
378 838 38 21 det
432 838 112 21 allmänna
560 838 140 21 konstsinnet
718 837 121 21 anskaffas,
870 845 9 12 är
889 844 27 13 en
925 844 54 13 sam-

227 871 48 28 ling
289 872 207 28 gipsafyjutningar
519 872 25 21 af
558 872 246 28 bildhuggarkonstens
829 871 150 21 hutvudverk,

226 906 160 21 företrädesvis
403 907 43 20 den
463 907 110 28 grekiska.
598 906 42 21 Till
653 907 63 20 dessa
729 905 168 22 beståndsdelar
908 904 71 21 skulle

227 940 89 21 ansluta
331 941 34 27 sig
381 949 28 12 en
423 941 82 27 grafisk
520 941 101 26 samling,
641 940 123 21 bestäende
780 940 25 20 af
818 939 161 21 handtecknin-

227 982 42 20 gar
285 975 41 21 och
342 983 116 20 gravyrer.
475 975 81 21 hvaraf
570 975 210 26 Konstföreningen
792 982 52 19 eger
854 977 31 17 ett
894 973 85 21 mindre

227 1009 83 25 förråd,
333 1009 81 21 medan
438 1012 30 18 ett
490 1010 145 23 konsortinm,
651 1017 46 13 som
721 1009 78 27 inköpt
821 1012 76 24 pastor
912 1007 67 22 Wad-

227 1046 81 19 ströms
325 1044 4 20 i
346 1043 132 22 Stockholm
496 1044 187 27 utomordentligt
698 1044 49 20 rika
764 1043 95 21 svenska
876 1045 103 26 porträtt-

227 1078 102 27 samling,
345 1078 40 21 har
401 1079 36 20 för
453 1079 67 27 afsigt
538 1081 32 18 att
593 1078 94 27 erbjuda
703 1078 73 21 denna
829 1077 87 20 värdefulla
933 1077 46 20 kol-

227 1113 85 20 lektion
323 1114 20 19 ät
356 1113 208 20 Nationalmuseum
576 1113 32 20 till
621 1113 92 22 inlösen.
737 1107 76 26 Äfven
825 1111 35 22 för
871 1119 28 13 en
910 1112 69 20 konst-

226 1147 117 20 industriel
367 1147 123 28 afdeming,
516 1154 47 13 som
588 1147 47 20 icke
651 1147 70 21 borde
737 1147 80 20 saknas
835 1147 4 20 i
856 1148 31 18 ett
904 1147 21 19 ät
942 1145 36 21 det

226 1181 111 20 allmänna
354 1181 154 21 konstsinnets
528 1181 150 21 utvecklande
699 1181 83 28 egnadt
798 1188 107 14 museum,
922 1180 56 21 förc-

225 1215 73 20 finnes
314 1222 27 13 en
357 1215 83 21 vacker
461 1215 78 28 början
558 1216 3 19 i
578 1215 276 27 Konstflitsföreningens,
871 1214 107 21 mestade-

225 1249 38 20 len
278 1249 36 20 vid
332 1249 236 28 verldsutställningar
580 1250 92 27 inköpta
683 1249 156 22 kollektioner.
863 1249 42 20 Till
914 1248 61 21 dessa

225 1283 76 20 kunde
324 1283 60 21 föras
408 1284 51 20 frän
478 1284 126 20 Historiska
620 1286 97 19 museets
733 1283 198 21 kulturhistoriska
947 1283 31 20 af-

224 1317 93 28 delning
334 1318 83 21 sädana
436 1318 94 21 föremäl
549 1318 25 20 af
587 1318 97 27 verkligt
706 1317 143 25 konstvärde,
866 1324 46 13 som
930 1317 47 20 där-

224 1351 75 21 städes
314 1352 49 20 icke
387 1354 38 18 äro
442 1352 112 28 behöfliga
578 1352 35 20 för
636 1354 31 18 att
691 1351 159 27 åskådliggöra
866 1350 111 21 kulturut-

222 1385 135 28 vecklingen
375 1386 4 20 i
396 1386 82 21 landet.

293 1415 160 26 Öfverhufvad
468 1421 72 20 skulle
556 1423 31 18 ett
604 1420 159 21 öfverförande
780 1427 40 20 ega
836 1427 48 13 rum
895 1419 81 21 mellan

221 1454 160 27 samlingarna,
399 1455 5 20 i
421 1455 67 28 afsigt
505 1458 38 18 att,
560 1457 21 18 så
599 1455 46 20 vidt
662 1454 96 28 möjligt.
775 1462 25 19 pa
819 1461 81 14 samma
913 1454 63 20 ställe

968 672 12 12 EA
