1092 1786
292 122 12 19 2
637 123 10 21 I

330 191 70 22 Jemte
422 191 36 22 det
481 191 61 22 Hans
557 192 120 27 Kejserliga
692 192 103 27 Majestät
812 193 41 21 den
871 193 25 21 14
911 193 32 28 (2)
959 193 61 27 April

264 225 52 21 1894
333 225 6 20 i
355 225 67 22 nåder
437 226 116 22 stadfästat
569 226 142 22 omförmälda
727 226 122 28 lagförslag,
861 227 82 22 sådana
959 227 27 22 de
999 227 23 22 af

260 258 123 23 Ständerna
406 261 94 27 antagits
524 261 39 21 och
583 261 88 21 hvarom
687 261 155 28 författningar
858 261 41 22 den
915 263 26 20 21
959 261 60 28 April

260 299 82 15 samma
357 295 24 20 år
396 295 115 26 utfärdats,
527 295 40 21 har
581 295 62 21 Hans
658 295 102 27 Majestät
775 295 122 27 förstsagde
913 296 42 27 dag
970 296 49 21 låtit

260 328 6 21 i
283 329 71 21 ämnet
370 328 87 22 utfärda
473 331 32 20 ett
520 330 24 21 så
559 330 93 26 lydande
668 330 76 26 nådigt
759 330 111 21 manifest:

330 362 82 27 »Sedan
436 364 33 21 Wi
493 364 69 22 denne
586 364 42 27 dag
650 364 118 22 stadfästat
792 364 26 22 de
834 364 23 22 af
869 364 103 22 Finlands
989 371 28 15 nu

258 397 129 23 församlade
402 398 99 28 Ständer,
512 399 7 21 i
530 399 115 27 anledning
661 398 22 22 af
696 399 53 21 Wår
765 398 73 22 derom
848 398 81 22 aflåtna
939 399 79 27 nådiga

258 433 142 27 proposition,
424 435 95 26 antagna
540 433 159 27 förordningar,
723 434 112 26 angående
857 434 106 22 särskilda
980 435 37 20 än-

259 466 109 28 dringar
357 462 15 38 i
388 468 123 27 strafflagen
535 468 33 21 för
591 467 209 22 Storfurstendömet
823 468 91 22 Finland
935 468 23 21 af
976 468 40 22 den

261 502 24 20 19
301 501 116 23 December
434 503 54 21 1889
505 502 38 22 och
558 502 154 27 förordningen
724 502 23 21 af
755 508 82 16 samma
848 502 42 27 dag
901 508 33 16 om
945 502 71 22 straff-

257 535 75 27 lagens
347 536 119 27 införande,
482 536 61 22 hafve
559 537 35 21 Wi
609 536 72 22 funnit
696 536 53 28 godt
765 536 114 28 anbefalla,
896 538 33 20 att
944 536 71 22 straff-

256 570 62 27 lagen
338 570 33 22 för
389 571 208 22 Storfurstendömet
612 571 92 22 Finland
720 571 38 21 och
775 571 70 21 dertill
861 571 96 22 hörande
973 571 42 22 för-

257 604 118 28 ordningar
398 605 23 22 af
442 606 40 21 den
509 607 24 20 19
556 605 117 22 December
699 607 60 25 1889,
775 605 83 22 hvilkas
874 605 141 28 tillämpande

256 645 77 21 genom
352 639 62 23 Wärt
434 641 40 21 den
490 642 36 25 !/,,
542 640 117 22 December
676 641 55 21 1890
745 639 59 28 gifna
820 640 79 28 nådiga
914 639 101 23 manifest

256 674 141 28 uppskjutits,
413 676 61 21 skola
493 675 47 22 med
556 675 63 21 ofvan
636 675 95 27 antydda
747 675 119 27 ändringar
881 675 133 21 omedelbart

256 708 64 22 träda
335 709 6 21 i
356 710 156 22 verksamhet.*

323 743 101 23 Derefter
438 744 46 27 har,
495 744 48 22 med
554 744 115 27 anledning
679 744 23 21 af
711 744 132 27 stadgandet
853 744 6 22 i
871 745 28 21 47
908 744 11 28 $
935 746 6 20 2
950 750 63 16 mom.

255 777 23 21 af
292 778 122 28 åberopade
429 779 125 27 förordning
567 785 35 15 om
613 778 123 22 införandet
747 778 22 22 af
778 785 28 21 ny
817 778 78 22 allmän
907 778 105 28 strafflag,

256 812 39 22 den
314 814 25 20 13
355 813 60 27 April
433 815 54 20 1896
502 813 120 22 utfärdats:

323 848 22 26 a)
368 847 70 28 Nädig
461 848 132 27 förordning,
617 854 33 16 om
667 848 121 27 ersättning
803 848 33 21 till
851 848 161 21 vederbörande

254 881 129 26 tjenstemän
406 882 34 21 för
460 882 47 21 dem
530 883 135 26 frängängna
688 882 89 21 andelar
791 882 7 21 i
814 882 68 26 böter,
898 882 58 21 viten
973 882 39 21 och

252 914 109 23 förbrutet
377 916 75 22 dömdt
466 917 59 27 gods,
542 919 56 19 samt

322 949 21 28 0)
365 950 71 28 Nädig
450 951 133 27 förordning,
595 951 112 27 angående
722 951 121 27 fördelning
858 951 23 21 af
893 951 63 22 böter
972 950 39 22 och

252 985 75 21 värdet
343 985 23 21 af
378 985 109 22 förbrutet
502 985 52 28 gods
570 986 6 21 i
592 985 89 22 tullmäl.

320 1019 43 22 För
378 1020 65 27 öfrigt
458 1020 64 21 beror
537 1019 75 28 frägan
629 1026 33 15 om
673 1020 122 27 ersättning
805 1019 34 22 för
849 1019 161 22 vederbörande

250 1052 136 29 frängängna
411 1054 152 22 bötesandelar
586 1061 27 15 m.
631 1061 27 15 m.
681 1054 30 27 pä
733 1054 70 27 grund
825 1054 24 21 af
870 1054 140 21 omförmälda

250 1087 121 28 stadgande
387 1090 58 20 ännu
461 1089 6 21 i
483 1089 56 21 vissa
555 1089 60 21 delar
630 1089 29 26 pä
673 1089 74 21 vidare
763 1088 83 27 ätgärd.

319 1123 19 20 2.
363 1122 71 22 Sedan
450 1123 122 22 Ständerna
587 1123 32 22 uti
630 1123 135 27 underdänig
775 1123 111 21 skrifvelse
898 1122 23 22 af
929 1123 41 21 den
982 1123 27 21 20

249 1155 104 23 Februari
371 1158 61 26 1894,
444 1157 7 22 i
462 1157 115 28 anledning
593 1157 23 22 af
629 1157 79 27 nädiga
723 1157 162 27 propositionen
897 1157 112 27 angäende

248 1191 125 25 grunderna
392 1191 34 21 för
444 1191 171 28 tolagsafgiftens
636 1192 145 26 beräknande,
797 1191 82 21 anmält
895 1192 33 20 att
943 1191 65 22 Stän-

248 1224 67 22 derna
338 1226 86 26 antagit
447 1226 36 22 det
506 1226 45 21 deri
573 1226 106 27 ingäende
702 1226 80 27 förslag
805 1226 32 21 till
859 1225 149 27 förordning
994 1220 17 38 i

248 1260 78 25 ämnet,
347 1260 41 20 har
409 1260 62 22 Hans
486 1260 119 28 Kejserliga
620 1260 103 28 Majestät
746 1260 49 21 lätit
815 1260 40 21 den
873 1261 26 20 15
915 1260 93 28 Augusti

250 1293 53 21 1894
327 1294 87 21 utfärda
438 1295 17 27 ej
479 1294 82 22 mindre
583 1295 65 27 nädig
670 1294 126 28 förordning
811 1300 34 16 om
860 1294 98 28 grunden
974 1294 34 21 för

247 1326 171 28 tolagsafgiftens
434 1328 145 27 beräknande,
591 1330 27 20 än
635 1329 64 27 nädig
710 1328 135 28 kungörelse,
856 1328 151 22 innefattande

246 1361 163 28 bestämningar
431 1364 112 26 angäende
565 1364 164 27 tillämpningen
753 1363 22 21 af
789 1364 67 26 sagda
872 1363 133 27 förordning.

314 1398 20 20 3.
359 1396 71 23 Sedan
454 1398 78 27 nädiga
553 1398 170 27 propositionen,
747 1398 110 27 angäende
876 1398 131 21 förändrade

244 1430 164 28 bestämningar
422 1433 94 21 rörande
531 1433 121 26 utgörande
663 1432 23 21 af
695 1433 60 21 skatt
765 1432 34 21 för
808 1432 92 27 hundar,
909 1432 24 21 af
941 1431 65 23 Stän-
