1092 1789
472 123 51 21 XIX

893 122 24 20 19

51 197 99 25 komster
169 197 39 25 och
229 197 95 32 utgifter
343 197 70 32 enligt
432 197 170 32 statsförslaget
621 197 40 25 och
680 197 69 31 enligt

52 243 38 24 för
108 242 26 25 år
154 243 75 25 1893.

401 336 66 41 Enligt
516 351 65 22 Enligt
592 353 56 16 stats-
719 339 85 23 Utgiften
817 339 72 17 utfallit

367 384 139 23 statsförslaget|
536 385 96 18 bokslutet
688 403 51 22 lägre
752 404 23 16 än
828 403 59 21 högre
899 403 23 16 än

358 428 2 32 !
393 418 84 21 wh
543 419 21 18 år
578 420 49 17 1898.
649 415 14 51 |
679 437 107 18 beräknats.
802 415 9 51 |
821 436 108 17 beräknats.

212 511 4 4 |
359 477 1 28 |
402 488 39 21 Fe
479 489 27 24 7
633 490 23 21 rel
679 472 9 47 =
697 489 37 21 e
773 478 25 31 nä]
841 489 38 22 Fe
917 476 26 34 |r

173 507 68 36 Utgift.
358 513 3 33 |
478 515 2 24 -
774 530 1 13 !

71 573 37 18 För
124 573 121 23 tillverkning
258 573 20 18 af
289 575 55 16 stäm-
774 565 1 15 |
917 589 1 7 |

93 608 102 23 pelpapper
208 613 23 12 m.
245 613 22 12 m.
283 621 4 4 .
404 605 79 31 109,820]
493 619 8 2 —
554 601 101 29 107,870/02
721 610 79 21 1,949/98
858 607 26 31 ma
917 604 30 29 |

70 642 38 18 För
124 642 106 18 kontrollen
243 642 52 18 öfver
307 642 38 17 till-
773 653 2 9 I
946 646 2 27 |

93 677 114 22 verkningen
218 677 21 17 af
246 676 99 23 maltdryc-
774 680 1 13 |
947 677 1 18 |

94 711 50 18 kos
169 725 33 4 sos
226 723 33 6 son
284 725 61 4 suon
414 712 63 20 27,000!
487 722 18 2 —
564 713 92 20 21,825/95]
720 713 80 22 5,174/05
859 722 21 3 —
918 706 30 40 i]

55 766 2 8 |
72 745 105 18 Understöd
189 746 30 17 för
231 745 114 18 folkskolor.
387 746 90 21 1,171,996
484 747 22 17 16711)
518 746 137 22 1,260,579.77!
715 757 21 3 —
774 745 24 15 =
852 746 96 21 88,583|10|

70 780 38 18 För
123 776 11 30 —
146 780 199 22 fortsättningskurser
774 780 1 14 |
918 794 1 6 |
947 787 1 6 |

94 814 30 18 vid
150 814 131 18 folkskolorna
310 814 34 17 och
480 809 1 24 |

93 849 98 22 praktiska
221 849 67 18 kurser
316 849 29 17 för
359 854 2 3 i
630 847 2 32 |
919 851 29 25 od

94 883 184 22 landtbefolkningen
284 897 3 3 .
416 876 67 33 15,000]
576 876 56 34 5,000:
710 877 65 33 10,000|
919 878 1 37 i

70 917 90 18 Tillskott
183 917 30 18 till
238 917 108 18 militiefon-
630 919 2 23 i
948 937 2 5 |

94 953 45 17 dens
162 952 93 18 ordinarie
275 952 72 17 inkom-
630 943 2 38 |
919 972 2 7 |
948 944 2 20 I

94 989 36 15 ster
142 999 4 5 .
228 999 118 5 LE
387 987 121 21 5511,577|/69]
537 983 117 25 5,000,000—]
680 977 9 36 —
698 989 102 20 511,577/69
859 997 22 2 —
919 983 26 29 j-

71 1021 37 18 För
120 1020 69 19 värden
202 1021 35 18 och
246 1020 99 19 underhäl-
919 1014 2 22 |

93 1055 27 18 let
132 1055 20 18 af
163 1055 132 18 ständerhuset
311 1055 35 18 och

93 1089 110 19 ständernas
217 1090 54 17 arkiv
285 1103 3 5 .
415 1085 66 30 20,000
566 1090 63 21 20,000]

71 1124 38 18 För
132 1124 100 22 tryckning
256 1124 20 17 af
294 1124 52 18 äldre
631 1135 1 3 |

94 1158 211 22 landtdagshandlingar
313 1172 4 4 .
360 1147 2 28 |
417 1159 62 20 10,000|
490 1169 16 2 —
573 1168 21 3 —
711 1160 89 20 10,000—
860 1168 21 3 —
925 1169 21 3 |—

71 1192 38 18 För
138 1192 209 23 kompletteringsarbe-
361 1189 1 22 |
632 1181 1 8 |

94 1229 31 17 ten
137 1227 7 17 i
156 1226 132 18 ständerhuset
417 1223 66 31 10,000;
568 1228 62 21 10,000]

69 1262 196 18 Revisionskontorets
283 1255 12 34 =
304 1266 31 13 an-
482 1259 2 4 |

95 1291 188 31 märkningsprocent
423 1306 21 2 —
491 1291 21 30 —|
607 1297 51 19 24:56
716 1306 22 3 —
783 1292 21 30 —|
895 1297 51 17 24156

72 1325 113 23 Återstoden
204 1330 21 18 af
241 1330 65 23 anslag
318 1330 29 18 för

95 1364 132 23 nybyggnader
243 1364 11 18 ä
267 1364 80 18 Koivula

95 1398 199 23 uppfostringsanstalt
315 1412 3 4 .

243 1428 119 34 Transport
358 1424 11 42 |
387 1440 121 20 6,875,394/36]
538 1439 119 21 6,483,215/99]
683 1424 8 42 —
698 1428 108 34 538,701/72]
827 1424 7 42 —
843 1428 102 34 146,523/28

123 1497 15 22 1)
150 1496 46 18 Häri
209 1494 43 24 ingå
265 1496 84 22 följande
361 1498 74 20 poster:

124 1524 107 18 Understöd
243 1524 30 18 för
286 1524 107 18 folkskolor
401 1538 4 4 .
517 1538 33 4 sr
602 1537 33 5 rs
746 1525 95 21 1,242,679:
855 1525 28 17 77.

123 1553 70 22 Bidrag
211 1553 29 17 till
259 1552 70 18 fonden
345 1552 30 18 för
387 1552 133 23 pensionering
533 1552 20 18 af
564 1552 96 18 städernas
673 1553 49 17 folk-

193 1581 114 18 skolelärare
321 1582 35 17 och
368 1581 107 18 lärarinnor
493 1594 4 4 .
636 1594 4 5 -
722 1594 4 5 a
780 1582 67 21 17,900:
863 1591 20 3 —
