1100 1767
212 132 12 20 2
433 130 83 23 Ständ.
535 131 53 23 Skr.
606 145 28 2 —
649 131 116 23 XXXIV.

212 199 59 19 samt
289 196 108 22 däröfver
415 196 37 22 till
471 196 133 22 Ständerna
623 197 95 29 afgifvit
734 196 158 28 betänkande,
906 196 68 22 hvar-

211 232 71 28 jämte
309 231 24 21 af
361 231 181 22 Statsutskottet
563 231 123 22 utlätande
704 231 129 22 inhemtats
852 230 122 30 angäende

212 265 39 22 det
275 266 91 28 belopp,
394 274 49 14 som
470 266 13 21 å
510 266 107 21 bankens
644 265 171 30 odisponerade
834 264 140 23 vinstmedel

211 300 72 22 borde
301 300 36 22 för
355 300 207 29 statsregleringen
581 300 99 22 anvisas.

279 334 37 22 Då
343 334 131 22 Ständema
501 335 37 21 till
565 335 81 28 slutlig
674 334 84 29 åtgärd
787 334 103 22 förehaft
908 334 66 22 detta

212 369 92 28 ärende,
322 369 72 22 hafva
412 369 132 22 Ständerna

283 404 43 27 1:0)
344 404 128 29 uppdragit
490 404 24 21 ät
532 404 219 28 Bankfullmäktige
770 405 41 26 att,
824 404 92 20 säsnart
928 402 45 22 tid-

211 438 106 28 punkten
334 438 37 22 för
388 438 194 29 genomförandet
600 439 24 21 af
642 438 45 22 den
700 437 127 23 tillärnade
842 437 130 29 omorgani-

211 472 106 22 sationen
343 473 22 21 af
391 475 89 20 statens
498 473 79 22 kassa-
596 473 43 22 och
658 472 248 29 räkenskapsväsende
924 472 48 21 kan

210 506 73 22 varda
309 507 111 28 bestämd,
446 507 74 29 enligt
547 508 5 26 $
572 508 14 21 8
605 508 9 21 i
631 508 155 28 reglementet
804 506 37 22 för
858 506 114 22 Finlands

210 541 69 21 Bank
305 542 98 28 vidtaga
429 542 84 29 ätgärd
539 542 37 22 för
602 542 157 29 provisoriskt
785 540 136 22 inrättande
949 540 23 22 af

210 578 34 19 ett
271 576 219 29 afdelningskontor
517 576 8 22 i
553 576 152 28 Tavastehus,
734 578 61 20 samt
813 575 39 22 till
870 575 102 22 därefter

210 610 58 22 först
295 610 217 23 sammanträdande
540 611 101 22 Ständer
667 611 134 29 framlägga
827 610 89 28 förslag
934 617 38 14 om

210 645 121 22 kontorets
359 646 115 22 ställande
501 646 30 28 pä
554 646 117 22 ordinarie
689 646 36 22 fot
744 645 43 23 och
807 644 67 22 däraf
890 644 81 29 päkal-

209 679 53 22 lade
286 680 126 29 ändringar
435 680 8 22 i
467 680 153 29 reglementet
642 680 44 22 och
705 682 78 20 staten
802 680 36 21 för
857 678 116 22 Finlands

209 714 79 28 Bank;

281 749 44 27 2:0)
352 749 103 28 beslutit,
480 751 35 20 att
537 749 144 22 Ständernas
699 748 124 23 uttalande
844 747 41 22 vid
905 748 64 21 1885

210 784 36 22 års
277 783 121 29 landtdag,
426 784 74 28 enligt
526 783 91 23 hvilket
645 783 225 29 sedeltryckningen
889 782 81 22 afsetts

210 820 34 20 att
271 826 44 21 ega
341 826 51 14 rum
418 818 8 22 i
448 818 106 22 bankens
576 821 54 27 eget
647 819 37 21 för
702 817 136 23 ändamålet
854 816 118 30 uppförda

208 853 109 28 tryckeri,
345 853 52 21 icke
424 853 38 21 må
483 853 113 22 innebära
614 853 84 22 hinder
710 853 37 21 för
765 851 205 23 bankförvaltnin-

208 895 46 21 gen
273 889 42 26 att,
333 887 78 21 därest
429 887 140 28 densamma,
588 888 59 22 efter
664 887 119 29 pröfning,
797 886 76 21 finner
886 885 84 22 sådant

208 922 53 22 med
279 922 105 21 bankens
407 921 75 23 fördel
501 922 260 27 öfverensstämmande,
779 921 137 26 bestämma,
935 922 35 19 att

208 956 158 29 tryckningen
385 956 23 22 af
426 956 114 22 Finlands
558 957 81 22 Banks
652 956 77 22 sedlar
742 955 75 22 delvis
830 954 61 22 skall
903 954 66 22 verk-

208 990 80 22 ställas
307 992 14 20 å
338 990 89 22 utrikes
446 992 45 26 ort;

279 1026 44 26 3:0)
350 1024 128 28 förordnat,
497 1027 35 19 att
556 1025 131 22 oberoende
706 1024 74 28 däraf,
800 1031 38 15 om
855 1022 115 22 Finlands

208 1060 80 21 Banks
315 1059 143 28 reservfond,
484 1059 52 22 med
565 1060 83 28 afdrag
666 1060 24 22 af
707 1058 85 23 värdet
809 1058 37 22 för
864 1057 106 22 bankens

207 1094 139 28 fastigheter
365 1094 43 22 och
426 1094 148 28 inventarier,
594 1094 92 22 komme
704 1096 37 20 att
758 1093 82 29 uppgå
858 1092 37 21 till
907 1099 63 14 mera

208 1132 30 18 än
256 1129 89 21 femton
362 1128 108 30 miljoner
482 1129 72 28 mark,
568 1136 29 14 en
609 1128 116 30 fjärdedel
739 1128 23 22 af
774 1127 107 22 bankens
894 1128 75 20 netto-

206 1163 64 21 vinst
288 1163 37 22 för
343 1164 55 20 åren
419 1163 72 28 1897,
512 1164 65 21 1898
596 1163 44 22 och
655 1163 64 21 1899
739 1162 62 22 skall
813 1161 38 21 till
863 1161 106 21 bankens

207 1197 136 22 reservfond
361 1197 138 27 öfverföras;

276 1232 47 27 4:0)
349 1232 38 21 till
413 1232 145 22 betäckande
586 1232 24 22 af
636 1232 105 28 utgifter,
770 1238 50 14 som
846 1229 41 22 vid
905 1229 64 21 inne-

206 1266 103 22 varande
336 1266 114 29 landtdag
477 1266 61 22 varit
564 1266 97 22 föremäl
687 1266 37 22 för
743 1264 146 22 Ständernas
907 1264 62 28 pröf-

206 1301 64 28 ning,
291 1300 92 22 anvisat
402 1301 23 21 af
442 1300 114 22 Finlands
574 1301 80 21 Banks
673 1300 36 22 för
727 1298 150 23 närvarande
892 1298 77 28 dispo-

206 1335 65 21 nibla
281 1335 146 28 vinstmedel,
440 1335 118 22 eventuelt
571 1335 61 21 ända
644 1335 38 21 till
694 1334 136 28 4,665,230
846 1333 72 27 mark,
934 1334 35 20 att

206 1369 71 29 lyftas
300 1370 9 20 i
326 1372 64 19 rater
408 1377 37 14 om
462 1369 70 29 högst
550 1370 132 27 1,560,000
701 1368 68 23 mark
788 1368 101 28 ärligen;
909 1369 59 20 samt

276 1404 47 27 5:0)
350 1404 103 28 beslutit,
481 1406 35 20 att
534 1404 46 22 den
598 1403 149 23 återstående
767 1402 69 22 delen
856 1402 22 22 af
897 1401 72 29 sagda

205 1438 141 22 vinstmedel
365 1438 61 22 skall
443 1438 37 22 till
498 1438 105 22 bankens
621 1437 138 23 reservfond
778 1436 134 23 öfverföras.
