1092 1781
484 108 24 20 II
805 111 36 19 171

114 171 140 21 äterförvisa
270 171 97 21 ärendet
377 170 38 22 till
426 170 160 29 magistraten,
598 170 130 29 hvarjemte
739 171 133 29 Kejserliga

116 211 102 22 Senaten
234 211 142 21 förordnade
392 213 36 19 att
442 211 174 28 handlingarna
627 211 50 21 deri
687 211 73 22 borde
770 211 38 22 till
817 211 57 21 Pro-

114 251 113 21 kuratorn
250 251 157 21 öfverlemnas
429 251 8 20 i
457 251 109 21 afseende
582 252 14 20 ä
612 251 46 21 den
673 251 89 28 ätgärd,
778 251 95 21 hvartill

116 290 232 29 omständigheterna
363 290 78 22 kunde
458 290 128 22 föranleda.

184 330 78 21 Sedan
277 330 160 21 Prokuratorn
447 330 37 21 uti
494 330 124 21 skrifvelse
629 331 27 20 af
665 331 45 20 den
723 333 25 19 23
759 331 114 21 Februari

118 372 52 20 1895
187 370 111 22 anmodat
318 370 288 22 advokatfiskalsembetet
621 370 8 21 i
644 371 72 21 Wasa
732 371 91 21 hofrätt
839 373 35 19 att

120 411 79 21 utföra
222 411 48 22 ätal
289 411 8 21 i
313 411 102 28 ärendet,
459 411 73 21 yrkades
547 411 27 21 af
588 411 286 21 advokatfiskalsembetet

115 451 36 22 uti
166 454 34 19 ett
215 452 38 21 till
269 452 121 21 hofrätten
406 452 103 29 ingifvet
523 452 122 21 memorial
661 454 41 25 att,
716 452 98 21 emedan
824 451 49 22 kal-

116 492 57 21 lelse
188 492 38 21 till
236 492 188 21 rädhusstämma
434 492 37 21 för
482 492 181 28 ifrägavarande
674 491 200 29 borgmästareval

117 533 27 20 af
156 533 155 28 magistraten
327 533 174 21 ofvannämnde
517 533 46 28 dag
577 533 125 27 utfärdats,
713 534 57 19 utan
782 535 35 19 att
827 539 47 15 ma-

117 573 127 28 gistratens
259 573 157 28 medlemmar,
433 573 75 21 säsom
524 573 41 21 ske
581 573 54 21 bort
650 573 44 21 och
710 573 141 28 stadgandet
865 573 8 20 i

121 615 23 18 17
160 614 37 26 S:n
214 613 26 21 af
263 613 173 22 ofvanberörda
458 613 87 28 nådiga
567 613 140 28 förordning
724 613 88 28 jemväl
828 613 46 20 för-

116 655 94 26 utsatte,
227 654 38 21 för
281 653 107 22 ärendets
403 653 146 28 behandling
560 653 176 28 sammanträdt,
748 653 44 21 och
802 652 72 29 magi-

117 696 89 19 straten
229 693 74 22 likväl
317 694 9 21 i
341 693 42 22 sitt
405 693 118 28 protokoll
546 694 38 21 för
606 693 101 22 nämnde
730 693 47 28 dag
792 693 8 21 i
816 693 58 21 strid

117 733 53 21 med
184 733 107 29 verkliga
306 733 159 22 förhållandet
481 733 115 28 upptagit,
612 735 36 19 att
664 733 84 21 sådant
759 733 69 27 skett,
840 733 34 20 äf-

115 780 97 15 vensom
235 774 153 27 magistraten
410 773 125 22 uraktlätit
558 776 34 19 att
615 773 69 28 tillse,
701 773 39 22 det
756 773 45 22 den
816 775 58 19 röst-

117 813 78 28 längd,
219 813 54 22 med
295 813 98 29 ledning
416 814 27 21 af
458 813 98 22 hvilken
578 814 214 28 valförrättningen
808 813 67 21 verk-

118 853 73 28 stälts,
208 854 62 21 varit
286 855 26 20 af
325 854 176 21 vederbörande
517 853 139 30 myndighet
667 853 56 22 eller
734 853 140 29 tjensteman

118 893 187 29 underskrifven,
328 894 165 28 magistratens
517 894 141 21 ordförande
680 894 26 21 P.
730 896 60 19 samt
812 893 62 22 leda-

118 935 74 20 möter
214 934 228 28 politieräämännen
460 934 30 21 H.
509 934 44 21 och
569 934 23 21 S.
608 935 38 20 för
662 933 104 29 antydda
782 933 33 22 fel
831 933 43 22 och

117 973 148 22 värdslöshet
279 974 8 21 i
303 974 104 29 tjensten
425 974 73 21 mätte
518 974 70 21 fällas
604 974 37 21 till
657 981 85 14 ansvar
757 973 74 29 enligt
848 975 23 19 21

118 1015 13 25 $
146 1016 28 18 40
189 1013 52 28 kap.
259 1013 153 30 Strafflagen.

185 1053 70 22 Efter
270 1054 39 21 det
324 1054 269 28 vicehäradshöfdingen
613 1055 26 20 P.
655 1057 61 18 samt
730 1054 145 21 rädmännen

118 1093 30 21 H.
164 1093 44 21 och
224 1093 22 22 S.
263 1093 52 22 med
338 1094 132 28 förklaring
486 1095 8 20 i
509 1094 71 22 mälet
596 1094 37 21 till
648 1094 121 21 hofrätten
785 1093 90 22 inkom-

119 1133 43 21 mit
172 1133 44 22 och
228 1134 286 21 advokatfiskalsembetet
525 1135 49 20 deri
585 1134 97 29 afgifvit
693 1133 181 29 slutpästäende,

120 1173 119 29 afgjordes
262 1174 71 21 mälet
353 1175 27 20 af
393 1175 121 21 hofrätten
537 1182 85 21 genom
637 1174 79 28 utslag
732 1174 44 21 den
793 1176 26 19 28
834 1174 42 21 Ja-

118 1214 68 21 nuari
204 1216 59 25 1896,
281 1214 42 21 och
339 1214 63 21 hvad
417 1215 60 20 först
493 1215 86 28 angick
594 1215 73 21 ätalet
683 1215 85 26 derom,
783 1216 35 19 att
828 1221 48 14 ma-

118 1253 115 28 gistraten
256 1254 74 22 under
349 1254 201 29 ordförandeskap
566 1256 26 20 af
607 1254 269 28 vicehäradshöfdingen

118 1294 25 21 P.
162 1297 61 18 samt
245 1295 53 21 med
321 1295 144 21 rädmännen
488 1296 29 21 H.
538 1295 43 21 och
605 1296 22 20 S.
648 1296 75 20 såsom
746 1295 130 21 ledamöter

118 1334 85 21 skridit
218 1334 37 22 till
271 1335 147 21 förrättande
434 1336 26 20 af
474 1336 228 21 ofvanomförmälda
717 1336 44 27 val,
779 1334 97 22 oaktadt

119 1374 45 21 den
187 1374 83 22 dervid
286 1375 137 28 begagnade
440 1376 152 28 röstlängden
608 1376 52 21 icke
675 1375 61 21 varit
751 1374 125 22 vederbör-

117 1413 64 29 ligen
203 1414 187 29 underskrifven,
414 1416 73 28 ansäg
502 1416 121 21 hofrätten
638 1416 154 28 magistraten
807 1415 9 21 i
831 1414 45 22 den
