1092 1745
254 123 39 19 186
588 121 24 21 I

290 183 91 22 Genom
395 184 80 28 utslag
491 184 27 21 af
532 184 45 21 den
594 186 26 19 29
636 184 102 28 Augusti
756 186 54 20 1893
820 184 62 21 utlät
893 184 35 27 sig
938 190 41 22 gu-

220 227 121 25 vernören,
355 226 34 20 att
405 228 61 24 enär,
483 224 75 29 enligt
575 226 25 19 16
616 226 13 25 $
645 224 8 21 i
668 223 271 29 Landtdagsordningen
955 223 26 21 af

221 264 46 21 den
285 266 24 20 15
325 264 67 28 April
410 267 61 25 1869,
495 264 46 21 den
556 271 50 14 som
621 264 43 21 vill
680 265 84 21 anföra
779 264 119 29 klagomål
913 264 67 21 öfver

220 304 254 29 landtdagsmannaval
483 305 65 21 inom
558 305 184 28 Bondeståndet,
754 305 91 28 åligger
852 305 63 21 inom
923 304 57 29 fjor-

220 345 42 20 ton
285 344 79 29 dagar,
387 344 103 22 räknade
513 345 55 21 från
590 345 78 28 dagen
688 345 55 21 från
758 344 221 28 valförrättningen,

220 383 94 29 ingifva
329 384 51 22 sina
395 385 84 21 besvär
488 381 43 25 till
546 385 117 29 Kejsaren
672 385 44 21 och
728 385 158 21 Storfurstens
897 383 83 23 befall-

220 424 196 28 ningshafvande,
432 433 54 13 men
501 426 22 21 J.
539 425 159 22 Pikkarainen
714 425 44 21 och
773 425 59 21 hans
848 425 132 28 medparter

220 464 115 21 inlemnat
358 465 114 22 besvären
495 466 66 21 öfver
576 465 182 30 ifrågavarande
774 465 46 22 den
838 467 24 20 15
877 465 103 28 Augusti

224 506 54 20 1893
301 505 129 22 förrättade
453 506 39 21 val
509 506 60 21 först
584 506 46 21 den
646 508 26 20 29
688 506 8 21 i
712 513 89 14 samma
816 505 92 28 månad,
923 505 57 22 eller

221 544 90 21 således
335 545 59 21 efter
417 545 173 22 besvärstidens
613 547 97 28 utgång,
734 545 79 22 kunde
832 549 147 25 guvernören

220 584 53 21 icke
289 584 37 22 till
341 585 113 29 pröfning
469 589 106 25 upptaga
590 586 115 21 besvären
720 587 77 20 såsom
808 585 91 22 sentida
909 586 70 21 fram-

221 624 83 29 stälda,
327 627 57 20 utan
404 626 92 21 komme
513 626 67 28 valet,
597 634 49 14 som
662 626 99 22 sålunda
776 627 48 21 fått
838 627 72 21 vinna
925 627 54 28 laga

221 665 72 28 kraft,
309 667 36 20 att
359 666 70 22 lända
444 667 38 21 till
497 667 163 21 efterrättelse.

291 705 128 30 Missnöjde
433 707 54 21 med
503 707 65 21 detta
583 707 85 28 utslag,
680 707 98 22 ansökte
788 707 23 22 J.
821 707 158 22 Pikkarainen

222 745 45 21 och
282 745 58 22 hans
355 747 133 28 medparter
504 755 37 14 om
556 747 102 29 ändring
673 747 50 22 deri
738 747 43 21 hos
794 747 134 29 Kejserliga
940 747 40 21 Se-

224 788 71 19 naten
310 794 84 20 genom
410 787 162 30 underdåniga
587 787 89 28 besvär,
693 788 81 21 hvilka
790 789 26 20 af
830 788 101 21 Senaten
945 788 34 21 af-

221 826 96 29 gjordes
339 835 84 20 genom
446 828 79 29 utslag
548 828 45 22 den
613 831 11 19 2
643 829 137 29 påföljande
803 829 108 28 Oktober,
935 828 44 22 och

221 873 50 14 som
293 867 22 22 J.
331 867 171 23 Pikkarainens
521 868 43 22 och
580 869 59 21 hans
655 869 145 28 medparters
815 869 83 22 besvär
913 869 66 21 öfver

220 907 165 28 ifrägakomna
408 908 45 22 den
479 911 24 20 15
526 909 102 28 Augusti
654 912 54 19 1893
734 909 136 22 verkstälda
892 909 39 22 val
954 910 27 21 af

220 946 181 29 landtdagsman
424 949 38 21 för
476 949 59 22 Uleä
553 949 111 29 domsaga
684 949 81 22 blifvit
780 949 38 22 till
832 953 147 24 guvernören

221 987 134 22 inlemnade
371 989 50 21 före
436 989 102 22 klockan
552 989 49 22 tolf
614 990 45 21 den
677 992 25 19 29
718 990 8 21 i
742 997 88 14 samma
840 989 85 22 mänad
935 989 44 22 och

225 1027 91 22 säledes
331 1028 73 21 innan
420 1029 46 21 den
481 1029 8 21 i
507 1032 24 19 16
543 1030 11 27 $
567 1030 26 21 af
601 1026 272 32 Landtdagsordningen
883 1030 38 21 för
930 1029 50 22 kla-

221 1074 48 21 gan
285 1067 66 22 öfver
367 1069 79 28 dylika
462 1069 39 22 val
515 1071 89 20 utsatta
620 1069 133 22 besvärstid
764 1070 26 21 af
799 1070 89 28 fjorton
899 1069 79 28 dagar,

220 1106 104 22 räknade
339 1107 54 22 från
409 1108 76 29 dagen
501 1109 38 20 för
554 1109 223 28 valförrättningen,
794 1109 114 28 pröfvade
922 1109 57 28 Kej-

220 1146 87 29 serliga
330 1147 101 22 Senaten
454 1148 102 28 rättvist,
572 1148 53 22 med
641 1149 169 28 upphäfvande
826 1149 26 21 af
865 1152 114 25 guvernö-

220 1194 55 14 rens
291 1188 172 22 ofvanberörda
478 1189 135 28 resolution,
630 1189 140 22 äterförvisa
784 1189 96 22 ärendet
890 1189 37 21 till
937 1196 42 21 gu-

219 1231 121 25 vernören,
365 1236 48 14 som
437 1229 58 28 egde
514 1229 73 22 saken
602 1229 37 22 till
656 1229 145 28 behandling
816 1231 103 26 upptaga
935 1228 43 22 och

220 1267 95 22 dermed
330 1269 105 28 lagligen
449 1269 92 22 förfara
556 1271 56 20 utan
628 1269 84 22 hinder
728 1270 26 21 af
766 1269 36 22 sin
813 1269 69 28 förra,
894 1276 84 21 genom

220 1308 114 21 Senatens
350 1309 79 28 utslag
443 1309 149 29 undanröjda
607 1310 90 28 ätgärd.

289 1348 91 22 Genom
402 1349 79 28 utslag
504 1349 45 22 den
572 1352 27 19 30
622 1350 8 21 i
646 1350 97 21 berörde
768 1349 104 22 Oktober
893 1348 86 23 mänad

217 1388 96 28 yttrade
337 1389 37 28 sig
396 1389 57 22 härä
475 1393 147 25 guvernören
637 1390 9 21 i
662 1389 96 22 ärendet
774 1390 67 28 änyo,
858 1389 44 22 och
916 1389 63 22 hvad

219 1429 62 20 först
303 1429 86 28 angick
412 1430 45 21 den
481 1432 62 19 emot
564 1430 91 21 Henrik
672 1429 86 22 Nikola
774 1429 83 29 gjorda
874 1429 105 22 anmärk-
