1086 1709
451 113 25 21 II
785 117 38 20 137

96 175 116 19 mästaren
231 174 30 21 M.
282 174 38 22 för
338 175 62 21 hvad
416 175 47 22 han
478 176 9 21 i
502 176 85 22 anförd
602 178 74 21 mätto
692 178 53 21 lätit
761 178 92 22 komma

98 212 37 28 sig
165 213 37 21 till
224 213 46 22 last
291 214 71 28 jemte
385 214 46 29 det,
455 219 56 18 enär
533 216 166 29 magistratens
721 218 134 28 ledamöter,

97 252 227 28 politieräämannen
346 254 30 22 M.
396 255 44 21 och
455 257 16 20 t.
488 256 16 21 f.
521 256 227 27 politierädmannen
763 258 27 21 R.
808 258 46 21 del-

97 291 61 29 tagit
182 291 9 22 i
216 292 108 22 ärendets
349 293 180 30 handläggning
554 296 44 21 och
623 297 40 20 det
683 297 64 28 förty
767 297 88 29 jemväl

98 331 78 29 älegat
199 332 52 21 dem
270 335 35 19 att
320 333 62 22 tillse
398 334 40 21 det
453 335 166 29 magistratens
636 337 125 22 omordade
778 337 76 22 beslut

99 371 78 23 blefve
185 373 136 29 verkstäldt,
331 375 112 28 päyrkats
451 376 43 22 M:s
505 376 44 21 och
560 377 40 22 R:s
611 377 105 22 fällande
727 379 37 21 till
772 386 84 14 ansvar

99 412 38 21 för
151 412 62 22 hvad
229 413 28 22 de
272 414 36 21 uti
323 415 108 22 anmärkt
447 417 111 21 afseende
574 417 65 22 felat.

167 453 12 21 I
194 453 72 22 saken
281 454 78 29 hörde,
373 455 127 22 framhöllo
511 457 180 28 borgmästaren
701 459 37 27 M.,
750 458 107 22 rädman-

98 501 46 14 nen
166 494 29 22 M.
212 495 43 21 och
271 497 15 20 t.
303 495 16 22 f.
335 496 144 22 rådmannen
494 498 35 27 R.,
546 498 72 22 bland
634 502 78 24 annat,
729 501 34 19 att
778 499 74 28 magi-

101 536 89 19 straten
209 535 40 22 vid
265 536 155 22 omförmälda
436 539 174 21 sammanträde
626 539 46 21 den
688 541 26 19 28
729 539 58 22 Juni
804 541 54 20 1893

101 574 51 22 icke
175 575 99 22 allenast
297 576 77 29 dragit
397 577 94 29 försorg
512 578 86 28 derom,
615 580 34 20 att
664 579 195 28 notarietjensten

102 614 80 23 blifvit
205 616 63 21 skött
291 617 27 20 af
339 624 29 13 en
390 620 66 18 utom
479 618 154 29 magistraten
656 619 96 21 stäende
767 625 91 22 person,

102 655 131 22 skrifvaren
252 657 33 27 B.,
301 659 58 19 utan
374 657 44 21 ock
434 658 73 21 fattat
521 658 79 22 beslut
616 666 37 14 om
668 658 115 29 tjenstens
799 665 61 14 ome-

102 695 95 22 delbara
211 696 190 29 ledigansläende
416 698 30 28 pä
463 698 40 21 det
519 700 35 19 att
565 699 135 21 densamma
710 698 78 21 kunde
800 697 60 22 ordi-

102 736 87 21 nariter
211 736 104 22 besättas
330 737 137 29 påföljande
483 738 137 29 September
636 738 91 28 månad,
744 739 30 20 dä
789 738 72 28 magi-

102 777 100 20 stratens
219 777 141 22 ordförande
376 778 43 21 och
435 778 137 28 ledamöter,
588 779 29 20 de
634 778 40 22 der
690 778 74 21 under
779 778 81 28 loppet

103 817 27 20 af
151 824 130 15 sommaren
304 818 90 29 ätnjöto
410 819 188 28 tjenstledighet,
615 819 50 22 äter
679 826 56 14 voro
752 817 108 28 samlade,

103 864 53 13 men
179 860 34 19 att
237 857 64 22 detta
317 858 83 29 beslut,
419 859 92 21 hvilket
526 859 179 28 borgmästaren
720 859 29 20 M.
766 857 95 22 förmält

104 897 36 28 sig
162 898 72 21 hafva
257 898 110 29 delgifvit
385 899 273 28 vicehäradshöfdingen
673 900 35 27 A.,
724 906 50 14 som
788 898 75 21 under

103 937 51 22 Juli
175 937 43 22 och
233 938 103 28 Augusti
351 939 111 20 mänader
477 939 102 21 bestridt
595 938 267 29 borgmästaretjensten

104 977 8 21 i
135 977 60 29 följd
210 978 26 21 af
250 978 211 29 missuppfattning
477 979 42 21 hos
535 980 27 20 A.
579 979 52 21 icke
647 979 80 28 bragts
743 978 38 21 till
796 978 67 21 verk-

104 1017 127 28 ställighet.

173 1057 42 21 Uti
232 1064 29 14 en
277 1057 37 21 till
329 1057 122 22 hofrätten
461 1058 47 21 den
521 1060 24 19 13
557 1065 62 14 mars
633 1060 54 19 1894
699 1058 85 22 afläten
795 1057 69 22 skritf-

107 1097 69 28 velse,
192 1097 96 22 hvilken
307 1097 111 29 åtföljdes
434 1098 31 28 af,
482 1100 65 19 utom
564 1100 79 26 annat,
660 1098 124 28 protokoll,
800 1097 65 22 fördt

105 1137 40 22 vid
162 1145 28 13 en
206 1138 27 21 af
246 1137 229 22 landssekreteraren
491 1138 8 21 i
514 1138 65 21 länet
590 1138 46 21 den
646 1140 13 19 8
671 1138 127 21 December
811 1139 54 20 1393

107 1178 13 21 å
142 1177 154 29 magistraten
319 1178 119 21 verkstäld
460 1178 184 29 undersökning,
666 1177 114 29 antyddes
798 1177 68 22 emel-

107 1219 70 22 lertid
199 1219 27 21 af
246 1222 154 24 guvernören,
424 1226 49 14 som
496 1219 30 28 på
550 1218 103 29 begäran
677 1218 95 22 undfätt
788 1218 38 21 del
842 1220 26 19 at

106 1259 176 29 borgmästaren
305 1259 49 27 M:s,
377 1259 146 21 rådmannen
538 1259 43 22 M:s
598 1259 43 21 och
657 1261 15 19 t.
690 1258 16 22 f.
722 1259 145 21 rådmannen

107 1299 39 22 R:s
162 1299 138 29 förklaring,
317 1301 34 19 att
362 1299 136 28 dröjsmålet
509 1299 53 21 med
572 1299 207 28 notarietjenstens
790 1298 77 21 besät-

106 1339 70 22 tande
191 1339 102 22 medfört
309 1347 29 13 en
353 1339 52 21 icke
420 1340 69 27 ringa
506 1339 139 22 ekonomisk
661 1339 76 21 fördel
748 1339 38 20 för
798 1338 70 27 borg-

107 1382 116 19 mästaren
238 1380 37 27 M.,
291 1379 130 29 hvarjemte
436 1380 8 21 i
461 1380 74 29 öfrigt
551 1379 133 29 påpekades
702 1379 28 21 de
741 1378 127 29 motsägel-

107 1427 41 20 ser,
173 1420 80 20 hvilka
276 1420 144 21 förekommo
444 1420 100 20 emellan
568 1420 42 21 M:s
633 1419 96 28 uppgift
745 1421 34 19 att
795 1418 73 28 magi-
