1089 1789
445 111 24 22 I
785 113 25 20 79

79 178 26 26 ty
121 175 44 22 och
181 175 30 22 då
225 175 42 22 vid
282 175 84 22 sådant
381 174 149 23 förhållande
544 175 83 21 blifvit
643 174 78 29 styrkt
735 173 105 23 hvarken

80 217 35 20 att
137 223 118 14 assessorn
278 215 47 21 L.:s
340 214 96 22 vistelse
455 215 4 20 i
474 215 37 22 W.
529 215 52 21 stad
596 215 103 21 medfört
715 213 127 29 olägenhet

81 256 36 21 för
133 255 45 22 den
203 255 164 22 rättssökande
383 255 158 21 allmänheten
557 255 57 21 eller
630 257 35 19 att
681 261 118 15 assessorn
813 253 27 22 L.

81 297 115 21 derunder
214 297 139 20 försummat
367 295 29 22 de
410 295 53 22 med
476 296 59 21 hans
545 295 295 28 häradshöfdingeembete

81 337 112 22 förenade
215 337 134 28 göromälen
373 337 44 21 och
440 336 21 29 ej
480 337 74 21 heller
569 337 74 21 visats
659 338 36 19 att
709 335 86 22 Michel
810 335 30 22 K.

81 385 84 21 genom
189 377 45 21 den
256 377 173 21 förstnämndes
453 377 110 22 fränvaro
580 377 54 21 frän
650 376 128 28 domsagan
794 375 47 22 till-

82 417 112 28 skyndats
210 417 79 28 skada,
305 417 69 21 vardt
384 416 300 22 advokatfiskalsembetets
696 418 62 20 emot
769 423 73 14 asses-

83 464 53 15 sorn
151 457 26 21 L.
193 456 96 22 utförda
305 457 224 28 ansvarspästäende
545 456 157 22 underkändt.

150 497 169 29 Underdäniga
341 496 84 22 besvär
444 497 67 21 öfver
526 496 65 22 dotta
607 496 79 29 utslag
702 496 73 22 hafva
789 495 53 22 icke

83 537 96 28 anförts,
203 537 96 22 hvarför
323 536 128 22 detsamma
474 536 47 22 fätt
543 536 72 22 vinna
638 536 55 29 laga
707 536 71 28 kraft,
795 534 45 23 och

83 578 46 20 kan
144 577 43 21 här
203 577 127 21 antecknas
346 579 35 19 att
396 584 118 14 assessorn
529 577 33 28 L.,
579 584 56 20 som,
645 576 72 22 innan
733 576 46 22 han
795 576 48 21 till-

83 618 83 21 trädde
181 618 22 22 J.
221 618 116 28 domsaga,
354 618 61 21 varit
430 618 79 21 bosatt
520 618 7 20 i
535 618 38 21 W.
585 617 58 29 stad,
655 625 96 14 numera
762 617 81 29 flyttat

84 658 43 21 och
143 661 25 18 är
183 658 79 21 bosatt
277 658 64 21 inom
357 657 135 29 domsagan.

155 755 42 22 Uti
212 754 125 22 skrifvelse
351 755 38 21 för
405 754 45 22 den
467 756 25 20 22
509 754 58 22 Juni
585 757 53 19 1892
655 754 102 22 anmälte
773 754 70 29 polis-

83 796 135 20 kammaren
240 796 8 20 i
270 796 28 21 N.
321 795 53 22 stad
389 795 42 21 hos
451 799 148 24 guvernören
615 796 67 21 öfver
697 796 31 20 X.
745 795 46 28 län,
807 796 36 20 att

85 836 93 21 stadens
201 836 60 28 polis
285 835 143 29 föregäende
451 836 47 28 dag
521 836 74 21 under
618 835 120 23 derstädes
758 836 30 21 dä
803 836 40 28 pä-

85 876 89 29 gående
197 877 68 27 säng-
285 876 44 22 och
351 876 126 22 musikfest
493 876 8 22 i
516 877 81 21 förvar
611 876 62 28 tagit
689 876 98 22 svenske
802 882 43 15 un-

85 916 114 28 dersäten,
223 916 63 22 förre
309 920 152 25 styrmannen
485 916 27 22 D.
536 916 38 22 för
589 916 40 22 det
643 916 35 28 D.,
695 924 49 14 som
758 916 64 22 varit
837 916 8 20 i

86 956 89 21 saknad
191 956 26 21 af
231 963 52 21 pass
301 956 43 22 och
357 956 122 28 uppgifvit
490 956 36 28 sig
536 956 73 22 hafva
621 956 98 22 anländt
729 956 37 21 till
777 958 69 19 orten

86 996 37 21 för
138 996 35 20 att
188 995 119 21 öfverresa
317 996 37 20 till
365 996 41 21 sitt
416 995 112 22 hemland
539 996 104 28 Sverige,
655 996 75 28 enligt
741 996 103 28 polisens

85 1034 152 28 iakttagelser
252 1035 53 21 sökt
320 1035 8 21 i
344 1035 174 28 folkträngseln
533 1037 14 20 &
562 1036 141 28 festplatsen
718 1036 8 21 i
741 1035 102 29 tjufvisk

87 1075 72 27 afsigt
181 1075 118 21 ätkomma
315 1076 170 21 allmänhetens
501 1076 74 22 fickor
592 1076 43 22 och
651 1076 118 22 dessutom
785 1077 14 21 &
815 1084 29 13 en

87 1115 26 21 af
130 1114 95 22 stadens
241 1117 68 25 gator
323 1115 64 21 velat
402 1115 53 21 med
471 1116 56 21 knif
541 1116 126 21 öfverfalla
683 1124 29 13 en
727 1116 119 28 poliskon-

87 1154 73 28 stapel
183 1154 122 22 äfvensom
325 1157 34 19 att
378 1155 199 28 poliskammaren
593 1156 53 21 med
662 1156 110 21 afseende
788 1156 58 21 härä

86 1195 142 28 införpassat
251 1194 27 21 D.
294 1194 38 22 till
348 1194 171 29 länsfängelset
535 1196 76 20 säsom
628 1203 29 13 en
673 1196 37 21 för
726 1196 119 20 allmänna

87 1234 137 22 säkerheten
239 1234 80 28 vädlig
335 1241 92 21 person.
456 1236 71 21 Efter
543 1236 13 21 &
571 1235 172 22 landskansliet
758 1236 45 21 den
820 1238 26 19 27

86 1274 8 21 i
110 1274 98 22 berörda
230 1274 85 22 mänad
338 1274 164 29 försiggänget
520 1276 82 21 förhör
620 1276 53 21 med
689 1276 34 28 D.,
746 1275 102 22 hvarvid

87 1314 26 21 af
127 1314 75 22 denne
218 1315 101 28 uppgafs
335 1315 72 21 bland
423 1318 74 19 annat
513 1318 35 19 att
563 1316 47 21 han
626 1316 96 22 försedd
737 1317 53 21 med
806 1316 40 21 be-

86 1354 79 29 hörigt
179 1362 54 21 pass
251 1357 54 20 1890
321 1355 97 21 anländt
433 1355 38 21 till
487 1356 30 21 H.
534 1356 59 28 stad,
611 1358 35 20 att
656 1356 48 22 han
715 1357 132 21 sedermera

86 1394 131 29 uppehällit
241 1395 35 28 sig
295 1395 120 21 derstädes
430 1396 30 28 pä
475 1396 79 28 grund
571 1397 26 21 af
610 1396 176 29 vistelsebiljett
802 1396 44 22 och

87 1437 35 19 att
136 1434 47 22 han
199 1435 8 21 i
222 1435 84 29 början
322 1436 26 20 af
362 1436 25 20 är
405 1438 52 19 1892
474 1436 9 21 i
498 1436 29 21 H.
545 1437 71 21 äfven
626 1436 79 28 ingått
717 1436 130 28 äktenskap
