1092 1720
267 116 26 20 74
603 114 25 21 I

236 177 110 28 omkring
363 179 61 26 2,000
440 176 66 22 mark
518 177 121 28 saknades,
651 176 95 22 hvadan
756 176 53 22 hela
821 176 40 22 det
871 176 128 28 penninge-

236 217 93 29 belopp,
353 218 37 21 för
413 218 90 21 hvilket
526 218 27 21 N.
577 217 72 22 borde
665 217 114 28 redovisa,
795 216 110 30 utgjorde
923 218 74 26 12,030

236 257 68 22 mark
327 260 26 19 67
377 258 77 28 penni,
479 258 53 21 från
555 257 97 22 hvilken
671 257 146 21 sistnämnda
833 264 89 14 summa
938 256 60 22 dock

236 298 9 20 i
268 297 333 29 undersökningsprotokollet
623 299 122 27 upptagna
761 296 99 22 sakören
875 298 41 20 384
932 296 66 21 mark

237 337 45 22 och
306 337 37 21 för
366 337 120 22 bristande
510 337 121 29 kartering
647 340 41 19 670
704 337 66 21 mark
786 338 26 20 65
828 336 77 29 penni,
922 336 76 22 såsom

237 377 141 29 inbegripna
401 378 9 20 i
432 377 156 29 nyssberörda
613 380 62 26 2,000
698 377 72 28 mark,
790 376 73 22 borde
879 376 118 28 afdragas,

238 419 60 20 samt
322 419 34 20 att
378 417 221 29 tjenstförrättande
622 418 177 27 borgmästaren
818 417 25 21 L.
860 416 40 22 vid
916 416 82 21 under-

238 457 144 28 sökningens
399 457 47 22 slut
462 457 194 28 tillkännagifvit,
673 459 36 20 att
719 457 8 21 i
738 457 28 22 N.
779 457 140 21 aktiebanks
931 456 67 21 filial-

238 497 86 22 kontor
342 497 9 21 i
370 497 26 21 G.
414 497 53 22 stad
482 497 93 22 dämera
591 497 140 28 deponerats
749 498 76 27 12,500
841 496 65 21 mark
923 498 35 19 att
974 496 26 21 af

239 537 155 27 magistraten
420 537 119 21 användas
565 537 37 21 till
627 537 146 21 betäckande
797 537 27 21 af
845 536 153 22 omförmälda

238 577 66 28 brist,
328 577 122 22 äfvensom
474 578 34 20 att
531 577 236 29 depositionsbeviset
791 577 167 21 öfverlemnats
975 576 23 22 ät

238 617 26 21 L.
280 617 9 21 i
304 617 118 29 egenskap
439 618 27 21 af
478 617 166 29 Magistratens
661 617 148 22 ordförande.

308 657 107 21 Emedan
437 658 178 28 borgmästaren
637 658 28 21 N.
690 658 147 27 förskingrat
859 656 99 22 berörda
974 657 26 21 af

239 697 87 21 honom
342 697 201 23 omhänderhafda
559 698 76 21 medel
650 698 44 21 och
710 699 58 20 utan
779 697 108 22 tillständ
896 696 103 29 begifvit

238 736 37 29 sig
301 744 28 14 ur
351 737 81 22 landet
456 740 59 20 samt
538 737 198 23 ofvananmärkta
758 736 175 22 försummelser
955 736 44 22 och

238 776 87 22 brister
344 777 89 29 jemväl
456 778 113 21 stannade
592 778 86 21 honom
701 777 38 22 till
760 777 53 27 last,
829 777 43 21 har
887 776 112 22 advokat-

241 816 184 23 fiskalsembetet
448 817 8 21 i
476 817 121 22 memorial
613 818 26 21 af
653 817 46 21 den
715 819 26 20 20
756 817 104 28 Augusti
877 818 53 20 1892
945 816 54 21 med

238 856 150 29 åberopande
410 857 74 22 bland
507 860 72 19 annat
601 858 27 21 af
650 860 11 19 2
679 858 11 27 8
707 859 26 20 45
749 858 53 27 kap.
818 858 30 21 M.
865 857 33 28 B.,
917 859 24 19 12
958 857 11 28 $
989 859 8 18 1

238 897 54 28 kap.
316 897 27 22 R.
368 897 26 21 B.
419 897 44 22 och
485 897 87 29 Kongl.
588 897 158 29 kungörelsen
762 897 46 22 den
826 900 24 19 17
867 904 60 14 mars
945 899 54 19 1780

237 937 73 28 yrkat
335 939 35 19 att
392 937 177 29 borgmästaren
592 938 35 28 N.,
651 945 50 14 som
725 937 44 22 den
794 940 25 19 19
842 937 62 22 Mars
922 937 77 21 1887
986 933 18 37 i

239 977 73 21 näder
335 979 121 20 utnämnts
480 977 37 22 till
542 978 37 21 sin
593 985 33 14 nu
641 977 176 22 innehafvande
832 977 78 29 tjenst,
926 977 73 21 mätte

239 1016 71 22 fällas
341 1017 39 21 till
410 1024 84 15 ansvar
523 1019 60 20 samt
613 1017 186 29 skyldigkännas
825 1018 34 20 att
883 1016 116 29 godtgöra

238 1056 92 22 kronan
348 1057 38 22 för
403 1057 150 22 förskottsvis
577 1057 117 22 utbetalta
709 1056 291 23 resekostnadsersättnin-

236 1103 46 21 gar
313 1096 123 23 äfvensom
458 1098 40 21 vid
520 1098 98 28 lämplig
641 1097 148 29 förpligtelse
811 1097 134 28 föreläggas
965 1098 34 20 att

237 1136 65 22 inom
324 1137 47 21 viss
394 1137 36 22 tid
452 1138 105 28 afhjelpa
580 1137 73 29 sagda
675 1138 9 20 i
706 1137 167 29 magistratens
889 1136 44 22 och
948 1136 51 22 räd-

237 1178 173 22 stufvurättens
427 1179 67 21 arkiv
509 1178 122 29 befintliga
647 1179 86 21 brister
748 1180 60 20 samt
822 1177 177 23 tillrättaskaffa

237 1217 31 21 de
283 1217 93 29 böcker,
393 1226 50 14 som
459 1219 101 21 saknats.

308 1258 78 21 Sedan
410 1258 175 30 borgmästaren
608 1259 28 21 N.
660 1258 125 22 inkommit
807 1258 54 22 med
880 1258 119 21 affordrad

236 1297 134 29 förklaring
386 1298 67 22 öfver
468 1299 154 21 förenämnda
637 1300 49 20 mot
701 1298 87 22 honom
797 1298 85 29 gjorda
892 1298 108 27 pästäen-

236 1337 54 28 den,
309 1338 95 28 yttrade
424 1339 36 28 sig
476 1339 120 22 hofrätten
611 1339 8 21 i
636 1339 129 28 anledning
781 1339 26 21 af
821 1338 79 22 ätalen
915 1345 85 22 genom

237 1377 85 30 utslag,
346 1386 50 14 som
420 1379 61 22 efter
504 1380 81 28 anslag
608 1380 81 29 utgafs
706 1380 45 21 den
769 1381 24 20 29
809 1379 48 29 Maj
876 1381 63 25 1893;
956 1379 44 21 och

238 1418 148 22 beträffande
410 1419 60 22 först
493 1420 27 21 af
540 1419 289 22 advokatfiskalsembetet
850 1418 96 22 utförda
961 1419 40 28 pä-
