1095 1739
445 131 92 23 byggnad.
845 131 21 16 35

181 201 40 21 Ett
243 201 70 21 besök
328 201 7 20 i
350 200 114 22 Ateneum
483 200 152 29 ådagalägger
653 200 60 21 huru
728 202 116 26 väggarne
859 199 7 21 i

113 235 221 28 Konstföreningens
350 235 104 21 Museum
469 237 38 19 äro
522 235 121 28 behängda
653 234 51 21 från
715 234 52 28 golt
775 234 34 21 till
820 234 45 25 tak,

113 270 81 21 medan
209 271 32 20 ett
257 271 56 20 stort
328 269 61 21 antal
401 269 57 22 verk
469 272 37 19 äro
518 269 118 28 placerade
646 269 6 21 i
664 269 69 21 nedre
744 268 121 28 våningen,

113 304 47 22 dels
177 304 6 21 i
198 304 155 28 Föreningens
377 304 182 25 direktionsrum,
582 304 47 21 dels
648 304 7 20 i
671 303 44 22 den
737 302 128 22 ditledande

113 339 138 25 korridoren,
271 338 69 22 andra
362 340 47 19 åter
427 339 35 20 till
477 341 32 18 ett
525 339 60 20 antal
601 338 24 21 af
639 340 26 19 39
681 337 127 29 målningar
824 337 42 22 och

114 376 11 18 7
142 373 161 28 skulpturverk
318 376 38 19 äro
372 373 151 21 undanstälda
537 375 30 26 på
582 373 89 21 vinden.
695 372 66 28 Egna
777 371 42 22 och
830 371 35 22 de-

113 407 113 29 ponerade
249 407 93 22 arbeten
362 408 7 20 i
388 407 223 28 Konstföreningens
633 407 77 22 förvar
733 408 77 27 uppgå
830 405 36 22 för

113 442 140 21 närvarande
268 442 35 21 till
318 444 40 19 557
378 442 127 28 målningar
524 442 43 21 och
584 443 39 20 154
639 441 168 29 skulpturverk,
823 440 43 22 och

113 476 36 22 för
164 477 74 21 denna
253 483 73 14 massa
337 479 24 18 är
372 477 38 21 det
420 484 31 14 nu
463 476 127 29 disponibla
600 478 123 27 utrymmet
734 475 132 28 visserligen

114 511 152 28 otillräckligt.

181 546 12 21 I
207 545 270 29 Konstflitsföreningens
492 546 103 21 Museum
611 547 46 20 åter
673 548 24 19 är
713 545 117 28 trängseln
842 546 24 20 så

113 583 53 23 stor,
183 583 32 18 att
230 583 41 18 när
287 588 27 13 en
331 582 71 27 något
422 580 95 29 lifligare
532 580 162 28 tillströmning
709 579 109 26 inträffar,
833 581 33 19 så-

114 622 47 14 som
176 615 64 21 fallet
255 617 24 19 är
295 622 36 14 om
351 615 147 28 söndagarne,
517 615 99 22 rörelsen
634 615 43 21 blir
693 614 46 21 lika
754 614 111 22 obekväm

113 649 36 22 för
165 649 27 21 de
208 649 134 26 besökande,
361 657 49 14 som
430 649 77 29 vådlig
525 649 36 22 för
583 649 130 22 föremålen.
744 648 48 22 Och
808 648 57 22 dock

114 687 38 18 äro
168 691 27 14 en
211 684 23 21 at
250 684 27 21 de
300 684 120 21 Antellska
444 684 42 21 och
504 686 72 26 några
595 683 24 22 af
632 684 154 28 Föreningens
808 690 58 21 egna

114 718 155 26 kollektioner,
292 718 68 22 bland
384 719 51 21 dem
457 719 51 21 hela
529 718 228 28 textil-afdelningen,
779 717 87 22 undan-

114 753 78 21 stälda.

183 787 43 22 Vid
241 787 62 22 detta
318 787 142 22 förhållande
480 789 71 20 måste
566 789 77 27 någon
658 787 80 28 åtgärd
753 787 110 28 vidtagas,

113 825 41 18 när
168 822 120 21 Antellska
303 821 138 22 donationen
456 822 57 21 skall
528 822 107 29 begynna
651 824 32 19 att
699 821 53 22 öfva
767 821 35 22 sin
817 828 47 14 ver-

113 857 51 20 kan.
195 857 35 20 En
253 856 70 21 sådan
346 856 80 29 åtgärd
444 856 41 21 har
505 856 26 21 af
543 857 170 28 Föreningarna
727 855 115 29 påyrkats,
858 855 7 20 i

114 891 39 21 det
167 893 33 19 att
215 891 64 21 deras
295 891 106 28 styrelser
416 891 41 22 hos
473 891 145 28 Regeringen
633 891 95 21 anhållit
739 897 36 14 om
785 892 33 19 att
829 890 35 21 In-

114 925 151 22 dustriskolan
280 927 70 20 måtte
369 925 129 29 bortflyttas
517 925 52 22 från
583 926 118 21 Ateneum.
732 925 81 21 Denna
828 931 37 15 an-

113 959 59 26 stalt,
188 967 47 14 som
250 960 50 21 icke
315 967 68 21 synes
398 960 56 21 höra
469 960 34 21 till
519 960 135 29 komplexen
670 960 25 21 af
709 959 28 22 de
747 959 118 22 inrättnin-

113 1001 47 21 gar,
183 994 36 21 för
240 994 77 21 hvilka
340 994 114 21 Ateneum
473 995 135 25 tillkommit,
627 1002 52 14 men
697 1001 49 14 som
760 993 39 22 vid
815 993 50 22 dess

114 1029 119 28 öppnande
253 1029 95 28 inrymts
365 1029 47 25 där,
434 1029 131 28 disponerar
581 1029 63 22 öfver
659 1031 39 19 två
713 1029 26 21 af
752 1029 27 20 de
794 1035 50 14 rum
859 1028 6 21 i

114 1063 99 21 öfversta
227 1064 122 28 våningen,
370 1071 48 14 som
434 1067 37 18 äro
487 1064 176 28 ursprungligen
679 1063 93 21 afsedda
786 1063 36 21 för
838 1063 28 21 de

114 1097 198 22 konstindustriela
332 1098 158 28 samlingarna.
522 1098 42 21 Om
583 1098 64 22 dessa
667 1105 50 14 rum
733 1098 132 21 återlemnas

114 1132 33 20 till
162 1132 35 21 sin
217 1132 115 28 egentliga
353 1132 162 26 bestämmelse,
535 1133 58 21 skall
609 1132 257 28 Konstflitsföreningen

113 1166 78 21 kunna
208 1166 114 29 uppställa
344 1166 52 22 hela
418 1166 100 22 förrådet
538 1169 29 26 på
582 1169 32 19 ett
628 1166 120 29 tillbörligt
763 1168 45 20 sätt
823 1166 43 22 och

114 1200 68 22 äfven
198 1208 23 14 se
236 1201 35 28 sig
286 1202 7 20 i
309 1201 65 21 stånd
390 1201 36 22 för
441 1202 43 21 den
498 1204 113 19 närmaste
622 1201 122 22 framtiden
755 1203 32 19 att
798 1202 67 20 emot-

114 1237 53 26 taga
182 1243 45 21 nya
242 1235 100 22 föremål.

181 1269 34 22 På
237 1270 118 28 förfrågan
378 1270 112 22 huruvida
512 1271 50 21 icke
580 1270 285 29 Konstflitsföreningen,
856 1265 13 38 i

114 1304 80 21 sådant
216 1304 47 26 fall,
286 1305 76 21 kunde
385 1304 59 22 afstå
463 1312 27 14 en
507 1306 32 20 sal
555 1305 34 21 till
604 1306 125 21 förökande
745 1306 25 20 af
782 1306 84 21 Konst-

113 1338 146 29 föreningens
280 1341 120 26 utrymme,
420 1339 42 21 har
481 1340 154 28 Föreningens
655 1340 130 28 Bestyrelse
800 1340 66 21 fram-

113 1372 65 21 hållit
193 1375 38 23 att,
248 1375 24 19 så
288 1373 97 29 belägna
400 1381 48 14 som
464 1382 101 13 rummen
577 1377 45 23 äro,
633 1374 62 22 detta
705 1374 49 22 icke
764 1374 57 22 låter
832 1374 35 28 sig

113 1409 61 25 göra,
198 1414 36 14 om
253 1408 28 20 de
300 1408 201 21 konstindustriela
516 1408 163 29 samlingarnas
694 1408 136 29 belägenhet
845 1408 20 28 ej

114 1440 57 21 skall
186 1440 128 23 försämras.
345 1442 95 21 Ensamt
459 1450 82 21 genom
556 1443 192 21 Industriskolans
764 1442 102 29 bortflyt-
