1092 1750
207 137 27 20 22
430 137 29 23 U.
476 138 26 22 B.
520 150 25 3 —
563 137 180 22 111-XXXIII.

494 241 177 27 Militiemedlen.

276 313 112 22 Utskottet
403 314 39 21 har
456 314 123 28 öfvertygat
594 315 33 27 sig
644 322 40 20 om,
699 317 32 18 att
745 314 137 28 uppgifterna
895 315 6 20 i
912 314 53 21 rela-

206 347 74 21 tionen
302 349 35 20 äro
352 348 111 28 grundade
479 349 25 27 pä
522 348 26 21 de
564 349 6 20 i
586 349 231 28 Militieexpeditionen
833 348 40 21 och
889 348 76 28 Krigs-

208 381 168 22 kommisariatet
390 382 62 21 förda
467 383 180 28 räkenskaperna.
673 383 102 21 Rörande
786 382 97 21 enskilda
894 386 71 25 poster

207 415 39 21 har
269 415 113 22 Utskottet
404 420 52 18 trott
476 418 32 27 sig
523 417 51 21 böra
589 417 99 21 meddela
703 417 94 28 följande
813 417 153 28 upplysningar

208 450 52 21 eller
276 451 126 27 erinringar:

279 484 36 22 Uti
331 485 107 28 ingående
454 486 105 21 balansen
574 487 7 20 i
597 485 65 22 debet
674 489 109 25 upptagna
796 485 167 21 »läneförskott»

207 520 88 26 utgöras
318 519 180 28 hufvudsakligen
522 520 22 21 af
565 519 279 29 inqvarteringskostnader,
860 527 46 14 som
921 520 44 20 för-

208 553 86 28 skjutits
316 553 22 21 af
359 553 67 22 finska
447 554 150 26 militiemedel,
618 562 48 13 men
683 555 6 20 i
706 554 73 28 början
795 554 23 21 af
833 554 93 28 följande
942 553 23 22 år

207 589 91 19 ersättas
321 588 81 21 fonden
418 589 22 20 af
455 589 63 28 ryska
534 589 87 21 kronan.
652 589 48 21 Den
717 589 72 21 starka
805 590 122 26 stegringen
943 588 22 22 af

206 621 64 22 dessa
294 622 92 21 förskott
407 623 68 21 under
496 623 24 21 år
543 624 54 20 1893
618 623 105 21 förklaras
739 623 68 26 däraf,
822 626 31 18 att
868 622 59 22 detta
943 622 23 22 år

207 656 121 28 uppköptes
352 660 100 25 patroner
474 657 34 20 för
530 657 26 21 de
579 660 32 18 tre
632 657 95 28 följande
750 657 56 21 åren.
839 657 70 21 Priset
931 657 34 20 för

207 689 65 22 dessa
294 694 99 24 patroner
416 691 173 21 utbalanserades
614 699 46 13 som
676 691 143 21 låneförskott
833 691 34 20 för
881 694 32 18 att
928 691 37 21 ob-

207 731 97 14 serveras
326 732 46 13 som
395 725 65 28 utgift
475 725 68 21 under
557 725 27 21 de
600 725 24 21 år
639 725 41 22 och
695 726 6 20 i
717 725 41 21 den
776 725 47 20 mån
839 725 68 28 lagret
922 725 43 21 för-

205 757 115 22 brukades.
350 758 38 22 Uti
413 759 169 21 låneförskotten
609 760 61 27 ingår
692 759 65 22 äfven
781 759 83 21 kamrer
886 759 79 22 Weck-

206 794 78 19 ströms
307 793 166 28 propriebalans,
495 793 76 22 hvaraf
595 795 54 20 1895
673 801 25 14 en
721 793 84 21 mindre
825 793 35 21 del
875 793 91 22 kontant

208 829 97 24 ersattes,
322 827 76 21 medan
414 827 122 22 återstoden
547 827 92 22 affördes
651 828 40 21 och
702 828 67 21 finnes
781 831 108 25 upptagen
901 827 62 22 bland

209 863 73 18 »extra
303 861 100 28 utgifter»
427 861 68 22 under
517 862 91 21 nämnda
624 862 29 21 år.
682 862 12 21 I
707 862 155 27 sammanhang
877 862 86 21 härmed

206 894 35 21 må
264 897 93 24 nämnas,
380 899 32 17 att
432 896 188 28 propriebalansen
636 897 55 20 efter
707 895 256 22 vicelandssekreteraren

206 929 114 27 Tegström
335 929 24 21 är
375 931 54 20 1895
446 930 44 21 blef
505 930 32 21 till
551 930 54 21 fullo
621 931 92 20 betäckt.
724 943 27 3 —
762 930 79 21 Posten
855 931 109 20 »utbalan-

206 963 62 20 serad
295 963 132 28 leverering»
451 966 85 26 utgöres
559 964 23 21 af
599 965 124 20 resterande
739 964 225 28 befordringsafgifter

206 997 42 21 och
264 998 104 21 centonal.

275 1031 11 21 I
302 1031 102 22 afseende
420 1032 12 21 å
447 1032 92 21 fondens
555 1033 109 22 inkomst
671 1033 106 21 förklaras
789 1032 135 29 nedgäendet
939 1033 25 20 af

205 1065 111 26 arrenden,
340 1065 183 22 hemmansräntor
547 1067 40 20 och
612 1067 89 21 tionden
722 1067 23 20 af
768 1067 26 20 de
816 1067 6 20 i
845 1067 118 27 sjunkande

206 1099 80 21 stadda
301 1100 288 28 medelmarkegångsprisen.
620 1100 44 22 Det
679 1100 48 28 låga
743 1100 101 29 beloppet
856 1100 23 21 af
894 1101 69 21 »elev-

204 1133 90 28 afgifter
319 1134 36 20 vid
380 1134 69 21 finska
468 1134 152 22 kadettkåren>
639 1136 54 20 1893
709 1135 39 21 har
763 1134 118 22 föranledts
897 1134 66 26 däraf,

204 1171 32 18 att
252 1168 67 28 sagda
334 1169 24 20 år
373 1169 138 21 inlevererats
527 1169 88 28 afgifter
631 1169 76 22 endast
722 1170 35 21 för
772 1169 57 22 förra
843 1169 82 22 hälften
940 1170 23 21 af

203 1201 53 27 året,
278 1202 110 21 hvaremot
403 1203 69 21 under
488 1205 54 20 1894
557 1203 40 22 och
615 1205 54 20 1895
685 1204 80 21 influtit
779 1203 80 22 sådana
875 1204 88 27 afgifter

203 1236 35 21 för
261 1244 74 14 senare
358 1237 82 21 hälften
463 1238 23 21 af
506 1238 129 27 föregående
658 1238 41 21 och
717 1239 58 20 förra
791 1238 82 21 hälften
889 1239 22 20 af
926 1239 37 20 det

202 1270 93 28 löpande
318 1271 51 21 året.
400 1271 75 22 Under
495 1272 46 21 året
566 1273 55 20 1896
644 1273 66 21 hafva
733 1272 118 21 emellertid
875 1273 88 27 afgifter

202 1304 140 21 inlevererats
364 1305 35 22 för
413 1309 75 18 trenne
504 1306 73 27 halfår,
593 1307 85 21 hvadan
693 1306 164 21 försummelsen
872 1306 90 21 sålunda

202 1335 84 41 numera
297 1339 81 33 blifvit
392 1340 76 21 rättad.

275 1373 190 22 «Återdebiterade
485 1375 80 21 medel»
587 1375 41 21 och
646 1377 91 19 »ersatta
753 1375 95 28 utgifter,
864 1382 45 13 som
926 1375 35 20 be-

202 1409 44 18 rott
269 1407 27 28 på
319 1407 79 22 likvid»
423 1410 85 26 utgöras
523 1409 32 21 till
571 1417 26 13 en
613 1409 82 21 mindre
711 1409 35 21 del
762 1409 23 21 af
800 1408 161 28 anslagsmedel,

202 1447 46 14 som
273 1441 72 21 blifvit
366 1442 88 28 oriktigt
476 1443 135 21 rekvirerade
631 1443 40 21 och
687 1443 74 21 därför
776 1443 119 25 återburna,
912 1451 49 13 men

272 1480 141 19 Statsutskottets
426 1481 110 18 betänkande
547 1482 36 17 N:o
596 1483 18 16 2.
