1089 1750
267 105 39 19 104
599 104 24 20 H

235 165 45 21 och
298 166 130 22 emellertid
446 166 49 22 låta
514 167 68 21 anstå
596 166 54 22 med
666 166 146 22 densammas
827 166 165 22 remitterande

235 205 38 21 till
295 206 147 29 vederbörlig
465 206 113 22 domstols
593 206 153 29 behandling,
762 213 54 14 men
831 206 99 21 berörda
946 206 46 21 för-

235 245 98 21 farande
348 245 79 29 likväl,
443 246 53 21 med
512 246 111 21 afseende
641 246 13 21 å
670 246 62 21 hvad
747 249 147 25 guvernören
910 246 22 21 S.
949 245 42 22 och

234 285 282 22 vicelandssekreteraren
538 287 26 21 F.
580 286 37 21 till
641 286 37 21 sin
700 286 82 21 ursäkt
804 285 121 28 föreburit,
940 286 51 21 icke

234 332 57 14 vara
307 325 26 21 af
347 325 71 22 sådan
434 326 170 29 beskaffenhet,
622 328 35 19 att
672 333 85 15 ansvar
773 326 56 21 eller
840 326 151 29 ersättnings-

235 365 135 28 skyldighet
393 366 79 21 derför
490 366 58 28 egde
568 373 60 21 rum;
652 366 141 21 derutinnan
810 365 132 22 hofrättens
956 368 36 19 ut-

235 405 51 28 slag
301 405 98 22 sålunda
415 405 121 22 ändrades.

304 565 41 23 Uti
369 573 28 15 en
419 567 38 21 till
472 567 160 21 Prokuratorn
649 567 46 21 den
711 569 11 19 2
738 567 59 21 Juni
814 569 54 19 1893
882 566 107 28 ingifven

234 606 71 22 skrift
327 607 60 21 hade
410 607 177 22 bokhandlaren
610 608 34 28 L.,
662 608 54 21 från
732 608 24 21 T.
774 607 58 28 stad,
848 607 82 28 klagat
941 607 49 21 der-

234 646 72 28 öfver,
323 648 41 27 att,
381 647 70 22 sedan
466 648 32 27 L.,
515 655 50 14 som
580 648 103 28 upplåtit
698 648 42 21 sitt
755 648 29 21 bo
800 647 38 21 till
849 647 51 21 sina
910 647 82 28 borge-

233 690 80 18 närers
336 687 144 30 förnöjande,
505 689 77 28 erlagt
604 689 47 21 vad
674 691 62 19 emot
754 687 237 22 rådstufvurättens
979 683 16 39 i

233 727 102 22 nämnda
358 728 51 21 stad
433 728 44 21 den
502 731 24 19 17
542 729 215 28 nästförutgångne
772 728 69 28 April
856 728 8 21 i
880 727 38 22 L:s
933 727 57 21 kon-

233 767 104 22 kursmål
352 768 68 29 gifna
435 769 59 28 dom,
510 769 204 21 rådstufvurätten
730 771 84 26 vägrat
825 770 35 19 att
871 768 23 21 åt
904 768 86 21 honom

232 807 106 22 utlemna
356 809 148 27 protokollen
520 809 8 21 i
543 809 72 21 målet
630 811 58 19 utan
704 809 72 28 lösen,
793 809 73 20 ehuru
881 808 33 27 L.,
930 807 60 22 efter

233 847 40 22 det
287 847 47 22 vad
349 848 26 21 af
389 848 85 22 honom
490 849 93 29 erlagts,
600 849 99 22 medelst
711 849 45 21 den
767 851 25 19 29
805 849 56 20 eller
873 850 25 19 30
910 847 80 28 derpå-

233 887 104 29 följande
365 888 47 28 Maj
438 889 99 28 upptedt
563 889 109 29 behörigt
696 889 131 28 prestbevis
853 888 77 29 styrkt
954 888 36 21 sin

232 928 133 29 fattigdom,
389 929 100 22 hvarhos
512 929 26 22 L.
561 929 70 29 yrkat
654 929 215 22 rådstufvurättens
893 928 97 29 förplig-

232 967 71 22 tande
326 970 35 19 att
383 970 57 20 utan
460 969 64 21 lösen
541 969 37 21 till
593 969 87 22 honom
695 969 94 29 utgifva
805 969 29 21 de
849 968 117 29 protokoll
982 968 7 20 i

232 1007 99 22 berörda
353 1008 52 28 mål,
428 1009 82 21 hvilka
528 1009 47 22 han
591 1010 37 21 för
644 1009 36 22 sin
696 1009 124 21 tillernade
837 1008 153 29 ändringsan-

231 1048 74 21 sökan
327 1048 9 21 i
358 1048 122 22 hofrätten
503 1047 61 24 hade
588 1050 26 20 af
627 1049 84 28 nöden,
729 1049 122 21 äfvensom
868 1050 34 19 att
916 1047 73 22 varda

230 1088 129 28 godtgjord
382 1089 36 21 för
441 1089 45 21 den
509 1089 73 21 skada
606 1089 44 22 och
670 1089 28 21 de
714 1089 133 27 kostnader,
863 1089 27 20 L.
906 1095 84 22 genom

230 1127 214 23 rådstufvurättens
470 1129 104 28 antydda
594 1129 147 22 förvållande
757 1128 159 29 tillskyndats.
946 1128 43 21 Uti

231 1168 36 21 sin
283 1169 27 21 af
322 1169 258 23 Prokuratorsembetet
590 1171 111 21 häröfver
712 1170 133 22 affordrade
856 1170 132 28 förklaring

231 1209 111 22 framhöll
357 1210 209 29 rådstufvurätten,
583 1213 35 20 att
632 1211 26 22 L.
674 1211 41 22 vid
730 1210 168 23 nedsättandet
913 1210 27 21 af
948 1210 42 21 sitt

230 1250 156 21 omförmälda
401 1251 46 21 vad
462 1251 51 21 icke
529 1259 41 14 ens
586 1252 116 21 föreburit
718 1255 30 18 än
763 1251 91 21 mindre
866 1251 77 28 styrkt
953 1250 33 21 sin

229 1289 134 29 fattigdom,
393 1290 97 22 hvilken
522 1291 206 22 rådstufvurätten
756 1292 26 20 så
806 1290 95 29 mycket
925 1297 63 14 mera

231 1329 132 29 betviflade,
387 1338 49 14 som
458 1333 78 20 rätten
558 1331 60 22 hade
642 1332 36 29 sig
700 1332 94 27 bekant,
812 1333 35 19 att
862 1331 26 21 L.
902 1331 88 28 jemväl

229 1369 61 21 efter
313 1369 37 22 sin
372 1370 103 22 konkurs
498 1371 113 22 bedrifvit
626 1379 30 14 en
670 1371 175 22 kommissions-
861 1371 44 21 och
920 1378 69 21 agen-

228 1409 106 29 turaffär,
358 1410 96 23 hvarför
477 1411 204 23 rådstufvurätten
704 1413 72 20 äfven
798 1411 55 22 låtit
872 1411 117 22 utskrifva
