1092 1803
262 166 29 23 U.
307 167 27 21 B.
356 179 21 2 —
395 165 29 23 H.
441 165 26 22 F.
483 165 93 23 Antells
592 165 140 28 samlingar.

401 620 200 24 Statsutskottets
626 620 156 23 betänkande
804 620 42 23 N:o
868 620 14 22 5

331 655 10 22 i
355 655 135 28 anledning
503 655 27 22 af
540 655 47 22 den
599 655 141 28 berättelse,
751 661 52 17 som
813 654 70 28 afgif-

332 690 48 22 vits
402 690 41 22 till
466 690 136 22 Ständerna
622 690 27 22 af
667 690 47 22 den
734 690 41 23 för
790 690 93 22 värden

333 729 39 17 om
389 723 29 22 de
434 723 27 22 af
471 723 133 23 framlidne
616 723 267 23 medicinelicentiaten

332 757 107 24 Herman
457 758 112 23 Frithiof
580 759 84 22 Antell
679 757 205 24 testamenterade

332 793 166 28 samlingarna
513 793 105 23 tillsatta
633 793 148 28 delegation.

197 890 74 22 Sedan
290 890 111 22 Finlands
417 890 96 22 Ständer
528 891 39 21 vid
582 891 138 27 landtdagen
737 891 55 21 1894
807 891 79 21 tillsatt

128 932 28 15 en
177 926 25 21 af
217 927 84 20 tvänne
319 925 152 21 medlemmar
489 925 50 21 frän
557 925 78 28 hvarje
651 925 67 22 ständ
734 927 152 20 sammansatt

130 960 131 27 Delegation
283 960 35 21 för
338 959 87 22 värden
447 959 25 21 af
487 959 28 22 de
533 965 83 22 genom
631 962 133 19 testamente
780 960 26 21 af
818 959 68 21 fram-

129 995 61 20 lidne
213 994 250 28 medicinelicentiaten'
479 994 27 21 H.
523 995 24 20 F.
563 995 74 20 Antell
654 994 110 21 Finlands
781 994 49 21 folk
844 994 42 21 till-

129 1029 70 21 fallna
210 1029 130 26 samlingar,
349 1031 60 18 samt
417 1028 97 21 berörda
523 1029 78 26 ätgärd
609 1029 82 21 vunnit
699 1028 188 27 högvederbörlig

129 1063 149 26 fastställelse,
294 1063 42 20 har
352 1063 170 26 Delegationen,
537 1063 94 21 hvilken
648 1063 69 21 första
728 1063 88 27 gängen
829 1069 59 14 sam-

130 1097 134 21 manträdde
284 1097 44 21 den
350 1098 13 20 2
381 1097 46 21 okt.
448 1098 61 24 1895,
529 1097 69 27 enligt
618 1098 26 20 af
661 1097 127 21 Ständerna
806 1097 81 21 därom

130 1132 119 20 meddelad
265 1131 114 21 föreskrift
394 1138 97 14 numera
506 1131 34 21 till
555 1131 131 21 desammas
702 1131 140 27 granskning
858 1131 31 21 af-

130 1166 49 21 låtit
194 1166 35 21 sin
245 1166 44 20 den
305 1166 25 20 31
345 1165 48 28 jan.
411 1166 54 20 1897
482 1166 156 26 dagtecknade
655 1166 125 26 berättelse,
793 1165 95 21 hvilken

130 1200 7 21 i
158 1200 105 22 afseende
280 1200 13 21 å
315 1200 164 21 förberedande
500 1200 142 27 behandling
662 1200 26 21 af
700 1200 105 27 samtliga
821 1200 68 21 stånd

130 1234 74 22 blifvit
223 1234 140 28 hänskjuten
385 1234 34 21 till
443 1234 176 27 Statsutskottet,
638 1241 51 15 som
704 1234 86 21 därhos
806 1240 82 20 genom

130 1269 209 28 protokollsutdrag
353 1268 91 22 erhällit
459 1268 36 22 del
506 1269 25 21 af
539 1268 44 22 den
594 1269 64 21 inom
670 1268 165 28 Ridderskapet
845 1268 44 21 och

130 1304 79 26 Adeln,
225 1304 84 20 Preste-
325 1304 43 20 och
379 1303 197 26 Borgareständen
589 1303 38 21 vid
640 1303 90 27 frägans
741 1303 81 21 remiss
834 1302 56 22 före-

131 1338 70 20 fallna
224 1337 140 21 diskussion.
403 1337 85 21 Tillika
511 1338 43 20 har
575 1338 114 21 Utskottet
711 1338 41 20 fått
775 1340 114 24 emottaga

131 1372 104 26 samtliga
253 1372 39 20 vid
311 1372 176 26 Delegationens
506 1373 77 20 möten
602 1372 65 21 förda
683 1372 115 28 protokoll
814 1372 76 20 äfven-

131 1413 49 14 som
199 1406 148 21 densammas
365 1406 45 20 den
427 1407 9 19 1
454 1406 55 21 febr.
528 1407 53 20 1897
598 1406 112 21 afslutade
726 1406 162 27 räkenskaper.

199 1440 82 21 Vidare
314 1440 43 20 har
386 1440 171 21 Statsutskottet
586 1440 26 21 af
639 1440 111 21 Finlands
781 1440 108 21 Ständers

131 1473 208 27 Bankfullmäktige
358 1473 33 21 uti
407 1473 118 22 skrifvelse
542 1474 24 20 af
579 1473 45 22 den
640 1475 27 20 20
683 1474 53 21 febr.
752 1475 53 20 1897
818 1473 72 21 erhål-

200 1519 140 17 Statsutskoitets
352 1518 111 18 betänkande
477 1518 36 18 N:o
526 1519 17 17 5.
