1092 1748
199 137 27 20 24
421 136 30 23 U.
467 137 28 22 B.
511 150 27 2 —
554 136 178 22 111-XXXIII.

197 199 134 21 sistnämnda
346 199 113 22 officerare
473 200 111 28 uppgingo
599 200 35 21 för
649 200 27 21 de
692 200 70 21 skilda
777 200 50 21 ären
844 200 111 22 1893—95

197 233 33 21 till
253 240 55 22 resp.
333 234 61 26 6,466
417 234 42 26 mk,
475 235 74 25 12,133
572 234 36 21 mk
624 234 41 22 och
681 236 75 25 15,400
772 234 41 21 mk.
844 234 33 21 En
893 234 64 21 exakt

197 267 122 28 jämförelse
341 268 77 21 mellan
443 268 144 22 kostnaderna
609 268 35 21 för
665 268 137 29 förplägning
817 268 68 22 under
900 268 56 22 olika

197 301 24 21 år
235 302 44 20 kan
295 302 17 28 ej
329 304 68 26 göras,
415 302 88 22 emedan
519 302 118 28 utgifterna
652 303 34 21 för
702 310 26 14 en
744 302 34 22 del
791 303 166 21 förnödenheter

199 336 17 28 ej
239 336 62 21 alltid
324 336 70 22 såsom
417 337 94 28 önskligt
529 344 51 14 vore
596 337 50 28 ingå
661 338 6 20 i
683 337 173 29 räkenskaperna
871 337 35 21 för
921 336 36 22 det

198 370 29 27 år,
249 370 33 22 till
297 370 82 22 hvilket
395 371 27 21 de
437 371 113 28 rätteligen
565 371 59 21 höra.
653 371 39 21 Ett
708 371 117 28 afgörande
840 370 116 29 inflytande

198 404 28 29 på
248 412 29 14 nu
300 405 164 28 ifrågavarande
480 405 116 21 kostnader
612 406 87 20 utöfvar
714 405 242 21 lifsförnödenheternas

198 440 50 27 pris,
264 439 82 21 hvilket
361 440 68 21 finner
444 440 37 20 sitt
493 440 85 28 uttryck
591 440 31 20 uti
632 440 190 28 dagportionernas
833 440 124 28 gvartaliter

198 473 114 21 faststälda
335 474 71 21 värde.
435 474 12 20 I
470 474 99 21 medeltal
592 481 38 21 per
653 474 23 21 år
699 482 39 13 var
753 474 59 21 detta
827 474 65 20 värde
908 474 6 20 i
930 473 26 21 de

198 508 71 21 skilda
283 508 68 21 länen.

517 589 1 14 |

516 604 2 48 |
550 612 44 18 1898
659 612 45 18 1894
769 612 45 17 1895
844 588 3 63 |
879 611 44 18 1896

515 665 2 35 |
894 658 56 4 a
955 667 1 3 |

221 697 80 23 Nylands
313 698 37 18 1.
377 712 31 4 soc
491 701 26 14 i
548 698 46 22 60,75
768 698 46 22 54,25

221 726 39 24 Abo
278 732 11 18 L
405 729 112 27 LT
548 733 46 21 5650
735 753 1 3 |
768 732 46 22 4600
955 725 1 7 |

200 782 1 9 |
220 767 108 17 Tavastehus
340 767 11 17 L
377 781 2 3 .
434 781 61 4 0.0.0.
516 758 1 24 |
548 767 46 23 58,75
735 757 2 32 |
769 768 45 19 47,00
846 758 1 11 |

221 801 82 23 Wiborgs
321 801 5 18 L
349 815 3 3 .
464 811 53 13 i
548 802 46 23 5850
769 802 45 20 50,25
846 795 1 31 |

221 835 24 17 St.
259 835 73 17 Michels
350 835 5 17 1
377 850 2 2 .
405 850 3 2 .
435 850 3 3 .
463 850 4 4 .
492 850 3 4 +
516 850 1 19 |
548 837 46 21 61%
769 836 46 21 52,75
846 827 1 49 |
954 827 2 38 |

221 870 68 23 Kuopio
310 870 11 18 L
434 875 83 13 L
548 872 46 22 60,25
769 870 45 23 52,25

220 904 57 18 Wasa
289 904 34 19 L.
406 919 89 4 00
548 906 46 22 59,50
769 905 46 17 45.50
846 877 1 61 |

220 939 98 22 Uleåborgs
337 939 11 17 1.
377 953 3 3 .
406 953 31 4 so.
464 953 31 4 cv
548 940 46 23 59,25
770 940 46 21 53,00
846 939 2 22 |

268 1002 125 28 Utgifterna
407 1003 34 20 för
453 1002 225 29 skjutförnödenheter
691 1010 52 13 voro
755 1003 55 20 1893
822 1001 135 28 obetydande

198 1036 182 29 hufvudsakligen
407 1037 28 28 på
457 1037 41 21 den
521 1037 69 28 grund
606 1039 31 18 att
652 1036 65 21 redan
735 1037 53 20 1891
805 1036 99 27 inköptes
921 1043 37 20 pa-

197 1073 74 19 troner
292 1071 33 20 för
349 1071 99 28 samtliga
471 1071 50 21 åren
544 1071 147 26 1891—1893,
706 1078 48 13 men
771 1070 69 21 delvis
855 1070 64 21 äfven
935 1069 23 21 af

197 1105 36 20 det
256 1105 53 26 skäl,
333 1107 32 19 att
389 1105 66 21 sedan
471 1105 200 28 gardesbataljonen
696 1104 84 21 erhällit
796 1111 46 21 nya,
859 1105 12 20 3
887 1103 70 21 liniers

197 1141 73 25 gevär,
292 1139 22 20 af
336 1139 65 28 ryska
426 1139 191 28 artilleristyrelsen
633 1138 135 21 levererades
784 1141 100 25 patroner
899 1137 59 22 såväl

198 1173 35 20 för
256 1173 133 28 bataljonens
413 1173 239 28 krigsnumerärupplag
667 1180 45 13 som
728 1173 34 20 för
778 1173 54 20 1893
846 1171 33 22 års
891 1172 66 28 skjut-

198 1207 105 28 öfningar,
327 1207 40 21 och
384 1207 39 21 har
437 1207 67 28 liqvid
520 1207 34 21 för
569 1207 107 21 desamma
692 1207 32 20 till
740 1206 51 21 dato
807 1207 18 27 ej
841 1207 116 27 uppgjorts.

197 1241 121 21 Enahanda
341 1243 23 19 är
387 1241 144 21 förhållandet
552 1241 49 21 med
624 1241 26 21 de
672 1241 23 21 af
718 1240 191 28 artilleristyrelsen
925 1240 32 21 till

197 1275 203 28 gardesbataljonen
416 1275 123 22 levererade
554 1283 42 20 nya
611 1277 99 26 gevären,
726 1276 7 19 i
748 1274 103 21 afseende
862 1274 11 21 å
884 1274 73 21 hvilka

198 1309 143 28 enhetspriset
357 1310 18 27 ej
393 1311 56 19 ännu
462 1311 23 19 är
494 1309 94 21 fixeradt.
605 1309 35 21 Då
648 1309 36 21 det
693 1308 118 22 emellertid
820 1308 67 21 måste
896 1315 61 14 anses

198 1343 124 28 oegentligt,
341 1346 32 18 att
387 1343 158 22 militiefonden
561 1343 89 22 sålunda
665 1343 45 21 står
725 1344 6 19 i
746 1343 86 27 flerårig
847 1341 62 22 skuld
924 1342 33 21 till

197 1377 66 28 ryska
285 1377 199 28 artilleristyrelsen,
506 1377 34 21 får
554 1377 115 22 Utskottet
687 1377 66 21 uttala
769 1377 41 20 den
827 1376 82 21 önskan
925 1378 33 19 att

197 1412 68 27 nödig
280 1412 120 27 debitering
415 1413 37 26 för
467 1412 171 27 möjliggörande
653 1411 29 28 af
694 1411 69 21 likvid
778 1411 49 20 med
841 1411 34 20 det
886 1410 71 27 första

198 1446 67 21 måtte
280 1447 107 21 utverkas.

269 1486 141 18 Statsutskottets
423 1487 110 17 betänkande
546 1486 36 19 N:o
595 1487 17 16 2.
