1092 1784
257 107 38 19 168
590 105 24 21 TI

225 168 101 27 ärendet,
350 170 60 19 samt
433 168 231 22 landssekreteraren
680 169 36 27 K.,
733 169 30 28 pä
778 168 70 21 hvars
864 168 120 28 föredrag-

224 208 59 28 ning
305 208 84 22 sädant
411 208 69 28 skett,
505 208 37 21 till
565 208 47 22 last
634 209 77 21 säsom
735 208 222 28 ouppmärksamhet
975 208 9 20 i

223 248 112 29 utöfning
358 248 27 21 af
405 248 110 29 tjensten,
535 249 14 21 å
571 252 148 24 guvernören
735 248 27 22 G.
779 248 44 22 och
839 248 146 22 landssekre-

223 290 94 19 teraren
331 288 30 21 K.
376 288 90 28 yrkade
481 296 86 14 ansvar
578 288 74 29 enligt
663 290 23 20 21
702 289 12 27 $
725 291 27 19 40
763 288 53 29 kap.
829 288 151 28 Strafflagen,

223 328 102 22 hvarhos
337 328 287 22 advokatfiskalsembetet
634 328 38 22 till
680 329 121 21 hofrätten
810 328 174 22 öfverlemnade

224 375 38 13 om
277 368 52 21 icke
343 368 76 22 Maria
441 368 108 22 Kristina
563 369 28 21 A.
608 368 79 22 kunde
702 368 97 22 beredas
815 368 95 22 tillfälle
926 371 35 19 att
975 368 9 22 i

223 408 170 29 sammanhang
416 409 54 22 med
493 409 74 22 ätalet
589 409 133 21 framställa
745 409 39 21 det
800 410 184 28 ersättningsan-

224 449 76 28 spräk,
323 449 98 22 hvartill
443 450 48 21 hon
510 449 79 22 kunde
606 456 55 14 anse
678 450 36 27 sig
730 449 111 29 befogad;
857 449 126 28 hvarefter,

224 488 45 22 och
283 489 72 21 sedan
371 489 233 28 guvernörsembetet
622 490 4 20 i
641 489 38 22 W.
695 490 46 27 län,
758 489 75 29 enligt
844 489 79 21 derom
933 489 51 22 vid-

223 530 72 27 tagen
317 529 151 29 författning,
487 529 97 22 insändt
599 537 29 14 en
645 530 27 20 af
684 530 75 21 Maria
775 529 108 22 Kristina
897 530 28 20 A.
941 537 42 14 un-

223 568 144 22 dertecknad
382 569 77 29 skrift,
475 569 50 22 deri
540 570 75 21 Maria
630 569 108 22 Kristina
754 570 34 27 A.,
802 569 75 22 under
886 570 97 28 uppgift

224 608 73 22 bland
313 611 72 19 annat
405 612 35 19 att
455 609 47 22 hon
518 610 8 20 i
541 609 61 29 följd
621 610 27 20 af
662 609 168 28 öfverklagade
846 610 136 21 förfarande

222 649 101 29 nödgats
347 650 79 21 drifva
449 650 37 22 sin
504 650 86 21 handel
606 650 8 21 i
630 658 78 13 annan
724 657 96 22 persons
836 658 70 13 namn
922 652 61 20 samt

223 691 36 19 att
274 689 48 21 hon
337 690 76 22 säsom
435 690 132 28 ersättning
586 691 80 21 derför
681 690 101 30 nödgats
797 690 38 21 till
850 690 75 22 denne
942 690 41 28 hy-

222 730 92 21 resfritt
335 731 98 27 uppläta
453 739 28 13 en
497 731 76 22 henne
589 731 107 28 tillhörig
712 730 213 29 bostadslägenhet,
943 738 39 14 an-

222 770 51 22 höll
295 773 35 19 att
351 771 72 21 varda
438 774 73 19 ersatt
526 772 20 28 ej
562 771 92 22 mindre
671 772 37 21 för
724 771 44 22 den
784 772 86 20 förlust
884 771 46 21 hon
944 771 35 21 sä-

222 810 73 21 lunda
317 810 60 28 lidit,
401 815 29 17 än
446 811 37 21 för
500 811 28 21 de
544 811 127 21 kostnader
686 811 48 21 hon
749 811 8 21 i
773 811 73 21 saken
860 811 54 21 haft
928 811 54 21 med

222 850 100 28 tillhopa
339 852 40 20 285
395 852 72 27 mark,
486 855 147 25 guvernören
649 851 28 21 G.
694 851 43 22 och
752 851 231 21 landssekreteraren

222 890 30 21 K.
268 890 82 22 blifvit
364 891 9 21 i
388 891 129 28 anledning
533 892 27 21 af
573 891 99 22 berörde
687 891 146 29 pästäenden
849 890 71 22 hörde
936 890 44 22 och

222 931 111 21 aflemnat
348 931 166 30 förklaringar,
527 932 53 21 dem
588 931 289 22 advokatfiskalsembetet
884 931 96 21 bemött.

291 971 73 22 Mälet
383 971 119 29 afgjordes
523 973 26 20 af
562 972 122 21 hofrätten
699 978 85 23 genom
799 971 78 28 utslag
893 971 46 22 den
955 973 22 19 21

220 1011 60 21 Juni
297 1013 59 26 1895,
373 1012 44 21 och
433 1012 59 21 fann
507 1012 121 21 hofrätten
642 1015 149 25 guvernören
806 1011 28 22 G.
850 1012 43 21 och
904 1011 77 22 lands-

221 1051 161 22 sekreteraren
404 1052 30 21 K.
454 1052 41 21 vid
517 1052 212 28 handläggningen
752 1052 26 21 af
799 1051 182 28 ifrägavarande

221 1090 93 29 ärende,
337 1095 56 17 enär
415 1092 74 28 nägra
512 1092 88 21 sädana
616 1092 201 29 omständigheter
833 1091 81 22 dervid
929 1091 52 22 icke

221 1131 157 29 förekommit,
395 1140 50 14 som
461 1133 75 21 skulle
552 1133 105 28 päkallat
673 1140 79 14 annan
768 1132 101 29 ordning
879 1133 37 20 för
927 1132 52 21 dess

220 1171 153 29 behandling,
397 1176 30 18 än
451 1173 45 21 den
514 1180 50 14 som
579 1173 100 29 pähjöds
695 1173 9 21 i
720 1175 12 19 2
749 1173 11 28 $
776 1172 35 22 uti
828 1172 152 22 ofvanäbero-

219 1211 62 28 pade
296 1212 145 29 förordning,
457 1213 73 21 hafva
545 1213 97 21 förfarit
652 1213 137 28 lagstridigt
799 1213 9 20 i
819 1212 40 21 det
869 1212 110 21 afseende

221 1251 288 23 advokatfiskalsembetet
525 1253 108 21 anmärkt
649 1255 61 19 samt
724 1252 115 29 pröfvade
849 1252 64 28 förty
923 1254 57 19 rätt-

219 1292 54 27 vist,
290 1292 53 22 med
359 1293 53 21 stöd
428 1294 27 20 af
469 1295 23 20 21
511 1295 13 26 $
540 1296 27 19 40
582 1293 54 28 kap.
652 1293 156 28 Strafflagen,
820 1292 68 21 döma
897 1299 83 22 guver-

219 1335 75 18 nören
317 1332 27 21 G.
361 1332 44 21 och
428 1329 230 26 landssekreteraren
681 1333 30 21 K.
732 1335 34 19 att
788 1333 39 21 för
841 1332 99 22 sälunda
955 1333 27 20 af

220 1371 54 22 dem
289 1371 118 30 begänget
423 1373 33 21 fel
471 1373 8 21 i
496 1373 102 29 tjensten
613 1373 117 22 hvardera
747 1373 57 21 böta
818 1375 27 18 40
861 1372 66 21 mark
942 1372 38 21 till

218 1411 100 28 kronani
333 1412 57 21 eller
412 1413 41 21 vid
476 1413 119 22 bristande
614 1413 239 28 betalningstillesäng
877 1412 74 21 hållas
967 1414 13 19 8
