1095 1778
212 174 14 20 6
365 175 28 22 U.
409 176 29 22 B.
451 189 30 2 —
497 176 30 23 H.
542 176 27 22 F.
585 177 61 22 Ante
666 185 10 14 s
688 177 139 28 sumlingar.

283 244 42 21 Vid
345 245 170 28 granskningen
539 247 25 20 af
581 247 28 21 de
625 247 127 28 föreslagna
768 248 202 27 bestämningarna

213 278 44 21 har
273 278 112 22 Utskottet
400 280 76 21 funnit
493 281 120 21 desamma
624 282 195 27 ändamålsenliga
831 283 44 21 och
887 281 85 28 egnade

214 314 32 19 att
267 312 107 28 betrygga
387 321 28 14 en
430 317 105 19 testators
551 315 91 28 afsigter
657 317 162 20 motsvarande
835 316 137 27 förvaltning

214 347 25 20 af
252 347 155 27 samlingarna
423 349 44 21 och
483 349 149 27 användning
647 351 25 19 af
681 351 156 21 räntemedlen
848 351 51 20 från
910 351 62 20 kam-

214 381 115 21 marrådet
358 382 102 22 Herman
488 384 141 27 Rosenbergs
652 384 62 28 fond,
737 385 73 21 under
833 385 44 22 den
899 385 73 21 öfver-

214 415 111 27 gångstid,
341 416 97 22 hvarom
455 424 31 14 nu
502 419 25 19 är
542 418 69 27 fråga.

285 450 66 21 Hvad
371 452 70 26 sagda
464 453 151 21 räntemedels
639 453 129 27 fördelning
789 454 33 20 till
845 454 72 27 inköp
938 454 34 20 för

215 484 168 27 samlingarnas
398 486 63 21 olika
476 486 143 28 afdelningar
633 488 152 27 vidkommer,
801 488 42 21 har
858 488 38 21 det
909 490 63 25 synts

215 518 120 28 Utskottet,
351 522 32 18 att
398 520 221 28 hufvudgrunderna
630 522 34 21 för
677 522 75 22 denna
763 522 128 27 fördelning
902 522 70 21 borde

215 553 25 21 af
261 553 127 22 Ständerna
410 554 147 28 bestämmas,
580 556 43 22 och
642 557 42 21 har
704 557 113 21 Utskottet
832 557 50 21 icke
897 556 76 22 funnit

215 587 51 21 skäl
282 588 143 22 förekomma
441 592 32 18 att
488 590 7 20 i
511 590 76 21 denna
602 590 62 28 fråga
679 591 82 21 föreslå
778 591 76 27 någon
864 591 108 21 afvikelse

215 622 51 20 från
282 621 169 29 delegationens
467 624 82 22 härom
565 625 100 21 uttalade
681 626 62 26 åsigt.

285 656 32 22 På
332 658 75 26 grund
422 658 25 20 af
458 658 60 22 hvad
532 659 97 21 sålunda
640 660 86 21 anförts
738 660 34 21 får
783 660 114 21 Utskottet
908 660 65 20 vörd-

216 693 60 19 samt
291 691 122 21 hemställa
429 694 33 19 att
477 693 126 21 Ständerna
619 694 52 21 med
687 694 169 27 godkännande
872 694 25 21 af
911 694 61 21 Dele-

215 725 119 26 gationens
357 725 85 28 förslag
466 727 140 22 beträffande
627 728 28 21 de
671 728 34 21 för
720 728 44 21 den
780 729 115 20 närmaste
911 728 61 21 tiden

216 759 145 28 erforderliga
377 760 141 28 åtgärderna,
534 761 52 22 ville
599 762 97 21 besluta:

493 824 23 27 1)
531 826 31 19 att
577 825 87 21 tillsätta
680 832 24 14 en
721 825 125 27 delegation,
863 825 111 21 bestående

423 858 28 27 af
468 865 26 14 en
522 859 90 20 medlem
640 859 39 21 och
706 861 29 19 tre
756 860 139 27 suppleanter
920 859 52 28 från

423 893 76 27 hvarje
523 893 70 26 stånd,
617 894 49 21 med
681 894 99 27 uppdrag
796 895 31 19 att
841 894 131 27 handhafva

424 928 80 21 vården
527 928 27 27 af
572 929 25 20 de
618 929 109 20 Antellska
752 928 155 27 samlingarna
932 929 39 20 och

424 962 172 27 användningen
616 962 27 28 af
654 963 146 20 räntemedlen
817 969 26 14 ur
859 963 113 20 kammar-

424 997 61 20 rådet
499 997 98 20 Herman
613 997 132 27 Rosenbergs
759 997 60 27 fond.

492 1043 24 26 2)
532 1044 32 19 att
584 1043 40 20 den
648 1043 70 27 årliga
742 1042 121 21 inkomsten
888 1042 7 21 i
910 1042 62 21 kam-

424 1077 111 20 marrådet
556 1077 98 21 Herman
681 1077 132 27 Rosenbergs
839 1076 57 27 fond
917 1076 57 20 skall

424 1110 57 21 intill
495 1112 109 27 utgången
623 1111 27 28 af
660 1112 26 20 år
699 1112 55 20 1900
766 1110 95 21 sålunda
873 1110 99 28 fördelas,

424 1147 31 19 att
470 1147 29 19 tre
513 1146 124 27 femtedelar
652 1146 69 27 däraf
732 1145 117 21 användas
863 1144 32 21 till
906 1145 68 28 inköp

424 1180 28 27 af
469 1180 115 21 konstverk
603 1180 40 21 och
659 1179 199 22 konstindustriella
873 1179 100 30 föremål,

423 1214 42 21 och
479 1221 26 14 en
518 1214 98 27 femtedel
628 1214 32 21 till
671 1214 25 21 de
708 1213 176 25 numismatiska,
897 1213 76 20 arkeo-

424 1248 83 27 logiska
529 1249 40 20 och
587 1249 146 27 etnografiska
748 1247 165 28 samlingarnas
928 1247 46 28 för-

424 1283 86 20 ökande
537 1284 57 19 samt
620 1283 39 20 den
684 1282 132 21 återstående
842 1281 131 28 femtedelen,

424 1318 53 19 utan
491 1317 31 27 på
537 1317 99 27 förhand
646 1317 109 27 faststäldt
771 1316 113 25 ändamål,
898 1315 8 21 i
920 1316 54 20 mån

424 1351 28 27 af
464 1351 67 28 behof
543 1351 80 21 anlitas
640 1351 32 20 till
684 1350 155 28 förstärkande
851 1350 28 27 af
888 1350 34 21 det
933 1356 41 14 ena

424 1385 49 21 eller
487 1385 72 21 andra
573 1385 28 28 af
613 1385 89 21 berörda
718 1385 85 27 anslag.

493 1431 24 27 3)
533 1432 31 19 att
585 1430 36 28 för
640 1430 146 28 delegationen
806 1430 107 30 fastställa
932 1429 42 27 föl-

419 1464 70 28 jande
504 1464 140 21 instruktion:

288 1520 142 18 Statsutskoltets
443 1520 109 18 betänkande
565 1522 36 16 N:o
614 1520 17 21 5,
