1095 1770
234 131 24 17 26
527 131 172 18 Nationalmuseets

235 199 154 22 ordföranden
406 201 5 20 i
427 200 204 21 Nationalmuseets
655 201 100 27 Styrelse
775 200 75 21 kunde
866 200 58 21 dock
939 202 48 18 när-

235 241 55 14 vara
306 234 41 21 och
363 234 77 28 intaga
457 234 230 29 ordförandeplatsen,
704 237 40 18 när
755 237 32 18 ett
799 235 92 20 ärendes
900 233 88 22 beskaf-

235 268 78 21 fenhet
330 271 77 25 syntes
423 268 83 21 honom
522 269 76 20 fordra
614 269 43 20 det.
681 269 98 20 Museets
796 269 140 20 intendenter
946 268 42 21 och

236 302 162 25 bibliotekarie,
415 302 88 21 hvilkas
527 303 155 27 befattningar
704 303 70 20 borde
789 310 54 14 vara
858 303 59 20 fasta
932 302 55 28 tjen-

235 339 46 18 ster
297 336 49 21 med
364 337 119 27 åliggande
500 337 49 20 icke
565 337 57 21 blott
638 339 33 18 att
686 337 70 21 vårda
767 337 157 28 samlingarna,
934 339 54 18 utan

234 371 44 20 ock
294 373 32 18 att
342 371 167 28 vetenskapligt
526 371 111 21 behandla
653 371 64 21 deras
732 371 107 25 material,
850 371 93 21 hvarför
955 371 33 20 till

235 404 66 21 dessa
316 405 154 28 befattningar
486 405 70 22 borde
572 408 59 19 utses
648 413 106 21 personer
771 406 50 21 med
830 405 157 28 vetenskaplig

235 439 139 27 kompetens,
391 440 73 20 skulle
480 442 27 26 på
523 440 86 28 förslag
629 441 26 20 af
668 441 204 20 Nationalmuseets
888 440 99 28 Styrelse

235 475 119 19 utnämnas
371 474 25 21 af
416 474 103 21 Senaten.
551 474 142 21 Sekreterare
715 477 92 25 antages
824 474 24 21 af
863 474 123 20 Nämnden.

304 507 131 22 Nämndens
451 509 202 27 sammansättning
670 508 74 21 blefve
761 508 103 21 sålunda:

338 542 124 22 Prefekten
477 543 35 21 för
528 543 184 22 Konstmuseum,

338 576 158 22 Ordföranden
512 577 36 21 för
564 577 82 21 Finska
662 577 203 27 konstföreningen
880 578 53 20 eller
944 577 43 21 den

233 617 89 21 person,
339 618 47 14 som
403 611 25 21 af
444 612 152 20 Föreningens
613 612 118 20 Direktion
747 612 5 20 i
769 612 55 20 hans
841 612 63 20 ställe
920 617 67 17 utses,

338 645 157 22 Ordföranden
511 646 36 21 för
562 647 257 27 Konstflitsföreningen
835 647 5 20 i
851 646 94 21 Finland
959 646 28 21 el-

233 679 49 20 ler
276 675 13 38 i
297 679 55 21 hans
368 680 66 21 ställe
449 680 25 21 af
487 681 154 28 Föreningens
657 681 129 28 Bestyrelse
804 681 78 20 utsedd
898 687 89 22 person;

336 714 48 21 Två
399 715 146 22 Intendenter
561 716 38 21 vid
614 715 93 21 Museet.

303 749 80 20 Denna
399 749 89 21 Nämnd
505 750 72 21 skulle
594 750 75 27 åligga
685 752 42 19 att:

303 785 21 26 a)
340 786 56 25 göra
412 784 99 28 inköpen
527 785 145 20 tillsammans
688 784 51 21 med
755 783 51 28 fyra
817 783 122 21 tillkallade
951 791 35 12 ex-

232 819 82 26 perter,
332 817 24 21 af
377 818 79 21 hvilka
479 819 137 20 Ständernas
631 818 136 28 Delegation
790 820 61 19 utser
868 819 44 19 två.
943 817 44 21 För

233 851 70 28 inköp
319 854 12 18 å
347 859 75 14 annan
438 855 41 22 ort,
495 860 54 20 eger
608 853 75 20 Nämnden
700 853 91 27 vidtaga
807 852 134 27 erforderlig
956 853 30 19 ät-

232 886 63 26 gärd,
318 886 57 21 efter
399 889 39 23 att,
462 886 48 21 ifall
533 887 92 27 inköpet
641 887 51 20 sker
707 886 51 21 med
775 886 72 21 medel
862 894 27 12 ur
905 886 81 25 ,Kam-

232 920 112 20 marrådet
363 920 98 21 Herman
476 920 144 28 Rosenbergs
635 920 77 25 fond",
729 920 69 21 hafva
813 920 74 21 därtill
898 920 88 20 erhållit

233 953 176 29 Delegationens
430 954 70 26 bifall;

302 988 18 28 0)
337 989 103 21 meddela
463 992 101 18 närmare
583 990 161 20 instruktioner
768 991 22 19 åt
813 989 172 21 Konstmuseets

231 1021 146 28 tjenstemän:

301 1058 17 24 c)
335 1056 125 22 bestämma
481 1058 82 28 planen
587 1058 35 21 för
645 1058 27 21 de
695 1058 172 28 publikationer,
892 1064 48 14 som
963 1057 25 21 af

231 1090 175 22 Konstmuseets
430 1092 128 27 tjenstemän
574 1092 54 22 böra
643 1092 111 28 utgifvas;

301 1126 21 24 d)
339 1126 128 21 utanordna
489 1127 42 21 och
547 1126 102 22 redovisa
673 1126 35 21 för
725 1126 26 21 de
768 1126 34 21 för
824 1126 161 20 Konstmuseet

230 1158 110 28 anslagna
355 1160 83 25 medel;

300 1195 18 25 0)
336 1193 5 20 i
358 1193 70 29 öfrigt
445 1202 95 14 ansvara
555 1195 35 21 för
606 1195 84 21 vården
706 1195 25 21 af
740 1195 178 21 Konstmuseum
929 1196 56 19 samt

230 1226 42 21 hos
289 1227 204 23 Nationalmuseets
510 1230 100 27 Styrelse
625 1229 82 21 föreslä
725 1229 104 28 ätgärder
844 1229 36 20 för
893 1228 92 21 utveck-

229 1260 79 28 lingen
324 1262 25 20 af
363 1262 129 23 detsamma.

299 1330 126 22 Historiska
442 1333 89 20 museets
547 1332 95 21 Nämnd.
673 1332 36 20 Dä
724 1331 166 28 Delegationen
905 1331 56 28 tagit
977 1331 6 20 i

230 1363 172 29 Ofvervägande
418 1365 157 28 anordningen
592 1365 25 21 af
631 1365 37 21 det
684 1366 128 21 Historiska
827 1368 97 18 museets
939 1365 44 21 för-

229 1398 111 28 valtning,
366 1399 40 21 har
429 1400 165 28 Delegationen
618 1400 48 21 icke
686 1400 104 21 förbisett
811 1402 33 18 att
860 1400 73 20 denna
947 1400 36 20 för

229 1432 45 21 den
297 1432 168 22 fosterländska
487 1434 148 28 forskningen
659 1436 25 19 sä
703 1434 175 28 betydelsefulla
893 1434 89 25 anstalt,
