1098 1753
447 122 11 21 I
640 126 3 2 !
790 124 24 19 21

157 190 117 28 Slutligen
292 190 43 21 har
353 190 36 21 uti
407 190 73 28 nädig
495 190 141 28 förordning
651 190 27 21 af
692 190 44 21 den
753 192 25 20 23
794 190 52 23 Juli

88 226 53 20 1896
157 224 25 22 ät
197 224 114 22 Senatens
326 224 295 28 Ekonomiedepartement
631 224 167 23 öfverlemnats
810 227 36 20 att

85 258 107 22 meddela
214 258 177 29 bestämningar
414 258 148 22 beträffande
580 258 72 28 tiden,
668 258 64 22 inom
747 258 97 23 hvilken

84 293 151 28 uppsägning
258 293 27 21 af
305 293 82 27 medel,
403 293 96 26 finsatta
513 293 9 21 i
537 292 208 29 postsparbanken,
769 293 76 22 skulle

84 327 146 28 verkställas,
240 330 60 19 samt
311 334 38 14 om
360 327 161 28 beräkningen
533 327 26 21 af
568 329 68 19 ränta
644 328 14 20 ä
666 327 87 21 insatta
761 328 83 22 medel.

156 365 20 18 4.
199 362 78 21 Jemte
288 361 148 29 underdånig
447 361 124 22 skrifvelse
582 361 28 22 af
618 361 46 22 den
675 363 26 20 24
712 361 68 29 April
791 363 53 20 1894

86 396 71 21 hafva
180 396 132 22 Ständerna
330 396 39 21 till
391 396 66 21 Hans
473 396 135 28 Kejserliga
622 396 112 29 Majestät
748 396 97 21 insändt

87 430 192 22 Statsutskottets
295 430 150 22 betänkande
460 430 9 21 i
484 430 129 29 anledning
627 431 27 20 af
661 429 183 30 Finansexpedi-

85 465 93 21 tionens
196 465 9 21 i
224 465 102 22 Senaten
353 465 38 21 till
414 465 132 22 Ständerna
569 465 93 28 afgifna
684 465 100 22 relation
808 472 36 15 om

86 499 152 22 statsverkets
255 499 114 28 tillständ,
385 499 54 22 med
454 499 112 22 anhällan
581 501 35 19 att
627 499 127 22 detsamma
765 500 80 21 blefve

86 533 171 22 Ofverlemnadt
272 534 38 21 till
325 534 102 21 Senaten
442 533 9 22 i
466 533 111 22 afseende
593 534 13 21 &
621 533 143 29 vidtagande
780 535 27 21 af
816 534 28 22 de

86 568 115 29 ätgärder,
217 568 96 22 hvartill
333 568 28 22 de
377 568 26 22 af
417 568 183 22 Statsutskottet
615 568 84 28 gjorda
714 568 131 29 erinringar

86 602 44 22 och
146 602 88 29 förslag
250 602 78 22 kunde
343 602 68 30 gifva
426 602 134 29 anledning.

156 636 48 22 Vid
223 637 74 21 skedd
319 636 148 29 underdänig
490 637 170 29 föredragning
680 637 26 21 af
727 637 118 29 ifrägava-

85 672 72 21 rande
180 671 148 22 betänkande
352 672 44 21 och
419 671 114 22 Senatens
552 671 8 21 i
576 671 128 29 anledning
724 671 70 22 däraf
810 672 34 21 af-

85 705 68 28 gifna
168 705 162 28 underdäniga
339 705 111 29 yttrande
460 705 43 22 har
512 706 67 21 Hans
589 705 135 29 Kejserliga
733 705 112 29 Majestät

85 739 77 22 täckts
177 739 9 22 i
200 739 73 22 nåder
295 739 125 28 anbefalla,
444 741 35 20 att
501 739 29 22 de
549 740 27 21 af
593 739 103 22 Seraten
716 739 128 22 aflemnade

85 773 171 30 upplysningar
278 774 67 21 skola
367 773 119 22 meddelas
508 781 33 14 nu
564 773 140 22 församlade
720 774 124 22 Ständer
831 769 17 38 i

86 808 45 21 den
146 808 100 21 relation
262 815 37 14 om
314 809 153 22 statsverkets
479 809 114 28 tillständ,
605 816 50 14 som
664 809 38 21 till
714 809 132 21 Ständerna

85 842 41 22 vid
140 843 158 21 innevarande
313 843 115 29 landtdag
443 843 118 22 aflemnas.

158 878 18 21 5.
201 877 77 22 Sedan
294 877 219 30 Bankfullmäktige
531 877 38 22 till
584 877 112 29 förnyadt
712 877 132 29 antagande

86 911 122 29 föreslagit
231 911 39 22 det
293 911 27 22 af
341 911 132 22 Ständerna
492 912 41 21 vid
551 914 51 19 1891
622 912 36 21 ärs
673 912 114 29 landtdag
804 919 40 14 an-

86 947 78 28 tagna,
184 953 54 14 men
256 946 27 21 af
303 947 66 20 Hans
385 946 134 29 Kejserliga
533 946 112 29 Majestät
660 947 52 21 icke
727 947 117 22 stadfästa

86 987 46 22 nya
147 981 142 28 reglemente
302 980 73 29 jemte
391 980 78 22 dertill
487 981 105 21 hörande
610 983 48 19 stat
675 981 38 22 för
729 981 115 22 Finlands

85 1014 75 28 Bank,
176 1014 73 22 hafva
266 1014 138 28 Ständerna,
421 1015 53 21 med
489 1015 116 21 särskilda
620 1015 165 28 förändringar
799 1015 45 21 och

86 1048 91 29 tillägg,
197 1048 92 29 antagit
310 1049 103 21 nämnda
435 1049 144 28 reglemente
602 1050 44 21 och
669 1051 47 20 stat
734 1052 60 19 samt
808 1050 37 21 uti

85 1082 148 29 underdänig
248 1083 124 22 skrifvelse
388 1083 27 22 af
429 1083 45 22 den
490 1085 27 20 24
532 1083 48 29 Maj
594 1085 54 20 1894
659 1083 42 22 hos
711 1084 66 21 Hans
787 1083 57 29 Kej-

86 1117 85 29 serliga
193 1117 111 29 Majestät
327 1117 106 28 anhällit,
457 1117 40 22 det
519 1118 92 21 täcktes
629 1119 66 20 Hans
710 1118 135 29 Majestät
832 1113 17 38 i

85 1151 73 22 näder
176 1151 117 22 stadfästa
311 1151 44 22 och
371 1152 49 21 läta
436 1152 37 21 till
489 1152 157 22 efterrättelse
661 1152 95 22 utfärda
771 1151 74 29 sagda

85 1185 143 29 reglemente
244 1185 44 22 och
303 1188 53 19 stat.

158 1219 47 22 Vid
220 1220 70 22 häraf
304 1221 73 21 skedd
388 1221 148 28 underdänig
546 1221 170 28 föredragning
726 1221 42 22 har
778 1221 67 22 Hans

85 1253 134 30 Kejserliga
243 1255 118 29 Majestät,
387 1255 54 22 med
465 1255 70 22 bifall
558 1255 38 22 till
619 1255 142 22 Ständernas
784 1255 61 22 före-

84 1289 103 21 nämnda
202 1289 163 28 underdäniga
376 1289 117 29 anhällan,
505 1290 54 21 lätit
570 1289 46 22 den
628 1292 24 19 19
664 1290 114 21 Februari
790 1291 55 20 1895

85 1323 97 21 utfärda
196 1323 84 29 nädigt
295 1324 143 28 reglemente
454 1324 38 21 för
506 1324 116 22 Finlands
637 1324 75 22 Bank.

158 1357 132 22 Ständerna
308 1358 73 22 hafva
397 1358 78 22 tillika
489 1359 36 21 uti
541 1359 37 21 sin
593 1359 154 21 förenämnda
761 1359 85 21 under-

84 1391 87 29 däniga
186 1391 124 23 skrifvelse
326 1392 112 22 hemstält
453 1395 36 19 att
504 1393 29 21 de
549 1393 89 29 anslag,
654 1401 49 13 som
718 1393 53 21 med
786 1401 60 13 sam-

83 1425 124 29 manlagdt
222 1428 89 26 249,541
329 1426 66 22 mark
411 1427 91 29 årligen
512 1428 81 28 utgått
602 1434 29 15 ur
641 1427 113 22 Finlands
765 1428 81 21 Banks
