1100 1761
276 131 27 21 48

246 200 113 26 gängligen
383 199 114 27 påkallade.
528 199 110 27 Utgående
661 199 46 21 från
731 199 70 21 denna
821 198 107 27 synpunkt
948 197 62 21 hafva

246 234 192 26 Bankfullmäktige
455 234 70 20 ansett
540 234 33 26 sig
584 234 71 20 kunna
666 234 38 20 här
714 233 83 27 förbigå
807 232 202 22 Bankdirektionens

246 268 180 27 framställningar
437 274 35 15 om
484 268 120 26 förhöjning
612 267 23 21 af
642 268 155 20 sekreterarens
806 267 6 21 i
820 266 89 22 Banken
918 266 90 26 aflöning

247 303 55 20 samt
313 309 33 14 om
356 302 128 27 beviljandet
494 302 23 21 af
526 302 177 21 arvodestillskott
710 301 33 22 för
751 301 56 22 vissa
815 301 33 21 års
858 301 64 27 tjenst
929 301 21 20 åt
958 300 52 21 före-

247 337 125 21 ståndarene
387 337 32 20 för
434 337 100 20 Bankens
549 336 202 27 afdelningskontor.
773 336 77 21 Likaså
866 341 61 22 synes
943 335 66 27 någon

246 371 74 27 åtgärd
332 371 45 21 från
393 371 204 26 Bankfullmäktiges
613 371 46 20 sida
673 371 45 21 icke
730 371 95 27 påkallas
836 370 23 21 af
867 370 99 27 förslaget
977 375 33 14 om

246 406 42 21 den
303 406 48 21 med
366 405 40 22 fria
417 412 48 15 rum
476 405 39 21 och
525 411 26 15 en
562 405 93 27 aflöning
666 405 23 21 af
699 405 63 27 1,200
772 405 60 21 mark
843 404 98 21 förenade
953 403 57 22 vakt-

246 439 248 28 mästarebefattningens
503 439 35 22 vid
546 439 178 22 hufvudkontoret
731 439 135 27 förvandling
872 439 33 21 till
912 445 24 15 en
945 439 65 21 öfver-

246 474 206 27 vaktmästaretjenst
467 474 48 21 med
531 474 82 27 förhöjd
629 473 201 28 penningeaflöning
840 473 23 22 af
872 474 62 26 1,500
944 474 66 25 mark,

246 511 51 19 enär
312 509 128 21 förbemälde
456 509 153 21 vaktmästares
624 508 115 22 lönevilkor
755 509 66 20 redan
835 509 113 27 temporärt
960 515 51 21 upp-

246 544 94 27 bringats
361 543 33 21 till
414 543 132 21 sistnämnda
566 543 72 28 belopp
657 550 76 20 genom
753 544 30 20 ett
799 543 78 21 honom
892 544 70 20 senast
978 543 31 21 för

246 578 22 21 år
289 578 53 21 1897
362 584 25 14 ur
406 577 303 27 diskretionsmedelsanslaget
730 578 24 20 af
766 577 193 27 Bankfullmäktige
975 578 33 20 be-

246 612 73 27 viljadt
341 612 177 21 arvodestillskott
540 612 24 21 af
584 612 43 22 300
645 612 66 25 mark,
731 612 86 21 hvilken
836 612 172 27 löneförbättring

245 646 193 27 Bankfullmäktige
454 652 38 21 ega
508 646 81 21 tillfälle
606 647 37 25 att,
654 647 7 20 i
672 646 36 22 fall
719 647 24 21 af
750 646 70 25 behof,
832 646 61 22 äfven
904 646 104 28 framgent

245 681 44 21 låta
311 681 77 21 honom
411 681 176 27 tillgodokomma.
617 681 100 21 Deremot
735 681 58 21 finna
816 681 191 27 Bankfullmäktige

246 715 36 21 det
297 715 139 21 ansvarsfulla
452 716 77 26 arbete,
547 722 45 14 som
608 716 80 26 äligger
703 716 184 21 ombudsmannen
897 716 7 20 i
914 716 93 24 Banken,

247 751 75 25 utgöra
337 751 31 20 ett
383 750 95 26 vägande
494 750 44 20 skäl
554 750 32 20 för
601 750 153 27 godkännande
770 750 23 21 af
806 750 147 21 Direktionens
968 750 40 21 för-

246 784 47 27 slag
311 785 32 20 att
362 784 181 21 ombudsmannen
558 784 55 27 finge
630 784 53 21 efter
698 784 43 21 fem
757 785 39 20 och
812 784 28 21 tio
856 784 33 21 ärs
905 784 103 27 oförvitlig

248 818 64 27 tjenst
326 818 84 21 komma
425 818 7 21 i
448 818 122 27 ätnjutande
587 818 23 21 af
624 819 110 20 enahanda
749 819 114 26 tillökning
878 819 6 20 i
897 819 45 20 sina
952 819 56 20 löne-

246 852 111 27 förmåner,
374 859 45 15 som
435 853 95 27 beviljats
547 853 65 27 öfrige
628 853 127 27 tjenstemän
771 853 12 21 å
799 853 102 21 ordinarie
918 853 41 21 stat
974 853 33 21 vid

246 886 184 22 hufvudkontoret.
455 887 83 21 Jemväl
554 888 36 20 äro
605 887 196 27 Bankfullmäktige
817 887 49 21 med
881 887 126 21 Bankdirek-

246 921 71 21 tionen
337 927 48 15 ense
406 928 33 14 om
455 921 183 27 erforderligheten
656 922 23 20 af
692 923 32 19 att
739 922 35 20 vid
791 922 96 20 kontoret
902 921 6 21 i
924 921 84 27 Wiborg

246 956 90 20 anställa
355 956 31 20 ett
400 956 81 20 biträde
497 956 21 20 ät
533 956 106 26 kassören,
652 956 32 20 för
699 956 160 26 ombesörjande
875 955 23 21 af
910 956 40 20 den
965 962 42 14 om-

246 989 93 21 fattande
362 990 187 27 vexlingsrörelsen
568 990 34 21 vid
623 990 59 21 detta
696 990 81 27 kontor,
795 990 57 20 samt
866 991 32 19 att
912 990 7 20 i
934 990 73 20 sädant

246 1024 97 21 afseende
360 1024 96 27 anslaget
471 1024 32 21 för
518 1024 95 21 kontoret
628 1024 23 21 af
665 1025 63 25 1,200
743 1024 61 22 mark
819 1024 34 21 till
868 1024 108 21 aflönande
987 1024 23 21 af

246 1058 166 21 kontorsbiträde
436 1058 52 22 efter
508 1059 64 21 behof
593 1059 67 21 skulle
679 1059 90 21 ersättas
789 1058 50 22 med
855 1060 30 20 ett
900 1059 72 26 anslag
987 1058 23 21 af

246 1092 65 26 2,400
332 1093 66 23 mark,
418 1094 32 20 att
474 1093 106 21 användas
603 1094 33 20 till
658 1093 111 21 aflönande
793 1093 24 21 af
838 1093 56 21 säväl
915 1093 92 21 kontors-

246 1133 45 15 som
306 1127 172 21 kassörsbiträde.
508 1127 104 27 Slutligen
627 1128 57 20 finna
699 1128 195 26 Bankfullmäktige
910 1127 35 21 det
959 1134 48 14 vara

246 1161 74 26 nödigt
342 1162 32 19 att
396 1161 101 26 anslagen
517 1162 13 20 &
547 1162 188 21 hufvudkontorets
756 1162 44 21 stat
819 1162 23 21 af
860 1162 76 25 10,000
950 1162 58 20 mark

246 1194 33 21 till
294 1195 110 21 aflönande
421 1195 23 21 af
457 1196 58 20 extra
530 1195 96 22 biträden
642 1196 52 21 efter
709 1196 66 21 behof
788 1196 39 21 och
839 1196 23 21 af
872 1196 63 25 8,000
949 1196 58 21 mark

248 1229 32 20 till
296 1235 107 21 expenser,
419 1229 70 22 hvilka
504 1230 74 27 anslag
593 1237 88 14 numera
696 1231 55 20 visat
761 1230 34 27 sig
805 1237 51 14 vara
866 1230 141 27 otillräckliga,

246 1263 91 27 förhöjas
354 1263 7 20 i
377 1264 93 27 enlighet
484 1264 48 21 med
548 1265 147 21 Direktionens
711 1265 159 26 framställning
885 1265 32 20 till
927 1265 81 26 respek-

247 1297 41 21 tive
306 1298 78 26 15,000
399 1298 39 21 och
454 1299 78 24 12,000
546 1299 66 21 mark.

315 1332 31 21 De
367 1332 7 20 i
394 1333 36 20 det
448 1333 130 21 förestäende
594 1333 24 21 af
633 1333 197 27 Bankfullmäktige
845 1333 108 21 förordade
968 1333 40 21 för-

246 1365 142 28 ändringarna
403 1367 6 20 i
426 1367 96 26 gällande
538 1368 128 26 reglemente
682 1368 39 21 och
737 1368 44 21 stat
797 1367 33 21 för
845 1367 87 22 Banken
943 1367 64 27 torde,

246 1399 23 21 sä
284 1399 64 22 framt
359 1400 25 21 de
395 1401 63 21 vinna
473 1401 173 22 Bankutskottets
657 1403 39 20 och
707 1402 133 21 Ständernas
850 1402 157 26 godkännande,

246 1433 123 28 lämpligast
392 1434 70 22 kunna
484 1435 102 27 vidtagas,
608 1436 49 21 med
680 1436 148 21 bibehållande
852 1436 23 20 af
890 1436 118 21 förberörda

246 1468 128 27 reglemente
394 1469 37 21 och
447 1469 48 27 stat,
511 1475 75 21 genom
603 1470 125 21 utfärdande
745 1470 24 21 af
783 1476 26 15 en
825 1470 89 21 särskild
929 1470 79 21 förord-
