1092 1717
461 104 24 21 H
799 106 26 19 73

94 167 67 21 öfver
184 167 28 21 de
235 166 40 22 vid
297 167 205 21 rädstufvurätten
521 167 26 21 är
565 169 51 19 1891
635 166 135 29 handlagda
786 166 70 22 civila

94 206 48 21 mäl
158 206 43 21 och
217 207 114 27 ärenden;

165 248 35 19 att
222 247 165 27 magistratens
410 246 119 28 protokoll
552 246 53 21 frän
629 246 44 21 och
691 246 53 21 med
759 246 25 21 är
802 248 53 19 1888

95 293 56 14 voro
175 286 136 21 oinbundna
334 288 60 19 samt
417 286 116 21 särskilda
548 286 138 28 paragrafer
702 286 67 21 öfver
783 285 73 22 hand-

96 325 70 28 lagda
189 326 64 21 säväl
269 326 174 29 registrerings-
459 333 50 14 som
525 325 74 22 andra
615 325 102 22 ärenden
733 325 121 28 saknades,

96 365 99 22 likasom
219 366 43 21 ock
285 366 194 28 saköreslängder
501 366 38 21 för
562 366 56 21 ären
641 368 60 25 1888,
724 367 60 26 1890,
803 367 49 20 1891

98 405 43 22 och
159 409 63 25 1892;

166 448 35 19 att
224 446 153 21 brefdiarium
401 447 37 20 för
461 447 55 21 åren
535 448 52 19 1891
605 445 44 22 och
667 447 60 26 1892,
744 445 112 22 brefkon-

98 488 51 26 sept
164 487 37 20 för
217 487 145 21 sistnämnda
378 487 31 28 är,
426 487 234 28 utmätningsdiarier
676 487 36 20 för
728 487 55 20 åren
803 487 52 20 1889

100 529 91 26 —1892,
208 527 194 28 supplikdiarium
419 527 43 21 och
478 527 185 28 skeppsregister
673 527 49 21 helt
733 526 43 22 och
785 525 74 22 hället

99 567 121 22 äfvensom
233 567 95 29 journal
345 568 66 21 öfver
427 568 26 20 af
465 567 154 28 magistraten
630 568 26 20 är
668 569 53 20 1892
733 565 125 23 utfärdade

99 614 90 21 respass
206 607 127 28 saknades;

168 649 35 19 att
218 648 152 28 redovisning
385 648 67 22 öfver
467 648 77 21 finska
561 648 146 21 civilstatens
726 646 69 22 enke-
814 646 44 21 och

99 687 146 29 pupillkassa
263 688 179 21 tillkommande
457 688 77 21 medel
551 688 55 21 frän
622 688 26 21 G.
666 687 52 21 stad
734 686 51 22 icke
800 693 58 21 upp-

99 730 85 19 rättats
204 728 72 21 sedan
296 728 45 21 den
357 730 25 19 27
399 728 68 28 April
485 730 61 26 1891,
564 728 29 21 dä
608 727 74 22 sädan
698 726 108 29 afgifvits
822 726 37 21 för

100 768 198 28 nästföregäende
321 768 31 28 är,
376 775 54 14 men
453 768 72 21 borde
548 768 160 27 magistraten,
733 766 74 28 enligt
831 766 28 20 de

100 808 171 28 upplysningar
287 816 46 14 som
346 808 40 22 vid
397 808 208 28 undersökningen
617 808 111 27 erhällits,
740 806 36 22 till
788 806 72 28 sagda

101 848 68 21 kassa
187 848 104 22 leverera
310 848 37 22 för
362 848 157 22 nästnämnda
535 848 26 21 är
577 850 40 20 575
634 848 72 28 mark,
724 847 25 21 af
762 846 98 22 hvilken

101 895 90 14 summa
205 888 177 28 borgmästaren
397 889 28 21 N.
441 888 113 28 uppburit
571 890 39 20 125
626 888 73 28 mark,
714 894 53 14 men
782 888 78 20 resten

101 928 122 22 innestode
242 928 8 21 i
265 928 158 29 stadskassan,
440 928 43 22 och
499 929 38 21 för
554 930 54 20 1892
624 929 37 21 ärs
678 928 74 21 första
767 926 94 22 kvartal

102 970 26 20 54
152 969 72 27 mark,
247 968 82 22 hvilka
352 969 76 21 medel
450 969 179 28 borgmästaren
651 968 28 22 N.
700 968 88 28 jemväl
808 967 53 21 från

103 1008 73 28 sagda
191 1009 69 21 kassa
276 1009 81 29 lyftat;

172 1051 35 19 att
232 1049 35 21 till
286 1049 61 28 följd
363 1050 26 20 af
403 1049 40 21 det
458 1049 145 28 bristfälliga
618 1048 73 28 skick,
707 1048 67 21 hvari
789 1047 73 28 magi-

104 1091 100 20 stratens
220 1089 118 28 protokoll
354 1097 63 20 voro,
435 1089 43 22 och
493 1089 8 21 i
517 1089 91 22 saknad
624 1089 26 21 af
659 1088 155 28 brefkonsept
824 1087 38 21 för

104 1130 24 21 är
146 1131 53 20 1892
215 1129 128 28 utredning
358 1129 52 22 icke
426 1129 91 22 kunnat
534 1129 106 28 erhällas,
658 1128 115 22 huruvida
789 1127 73 28 magi-

104 1171 88 20 straten
217 1170 104 28 vidtagit
346 1170 78 28 någon
451 1169 84 28 åtgärd
558 1169 8 22 i
589 1169 127 28 anledning
739 1168 68 21 deraf
828 1169 35 20 att

104 1210 222 29 stadsfullmäktige,
343 1211 75 28 enligt
433 1211 146 20 rädmännen
594 1210 41 21 S.:s
647 1210 43 21 och
700 1210 50 21 H.:s
760 1208 102 29 uppgift,

104 1250 36 21 till
156 1250 135 22 densamma
306 1251 97 27 ingifvit
419 1250 90 29 förslag
525 1250 37 21 till
578 1257 32 21 ny
626 1249 190 30 hyrkuskstadga
827 1248 37 21 för

104 1291 83 21 staden
210 1291 44 21 och
277 1291 151 21 handlanden
450 1291 28 22 R.
502 1291 100 21 anhållit
618 1298 37 14 om
671 1289 151 22 fastställelse
839 1288 26 22 af

104 1339 28 13 en
148 1331 236 29 byggnadsordning;

174 1374 35 19 att
224 1375 147 24 guvernören
386 1373 8 20 i
409 1372 66 21 länet
489 1372 125 27 meddelat,
631 1373 35 20 att
682 1372 26 20 af
721 1371 144 28 borgmästa-

104 1419 41 14 ren
160 1412 29 21 N.
207 1411 201 22 omhänderhafda
424 1412 202 28 handräcknings-
643 1411 43 22 och
702 1411 72 22 andra
789 1410 76 22 medel
