1092 1742
473 113 23 21 H
795 114 39 20 175

103 174 36 22 tid
154 175 154 27 äterkommit,
333 176 81 20 förrän
436 176 36 20 uti
494 175 125 21 skrifvelse
643 176 27 20 af
684 175 46 22 den
745 178 27 19 26
787 176 76 28 päföl-

101 214 71 28 jande
187 215 51 21 Juli
253 215 93 22 anmäla
356 215 43 21 hos
409 218 148 25 guvernören
569 222 38 14 om
617 216 44 21 M:s
672 216 117 27 fränvaro,
801 218 60 19 samt

103 254 113 28 pröfvade
240 255 64 28 förty
326 254 102 29 rättvist,
444 255 8 21 i
468 255 52 21 stöd
544 255 27 21 af
587 257 25 19 21
632 256 11 27 $
659 258 28 18 40
702 255 53 28 kap.
779 255 84 21 Straf-

103 294 76 29 lagen,
196 294 68 22 döma
280 294 52 22 dem
348 296 35 20 att
397 294 63 28 böta,
476 294 180 29 borgmästaren
663 295 26 21 T.
701 296 27 20 50
738 296 61 20 samt
809 294 54 22 räd-

103 338 101 18 männen
218 335 28 21 R.
263 335 43 21 och
322 335 22 21 S.
361 335 116 21 hvardera
492 337 26 20 25
535 335 74 21 mark.

172 375 168 29 Underdäniga
362 375 84 21 besvär
469 376 67 21 öfver
552 375 65 21 detta
632 375 79 28 utslag
727 375 110 21 anfördes
855 376 7 20 i

104 415 132 29 Kejserliga
262 415 113 22 Senatens
397 415 288 29 Justitiedepartementet
707 415 26 21 af
754 415 108 29 borgmä-

104 457 78 19 staren
197 455 25 21 T.
239 458 60 18 samt
314 455 144 21 rädmännen
472 456 28 21 R.
517 456 45 21 och
578 455 29 28 S.,
623 462 54 14 men
693 455 73 23 hafva
782 456 80 22 besvä-

104 502 41 14 ren
166 496 41 21 vid
222 496 66 21 tiden
303 496 37 21 för
355 495 77 22 denna
448 496 267 28 berättelseafgifvande
731 496 51 22 icke
798 500 62 18 ännu

104 536 81 21 blifvit
200 536 26 20 af
241 536 101 21 Senaten
358 536 116 28 afgjorda.

173 702 11 21 I
199 702 48 21 min
263 704 92 19 senaste
370 702 126 22 berättelse
511 702 37 22 till
564 702 92 22 landets
672 702 100 22 Ständer
788 703 72 21 hafva

104 745 65 19 utom
178 743 28 21 de
214 742 120 22 fiskaliska
345 742 78 22 målen
430 742 88 29 jemväl
528 743 91 21 berörts
630 744 74 27 några
715 742 48 29 fall,
773 742 88 28 hvilka,

105 790 37 14 om
158 783 28 21 de
202 786 30 18 än
246 783 52 21 icke
312 783 63 21 varit
394 783 26 21 af
434 783 164 21 beskaffenhet
613 785 36 20 att
664 783 38 21 till
717 783 48 21 åtal
781 784 82 20 föran-

104 823 59 28 leda,
180 823 60 21 dock
257 823 105 28 påkallat
382 823 84 28 åtgärd
482 824 27 20 af
522 823 161 21 Prokuratorn
698 823 8 21 i
722 823 111 21 afseende
849 824 13 20 å

104 863 96 22 rättelse
222 863 57 21 eller
301 863 142 22 åtminstone
464 863 73 28 gifvit
556 863 128 28 anledning
699 863 37 22 till
752 863 111 22 anmärk-

104 903 59 28 ning
185 903 53 22 från
260 903 59 22 hans
342 903 57 21 sida.
430 903 82 21 Såsom
532 903 105 28 exempel
652 903 73 28 härpå
741 904 120 27 refereras,

105 943 77 22 såvidt
205 944 73 28 angår
297 951 31 14 nu
343 943 181 29 ifrågavarande
547 943 162 28 treårsperiod,
726 943 41 22 här
783 943 79 21 nedan

103 984 89 28 jemväl
208 986 33 19 ett
256 984 78 27 dylikt
349 984 91 21 ärende.

175 1138 151 29 Straffången
340 1138 80 21 Johan
436 1138 136 21 Simonsson
588 1139 37 27 K.,
641 1145 49 14 som
705 1145 84 21 genom
805 1138 57 29 Kej-

106 1179 86 28 serliga
206 1179 113 21 Senatens
334 1179 38 21 för
387 1179 103 21 Finland
500 1179 272 28 Justitiedepartements
783 1179 80 28 utslag

106 1219 26 22 af
153 1219 46 22 den
222 1221 26 19 26
270 1219 114 21 Februari
409 1221 53 19 1892
485 1219 82 21 blifvit
590 1218 71 22 dömd
683 1221 35 19 att
733 1219 38 20 för
786 1218 76 29 fjerde

105 1266 68 15 resan
189 1259 67 28 stöld,
272 1259 99 22 hvarvid
391 1259 115 28 egendom
521 1259 38 21 för
575 1261 34 19 ett
624 1259 72 21 värde
712 1259 26 20 af
752 1266 29 13 en
796 1258 67 22 mark

105 1299 129 28 tillgripits,
254 1299 93 21 straffas
366 1298 53 21 med
435 1299 53 28 fyra
503 1298 86 28 dagars
604 1298 107 28 fängelse
727 1298 40 22 vid
782 1300 81 20 vatten

106 1340 44 21 och
173 1340 58 21 bröd
253 1341 61 20 samt
335 1340 103 21 derefter
461 1339 74 22 under
558 1339 37 22 sin
617 1339 146 22 återstående
786 1339 77 21 lifstid

105 1381 76 21 hållas
196 1381 8 20 i
219 1380 105 28 tukthus,
348 1380 98 21 anförde
468 1380 41 22 vid
528 1387 29 14 en
573 1381 27 21 af
613 1380 161 21 Prokuratorn
789 1379 74 22 under

106 1428 130 14 sommaren
260 1423 54 19 1893
336 1420 120 22 verkstäld
474 1421 136 28 inspektion
625 1421 27 20 af
666 1419 174 30 straffängelset
854 1419 8 20 i
