1095 1711
468 123 10 20 I
812 124 12 20 9

95 191 39 21 och
156 191 259 28 margarinblandningar,
440 191 51 22 eller
514 191 40 22 ock
572 193 100 20 närmare
686 191 167 28 bestämningar,

96 226 69 21 under
187 225 72 22 hvilka
281 225 68 22 vilkor
365 226 67 21 sådan
449 226 138 27 tillverkning
603 225 39 22 och
657 226 126 28 försäljning
797 227 34 21 må
846 226 7 21 i

94 260 75 22 landet
184 259 92 22 utöfvas.

167 294 10 21 I
193 294 116 27 anledning
327 294 23 21 af
367 293 135 22 Ständernas
525 294 157 21 ofvanberörda
704 294 149 28 underdåniga

96 328 110 22 skrifvelse
224 328 40 22 har
282 328 59 22 Hans
357 328 119 28 Kejserliga
491 328 103 28 Majestät
611 328 72 22 täckts
697 328 46 21 låta
757 328 96 22 infordra

96 362 104 22 Senatens
223 362 149 28 underdåniga
393 362 109 28 yttrande,
523 362 81 22 hvilket
620 362 93 27 afgifvits
728 362 32 21 uti
776 363 77 21 under-

96 398 64 27 dånig
175 397 111 22 skrifvelse
301 397 23 22 af
337 398 40 21 den
396 399 25 20 19
436 397 118 22 December
572 398 53 21 1895
641 397 40 21 och
690 397 64 21 beror
765 398 88 21 ärendet

97 433 29 26 på
140 432 74 21 vidare
229 432 83 27 åtgärd.

170 467 30 21 18.
224 467 38 21 Uti
278 466 133 27 underdånig
427 465 111 23 skrifvelse
549 466 23 21 af
581 466 40 22 den
633 467 27 20 28
671 466 42 27 Maj
727 467 53 21 1894
791 465 62 22 hafva

96 500 128 28 Ständerna,
240 501 7 21 i
263 501 115 27 anledning
397 500 24 22 af
436 501 61 21 Hans
512 501 119 27 Kejserliga
647 501 113 27 Majestäts
776 501 78 26 nådiga

96 535 135 28 proposition
254 535 110 28 angående
387 535 111 22 arbetares
521 535 123 28 försäkring
667 534 34 22 för
723 535 130 28 olycksfall
843 530 13 37 i

96 570 90 26 arbetet,
210 569 88 27 anmält,
321 571 33 19 att
377 569 129 27 Ständerna,
530 576 46 15 som
598 569 47 21 icke
664 570 84 20 kunnat
763 569 90 21 omfatta

98 604 40 22 den
154 604 78 28 nådiga
247 604 163 27 propositionen
427 604 137 26 oförändrad,
580 604 35 21 för
629 604 33 21 sin
679 603 34 22 del
729 604 82 27 antagit
827 610 26 15 en

96 638 35 28 lag
145 638 7 22 i
168 640 72 20 ämnet
256 638 23 22 af
296 638 40 22 den
351 638 86 28 lydelse,
453 638 135 22 Ständernas
604 638 157 22 ofvanberörda
776 638 77 21 under-

96 673 78 27 dåniga
196 672 172 22 svarsskrifvelse
390 672 101 27 innehöll,
507 672 94 22 hvarhos
616 672 123 22 Ständerna
753 672 7 21 i
775 672 78 22 under-

97 707 101 27 dånighet
223 707 96 26 anhållit,
343 708 33 20 att
400 707 61 21 Hans
484 707 103 27 Majestät
612 707 84 21 täcktes
721 706 132 26 föreskrifva,

97 742 33 20 att
141 742 94 21 nämnda
245 742 36 26 lag
291 741 52 22 skall
355 741 65 22 träda
430 742 8 20 i
447 741 101 27 gällande
559 741 59 21 kraft
627 741 56 21 först
694 747 26 15 en
730 741 74 27 längre
814 740 39 27 tid,

96 776 123 27 förslagsvis
242 777 32 20 ett
297 776 30 26 år,
343 776 54 21 efter
421 776 36 22 det
472 776 126 21 densamma
612 775 70 22 blifvit
696 775 157 28 promulgerad.

165 810 10 21 I
191 810 116 27 anledning
325 810 64 22 häraf
402 810 40 22 har
456 810 61 22 Hans
532 810 120 27 Kejserliga
667 810 102 27 Majestät
783 810 49 21 låtit
847 809 7 21 i

99 844 219 22 öfverensstämmelse
340 845 49 21 med
411 845 37 21 det
471 844 23 21 af
514 844 124 22 Ständerna
661 846 95 25 antagna
774 844 80 26 förslag

97 879 40 21 den
158 879 12 21 5
190 879 118 21 December
332 880 53 20 1895
408 878 89 22 utfärda
511 879 37 27 lag
563 879 110 27 angående
689 877 164 28 arbetsgifvares

99 913 136 27 ansvarighet
249 913 34 21 för
298 913 157 27 kroppsskada,
467 919 45 16 som
524 913 95 21 drabbar
630 913 106 26 arbetare,
748 914 32 20 att
791 912 63 21 träda

98 947 6 21 i
120 947 98 27 gällande
234 947 58 22 kraft
309 947 39 22 den
366 949 9 19 1
393 947 91 22 Januari
502 948 61 21 1898.

168 982 31 21 19.
222 981 38 22 Uti
271 981 133 28 underdånig
414 981 112 22 skrifvelse
536 981 33 22 för
580 981 41 22 den
633 983 26 20 28
670 981 43 28 Maj
728 982 52 21 1894
791 981 62 21 hafva

97 1015 121 22 Ständerna
240 1016 88 26 anmält,
351 1016 37 21 det
412 1016 123 22 Ständerna
551 1017 48 20 med
615 1016 107 22 särskilda
737 1016 117 27 ändringar

97 1050 96 27 godkänt
216 1051 78 26 nådiga
318 1051 164 27 propositionen
509 1051 112 27 angående
647 1051 182 26 inskränkningar
847 1049 7 22 i

97 1084 92 27 egande-
200 1084 38 22 och
254 1085 186 27 nyttjanderätten
456 1085 32 21 till
503 1085 44 22 fast
557 1085 104 27 egendom
671 1085 57 21 inom
738 1084 116 27 fästnings-

97 1118 110 27 esplanad,
223 1118 92 22 hvarhos
326 1118 122 22 Ständerna
458 1119 70 21 tillika
538 1119 7 21 i
556 1119 116 27 anledning
683 1119 22 21 af
714 1120 32 20 ett
756 1119 7 21 i
773 1125 81 15 samma

98 1152 135 28 proposition
248 1152 121 22 Ständerna
380 1153 123 22 meddeladt
512 1153 82 27 förslag
605 1153 32 22 till
649 1153 134 27 kungörelse,
795 1153 59 21 inne-

97 1186 98 22 fattande
214 1187 173 22 administrativa
404 1187 136 22 föreskrifter
562 1188 111 27 angående
693 1187 160 27 tillämpningen

97 1220 22 22 af
133 1221 153 28 förordningen
302 1222 7 21 i
324 1224 79 25 ämnet,
418 1222 47 22 icke
480 1222 72 22 funnit
568 1222 47 22 skäl
629 1222 32 22 till
673 1228 71 16 annan
755 1222 99 21 anmärk-

97 1256 51 27 ning
166 1257 27 20 än
210 1258 39 25 att,
266 1258 52 20 enär
336 1256 150 27 stadgandena
505 1257 33 21 uti
557 1257 68 27 tredje
645 1258 117 20 momentet
778 1256 22 22 af
816 1258 7 19 1
842 1256 11 27 8

97 1290 6 21 i
119 1290 93 22 nämnda
232 1290 81 28 förslag
327 1297 65 21 synas
408 1292 35 20 stå
459 1291 6 21 i
481 1291 55 21 strid
552 1291 49 21 med
616 1291 100 27 gällande
730 1291 41 27 lag,
788 1290 67 28 sagda

97 1324 80 28 förslag
192 1324 66 22 borde
274 1325 96 27 undergå
381 1326 92 26 ändring
483 1326 33 20 uti
527 1325 23 21 af
558 1325 123 22 Ständerna
689 1325 78 28 jemväl
778 1325 77 27 antydt

97 1358 64 28 syfte;
182 1359 39 21 och
240 1359 63 21 hafva
321 1359 124 22 Ständerna
461 1360 100 27 slutligen
578 1360 35 21 vid
629 1360 132 26 antagandet
777 1359 23 22 af
812 1359 43 21 för-

97 1393 93 22 berörda
204 1394 126 27 förordning
346 1394 78 22 önskat
440 1394 56 27 gifva
510 1395 88 26 uttryck
610 1395 22 20 åt
643 1394 41 22 den
695 1394 109 27 tillförsigt
815 1396 39 24 att,

97 1427 7 21 i
123 1427 101 22 händelse
248 1428 26 21 de
296 1427 257 28 lagstiftningsåtgärder,
577 1434 45 15 som
649 1429 73 20 kunna
747 1428 108 21 erfordras
