1095 1756
207 156 24 15 12
461 150 28 23 U.
504 151 30 22 B.
551 163 24 3 —
592 150 104 21 XXXIV.

492 488 185 29 Reservationer.

579 558 15 20 I

276 619 9 21 I
305 623 91 18 motsats
411 621 31 20 till
459 621 125 21 Utskottets
600 621 108 27 pluralitet
723 627 62 14 anser
799 620 37 27 jag
851 621 44 26 mig
909 620 53 21 böra

206 654 79 21 föreslä
309 654 168 27 godkännandet
499 655 25 21 af
541 656 67 26 nägra
629 655 64 20 bland
716 655 28 20 de
765 655 81 26 förslag
867 655 32 21 till
921 655 41 20 för-

207 689 114 27 ändringar
342 689 113 27 angäende
476 690 120 27 grunderna
618 689 32 21 för
671 689 102 21 Finlands
795 689 72 21 Banks
892 689 68 21 sedel-

206 723 167 27 utgifningsrätt,
390 723 73 21 hvilka
477 723 117 22 framstälts
610 723 46 21 dels
671 725 60 19 inom
745 723 168 22 Bankutskottet
925 723 37 21 vid

207 760 88 18 senaste
309 757 105 29 landtdag
429 757 43 21 och
487 757 46 21 dels
548 757 24 21 af
585 757 204 22 Bankdirektionen.

276 792 10 20 I
304 792 89 21 främsta
412 796 91 17 rummet
520 799 66 19 synas
602 794 44 25 mig
660 792 113 28 fullgiltiga
788 792 47 20 skäl
850 791 112 21 förefinnas

206 825 34 21 för
261 827 198 27 äterupptagandet
478 826 25 21 af
515 827 37 21 det
567 826 81 28 förslag
663 826 113 28 angäende
790 826 135 21 beredandet
938 826 26 21 af

206 860 113 27 möjlighet
340 861 66 21 under
426 860 152 28 exceptionela
600 861 146 21 förhällanden
764 860 31 21 till
811 868 26 13 en
852 860 110 28 temporär

207 894 148 28 utsträckning
370 895 22 21 af
406 895 96 21 bankens
518 895 117 21 obetäckta
650 895 172 27 sedelutgifning,
839 902 48 13 som
900 894 62 21 fram-

206 928 83 22 stäldes
314 929 24 21 af
359 929 195 27 Bankfullmäktige
579 930 37 20 vid
641 930 139 26 1877—1878
801 930 35 20 års
857 928 103 28 landtdag

207 963 43 21 och
271 964 94 20 derefter
386 965 167 26 äterupprepats
576 964 25 20 af
619 964 42 20 den
681 963 89 26 komit6,
792 970 48 14 som
862 964 23 20 är
909 964 53 26 1883

206 998 113 21 nedsattes
335 998 33 21 för
382 998 144 28 uppgörande
541 998 24 21 af
578 998 80 27 förslag
673 998 31 21 till
719 1001 49 24 nytt
783 998 132 26 reglemente
930 997 32 21 för

206 1032 103 21 Finlands
328 1033 68 25 Bank,
418 1033 24 20 af
460 1032 193 28 Bankfullmäktige
675 1032 42 21 och
738 1032 169 21 Bankutskottet
926 1032 37 20 vid

209 1067 52 26 1885
285 1068 33 20 års
339 1067 105 27 landtdag
466 1071 55 17 samt
540 1067 24 21 af
582 1066 202 28 Bankfullmäktige'
799 1066 38 21 vid
860 1066 52 20 1888
928 1066 35 20 års

206 1100 111 28 landtdag.
348 1101 168 21 Bankutskottet
530 1102 38 20 vid
583 1102 132 20 sistnämnda
730 1100 105 27 landtdag
850 1101 67 26 ansåg
929 1102 33 25 sig

206 1135 127 27 visserligen
348 1135 48 21 icke
411 1136 54 20 böra
479 1136 106 26 tillstyrka
598 1136 126 24 detsamma,
740 1142 50 14 men
803 1135 62 20 detta
875 1134 89 21 hufvud-

207 1168 98 28 sakligen
320 1169 24 21 af
356 1169 52 25 skäl,
425 1173 33 17 att
472 1170 116 21 Utskottet
598 1171 6 19 i
614 1170 72 20 stället
696 1169 118 27 föreslagit,
829 1172 32 17 att
871 1168 92 27 gränsen

206 1203 34 20 för
256 1204 42 20 den
313 1203 36 21 del
363 1204 25 20 af
400 1204 158 25 sedelstocken,
575 1210 47 14 som
637 1204 67 26 enligt
716 1203 143 27 reglementet
869 1202 47 20 icke
927 1202 37 20 be-

206 1237 68 21 höfde
289 1244 51 14 vara
355 1238 89 21 betäckt
460 1238 22 21 af
495 1238 108 21 metallisk
616 1238 79 24 valuta,
711 1237 68 21 skulle
794 1236 46 21 frän
855 1236 57 21 förut
926 1236 37 21 be-

206 1272 87 20 stämda
308 1272 60 27 tjugu
382 1272 98 27 miljoner
495 1273 100 27 utvidgas
610 1272 31 21 till
655 1273 75 20 trettio
743 1271 96 27 miljoner
849 1270 66 26 mark,
927 1271 36 20 vid

206 1306 83 22 hvilket
304 1306 134 22 förhällande
453 1307 69 21 behof
533 1306 25 21 af
569 1306 111 28 möjlighet
692 1306 32 21 till
736 1313 27 13 en
773 1305 127 27 ytterligare
910 1308 53 18 tem-

207 1341 66 27 porär
288 1341 121 27 förhöjning
424 1341 47 21 icke
491 1342 78 26 ansägs
592 1340 162 28 ifrägakomma.
785 1340 49 21 Och
853 1339 56 21 dock
924 1339 39 21 töf-

206 1376 58 21 vade
284 1376 37 21 det
340 1376 18 26 ej
373 1382 59 15 mera
448 1376 27 20 än
490 1376 36 20 tvä
542 1376 23 20 är
580 1375 54 21 efter
649 1375 69 27 sagda
733 1374 111 27 landtdag,
860 1375 63 19 innan
938 1375 27 19 si-

206 1412 113 20 tuationen
333 1417 38 14 var
387 1411 74 24 sädan,
477 1413 32 18 att
519 1410 188 27 bestämningarna
717 1408 114 28 angäende
841 1408 125 27 sedelutgif-

206 1445 136 27 ningsrätten
356 1445 107 21 befunnos
473 1445 33 20 för
515 1445 77 26 tränga
604 1444 41 21 och
657 1443 86 22 banken
754 1443 39 27 säg
803 1444 34 25 sig
847 1442 119 21 föranläten

277 1490 144 18 Bankutskottets
434 1489 110 18 betänkande
557 1491 35 16 N:o
604 1489 18 17 4.
