1092 1784
458 120 24 21 II
796 120 25 20 65

90 183 116 29 godtgöra
228 183 31 21 M.
279 183 29 21 de
330 182 101 28 utgifter
454 182 46 22 han
518 182 9 21 i
543 182 61 28 följd
628 182 26 21 af
675 182 176 21 häradsrättens

92 223 104 28 antydda
216 222 117 28 felaktiga
349 222 137 22 förfarande
502 222 46 21 fätt
563 222 134 21 vidkännas
713 222 60 20 efter
788 221 64 28 pröf-

92 262 57 29 ning
165 263 26 21 af
205 262 63 22 hvad
284 262 47 22 han
346 262 9 21 i
370 262 57 21 slikt
443 262 110 21 afseende
569 261 78 21 kunde
665 261 62 21 äska.

160 302 70 22 Efter
254 302 38 22 det
312 302 105 28 skriftlig
436 302 96 28 uppgift
547 302 9 20 i
571 301 81 28 vanlig
668 301 100 28 ordning
784 301 69 22 affor-

94 342 63 22 drats
180 343 30 21 M.
228 343 68 21 öfver
319 342 45 21 den
388 342 131 28 ersättning
535 342 8 20 i
559 342 78 27 saken,
655 342 89 28 hvarpä
758 342 31 21 M.
806 341 47 21 till-

94 383 121 28 äfventyrs
231 382 80 22 kunde
326 386 58 25 göra
395 382 107 28 anspräk,
514 384 61 19 samt
583 382 270 28 vicehäradshöfdingen

94 423 25 21 P.
136 423 42 21 och
202 422 199 22 häradsdomaren
424 422 27 22 G.
468 422 99 22 lemnats
591 422 95 21 tillfälle
706 424 35 19 att
756 422 36 28 sig
807 422 47 21 för-

95 463 71 28 klara,
184 463 119 29 afgjordes
323 462 72 22 mälet
412 463 26 21 af
451 462 121 22 hofrätten
587 470 84 20 genom
687 462 77 28 utslag
781 462 45 22 den
843 465 9 19 1

95 504 133 21 November
249 506 60 25 1893,
331 511 49 14 som
396 504 61 20 efter
473 503 82 28 anslag
572 503 81 28 utgafs
669 503 45 21 den
732 506 24 19 14
773 503 82 28 derpä-

96 544 104 28 följande
224 544 138 27 December;
386 543 44 22 och
453 544 59 20 fann
530 543 121 21 hofrätten
666 543 189 22 vicehäradshöf-

97 584 86 28 dingen
206 584 25 22 P.
253 584 43 21 och
319 584 198 22 häradsdomaren
537 584 27 21 G.
581 586 84 19 stanna
681 584 37 21 till
733 584 45 21 last
793 584 62 22 hvad

97 624 203 21 advokatfiskalen
315 624 8 21 i
339 624 149 21 förestäende
504 624 73 21 mätto
593 624 52 21 dem
656 624 120 28 päbördat,
788 624 68 22 hvar-

97 664 37 21 för
149 664 121 21 hofrätten
285 663 115 29 pröfvade
419 664 119 28 rättvist,i
555 664 52 22 stöd
624 664 26 21 af
664 664 39 21 det
718 664 54 21 utaf
787 664 69 22 advo-

97 704 140 21 katfiskalen
260 703 132 28 äberopade
410 703 98 29 lagrum,
525 704 58 20 fälla
599 704 54 20 dem
669 706 34 19 att
719 704 60 28 böta,
795 704 62 21 vice-

98 744 217 28 häradshöfdingen
331 744 25 21 P.
375 746 25 19 10
416 744 65 21 daler
496 744 53 21 med
567 746 24 20 19
608 744 66 21 mark
691 746 26 20 20
729 745 71 27 penni
813 744 44 22 och

98 783 198 21 häradsdomaren
312 783 27 21 G.
353 784 11 21 5
377 783 64 21 daler
452 784 52 21 med
516 786 11 19 9
539 784 67 21 mark
617 786 26 19 60
655 784 70 28 penni
737 784 120 22 äfvensom

100 824 83 28 älägga
193 823 272 28 vicehäradshöfdingen
476 824 24 20 P.
513 824 44 21 och
567 824 198 22 häradsdomaren
776 825 27 22 G.
816 827 40 25 att,

100 863 112 28 antingen
228 866 146 26 gemensamt
390 863 56 21 eller
457 863 45 21 den
513 864 26 21 af
549 864 58 29 dem,
621 872 49 14 som
682 865 100 28 tillgäng
793 865 64 29 egde,

100 903 19 28 ej
140 903 92 22 mindre
252 905 88 19 ersätta
355 903 30 21 M.
403 903 28 21 de
447 903 100 28 utgifter
563 904 47 21 han
625 905 8 20 i
649 905 60 29 följd
725 906 26 21 af
764 906 95 21 härads-

100 946 88 19 rättens
205 943 105 28 antydda
320 943 115 28 felaktiga
446 944 137 21 förfarande
594 945 47 21 fätt
651 945 136 29 vidkännas,
799 946 61 21 efter

100 984 76 27 skälig
192 983 154 29 nedsättning
357 984 26 21 af
392 983 62 22 hvad
470 983 47 22 han
527 985 8 20 i
546 985 85 21 sädant
641 985 110 22 afseende
761 986 98 28 fordrat,

100 1023 52 22 med
168 1025 26 20 75
212 1023 73 28 mark,
302 1027 30 18 än
348 1023 37 22 till
400 1024 30 21 M.
447 1024 72 28 gälda
534 1025 65 21 lösen
616 1026 37 20 för
668 1025 59 22 hans
743 1027 118 28 exemplar

101 1065 25 20 af
144 1063 133 22 hofrättens
294 1064 78 28 utslag
388 1064 8 21 i
411 1065 78 21 mälet.

169 1103 170 28 Underdäniga
354 1104 84 22 besvär
455 1105 67 21 öfver
538 1105 65 22 detta
614 1106 80 29 utslag
705 1107 110 22 anfördes
826 1107 35 21 sä-

101 1144 39 21 väl
158 1144 27 21 af
204 1143 198 22 häradsdomaren
425 1145 27 21 G.
470 1153 49 14 som
542 1146 271 29 vicehäradshöfdingen
827 1148 33 27 P.,

103 1192 53 13 men
179 1184 29 21 dä
232 1184 96 21 ärendet
352 1185 45 21 den
414 1187 11 20 5
442 1186 114 21 Februari
575 1189 53 20 1895
645 1188 121 28 föredrogs
782 1188 9 21 i
805 1188 58 28 Kej-

102 1224 85 28 serliga
210 1224 114 21 Senatens
347 1225 268 30 Justitiedepartement,
641 1229 73 27 ansäg
729 1228 134 29 Kejserliga

102 1265 102 20 Senaten
226 1264 45 21 den
298 1265 174 22 förstnämndes
500 1267 83 21 besvär
606 1268 29 27 pä
659 1270 120 26 upptagna
811 1268 52 21 skäl

102 1304 52 21 icke
162 1304 80 21 kunna
251 1304 37 21 till
296 1305 114 29 pröfning
418 1308 116 27 upptagas
544 1307 43 22 och
595 1307 270 30 vicehäradshöfdingen

102 1345 24 20 P.
150 1344 52 21 icke
226 1344 72 21 hafva
314 1345 80 21 anfört
409 1346 51 21 skäl
476 1347 38 21 till
529 1347 102 30 ändring
646 1349 9 20 i
670 1349 131 22 hofrättens
818 1349 47 22 för-

102 1384 99 21 berörda
216 1384 84 28 utslag,
317 1385 97 22 hvarför
429 1386 41 21 vid
486 1387 129 22 detsamma
631 1388 46 21 fick
693 1389 120 22 förblifva.

174 1476 132 19 Prokuraterns
318 1478 94 17 berättelse.

787 1481 10 16 EN
