1092 1770
190 139 26 20 10
411 139 29 23 U.
456 139 28 22 B.
539 135 38 38 II
581 139 143 22 —-XXXIIL

190 201 182 29 sängsafgifterna,
387 203 77 21 medan
478 203 42 21 den
535 204 52 21 sista
601 203 113 22 kolumnen
729 203 97 28 angifver
837 202 57 22 hvad
903 210 45 13 som

190 235 67 21 under
278 236 67 21 denna
364 237 47 20 titel
425 237 87 21 influtit.
542 237 66 22 Hvad
622 237 137 29 uppgifterna
773 238 8 20 i
795 237 154 21 finansrelatio-

190 277 41 13 nen
253 270 137 28 vidkommer,
408 271 40 21 bör
468 272 122 28 ytterligare
605 272 90 26 märkas,
710 275 32 18 att
757 273 7 20 i
779 271 108 22 desamma
901 270 49 29 ingä

190 307 78 26 poster,
286 312 44 14 som
347 305 33 22 till
400 307 129 20 ränterierna
543 306 81 21 influtit
640 310 49 17 utan
704 306 128 28 förmedling
846 306 23 21 af
884 305 66 22 medi-

191 338 164 29 cinalstyrelsen,
370 339 74 28 såsom,
459 343 58 18 utom
533 341 197 28 legosängsafgifter
744 340 48 21 från
807 340 58 29 Själö
879 340 71 28 hospi-

190 372 37 27 tal,
242 372 63 22 äfven
320 373 58 22 lösen
393 374 33 21 för
442 375 131 21 underhälls-
587 375 40 21 och
642 375 72 21 tionde
729 375 95 28 spanmäl
837 378 54 18 samt
903 375 47 20 hos-

191 407 268 28 pitalshemmansarrende,
476 409 73 21 hvilka
563 409 116 28 oegentligt
693 417 41 21 nog
748 409 122 21 bibehällits
885 408 66 21 under

192 441 99 21 rubriken
313 442 203 29 legosängsafgifter,
538 443 106 21 sannolikt
665 443 28 29 pä
715 443 68 29 grund
802 443 62 21 däraf
878 446 32 18 att
924 443 27 21 de

192 476 160 28 ursprungligen
366 477 123 22 tillkommit
504 478 34 20 för
552 478 109 21 underhäll
672 478 23 21 af
704 478 109 28 friplatser
823 477 50 21 eller
883 477 68 21 säsom

192 509 77 29 bidrag
283 510 33 21 till
331 511 117 28 sjukhusen.

262 544 147 23 Inkomsterna
430 546 68 22 under
519 546 35 22 IV
569 546 144 22 hufvudtiteln
728 546 27 22 ha
771 546 47 21 från
834 546 118 26 1889—91,

193 578 28 21 dä
236 578 27 21 de
278 579 8 20 i
300 579 62 29 årligt
376 580 100 22 medeltal
491 581 96 28 utgjorde
602 581 56 21 Fmk
673 582 117 26 3,164,804:
803 582 34 25 03,
849 581 59 27 stigit
919 580 33 21 till

193 612 57 21 Fmk
273 614 115 26 3,753,737:
404 616 27 20 64
460 615 68 21 såsom
551 616 100 21 medeltal
669 616 34 20 för
717 616 102 28 perioden
835 615 118 21 1892—94.

264 666 28 22 V.
320 666 100 24 Diverse
444 668 121 28 uppbörd.
594 669 173 21 Vidkommande
790 670 26 20 de
836 668 117 22 olikartade

195 699 169 29 inkomstposter,
379 709 44 14 som
439 704 35 20 äro
490 703 157 21 sammanförda
661 704 66 20 under
742 704 69 21 denna
826 704 72 21 rubrik
913 704 40 21 och

195 734 74 22 hvilka
284 736 7 20 i
306 735 62 29 årligt
382 737 99 21 medeltal
497 738 66 21 under
577 738 100 28 perioden
694 739 139 21 1889—1891
847 739 106 28 uppgingo

195 768 32 21 till
251 770 109 26 1,015,214
382 771 60 21 mark
461 775 55 17 samt
530 772 34 20 för
579 772 170 29 finansperioden
766 773 140 21 1892—1894
921 772 33 21 till

194 802 57 21 Fmk
268 804 114 26 1,075,303:
399 806 33 25 18,
446 813 62 13 anser
522 806 32 28 sig
563 806 114 22 Utskottet
691 807 76 21 endast
781 806 52 22 böra
843 808 111 20 omnämna

194 840 32 18 att
248 837 174 28 kronosakörena,
444 840 74 21 hvilka
539 840 32 21 till
593 840 40 22 och
655 841 49 21 med
719 841 24 21 är
758 842 55 20 1893
828 841 127 28 understigit

195 871 77 26 80,000
293 872 59 21 mark
367 880 35 13 om
416 874 52 26 äret,
482 874 33 21 till
531 874 53 29 följd
599 875 22 20 af
636 883 41 20 nya
691 875 137 28 strafflagens
843 874 111 21 införande

196 905 60 28 stigit
276 905 28 27 sä,
318 909 32 18 att
365 907 108 22 desamma
488 908 34 21 för
536 908 23 21 &r
575 910 54 20 1895
645 910 107 27 uppgingo
767 909 34 21 till
815 909 64 28 nägot
893 909 62 22 öfver

195 940 91 25 143,000
301 941 64 21 mark.

502 1069 143 34 Statsutgift.

262 1131 156 28 Redogörelsen
440 1131 34 22 för
494 1132 168 28 statsutgifterna
677 1134 23 19 är
714 1132 35 21 för
770 1131 50 22 ären
836 1132 54 20 1892
916 1130 40 22 och

196 1166 55 21 1893
270 1166 104 28 uppgjord
392 1166 66 29 enligt
477 1174 80 13 samma
571 1166 50 29 plan
636 1174 45 13 som
695 1166 68 21 under
777 1165 175 29 nästföregäende

195 1199 145 29 finansperiod
361 1200 40 21 och
424 1200 114 21 återfinnes
558 1201 8 20 i
585 1201 115 20 relationen
726 1200 67 21 under
815 1199 42 22 III.
895 1199 56 22 Från

195 1233 40 22 och
261 1234 49 21 med
332 1234 24 21 är
375 1235 63 25 1894,
452 1235 35 20 för
501 1235 82 21 hvilket
597 1235 112 28 redogöres
723 1234 68 22 under
805 1234 42 26 VI,
861 1234 38 21 har
914 1233 41 22 den

196 1268 90 29 ändring
306 1269 102 28 vidtagits
431 1270 7 20 i
460 1269 175 29 uppställningen,
658 1272 31 18 att
711 1268 169 22 hufvudtitlarna
902 1270 53 19 mot-

195 1310 73 14 svaras
286 1302 23 21 af
323 1303 27 21 de
364 1303 154 28 Expeditioner
533 1304 55 21 inom
603 1303 60 28 Kejs.
678 1303 99 26 Senaten,
791 1302 68 21 under
872 1301 84 22 hvilkas

195 1340 80 18 ressort
299 1337 27 21 de
353 1337 75 29 gjorda
452 1338 115 28 utgifterna
592 1337 57 27 falla,
673 1337 146 21 hvarförutom
834 1335 122 22 bibehällits

196 1371 169 22 hufvudtitlarna
389 1372 136 21 »donationer
549 1371 40 21 och
615 1371 105 21 allmänna
746 1370 129 22 understöd»
902 1372 55 18 samt

199 1405 97 22 »diverse
319 1406 105 21 allmänna
443 1406 105 28 utgifter.»
579 1405 49 21 Den
650 1405 103 28 vidtagna
777 1404 116 28 ändringen
918 1403 39 21 har

196 1439 95 29 bidragit
305 1443 32 18 att
351 1440 42 21 öka
408 1440 208 28 öfverskädligheten
630 1439 23 22 af
667 1438 176 29 statsutgifterna.

267 1486 141 18 Statsutskottets
421 1486 110 18 betänkande
542 1485 38 18 N:o
592 1486 18 17 2.
