1100 1728
467 116 6 20 I
809 115 12 21 5

88 185 147 27 beredningen
254 183 130 28 uppdragits
404 184 34 20 att
457 183 101 22 utarbeta
572 182 82 28 förslag
669 183 33 21 till
717 183 135 28 stadganden

89 219 93 21 rörande
198 220 73 25 öppna
287 218 39 21 och
341 217 199 28 kommanditbolag
550 219 57 20 samt
618 217 26 22 de
655 217 107 28 egentliga
772 219 80 21 ekono-

90 253 68 21 miska
173 253 160 27 föreningarna.

162 289 19 20 9.
204 287 38 22 Uti
258 287 136 27 underdånig
410 285 111 23 skrifvelse
536 286 24 21 af
574 287 40 21 den
632 288 26 21 15
668 287 43 28 Maj
725 288 54 21 1894
789 287 63 22 hafva

90 323 130 25 Ständerna,
236 322 7 21 i
259 322 117 27 anledning
392 321 23 22 af
438 322 48 21 dem
500 321 98 27 förelagd
613 322 65 27 nådig
694 322 136 27 proposition
845 322 7 21 i

94 359 78 25 ämnet,
188 357 6 21 i
213 356 173 28 underdånighet
409 356 87 26 anmält,
516 357 35 20 att
573 356 122 22 Ständerna
711 356 34 22 för
766 356 33 22 sin
819 356 33 21 del

93 391 87 27 beviljat
196 391 40 21 den
253 390 23 22 af
284 390 240 27 Hypoteksföreningen
535 390 97 27 begärda
641 390 102 27 garantin
754 390 33 22 för
797 396 55 21 upp-

90 425 105 27 fyllandet
215 425 22 21 af
258 425 26 21 de
306 424 150 24 förbindelser,
480 424 126 28 föreningen
630 425 54 21 efter
707 424 73 28 hvarje
796 425 56 26 gång

93 459 116 22 utverkadt
224 459 76 27 nådigt
315 459 99 22 tillstånd
429 459 43 21 kan
488 459 73 21 ikläda
576 459 33 27 sig
623 459 35 21 vid
674 459 150 27 upptagandet
840 459 13 20 å

93 493 118 22 utrikesort
227 493 23 21 af
262 493 43 26 lån,
322 493 55 22 dock
390 493 48 21 icke
453 493 33 21 till
500 493 67 27 högre
582 493 78 27 belopp
676 495 28 20 än
716 495 33 20 att
759 493 93 22 förenin-

91 534 52 21 gens
154 528 117 21 utländska
281 527 63 22 skuld
355 527 193 22 sammanräknadt
558 528 18 27 ej
588 527 126 28 öfverstiger
725 528 127 26 30,000,000

94 562 70 22 finska
178 563 71 26 mark;
266 562 109 21 äfvensom
391 564 33 19 att
440 561 124 22 Ständerna
578 562 36 21 vid
624 562 132 27 beviljandet
766 562 23 21 af
797 561 55 22 före-

94 597 93 21 nämnda
202 597 86 27 garanti
304 597 43 21 fäst
362 597 78 21 endast
456 596 36 21 det
506 596 76 28 vilkor,
598 597 34 20 att
646 596 207 27 Hypoteksförenin-

93 637 53 21 gens
169 631 131 27 reservfond,
323 631 67 22 sedan
414 631 40 21 den
477 631 47 21 från
547 632 55 20 1865
618 631 35 21 års
668 631 36 21 lån
720 630 133 22 härrörande

95 665 184 27 kapitalrabatten
295 665 69 21 blifvit
380 665 131 26 amorterad,
522 665 24 22 så
562 667 62 20 snart
639 671 46 16 som
700 665 83 27 möjligt
798 671 55 20 upp-

93 699 88 27 bringas
197 700 31 21 till
245 701 32 20 ett
292 699 85 27 belopp,
389 699 153 21 motsvarande
552 699 66 21 minst
629 700 45 26 29/,
685 699 23 21 af
717 699 136 27 föreningens

94 734 131 26 utelöpande
240 734 149 26 förbindelser,
398 735 57 20 samt
470 733 33 22 för
518 733 116 22 framtiden
646 734 74 21 dervid
729 733 123 22 bibehålles.

162 768 61 22 Hans
242 768 120 28 Kejserliga
380 768 103 27 Majestät
501 768 47 26 har,
566 768 68 28 enligt
654 768 40 21 den
716 769 26 21 29
762 766 91 24 Januari

98 803 53 21 1895
166 802 102 22 utfärdad
285 803 64 27 nådig
363 802 126 28 förordning
504 802 7 22 i
526 804 80 25 ämnet,
622 802 72 22 funnit
707 802 68 28 godt
766 797 13 37 i
787 801 67 22 nåder

94 836 109 22 stadfästa
218 836 133 22 Ständernas
366 836 138 22 förestående
519 836 80 28 förslag
614 838 57 20 samt
685 837 7 21 i
708 836 66 22 nåder
785 836 69 21 öfver-

95 872 81 21 lemnat
186 872 23 20 åt
218 871 95 22 Senaten
325 872 39 26 att,
374 872 70 20 under
454 872 142 26 iakttagande
607 871 23 21 af
636 870 141 22 omförmälda
785 870 69 21 vilkor

94 906 40 22 och
156 906 110 27 förbehåll,
287 907 88 21 utfärda
396 906 114 22 försäkran
531 913 33 15 om
581 906 165 28 ifrågavarande
761 905 92 29 garanti,

94 941 85 21 hvilken
195 940 113 22 försäkran
322 940 79 28 jemväl
417 941 109 21 utfärdats
542 941 40 21 den
598 942 27 20 26
640 941 52 21 Juni
711 942 59 20 1896.

166 976 32 20 10.
221 975 10 21 I
247 975 116 27 anledning
379 975 23 21 af
415 975 80 27 nådiga
509 975 164 27 propositionen
690 974 111 28 angående
812 974 41 21 den

95 1010 67 26 skatt,
174 1016 45 15 som
234 1009 34 21 för
283 1009 138 27 tillverkning
437 1009 23 21 af
468 1010 90 21 bränvin
570 1010 55 21 skall
636 1010 105 26 erläggas,
753 1010 56 20 samt
820 1014 34 15 om

95 1043 68 27 sagda
186 1043 71 22 skatts
281 1043 143 22 användande
439 1043 40 22 och
494 1043 121 28 fördelning
630 1043 64 22 hafva
710 1043 123 21 Ständerna
848 1041 7 22 i

96 1078 134 27 underdånig
245 1078 110 21 skrifvelse
372 1077 22 22 af
403 1078 41 21 den
457 1079 25 21 16
493 1078 43 27 Maj
551 1079 53 20 1894
616 1077 108 22 meddelat
734 1077 38 22 sitt
782 1076 72 22 beslut

96 1119 35 14 om
145 1112 93 22 berörda
253 1113 71 21 skatts
339 1112 86 28 belopp,
441 1113 137 26 användning
598 1112 38 22 och
654 1112 121 27 fördelning
785 1110 71 23 under

96 1147 52 21 åren
166 1147 147 26 1895—1897,
329 1146 39 22 och
383 1147 40 21 har
437 1147 61 21 Hans
514 1146 119 28 Kejserliga
648 1147 103 27 Majestät
765 1145 7 22 i
786 1144 69 23 öfver-

96 1181 162 22 ensstämmelse
274 1181 48 22 med
337 1181 135 22 Ständernas
487 1181 73 22 beslut
574 1181 50 22 låtit
640 1181 40 22 den
698 1182 26 20 14
739 1179 117 22 December

100 1216 53 21 1894
168 1215 88 22 utfärda
271 1215 65 28 nådig
351 1215 127 28 förordning
493 1216 7 21 i
516 1217 79 20 ämnet.

167 1251 32 20 11.
222 1249 71 22 Sedan
309 1249 123 22 Ständerna
447 1250 6 21 i
469 1250 135 27 underdånig
619 1249 110 22 skrifvelse
745 1249 22 21 af
776 1249 40 21 den
831 1249 24 20 16

96 1284 44 27 Maj
158 1285 53 20 1894
227 1284 89 27 anmält,
328 1285 33 20 att
372 1283 124 22 Ständerna
506 1285 49 20 med
565 1285 68 26 några
644 1284 117 27 ändringar
771 1282 85 27 antagit

97 1318 79 27 nådiga
199 1318 162 27 propositionen
385 1319 112 26 angående
512 1319 57 21 vissa
584 1318 181 27 inskränkningar
781 1317 7 21 i
804 1317 53 20 han-

96 1353 50 21 deln
169 1353 48 21 med
240 1353 61 21 viner
323 1352 39 22 och
386 1353 68 21 andra
477 1359 90 21 svagare
590 1353 135 26 rusdrycker,
741 1352 39 21 har
795 1351 61 21 Hans

97 1386 119 28 Kejserliga
238 1387 103 27 Majestät
357 1387 6 21 i
380 1386 221 22 öfverensstämmelse
623 1386 49 22 med
696 1386 35 21 det
754 1385 22 22 af
793 1384 64 22 Stän-

96 1421 68 21 derna
187 1422 96 26 antagna
305 1420 81 28 förslag
408 1420 50 22 låtit
474 1421 40 21 den
531 1422 13 20 2
559 1421 43 27 Maj
621 1422 53 20 1895
690 1420 87 22 utfärda
792 1418 66 27 nådig

95 1455 127 28 förordning
237 1456 7 20 i
260 1458 78 19 ämnet.
