1095 1748
460 116 91 37 XXXIII
842 121 13 20 3

128 189 129 22 anmärkning,
277 189 27 17 uti
320 189 191 22 kapitalräkningarna
531 189 89 22 upptagits
640 189 87 17 särskildt
744 188 42 22 från
804 189 21 17 de
845 191 39 20 väg-

128 223 30 17 och
177 223 223 22 vattenbyggnadsarbeten,
418 223 30 18 för
460 223 65 18 hvilka
538 223 144 22 öfverstyrelsen
695 223 30 18 för
740 225 42 21 väg-
796 223 36 18 och
846 225 39 15 vat-

128 257 165 23 tenbyggnaderna
305 257 29 18 för
347 257 57 23 öfrigt
416 257 105 22 redovisar;

197 292 18 22 7)
233 293 28 16 att
277 291 151 18 statsutskottets
447 291 96 19 uttalande
562 291 69 22 derom,
648 293 25 16 att
690 292 21 17 de
723 292 56 17 under
791 292 41 17 9:de
844 291 15 17 h.
873 292 11 17 1.

129 325 83 23 utgående
230 325 100 23 ,personela
349 326 71 23 anslag"
436 327 92 21 rätteligen
541 326 17 21 ej
570 326 52 17 borde
634 326 127 21 sammanföras
773 326 30 17 till
815 331 21 12 en
846 326 40 22 post

129 361 38 17 med
184 361 141 23 gratifikationer
340 362 30 21 för
382 361 91 23 oförvitlig
487 362 52 21 tjenst
551 363 44 15 samt
608 361 166 23 begrafningshjelp,
786 361 65 17 hvilka
863 359 24 24 pä

129 395 61 23 grund
209 395 20 18 af
245 396 87 22 gällande
348 396 134 23 författningar
501 398 31 16 äro
554 396 111 18 sterbhusen
687 396 48 18 efter
754 396 78 18 embets-
851 396 35 17 och

129 431 113 22 tjenstemän
261 431 145 22 tillförsäkrade,
426 431 63 18 blifvit
506 431 91 18 beaktadt
614 431 6 18 i
639 431 142 22 statsförslagen
797 430 42 19 frän
852 431 34 17 och

130 465 29 18 för
172 464 21 19 är
206 466 52 21 1895;

198 500 19 23 8)
230 501 25 16 att
266 499 43 23 från
321 500 30 17 och
364 501 37 16 med
414 500 21 17 år
448 501 48 17 1892
508 501 27 17 uti
547 501 197 22 kapitalräkningarna,
752 501 25 22 pä
786 502 38 17 sätt
832 502 55 17 stats-

131 534 93 18 utskottet
238 534 88 23 förordat,
344 535 99 22 iakttagits,
462 537 25 15 att
504 535 36 18 alla
556 536 21 17 de
596 536 7 16 i
620 536 53 22 sagda
692 536 98 22 räkningar
801 535 86 22 förekom-

131 569 61 16 mande
211 569 143 23 ,öfverföringar
370 569 43 22 från
430 569 57 18 andra
498 570 80 21 fonder",
590 575 34 12 som
637 570 89 23 verkligen
739 571 60 21 utgöra
812 569 76 17 tillskott

132 603 28 17 till
180 603 132 22 årsinkomsten,
330 604 60 21 blifvit
408 606 89 21 upptagna
516 606 77 16 närmast
611 605 44 21 efter
673 605 113 22 afdelningen
803 605 85 22 ,Statsin-

131 638 74 21 komst",
223 639 43 16 samt
282 639 26 16 att
317 637 25 24 på
354 639 111 16 kreditsidan
478 640 23 15 ett
514 639 120 17 motsvarande
645 639 105 21 förfarande
762 640 26 21 egt
800 644 39 11 rum
851 638 38 17 med

132 673 79 22 verkliga
223 672 131 23 öfverföringar
366 673 30 16 till
408 673 58 17 andra
477 673 74 21 fonder;

202 707 17 21 9)
237 709 28 16 att
286 707 115 18 beträffande
422 707 31 18 det
473 707 20 17 af
513 707 141 18 statsutskottet
674 707 85 18 uttalade
779 707 109 22 önsknings-

133 740 57 19 målet
215 743 26 16 att
259 743 32 16 den
307 743 101 17 nuvarande
426 743 155 22 arbetsordningen
599 743 29 21 för
648 743 162 17 landtränterierna
831 741 59 22 måtte,

133 778 42 15 utan
194 777 83 21 afvaktan
296 777 22 21 af
333 777 33 16 den
382 777 55 17 under
450 777 93 22 beredning
556 777 76 17 varande
644 777 86 22 reformen
743 777 21 21 af
774 777 116 22 räkenskaps-

134 812 81 16 väsendet.
232 812 6 16 i
255 812 61 22 öfrigt,
331 812 116 17 underkastas
466 811 54 18 sådan
538 812 112 22 förändring,
669 813 26 16 att
707 812 34 17 den
753 811 85 23 egentliga
851 811 39 18 bok-

133 847 82 22 föringen
233 847 30 17 och
275 847 114 21 "afslutandet
407 847 22 21 af
446 847 84 17 böckerna
551 847 57 21 blefve
627 847 102 21 öfverförda
749 847 30 17 till
796 847 94 17 landskon-

134 883 45 15 toret
196 882 31 17 och
245 883 25 16 att
288 882 60 22 hvarje
366 882 108 22 utbetalning
492 882 57 17 skulle
567 882 30 17 ske
612 881 25 23 på
654 882 58 22 grund
729 882 22 21 af
767 882 79 17 särskild
860 887 30 11 an-

135 916 74 23 ordning
224 916 42 22 från
278 916 138 22 landskontoret,
428 916 64 18 liksom
504 916 60 22 hvarje
577 916 107 23 inbetalning
696 916 104 18 omedelbart
813 916 7 17 i
832 916 58 17 lands-

135 952 80 16 kontoret
235 953 74 19 noteras,
327 951 87 23 yttrande
434 952 103 18 infordrats
555 952 20 17 af
593 952 34 18 den
647 952 30 17 för
693 951 159 23 omorganisation
872 950 21 18 af

135 986 61 17 finska
213 986 122 18 statsverkets
356 986 64 18 kassa-
441 986 36 18 och
497 986 198 23 räkenskapsväsende
715 986 81 18 tillsatta
815 985 75 21 komité,

135 1020 77 18 hvilken
231 1020 69 18 komité
318 1020 104 18 framhållit
439 1022 28 16 att
480 1021 34 18 den
533 1021 20 18 af
564 1021 142 18 statsutskottet
721 1020 3 18 i
737 1020 35 18 den
784 1020 108 19 nuvarande

136 1055 123 23 bokföringen
284 1056 35 17 och
344 1055 194 23 arbetsfördelningen
562 1055 31 18 vid
617 1055 144 18 landskontoren
786 1054 107 22 föreslagna

137 1090 78 22 ändring
231 1090 52 18 stode
296 1090 6 18 i
314 1092 46 16 nära
372 1090 90 18 samband
475 1090 42 18 med
533 1096 22 12 en
573 1090 156 22 omorganisation
747 1089 20 19 af
783 1090 60 22 öfriga
856 1089 36 18 för-

137 1124 86 18 valtande
240 1124 55 18 verks
311 1124 111 23 äligganden
441 1124 42 18 med
502 1124 72 23 hänsyn
594 1123 28 19 till
641 1124 134 22 dispositionen
794 1124 35 17 och
848 1123 45 18 bok-

137 1159 84 22 föringen
239 1159 19 17 af
269 1159 23 17 de
304 1158 29 18 för
346 1159 54 17 deras
412 1158 137 23 förvaltningar
561 1158 90 22 anslagna
663 1158 61 18 medel
736 1158 35 18 och
783 1160 32 20 att,
829 1158 60 18 ehuru

137 1199 22 12 en
176 1193 68 23 partiel
257 1193 78 23 ändring
348 1194 6 16 i
366 1193 102 23 föreslaget
481 1193 49 23 syfte
543 1192 19 19 af
573 1198 25 12 nu
611 1192 86 23 gällande
710 1192 139 23 bestämningar
861 1198 31 12 an-

137 1227 71 24 gående
224 1227 123 24 bokföringen
360 1228 31 17 vid
403 1228 158 23 länestyrelserna
574 1227 42 18 icke
628 1229 57 16 mötte
698 1227 140 23 oöfverstigliga
850 1226 40 19 hin-

138 1263 38 21 der,
189 1264 44 17 utan
247 1263 58 18 under
318 1263 135 22 förutsättning
466 1262 20 18 af
498 1262 119 23 erforderligt
627 1262 83 18 tillskott
718 1262 6 17 i
733 1261 161 19 arbetskrafterna

137 1297 31 18 vid
186 1297 148 18 landskontoren
354 1297 58 18 borde
430 1297 66 19 kunna
513 1297 122 23 genomföras,
655 1297 108 18 fördelarna
780 1296 55 18 deraf
852 1296 42 18 icke

138 1331 53 18 stode
203 1332 6 17 i
222 1331 117 19 förhällande
353 1332 28 17 till
394 1331 23 18 de
426 1331 127 23 olägenheter,
562 1337 39 12 som
611 1331 98 23 uppstode,
717 1331 57 18 bland
782 1333 62 19 annat,
855 1331 39 18 der-

138 1367 72 21 igenom
229 1368 28 16 att
273 1366 22 17 de
308 1366 20 17 af
339 1366 35 18 den
387 1366 88 23 partiella
488 1366 93 17 reformen
597 1365 98 23 päkallade
712 1365 117 18 föreskrifter
845 1365 49 17 inom

139 1401 43 17 kort
196 1401 29 18 vid
238 1401 35 18 den
286 1401 96 18 allmänna
395 1401 186 22 reorganisationens
594 1399 143 24 genomförande
746 1399 82 23 äterigen
837 1397 59 20 mäste

139 1435 68 18 ändras
231 1435 34 18 och
290 1435 35 18 den
346 1435 60 18 ökade
426 1434 251 24 tjenstemannapersonalen
698 1434 31 18 vid
749 1433 147 18 landskontoren

898 298 35 16 Pag.
943 298 22 12 15.

900 505 35 16 Pag.
945 505 22 12 16.

901 714 35 15 Pag.
946 713 22 12 18.
