1092 1748
344 144 30 22 U.
390 144 27 21 B.
435 157 27 2 —
478 143 181 22 11[-XXXIII
851 144 26 20 21

121 207 39 27 ligt
185 206 122 29 öfverstigit
322 207 26 20 de
366 207 6 20 i
388 207 163 28 statsförslagen
578 207 123 21 beräknade
728 207 151 20 inkomsterna.

121 240 70 21 Dessa
206 240 65 22 hafva
286 241 82 20 lämnat
382 240 95 28 följande
493 241 130 21 öfverskott:

251 286 23 21 är
290 287 54 20 1892
361 285 43 27 (IV
432 293 16 14 s.
465 287 33 25 17)
514 286 55 21 Fmk
585 287 117 25 2,058,255:
719 287 26 20 95

257 329 9 10 >
290 321 55 22 1893
361 320 30 27 (V
432 328 16 13 s.
465 321 35 27 17)
532 330 8 9 »
583 321 116 25 1,630,411:
717 322 26 19 15

257 364 9 10 >
289 355 55 20 1894
360 354 54 27 (VII
434 362 16 13 s.
466 355 34 26 21)
533 363 8 10 >
583 355 116 26 6,752,069:
717 356 26 20 86

515 395 36 21 S:n
566 396 131 25 10,440,736:
714 395 33 21 96.

192 445 136 22 Beträffande
356 446 36 21 det
417 447 23 20 af
465 447 166 21 Statsutskottet
656 446 23 21 är
705 447 54 20 1894
785 445 95 22 uttalade

124 481 188 27 önskningsmälet,
335 484 31 17 att
388 481 58 21 vissa
464 481 150 28 förändringar
629 481 6 20 i
652 481 41 21 den
709 480 124 22 nuvarande
849 487 33 14 ar-

125 515 165 27 betsordningen
314 515 34 21 för
363 515 192 21 landtränterierna
570 515 66 21 mätte
652 515 105 28 vidtagas;
773 514 108 22 meddelas

125 550 6 20 i
153 549 186 21 finansrelationen
362 550 117 25 (KXXIII
499 557 16 14 s.
536 551 69 26 3-—4),
621 553 31 17 att
667 550 118 20 detsamma
801 552 81 18 ansetts

125 583 47 22 icke
189 584 50 20 böra
254 584 32 20 till
302 583 74 28 ätgärd
392 584 118 27 föranleda,
525 584 66 21 sedan
607 584 42 21 den
665 584 34 20 för
710 583 139 29 uppgörande
861 583 22 21 af

125 618 81 27 förslag
228 618 32 20 till
282 618 248 28 räkenskapsväsendets
552 619 168 27 reorganisation
740 618 89 21 tillsatta
845 617 38 21 ko-

126 652 63 20 miten
212 660 86 13 numera
321 652 86 21 slutfört
428 653 37 20 sitt
488 652 78 22 arbete.
589 652 114 22 Utskottet
717 660 62 13 anser
794 653 33 27 sig
836 652 47 20 där-

126 686 34 21 för
175 686 47 21 icke
239 686 51 22 böra
306 686 38 22 här
358 694 97 21 upprepa
472 686 36 22 det
526 686 91 28 tidigare
637 686 126 26 uttalandet,
779 690 50 17 utan
845 694 37 13 en-

127 721 47 21 dast
196 721 112 21 framhålla
332 721 42 21 den
389 722 122 27 synnerliga
527 722 72 27 vigten
617 721 62 21 däraf
694 724 31 18 att
740 720 143 28 räkenskaps-

126 754 108 22 reformen
256 755 24 21 sä
303 760 58 16 snart
383 763 45 13 som
451 756 79 27 görligt
548 758 23 18 är
587 756 65 20 mätte
668 755 66 21 varda
749 754 134 29 genomförd.

126 789 85 21 Endast
234 797 76 21 genom
334 790 90 21 sålunda
447 798 87 13 vunnen
551 790 64 21 enhet
630 791 7 19 i
653 790 231 28 bokföringssystemet

128 824 104 28 aflägsnas
248 824 65 21 äfven
329 824 27 21 de
371 825 6 20 i
394 824 37 21 det
446 824 130 28 föregäende
591 824 28 28 pä
631 825 46 20 sina
685 824 75 21 ställen
772 823 113 29 päpekade

128 858 206 27 missförhällanden,
344 866 44 14 som
404 859 45 28 röja
465 860 33 27 sig
513 860 7 20 i
537 858 109 22 bristande
662 858 223 22 öfverensstämmelse

129 893 76 21 mellan
221 893 163 22 statsbokslutet
399 894 40 21 och
454 893 28 22 de
498 893 69 22 siffror
583 901 45 13 som
647 892 238 22 meddelas
758 888 13 38 i
780 892 105 22 särskilda

130 927 134 22 förvaltande
280 928 62 21 verks
359 927 167 22 ärsberättelser.

197 962 77 21 Under
295 962 128 28 fortgängen
446 962 23 21 af
492 963 32 20 sin
547 962 22 21 ät
589 962 199 21 Finansrelationen
805 961 81 28 egnade

128 996 132 28 granskning
283 997 37 20 har
343 996 113 22 Utskottet
478 997 81 20 kunnat
576 997 96 27 begagna
688 997 32 27 sig
735 996 22 21 af
773 996 27 21 de
817 996 69 20 berät-

129 1030 70 27 telser,
215 1038 45 14 som
276 1031 175 21 Kommissionen
466 1031 35 21 för
516 1032 92 20 revision
625 1031 23 20 af
659 1031 140 21 statsverkets
810 1030 77 20 räken-

130 1065 76 28 skaper
220 1065 88 28 afgifvit
322 1065 35 21 för
372 1065 49 21 åren
439 1066 118 25 1892—94,
572 1065 88 21 hvilken
677 1064 112 22 berättelse
805 1065 7 20 i
824 1063 63 29 tryck

129 1100 111 28 förelegat.

199 1134 71 21 Sedan
293 1134 112 21 Utskottet
427 1135 7 19 i
450 1134 37 21 det
502 1134 129 27 föregäende
648 1134 49 20 sökt
711 1133 70 21 lämna
798 1140 26 13 en
840 1134 48 19 när-

130 1175 56 14 mare
207 1168 113 28 belysning
335 1168 23 21 af
373 1168 41 21 den
430 1168 33 21 del
481 1168 23 21 af
518 1168 193 26 finansrelationen,
726 1175 45 13 som
788 1166 101 22 omfattar

130 1202 105 21 allmänna
257 1202 141 26 statsfonden,
420 1202 34 21 fär
476 1202 114 22 Utskottet
611 1202 28 28 pä
657 1201 69 29 grund
742 1202 23 20 af
779 1200 56 22 hvad
853 1200 36 21 det

130 1236 99 28 iakttagit
252 1236 36 21 vid
311 1236 131 28 granskning
458 1236 23 21 af
497 1236 70 21 denna
583 1236 58 26 fond,
657 1236 70 21 såsom
743 1236 32 20 sin
791 1234 99 29 uppfatt-

130 1272 52 26 ning
196 1271 73 25 uttala,
285 1273 31 19 att
331 1270 146 22 Statsverkets
494 1270 105 21 ordinarie
615 1270 114 28 tillgångar
744 1270 64 20 äfven
820 1268 68 22 under

130 1312 28 13 nu
174 1306 7 19 i
196 1305 62 27 fräga
266 1305 94 21 varande
368 1304 92 29 tidrymd
475 1304 105 22 användts
591 1304 48 21 med
651 1304 99 21 omtanke
761 1312 34 12 om
807 1302 83 22 landets

130 1346 56 20 gagn
202 1339 41 21 och
259 1339 66 21 bästa.

201 1488 141 17 Statsutskottets
355 1487 109 18 betänkande
477 1487 37 18 N:o
527 1487 18 18 2.
