1086 1725
472 91 25 21 I
793 94 38 19 147

103 154 94 28 skyldig
219 153 38 21 till
279 153 162 21 försummelse
455 153 9 21 i
479 153 103 29 tjensten
604 155 59 20 utan
686 143 70 32 äfven
776 160 85 22 genom

103 193 40 21 sitt
166 193 195 22 ofvanbeskrifna
383 193 136 21 förfarande
541 193 41 21 vid
605 193 152 29 fullföljande
773 194 26 21 af
813 200 47 14 ma-

103 234 73 21 karna
197 234 40 22 B:s
260 233 154 22 förenämnda
437 233 83 22 besvär
542 234 99 21 handlat
656 234 8 21 i
680 234 58 21 strid
754 234 53 22 med
822 234 36 21 sin

103 274 146 28 tjenstepligt
272 274 76 21 såsom
371 274 87 21 allmän
481 274 117 29 åklagare,
617 274 170 28 häradsrätten,
804 274 52 21 med

103 314 53 21 stöd
179 314 25 21 af
219 316 12 19 7
247 316 12 26 8
277 317 9 19 1
304 314 52 28 kap.
372 314 28 22 U.
416 314 27 21 B.
467 314 44 22 och
532 316 25 20 12
572 316 14 25 8
604 317 8 19 1
630 314 53 28 kap.
699 314 27 21 R.
742 314 34 28 B.,
796 314 64 22 dömt

103 354 228 21 kronolänsmannen
354 354 24 22 T.
396 356 36 19 att
446 354 37 22 för
505 354 122 29 tjenstefel
649 354 75 22 under
739 362 29 14 en
783 354 36 22 tid
836 354 26 22 af

105 401 39 14 sex
166 394 110 21 mänader
298 402 56 14 vara
377 394 62 22 skild
461 394 54 22 frän
537 394 141 29 utöfningen
694 394 26 22 af
734 395 37 21 sin
786 394 73 29 tjenst

105 434 75 21 säsom
194 434 182 21 kronolänsman
391 436 60 20 samt
462 434 111 28 förlustig
584 434 46 22 alla
640 434 54 22 med
706 434 72 29 sagda
790 434 70 29 tjenst

105 474 110 22 förenade
244 474 178 28 löneförmäner,
453 474 101 22 hvarhos
576 474 233 22 kronolänsmannen
834 474 25 21 T.

105 514 75 29 ålagts
196 516 35 20 att
245 514 94 28 utgifva
354 516 65 20 utom
434 514 116 22 särskilda
564 515 192 21 vittnesarvoden
771 514 88 30 jemväl

105 555 147 29 godtgörelse
275 555 38 22 till
331 555 112 22 makarna
457 555 26 22 B.
501 555 37 22 för
553 556 67 21 deras
635 555 168 29 uppvaktande
819 554 41 22 vid

106 595 169 22 häradsrätten.

187 631 53 26 Åbo
259 635 97 28 hofrätt,
380 635 34 22 dit
436 635 229 22 kronolänsmannen
690 635 49 22 T.i
755 635 106 22 besvärs-

106 679 45 25 väg
174 675 58 30 drog
255 675 78 28 saken,
351 675 94 28 yttrade
465 675 36 28 sig
517 677 49 20 äter
581 683 85 22 genom
681 675 78 30 utslag
775 676 27 21 af
816 675 45 22 den

109 717 24 21 12
148 715 129 22 December
294 717 53 20 1894
362 715 45 22 och
422 716 58 21 fann
495 715 21 29 ej
532 716 92 21 mindre
639 715 143 29 ädagalagdt
796 722 64 20 vara,

107 758 35 19 att
166 755 228 22 kronolänsmannen
416 755 26 22 T.
465 755 40 22 vid
527 755 145 28 förberörda,
697 756 25 21 af
745 755 87 22 honom
848 757 14 19 ä

106 796 113 28 tjenstens
241 799 90 25 vägnar
346 795 8 22 i
370 795 127 29 anledning
521 796 26 21 af
568 795 84 29 dräpet
668 796 13 21 &
696 795 84 22 Alfred
802 795 58 22 Teo-

107 835 42 22 dor
163 835 26 22 B.
205 835 135 22 verkstälda
362 835 237 30 polisundersökning
621 835 65 30 gjort
708 836 36 28 sig
767 835 95 28 skyldig

107 876 38 21 till
159 876 73 22 sädan
247 876 167 28 försummelse,
423 876 165 22 häradsrätten
598 876 36 22 uti
645 876 39 22 det
695 876 167 28 öfverklagade

107 916 102 30 utslaget
223 918 86 26 utsagt,
319 916 44 22 och
374 916 77 22 denna
461 916 162 22 försummelse
635 916 57 22 böra
702 916 25 22 T.
738 916 124 22 tillräknas

108 957 74 21 såsom
205 956 33 22 fel
253 956 8 22 i
277 956 108 29 tjensten,
409 960 31 18 än
456 957 231 21 kronolänsmannen
702 957 24 21 T.
744 956 117 22 dessutom

108 999 83 19 stanna
206 996 37 22 till
258 997 45 21 last
319 998 36 20 att
368 997 48 21 han
431 997 9 21 i
455 997 117 28 egenskap
589 997 28 21 af
631 996 87 22 ombud
728 997 37 21 för
775 996 89 22 Gustaf

108 1038 74 21 Adolf
196 1038 44 22 och
254 1038 73 22 Erika
342 1038 153 22 Wilhelmina
509 1038 26 21 B.
551 1038 36 21 uti
603 1038 45 21 den
665 1038 71 21 skrift
746 1038 32 28 T.,
791 1037 71 21 sedan

108 1078 47 22 han
177 1078 98 22 befriats
298 1078 52 22 frän
365 1078 136 29 skyldighet
517 1080 35 20 att
566 1078 9 22 i
590 1078 72 22 mälet
677 1078 99 21 rörande
792 1076 72 30 sagda

108 1118 57 29 dråp
180 1118 52 22 föra
247 1118 181 29 äklagaretalan,
448 1119 49 21 deri
513 1119 38 21 för
566 1118 54 22 dem
639 1120 96 27 uppsatt
751 1118 44 22 och
809 1118 55 21 låtit

109 1159 37 21 till
160 1159 121 22 hofrätten
294 1159 109 28 inlemna,
414 1159 74 22 infört
499 1159 40 22 det
548 1159 110 22 bemälda
668 1159 80 21 makar
758 1157 104 23 önskade

110 1201 35 20 att
159 1200 28 21 K.
204 1200 79 22 blefve
299 1201 13 21 &
327 1200 31 21 fri
373 1201 37 20 fot
425 1200 62 21 stäld
502 1201 60 20 samt
578 1199 99 22 sålunda
692 1199 36 22 till
744 1199 72 21 skada
827 1199 38 21 för

110 1240 111 21 makarna
242 1233 28 29 B.
293 1241 51 28 gått
366 1240 68 22 deras
455 1240 125 28 vederpart
602 1239 116 22 tillhanda
738 1239 53 21 med
806 1238 59 28 skäl,

110 1288 52 14 men
177 1281 228 22 kronolänsmannen
420 1281 33 28 T.,
469 1281 31 21 dä
515 1281 88 22 Gustaf
616 1280 76 22 Adolf
704 1280 27 21 B.
746 1279 52 22 icke
810 1279 56 28 sjelf

109 1321 57 21 eller
187 1328 84 21 genom
293 1321 104 29 lagligen
419 1313 88 30 tillsatt
528 1320 87 22 ombud
637 1320 105 22 närvarit
765 1319 42 22 vid
825 1319 39 22 det

111 1361 129 29 dräpmälet
265 1361 152 22 derförinnan
440 1361 27 21 af
487 1360 165 22 häradsrätten
674 1359 145 28 behandlats,
844 1359 21 28 ej

111 1402 79 21 kunna
215 1409 66 14 anses
300 1401 70 22 hafve
386 1401 8 22 i
409 1401 111 28 brottslig
539 1401 73 28 afsigt
632 1400 35 22 uti
683 1400 97 21 berörda
796 1399 71 22 skrift
