1086 1784
446 110 25 22 II
776 110 38 20 129

86 174 141 21 skrifvelsen
243 174 44 20 och
303 174 78 28 öfriga
397 173 135 21 densamma
547 173 97 28 bilagda
654 172 143 29 handlingar
807 172 38 22 för

87 215 36 19 att
145 213 140 28 diariiföras,
305 214 59 21 fann
380 213 73 28 sagda
467 213 199 28 tillvägagående,
684 220 37 14 om
737 214 44 21 ock
796 213 50 22 det-

87 260 88 14 samma
190 253 54 21 med
260 253 110 22 afseende
386 253 62 28 derä,
466 255 36 19 att
516 256 150 25 guvernören
682 253 29 28 S.,
723 254 30 28 på
765 254 81 21 ofvan-

89 293 152 21 omförmäldt
263 295 48 19 sätt
333 293 37 21 till
392 296 148 25 guvernören
562 293 8 21 i
589 292 29 22 K.
635 292 40 22 län
690 293 97 22 insändt
802 294 45 22 den

89 332 132 29 förklaring
244 333 59 21 hans
327 332 175 22 ofvannämnda
520 332 121 22 handbref
662 333 111 29 innehöll,
796 335 52 22 icke

89 372 79 22 kunde
191 380 67 14 anses
281 373 113 21 innebära
417 375 34 19 ett
473 373 82 21 försök
571 375 35 19 att
622 374 38 20 för
675 381 59 21 egen
749 375 100 29 vinning

90 412 157 22 undansticka
267 413 101 28 ärendet,
388 413 73 21 likväl
480 415 85 26 utgöra
581 415 35 19 ett
630 414 119 22 missbruk
764 415 27 21 af
804 423 45 13 em-

92 452 192 29 betsmyndighet
307 453 44 21 och
374 453 147 28 ådagalägga
544 460 29 13 en
596 453 26 21 så
644 453 125 30 betänklig
789 455 62 22 oför-

93 493 69 28 måga
185 495 36 19 att
242 493 100 21 bedöma
364 493 81 28 vigten
465 493 27 21 af
506 493 53 28 laga
575 493 99 22 formers
690 494 159 30 iakttagande,

95 534 34 19 att
155 532 130 22 detsamma
311 533 74 20 måste
411 532 124 21 tillräknas
557 536 148 24 guvernören
729 534 21 21 S.
774 536 77 21 såsom

95 573 122 21 oförstånd
231 573 42 22 vid
287 573 195 22 handhafvandet
498 573 26 21 af
538 573 39 21 det
592 573 88 22 honom
695 575 95 28 nådigst
806 583 47 14 om-

95 613 115 21 betrodda
232 613 238 28 guvernörsembetet,
494 613 100 21 likasom
618 613 44 22 ock
684 613 45 22 den
752 618 101 19 omstän-

97 653 117 28 digheten,
231 655 36 20 att
289 656 147 25 guvernören
452 653 21 21 S.
491 653 191 28 omhändertagit
698 655 43 21 och
755 655 100 23 behållit

97 693 242 30 guvernörsembetets
362 693 8 21 i
392 693 30 22 K.
445 693 41 22 län
508 693 203 28 påminnelsebref
727 695 26 21 af
767 695 45 22 den
831 699 23 18 17

97 735 47 28 Maj
170 737 61 26 1893,
247 735 74 21 måste
337 736 67 26 tagas
420 737 148 25 guvernören
584 734 22 22 S.
623 735 37 20 till
675 735 47 21 last
737 743 49 14 som
802 744 53 14 ena-

98 774 79 22 handa
195 775 119 21 missbruk
330 775 26 20 af
370 774 235 29 embetsmyndighet,
622 775 98 22 hvarför
735 776 120 22 hofrätten

99 815 114 28 pröfvade
235 815 96 21 rättvist
354 815 68 21 döma
437 818 148 24 guvernören
601 815 23 21 S.
640 815 38 21 för
692 815 63 23 hvad
770 817 87 22 honom

100 855 8 20 i
124 854 169 21 ofvanstående
309 855 73 21 måtto
398 854 135 22 tillräknats
548 855 9 20 i
575 855 54 21 stöd
647 855 27 21 af
690 863 81 14 senare
789 864 68 14 mom.

102 896 24 20 21
145 895 12 27 $
173 896 26 20 40
215 894 53 28 kap.
285 894 146 28 Strafflagen
447 896 35 20 att
492 894 57 22 böta
560 896 41 20 500
612 896 73 21 mark.
706 896 153 22 Beträffande

102 934 73 22 sedan
193 934 142 28 lagmannen
350 934 28 22 N.
395 934 44 22 och
453 934 283 23 vicelandssekreteraren
751 936 34 28 F.,
801 937 59 21 fann

102 974 127 28 hofrätten,
250 974 150 22 alldenstund
419 974 66 22 desse
504 976 40 26 egt
561 976 36 20 att
612 975 14 21 å
641 975 114 29 tjenstens
770 980 91 26 vägnar

103 1016 54 21 med
172 1016 155 21 omförmälda
342 1016 228 28 utsökningsärende
581 1016 36 28 sig
627 1016 94 22 befatta
731 1017 60 22 först
802 1018 60 21 efter

105 1056 40 21 det
159 1060 148 24 guvernören
323 1056 22 22 S.
361 1057 8 21 i
386 1057 110 21 afseende
512 1057 14 21 &
541 1056 151 29 diariiföring
707 1058 155 22 öfverlemnat

105 1096 173 29 handlingarna
293 1096 8 22 i
316 1096 240 28 utsökningsärendet
571 1096 37 22 till
624 1096 173 30 länsstyrelsen,
814 1098 50 28 lag-

106 1143 101 15 mannen
231 1137 28 21 N.
286 1137 44 21 och
354 1136 282 22 vicelandssekreteraren
661 1137 26 21 F.
710 1137 52 21 icke
785 1138 80 21 kunna

107 1179 67 25 tagas
192 1176 37 21 till
244 1176 47 22 last
305 1177 79 27 någon
398 1176 183 22 underlåtenhet
595 1177 100 21 rörande
711 1178 73 28 sagda
800 1182 65 17 ären-

108 1216 40 21 des
171 1216 150 28 behandling,
342 1216 96 22 hvarför
454 1216 214 22 advokatfiskalens
684 1219 62 19 emot
761 1217 105 29 lagman-

108 1264 47 14 nen
172 1257 28 21 N.
220 1257 44 21 och
281 1256 282 22 vicelandssekreteraren
578 1256 26 22 F.
621 1256 85 29 gjorda
720 1257 105 29 yrkande
841 1258 28 21 af

109 1298 120 20 hofrätten
251 1297 155 21 förkastades.
437 1297 189 21 Vidkommande
649 1297 112 28 slutligen
784 1305 84 21 guver-

109 1341 73 18 nören
197 1338 28 21 A.
242 1337 43 22 och
301 1337 142 28 lagmannen
457 1337 34 28 L.,
508 1337 73 28 ansåg
597 1337 128 28 hofrätten,
739 1337 73 28 jemte
828 1338 40 21 det

110 1377 122 22 utlåtande
259 1377 121 28 angående
403 1377 73 22 åtalet
500 1379 62 19 emot
584 1381 148 24 guvernören
755 1378 34 27 A.,
813 1381 56 18 enär

112 1418 128 21 detsamma
267 1419 13 20 å
307 1417 298 22 advokatfiskalsembetets
632 1421 90 24 vägnar
744 1417 125 29 frångåtts,

183 1464 129 17 Prokuraterns
324 1464 94 17 berättelse.
791 1464 10 17 9
