1095 1773
268 107 28 19 34
608 105 24 21 U

307 167 158 23 Alldenstund
480 175 33 14 nu
529 169 27 21 af
570 168 155 22 omförmälda
740 168 55 21 utaf
803 168 198 22 vicelandssekre-

237 210 94 19 teraren
353 207 29 22 H.
400 208 43 22 och
461 208 199 22 landskanslisten
676 209 26 21 P.
718 208 38 22 till
772 208 121 22 hofrätten
908 208 94 29 ingifna

237 247 129 29 utredning
380 249 122 28 framgick,
520 251 34 19 att
568 249 221 21 landskamreraren
804 249 6 21 i
823 249 70 28 länet,
905 249 96 21 hvilken

238 288 8 20 i
267 288 118 28 egenskap
410 290 29 27 af!
454 289 173 29 föredragande
643 289 42 21 vid
700 289 170 29 länsstyrelsen
886 289 115 29 handlagt

238 328 181 28 ifrågavarande
443 329 131 22 balansmäl
599 329 44 22 och
662 330 9 20 i
687 329 79 21 denna
781 329 118 28 egenskap
913 329 88 28 jemväl

239 368 75 28 enligt
343 369 292 29 Kammarexpeditionens
665 369 176 29 handlingarna
869 370 8 20 i
903 369 97 21 afskrift

238 409 96 28 bilagda
357 410 123 22 skrifvelse
504 410 27 21 af
552 410 45 22 den
625 412 11 19 3
659 410 48 28 Maj
727 411 53 20 1892
797 410 47 20 fätt
859 409 141 29 emottaga
987 405 17 38 i

239 450 111 21 afseende
366 450 12 21 &
394 450 133 22 kännedom
544 450 43 21 och
603 450 159 21 efterrättelse
779 450 77 28 styrkt
867 450 97 21 afskrift
976 450 26 21 af

240 489 112 22 Senatens
369 490 167 22 förutnämnda
552 490 79 28 utslag
647 492 66 26 samt,
731 491 37 20 för
779 491 35 20 att
824 490 176 21 vederbörande

238 529 127 29 tillställas,
390 538 88 14 samma
500 531 79 28 utslag
602 531 8 20 i
634 531 102 28 original
752 531 122 20 äfvensom
889 530 109 21 handlin-

239 577 75 21 garna
332 570 8 21 i
355 570 162 29 balansmälet,
534 571 44 21 och
593 571 98 21 hvilken
707 571 40 21 det
762 571 9 21 i
786 571 99 21 främsta
900 573 100 19 rummet

239 610 79 29 ålegat
343 612 35 19 att
403 613 83 27 genast
512 611 60 21 efter
598 611 179 28 emottagandet
801 611 26 22 af
845 611 153 22 omförmälda

239 651 123 21 skrifvelse
376 651 72 28 jemte
464 651 78 22 dertill
557 651 104 22 hörande
677 651 143 28 handlingar
835 652 30 27 gä
881 651 8 22 i
904 652 95 21 författ-

238 691 67 28 ning!
320 699 37 13 om
379 691 240 22 landträntmästaren
641 692 46 22 F.:s
711 692 116 21 ställande
851 692 74 21 under
944 691 54 28 laga

238 731 78 28 tilltal,
333 731 84 21 sådant
432 731 124 22 uraktlätit
572 732 44 21 och
631 732 52 21 icke
699 731 75 22 heller
784 731 38 22 för
834 731 83 29 antydt
929 731 69 21 ända-

238 771 48 21 mål
311 771 155 22 öfverlemnat
490 771 173 28 handlingarna
689 771 38 22 till
752 771 189 28 föredraganden
962 771 37 21 för

238 811 102 22 häktade
355 818 111 21 personer
480 811 100 22 rörande
596 811 109 28 ärenden,
721 814 59 19 utan
796 811 8 22 i
820 811 79 22 stället
909 811 87 28 härför,

238 859 54 13 men
314 851 74 22 likväl
410 852 60 21 först
493 851 45 22 den
563 854 25 19 20
612 851 179 29 derpäföljande
815 851 56 28 Juli,
889 852 109 21 aflemnat

238 891 118 22 desamma
376 892 37 20 till
428 892 208 22 länebokhällaren
651 892 34 28 F.,
701 892 149 21 fördenskull
866 892 43 22 och
925 892 29 21 dä
963 892 34 27 F.,

239 938 37 14 om
299 932 47 20 han
369 932 43 21 ock
434 932 53 21 haft
509 932 8 21 i
540 932 108 29 uppdrag
671 934 36 19 att
729 932 9 22 i
762 932 167 28 sammanhang
945 932 53 21 med

237 972 158 28 utredningen
423 972 26 21 af
469 972 241 22 landträntmästaren
733 972 47 22 F.:s
804 972 129 28 tillgångar
960 972 38 21 till

238 1011 147 21 betäckando
408 1012 26 21 af
455 1012 163 28 ifrägakomna
639 1012 82 22 balans
737 1012 106 22 indrifva
859 1012 28 22 de
902 1013 9 21 i
925 1012 71 22 Kam-

237 1051 228 28 marexpeditionens
495 1052 155 21 förenämnda
680 1052 125 21 skrifvelse
837 1052 159 28 omförmälda,

237 1091 113 21 ränteriet
366 1091 178 22 tillkommande
560 1092 82 28 medel,
659 1092 52 22 icke
727 1092 54 22 bort
793 1092 37 22 för
841 1092 84 22 sädant
935 1093 62 27 syfte

237 1132 74 21 hafva
333 1132 84 22 behöft
439 1132 80 22 vidare
543 1136 29 18 än
596 1133 97 21 afskrift
716 1133 27 21 af
756 1133 242 28 Kammarexpeditio-

237 1179 58 14 nens
318 1172 73 28 sagda
414 1172 124 21 skrifvelse
561 1172 44 22 och
628 1173 115 21 Senatens
763 1173 85 27 utslag,
864 1180 53 14 men
933 1173 65 21 detta

238 1211 98 22 oaktadt
351 1212 100 22 behällit
466 1212 174 29 handlingarna
657 1213 61 21 ända
729 1212 39 22 till
780 1213 45 21 den
837 1216 11 18 7
861 1212 137 29 September

239 1254 54 20 1892
317 1254 60 19 samt
399 1252 281 22 vicelandssekreteraren
703 1253 36 27 H.,
764 1252 74 22 ehuru
853 1253 52 27 han,
923 1253 75 28 enligt

237 1294 54 26 eget
306 1292 173 29 medgifvande,
496 1293 142 21 ätminstone
653 1293 73 21 redan
743 1293 46 21 den
800 1295 26 19 24
837 1294 160 27 förutgängne

236 1332 104 28 Augusti
348 1332 54 22 haft
406 1332 133 22 kännedom
545 1333 79 21 derom
629 1335 35 19 att
669 1334 115 21 Senatens
790 1333 78 28 utslag
875 1333 43 21 och
924 1333 72 21 hand-

236 1372 110 29 lingarna
358 1373 9 21 i
379 1373 157 22 balansmälet
548 1374 98 22 anländt
653 1374 38 21 till
699 1373 175 29 länsstyrelsen,
883 1374 52 20 icke
944 1373 53 22 sökt

237 1412 155 22 omhänderfä
416 1414 118 21 desamma
556 1414 9 21 i
580 1414 111 22 afseende
707 1414 13 21 &
736 1414 46 21 den
798 1414 83 28 åtgärd
897 1414 38 21 för
949 1413 47 22 F.:s
