1095 1778
246 119 26 18 60
583 118 24 20 H

217 179 26 21 af
257 179 44 21 den
318 181 25 18 22
355 179 136 29 September
502 182 53 19 1888
564 180 38 21 till
610 179 153 22 fabrikanten
770 179 29 22 H.
809 179 122 22 öfverlätit
939 180 33 21 af-

216 219 206 28 verkningsrätten
441 220 35 21 till
494 220 46 22 alla
555 220 53 21 träd
625 221 27 20 af
665 220 9 21 i
688 220 139 21 kontraktet
841 221 131 28 uppgifven

216 259 87 22 storlek
312 259 53 22 från
374 261 155 21 omförmälda
537 260 140 29 Syrjäkoski
684 260 133 21 benämnda
822 260 149 28 skogsskifte,

216 300 8 21 i
236 300 113 21 anseende
359 301 103 28 hvartill,
475 301 44 22 och
530 301 29 22 dä
568 301 65 21 tiden
644 301 64 21 inom
718 300 97 22 hvilken
825 301 84 21 träden
918 301 54 21 bort

216 347 56 14 vara
296 341 126 21 afverkade
438 342 8 20 i
461 341 138 21 kontraktet
621 341 113 21 bestämts
756 341 38 21 till
812 341 120 29 utgängen
948 341 26 21 af

216 381 26 21 är
259 382 53 20 1892
329 383 59 19 samt
401 382 92 20 Anders
503 381 23 21 J.
538 382 84 20 erkänt
633 383 35 19 att
678 381 48 21 han
736 382 26 20 är
775 383 52 19 1891
839 380 134 22 förhindrat

216 420 29 21 H.
262 422 35 20 att
312 421 110 21 fortsätta
432 422 178 28 afverkningen,
622 421 164 21 häradsrätten
797 421 114 28 pröfvade
922 421 50 21 skä-

216 460 45 29 ligt
276 461 141 21 tillerkänna
432 462 28 21 H.
477 464 48 19 rätt
541 463 35 20 att
591 462 101 20 slutföra
706 461 164 28 ifrägakomna
881 461 93 21 afverk-

216 501 58 27 ning
289 501 74 21 under
379 504 33 18 ett
428 502 25 21 är
468 502 87 21 framät
570 502 57 21 eller
641 502 64 21 intill
721 501 44 21 den
779 503 8 19 1
800 501 100 21 Januari
912 503 59 26 1894,

217 541 56 21 eller
282 542 43 20 ock
333 542 84 29 ålägga
425 542 116 22 Katarina
548 543 27 21 A.
582 544 60 20 samt
650 542 98 28 Anders,
758 542 87 21 Michel
853 542 43 21 och
901 542 72 21 Matts

216 582 29 28 J.,
262 582 8 20 i
286 582 116 29 egenskap
420 584 26 20 af
459 583 87 21 Michel
559 583 137 21 Andersson
706 582 35 22 J:s
751 582 221 28 rättsinnehafvare,

217 624 35 19 att
266 626 145 24 gemensamt
427 624 56 21 eller
499 624 45 21 den
560 624 26 20 af
601 623 52 21 dem
664 630 50 14 som
724 622 103 29 tillgång
838 622 57 28 egde
906 622 66 28 godt-

216 666 58 25 göra
288 663 29 21 H.
340 664 82 21 värdet
445 664 26 21 af
492 663 191 29 ofvanuppgifna
698 663 65 21 antal
779 663 52 21 träd
847 662 52 22 med
915 670 57 14 sam-

216 703 122 28 manlagdt
355 706 60 25 1,156
432 704 71 28 mark,
518 704 73 28 jemte
607 704 39 21 det
661 704 118 21 Katarina
791 704 28 20 A.
831 703 44 21 och
885 703 87 21 hennes

216 743 133 28 medparter
371 744 127 22 förklarats
521 744 109 29 skyldige
654 746 35 19 att
704 745 87 20 ersätta
806 744 29 21 H.
851 744 38 21 för
903 745 70 19 rätte-

216 784 208 28 gängskostnaden
447 785 43 21 och
514 786 35 19 att
563 785 9 20 i
587 784 85 22 sådant
696 784 109 21 afseende
828 783 37 21 till
887 783 85 22 honom

216 824 94 28 utgifva
326 826 26 19 30
367 825 77 26 mark;
461 825 55 21 derä
531 825 111 28 Wiborgs
658 824 96 25 hofrätt,
771 824 95 21 hvarest
881 823 91 22 Anders

216 863 29 28 J.,
262 864 74 29 enligt
351 865 175 21 häradsrättens
543 865 131 28 anvisning,
691 865 7 20 i
714 865 144 28 besvärsväg
871 863 53 22 sökt
935 867 39 18 än-

217 903 69 28 dring
301 904 9 20 i
325 904 72 28 sagda
420 905 78 28 utslag
517 905 99 21 medelst
635 905 45 21 den
701 907 25 19 14
742 904 68 28 April
829 906 52 19 1893
897 903 76 28 gifvet

216 943 79 28 utslag
318 944 35 28 sig
375 944 94 29 yttrade
492 945 44 21 och
551 945 59 21 fann
626 945 72 21 saken
713 944 53 22 med
783 944 108 21 afseende
907 944 14 21 å
936 943 38 22 be-

216 983 163 23 skaffenheten
403 985 27 21 af
446 985 151 22 fabrikanten
613 985 42 22 H:s
671 985 49 21 deri
735 985 96 21 utförda
846 983 126 29 pästäende

216 1025 85 27 utgöra
316 1025 84 21 sådant
415 1025 125 28 tvistemål,
557 1033 49 13 som
622 1025 7 21 i
641 1025 46 21 den
696 1029 48 24 väg
754 1025 40 21 det
804 1024 37 21 till
852 1024 120 21 hofrätten

216 1064 125 21 inkommit
355 1065 52 21 icke
422 1065 78 21 kunde
515 1065 39 21 till
568 1065 114 29 pröfning
697 1067 123 26 upptagas,
835 1067 59 18 samt
909 1064 64 21 anvi-

217 1104 55 21 sade
287 1104 64 29 förty
365 1104 93 22 Anders
473 1105 21 22 J.
512 1107 35 19 att
562 1105 8 21 i
585 1104 149 29 vederbörlig
750 1104 101 28 ordning
862 1104 61 21 emot
934 1103 40 21 hä-

216 1144 145 22 radsrättens
379 1145 79 28 utslag
477 1145 96 29 erlägga
587 1145 53 28 vad,
656 1145 130 28 hvarjemte
801 1144 122 21 hofrätten
937 1143 35 21 uti

216 1185 211 22 remissresolution
435 1186 38 21 för
483 1193 88 14 samma
582 1185 46 29 dag
639 1185 85 22 aktade
734 1185 84 28 nödigt
829 1184 144 21 öfverlemna

216 1225 173 28 handlingarna
411 1225 38 22 till
469 1225 287 22 advokatfiskalsembetet
775 1225 37 21 för
828 1223 145 22 anställande

216 1265 26 20 af
257 1265 45 21 den
317 1265 71 29 talan,
405 1266 96 21 hvartill
517 1266 232 27 omständigheterna
765 1264 144 22 föranledde.

286 1306 54 21 Med
363 1306 168 22 föranledande
547 1307 71 21 häraf
631 1307 73 27 ansäg
720 1305 202 22 advokatfiskalen
938 1304 36 29 sig

216 1345 58 21 böra
289 1346 118 28 anmärka,
425 1348 35 19 att
475 1346 74 21 ehuru
564 1346 40 21 det
620 1346 27 21 af
660 1345 153 22 fabrikanten
828 1345 29 21 E.
873 1344 36 21 till
921 1343 52 22 stöd

216 1386 38 21 för
268 1386 59 21 hans
343 1387 128 27 pästäende
487 1387 130 28 äberopade
635 1387 44 20 och
689 1386 38 22 till
736 1385 165 22 häradsrätten
911 1385 9 20 i
931 1384 43 21 ori-

214 1426 67 27 ginal
304 1426 93 28 ingifna
419 1427 112 21 kontrakt
555 1427 26 21 af
602 1427 45 21 den
667 1428 26 20 22
713 1426 137 28 September
870 1427 54 20 1888
939 1427 36 19 ut-
