1098 1756
106 1183 92 38 Åtgärder

106 1223 94 22 angående

104 1250 100 19 bankhuset

89 1279 33 18 och
133 1280 82 18 kontors-

104 1307 99 19 lokalerna.

259 130 28 20 20

230 199 51 19 utan
300 198 141 27 nyssnämnda
460 198 266 28 förvaltningsskyldighet,
742 199 84 21 hvilken
842 198 7 20 i
864 198 75 21 sådant
953 198 36 21 fall

230 232 120 21 ankommer
373 232 12 21 å
408 232 138 28 deponenten.
575 233 224 27 Depositionsafgiften
821 233 118 21 bestämdes
959 233 31 20 att

230 268 75 26 utgöra
326 273 37 21 per
385 267 22 21 är
429 267 32 21 för
485 268 106 26 förvaring
610 268 51 20 utan
681 267 258 27 förvaltningsskyldighet
957 267 33 26 !/2

230 302 85 26 procent
337 303 55 19 samt
410 302 31 20 för
461 302 107 27 förvaring
583 302 48 21 med
647 302 57 27 dylik
719 302 121 28 skyldighet
857 302 34 27 !/i0
905 303 84 26 procent

230 335 24 21 af
266 335 26 21 de
307 336 129 27 deponerade
453 336 168 28 värdepapprens
636 336 7 21 i
659 336 209 28 depositionsbeviset
883 338 106 26 upptagna

231 370 62 20 värde
316 370 7 20 i
345 370 82 21 landets
449 371 67 27 mynt,
536 370 97 27 jemnadt
655 370 32 22 för
710 371 71 21 brutet
800 371 29 21 tal
848 370 33 21 till
897 372 92 19 närmast

231 404 65 26 högre
310 404 112 21 hundratal
437 405 67 27 mark,
520 405 39 21 och
574 405 80 21 betalas
671 405 65 27 sagda
752 405 66 27 afgift,
830 406 52 20 utan
893 405 96 21 afseende

231 438 25 27 på
279 438 183 27 förvaringstidens
486 439 71 27 längd,
581 439 6 20 i
610 439 35 21 det
668 439 56 21 förra
747 439 59 21 fallet
828 439 33 20 för
875 439 64 20 minst
955 445 34 15 sex

230 473 100 20 månader
352 474 55 20 samt
429 474 35 20 vid
487 474 108 27 förvaring
613 474 49 21 med
681 473 260 28 förvaltningsskyldighet
958 473 31 21 för

230 507 65 20 minst
316 508 31 20 ett
369 508 28 20 år.
426 508 47 21 Den
494 508 96 27 gällande
610 508 82 21 tariffen
708 508 33 21 för
756 509 25 20 de
795 509 71 20 slutna
881 507 109 28 depositio-

231 547 72 19 nerna,
320 542 114 27 utgörande
450 543 13 20 3
481 543 59 21 mark
555 543 32 20 för
603 549 26 14 en
644 543 95 21 kubikfot
755 543 56 20 samt
826 542 32 21 för
873 542 70 27 hvarje
953 543 37 20 ku-

230 575 66 22 bikfot
315 575 117 23 derutöfver
453 578 9 20 1
480 577 59 21 mark
555 577 28 22 50
598 577 64 27 penni
677 577 6 20 i
698 577 113 26 månaden,
827 577 102 20 bibehölls
945 577 44 20 der-

231 611 56 20 emot
309 611 124 21 oförändrad
455 611 6 21 i
481 611 70 27 öfrigt,
570 611 91 22 förutom
684 613 32 20 alt
734 611 206 27 förvaringsafgiften
959 611 30 21 för

230 645 70 21 slutna
322 645 103 24 konvolut,
448 653 45 14 som
513 646 66 27 enligt
597 646 50 21 derå
665 646 59 27 gjord
743 646 128 27 anteckning
885 646 104 21 innehålla

231 680 130 25 testamente,
378 680 96 21 kontrakt
490 681 50 20 eller
555 681 127 26 handlingar
697 681 23 20 af
730 680 100 21 liknande
841 680 148 24 beskaffenhet,

230 713 119 22 bestämdes
365 715 31 20 till
412 715 27 21 25
455 715 58 21 mark
528 715 8 20 i
551 716 30 20 ett
596 715 33 21 för
644 715 43 27 allt,
705 715 116 21 oberoende
837 715 23 20 af
866 714 124 27 förvarings-

230 747 64 22 tiden.
323 748 43 21 Och
390 755 45 15 som
457 749 37 22 hos
513 749 193 28 Bankfullmäktige
725 749 60 28 fråga
801 749 69 21 blifvit
884 749 61 21 väckt
959 750 31 20 att

230 782 128 21 beträffande
382 783 94 22 vilkoren
494 783 32 21 för
545 783 25 22 de
586 784 71 21 slutna
673 784 168 27 depositionerna
854 783 77 27 jemväl.
947 783 44 21 vid-

230 817 50 26 taga
302 816 39 21 den
364 817 126 28 förändring,
506 819 32 20 att
560 818 99 21 Bankens
682 818 136 27 ansvarighet
837 817 32 22 för
885 817 106 22 desamma

230 851 67 21 blefve
316 851 33 21 till
364 853 30 20 ett
408 852 52 21 visst
474 853 161 27 maximibelopp
651 853 124 26 begränsad,
791 858 50 15 men
857 852 133 21 Direktionen

231 885 90 21 önskade
344 886 42 21 låta
408 887 85 20 dermed
508 887 61 21 anstå
588 887 55 21 intill
659 887 47 21 dess
722 887 121 21 erfarenhet
858 886 84 21 vunnits
957 893 33 14 om

230 919 84 22 hvilken
334 920 100 22 inverkan
457 921 40 21 den
516 921 127 21 förändrade
666 921 146 27 anordningen
835 921 23 21 af
879 921 25 20 de
923 921 68 26 öppna

231 953 166 27 depositionerna
416 955 81 21 komme
513 956 31 20 att
559 955 72 21 utöfva
646 956 26 27 på
687 956 26 20 de
729 956 72 20 slutna
817 955 172 27 depositionerna,

230 988 115 21 anmodade
368 988 192 28 Bankfullmäktige
583 990 136 21 Direktionen
743 991 32 19 att
799 989 6 21 i
828 989 68 21 sinom
914 988 28 21 tid
959 988 31 21 till

229 1022 139 28 Fullmäktige
392 1023 78 27 afgifva
488 1024 77 26 förslag
583 1024 34 21 till
635 1024 123 27 förändring
773 1024 8 20 i
796 1022 126 28 nyssantydt
937 1022 52 28 syfte

230 1056 23 20 af
266 1056 184 28 bestämningarna
465 1064 34 15 om
514 1058 25 21 de
555 1058 71 21 slutna
641 1058 175 28 depositionerna.

575 1145 12 27 8
605 1145 32 21 17.

297 1196 36 21 Uti
349 1196 107 21 skrifvelse
472 1196 31 21 till
518 1197 191 27 Bankfullmäktige
725 1197 33 21 för
774 1196 41 21 den
833 1197 27 21 15
875 1196 41 27 Maj
933 1196 54 22 1894

229 1229 97 21 framhöll
341 1232 71 20 senast
428 1230 125 22 församlade
565 1231 100 21 Ständers
676 1232 144 20 Bankutskott
830 1231 101 21 hurusom
941 1231 48 21 Fin-

228 1264 60 21 lands
303 1264 71 22 Banks
389 1265 121 21 kassahvalf
523 1266 38 20 och
576 1265 165 27 förvaringsrum
757 1265 33 21 för
806 1265 139 27 depositioner
961 1265 29 21 äf-

228 1304 86 15 vensom
329 1298 35 22 det
379 1299 21 21 åt
416 1300 138 20 kontrollören
570 1300 101 27 upplåtna
685 1300 94 20 rummet
794 1299 8 21 i
813 1299 176 27 sedeltryckerilo-

228 1332 62 21 kalen
312 1334 58 25 synts
394 1333 106 21 Utskottet
522 1334 45 20 icke
586 1334 86 27 erbjuda
691 1334 128 26 fullständig
835 1334 96 20 säkerhet
945 1336 43 19 mot

228 1367 31 20 ett
280 1367 82 27 möjligt
383 1368 79 21 inbrott
475 1369 64 29 samt
558 1368 153 21 öfverlemnade
732 1368 33 21 till
785 1368 203 27 Bankfullmäktiges

227 1401 139 27 bepröfvande
385 1402 103 21 huruvida
505 1402 45 21 icke
569 1402 46 21 skäl
634 1409 47 15 vore
697 1402 121 21 förhanden
831 1403 31 19 att
877 1402 52 21 efter
943 1403 46 21 sak-

227 1435 102 27 kunniges
345 1436 92 21 hörande
453 1436 83 28 vidtaga
551 1437 26 21 de
593 1437 102 27 åtgärder,
713 1443 46 15 som
775 1436 70 21 kunde
862 1442 60 15 anses
937 1437 51 21 nöd-

227 1464 90 32 vändiga
335 1470 32 21 till
386 1470 107 21 hvalfvens
512 1471 37 21 och
569 1471 66 26 öfriga
655 1470 140 22 omförmålda
810 1470 89 21 lokalers
915 1470 73 22 försät-
