1067 1686
400 134 28 22 U.
445 135 27 22 B.
489 148 26 2 —
532 134 34 22 11.
849 138 11 17 5

113 208 72 26 frägas
207 208 118 26 utredning
346 209 111 19 dessutom
478 208 70 20 skulle
568 208 78 20 kräfva
662 214 27 14 en
706 208 37 22 tid,
760 214 47 14 som
825 214 38 14 nu-

114 250 61 14 mera
191 244 48 20 icke
255 246 45 18 stär
316 245 109 19 Utskottet
441 245 32 19 till
489 245 60 19 buds.

184 280 144 25 Uppgifterna
343 281 6 18 i
366 281 66 19 slutet
447 280 24 20 af
484 280 147 20 förevarande
647 281 118 19 berättelse
783 286 36 13 om
836 280 26 19 de

114 315 69 20 under
201 317 54 18 åren
273 318 143 18 1874—1895
437 316 139 20 behandlade
593 317 44 18 mål
654 317 40 19 och
711 316 98 20 ärenden
825 321 38 14 an-

114 352 85 25 gäende
223 352 85 19 skilnad
331 352 7 19 i
362 353 120 24 äktenskap
506 352 67 20 hafva
594 352 35 19 vid
650 352 185 20 remissdebatten
857 351 6 19 i

114 388 83 20 Preste-
222 389 41 18 och
285 389 171 19 Bondeständen
478 388 62 26 gifvit
562 387 122 26 anledning
699 388 33 19 till
748 387 115 26 yrkanden

114 425 32 17 att
171 424 153 25 Lagutskottet
346 424 67 20 borde
433 425 51 24 taga
501 425 74 19 denna
590 424 63 25 fräga
669 424 6 19 i
692 423 170 26 öfvervägande.

114 459 109 20 Utskottet
243 460 41 19 har
305 460 55 19 dock
375 459 48 20 haft
438 461 32 18 att
485 460 87 25 förfoga
588 458 101 29 öfverZsä
705 460 50 19 kort
775 459 31 20 tid
822 459 41 20 och

115 496 24 18 sä
153 495 64 26 ringa
233 496 100 19 material
349 497 32 19 att
395 496 110 20 Utskottet
520 496 48 20 icke
584 497 85 18 kunnat
685 496 52 25 ingå
753 496 6 19 i
771 501 28 14 en
810 501 53 19 nog-

115 536 109 20 grannare
245 532 135 25 behandling
400 532 25 19 af
439 533 73 19 denna
528 532 68 25 fräga.
629 533 52 19 Men
698 532 110 19 Utskottet
824 531 40 19 har

114 566 47 20 icke
180 567 85 20 kunnat
280 567 75 20 lemna
371 567 117 20 obeaktadt
504 569 38 21 att,
562 569 72 18 säsom
657 567 148 20 Prokuratorn
827 567 36 24 pä-

115 603 72 24 pekat,
207 608 28 15 en
251 603 83 26 ökning
350 603 23 20 af
387 604 83 19 antalet
488 603 245 25 äktenskapsskilnader
749 604 28 23 pä
793 601 71 27 grund

115 638 24 19 af
153 639 88 24 dispens
257 641 36 24 egt
309 645 54 14 rum.
396 640 38 19 Att
450 640 108 19 missbruk
574 640 6 19 i
597 639 59 20 detta
673 639 104 20 afseende
793 639 70 20 skulle

115 673 146 25 förekommit,
278 675 97 26 framgår
391 675 54 20 dock
461 675 47 20 icke
525 675 25 20 af
562 676 161 19 Prokuratorns
738 675 124 20 berättelse.

114 711 53 18 Men
178 711 28 19 då
217 711 180 24 dispenserandet
407 711 66 20 likväl
482 712 64 25 utgör
557 713 31 18 ett
600 711 114 25 undantag
726 710 49 20 från
786 711 78 24 lagens

115 747 165 26 bestämningar
296 748 41 19 och
353 747 73 25 dylika
445 748 115 25 undantag
576 747 60 20 alltid
652 748 54 19 böra
723 747 70 20 sävidt
809 746 54 24 möj-

115 782 39 25 ligt
177 783 114 23 undvikas,
315 784 40 19 har
379 789 28 14 en
428 783 35 20 del
483 783 145 20 medlemmar
644 783 6 19 i
666 783 110 20 Utskottet
791 783 74 19 ansett

116 818 35 19 det
171 818 95 25 förtjena
282 821 33 18 att
334 821 63 23 tagas
417 819 71 20 under
504 819 170 25 öfvervägande,
691 819 108 20 huruvida
816 819 47 19 icke

116 854 25 19 de
158 854 6 19 i
181 855 76 19 ämnet
272 855 102 25 gällande
390 855 234 25 lagbestämningarna
643 855 66 19 borde
727 854 83 20 derhän
827 854 37 19 än-

116 889 55 24 dras,
193 892 32 18 att
241 891 84 19 antalet
340 890 44 24 fall,
402 891 39 19 der
456 891 67 25 lagen
538 891 81 20 tillåter
636 889 227 26 äktenskapsskilnad,

116 925 68 20 skulle
203 926 59 21 ökas,
296 927 31 19 En
343 932 82 14 .annan
450 927 34 20 del
508 928 40 19 har
570 927 57 19 varit
650 926 24 20 af
695 927 42 19 den
760 926 57 25 åsigt
833 927 32 19 att

116 962 111 20 Utskottet
243 962 78 20 endast
336 963 70 19 skulle
422 963 69 20 uttala
508 963 179 19 önskvärdheten
703 962 63 20 deraf
780 963 32 18 att
828 962 36 19 be-

115 997 107 24 viljandet
237 998 25 19 af
275 998 69 20 sådan
361 999 87 24 dispens
458 999 68 20 borde
537 1000 25 19 så
572 999 46 19 vidt
630 999 85 24 möjligt
726 998 136 20 inskränkas.

115 1033 112 24 Derjemte
245 1034 37 19 vill
298 1035 109 19 Utskottet
422 1034 68 20 hafva
506 1035 43 20 den
565 1035 149 24 förhoppning
729 1033 91 23 uttalad,
833 1035 32 18 att

116 1069 147 20 Prokuratorn
280 1070 6 19 i
303 1070 33 20 sin
352 1071 64 19 nästa
431 1071 117 19 berättelse
565 1071 51 19 ville
633 1075 56 20 egna
706 1069 92 20 särskild
812 1075 52 19 upp-

116 1105 151 21 märksamhet
282 1108 23 17 åt
321 1107 72 19 denna
409 1106 68 26 fråga.

188 1141 107 27 Slutligen
317 1142 39 20 har
375 1143 110 19 Utskottet
502 1143 18 24 ej
538 1144 74 18 ansett
627 1142 33 26 sig
675 1142 54 20 böra
745 1141 51 20 med
811 1142 53 24 tyst-

117 1178 42 19 nad
176 1178 86 25 förbigå
278 1178 43 20 den
337 1178 192 26 omständigheten
546 1180 32 18 att
594 1178 6 20 i
618 1178 26 20 de
660 1178 35 19 vid
711 1177 153 20 remissdebat-

116 1215 37 18 ten
174 1214 7 19 i
201 1214 165 20 Bondeståndet
381 1214 85 26 afgifna
482 1215 134 25 yttrandena
631 1214 90 20 uttalats
737 1215 32 19 att
783 1213 82 19 Proku-

116 1251 86 18 ratorns
223 1250 117 20 berättelse
361 1250 48 20 bort
427 1251 113 19 innehålla
556 1252 68 24 något
639 1250 113 19 utlåtande
768 1249 6 19 i
791 1248 74 21 anled-

116 1286 54 25 ning
191 1285 24 20 af
234 1286 27 19 de
282 1286 77 20 talrika
380 1287 118 24 klagomål,
515 1292 48 14 som
579 1286 49 19 från
645 1286 42 20 den
704 1284 161 21 finskatalande

116 1322 163 20 allmänhetens
295 1322 53 23 sida,
365 1322 101 20 särskildt
482 1322 7 20 i
505 1322 148 26 tidningarna,
669 1322 106 24 försports
785 1320 80 20 beträf-

117 1358 74 19 ffande
217 1357 111 21 förmenta:
359 1358 168 20 öfverträdelser
558 1358 24 20 af
606 1357 257 26 spräkförfattningarna.

116 1394 110 19 Utskottet
241 1394 40 19 har
297 1394 56 19 dock
368 1394 47 19 icke
431 1394 86 19 kunnat
532 1394 69 19 inläta
617 1394 33 25 sig
665 1395 28 23 pä
709 1394 31 19 ett
756 1392 109 25 sakenligt

116 1429 139 20 bedömande
278 1429 25 20 af
323 1429 58 20 detta
406 1429 146 23 förhällande,
577 1430 53 19 enär
653 1429 110 20 Utskottet
786 1428 80 19 saknat

188 1475 137 23 Lagutskotteis
338 1475 114 18 betänkande
466 1474 36 19 N:o
515 1475 27 18 14.
