1092 1770
348 140 27 23 G.
390 140 28 22 B.
439 152 22 3 —
477 139 182 22 III-XXXIIL

404 443 245 23 Statsutskottets
684 442 202 23 betänkande

333 477 43 23 N:o
388 477 15 23 2
414 477 9 22 i
434 477 133 28 anledning
575 477 28 22 af
607 477 279 28 Finansexpeditionens

334 512 10 22 i
367 511 138 29 Kejserliga
530 511 104 23 Senaten
655 511 41 22 för
715 511 108 22 Finland
844 510 42 23 till

336 545 138 24 Ständerna
500 545 94 28 afgifna
620 545 106 23 relation
752 552 40 17 om
815 546 71 22 stats-

335 580 99 23 verkets
449 580 123 23 tillstånd.

197 655 91 21 Jämlikt
302 655 26 21 27
345 655 12 28 $
372 655 8 20 i
394 655 98 28 gällande
508 654 202 29 landtdagsordning
724 654 38 21 har
776 653 33 22 till
824 653 62 22 Stän-

129 689 65 22 derna
209 689 150 22 öfverlämnats
374 697 27 13 en
416 689 23 21 af
453 689 229 28 Finansexpeditionen
696 689 8 20 i
718 688 121 29 Kejserliga
849 687 38 22 Se-

129 727 63 18 naten
214 723 34 21 för
270 723 91 21 Finland
381 723 42 21 den
441 724 13 20 3
470 723 95 21 sistlidne
581 723 94 21 februari
689 723 95 28 afgifven
799 722 88 21 relation

128 765 36 14 om
183 757 139 22 statsverkets
341 757 102 27 tillständ,
464 757 131 22 omfattande
615 757 195 28 kapitalräkningar
827 755 61 22 öfver

129 795 63 18 stats-
214 792 40 21 och
286 791 189 22 =militie-fonderna
497 791 34 22 för
553 791 49 22 åren
618 792 62 26 1892,
696 792 54 21 1893
765 791 42 22 och
828 791 61 25 1894,

130 827 126 21 summarisk
277 827 89 28 räkning
386 826 61 22 öfver
466 826 105 21 allmänna
591 826 132 21 statsfonden
740 825 35 22 för
793 825 24 21 är
833 825 54 21 1895

129 862 66 27 jämte
216 861 34 21 till
270 861 62 21 dessa
354 861 112 27 räkningar
486 860 93 22 hörande
594 860 132 28 jämförande
740 859 88 27 tabläer,
843 859 45 21 kal-

131 895 37 28 kyl
189 895 61 21 öfver
272 894 140 29 tillgångarna
433 895 8 21 i
463 894 105 22 allmänna
593 894 132 22 statsfonden
753 894 34 21 för
813 893 75 22 bestri-

130 929 70 22 dande
221 929 23 21 af
265 932 60 18 extra
345 929 89 28 utgifter
455 932 58 18 utom
528 932 43 18 stat
584 929 67 21 under
665 928 104 30 loppet
746 924 26 38 af
785 928 23 22 är
828 928 61 26 1896,

131 964 90 28 räkning
250 963 61 22 öfver
340 963 105 21 allmänna
473 963 160 21 militiemedlen
663 963 34 21 för
729 962 50 22 åren
805 963 83 21 1893—

132 999 56 20 1895
204 998 64 28 jämte
286 998 34 20 till
341 997 66 29 sagda
429 997 89 29 räkning
540 997 93 21 hörande
651 1000 73 18 trenne
739 997 88 27 tablåer,
841 996 48 22 räk-

132 1033 51 27 ning
205 1032 61 21 öfver
288 1032 305 28 krigsmanshuskassamedlen
611 1032 34 21 för
672 1031 50 22 åren
742 1032 147 26 1893—1895,

131 1066 135 28 statsförslag
288 1066 34 21 för
343 1066 24 21 år
389 1067 55 20 1896
466 1066 61 21 öfver
546 1066 106 21 allmänna
669 1069 62 19 stats-
747 1069 55 18 samt
816 1066 73 28 fattig-

131 1101 42 21 och
200 1100 219 27 arbetshusfonderna,
445 1100 211 28 bevillningsmedlen
680 1100 40 22 och
744 1100 145 22 kommunika-

130 1134 137 22 tionsfonden
296 1134 108 22 äfvensom
428 1134 161 27 militiefonden,
613 1135 195 29 kapitalräkningar
829 1134 61 22 öfver

132 1169 272 21 kommunikationsfonden
432 1169 34 21 för
490 1169 59 21 åren.
565 1170 141 20 1893—1895
732 1170 64 28 jämte
819 1168 71 22 därtill

132 1203 94 21 hörande
240 1203 132 29 jämförande
387 1203 87 27 tablåer,
490 1204 111 20 relationer
616 1203 34 21 för
665 1204 65 28 sagda
744 1204 23 20 år
781 1203 109 29 angående

132 1237 193 27 bränvinsskatten,
340 1237 293 28 bevillningsmedelsfonden,
647 1237 79 22 fonden
737 1237 34 22 för
779 1238 111 28 pensione-

133 1272 47 27 ring
195 1271 23 22 af
238 1271 109 22 städernas
362 1271 160 22 folkskollärare
540 1271 40 22 och
595 1272 120 26 lärarionor,
730 1272 161 28 lagmanstings-

132 1305 195 28 gästningsfonden,
350 1305 140 22 statsverkets
512 1305 164 29 utlåningsfond,
696 1306 195 28 undsättningsfon-

128 1339 48 21 den
190 1339 40 21 och
246 1340 138 21 statsverkets
400 1340 130 26 reservfond,
544 1340 88 20 relation
647 1339 108 29 angående
767 1340 73 28 fattig-
850 1340 40 21 och

132 1373 192 22 arbetshusfonden
336 1374 35 21 för
385 1374 50 21 åren
451 1375 147 25 1892—1894,
613 1373 88 22 relation
715 1374 108 28 angående
834 1374 27 21 de
868 1374 23 21 af

134 1408 129 21 statsverket
276 1408 78 21 inlösta
368 1408 190 28 donationsgodsen
573 1409 8 20 i
590 1408 95 28 Viborgs
699 1408 40 21 och
754 1408 31 21 St.
799 1408 92 22 Michels

132 1442 37 20 län
191 1442 35 20 för
245 1442 50 21 ären
317 1443 147 25 1893—1895,
482 1442 88 21 relation
585 1450 34 13 om
634 1442 147 27 statsskulden,
796 1443 95 27 general-

204 1487 144 18 Statsutskottets
360 1488 111 18 betänkande
483 1488 37 17 N:o
532 1488 18 17 2.
