1095 1792
253 112 26 20 68
590 111 24 21 I

224 173 126 28 styrelsens
376 174 179 28 handläggning
581 174 26 21 af
628 174 38 22 T:s
690 173 136 22 förberörda
849 173 41 21 der
913 173 67 21 förda

224 213 87 28 klagan
336 214 66 21 öfver
428 214 125 22 omordade
579 214 135 28 utmätning
739 214 79 21 utföra
842 214 45 21 den
909 213 71 27 talan,

224 252 96 22 hvartill
336 254 41 28 fog
393 254 78 22 kunde
487 255 134 21 förefinnas.

293 294 45 20 Vid
353 295 146 28 granskning
516 295 27 20 af
556 294 180 29 länsstyrelsens
752 294 109 28 åtgärder
871 294 8 21 i
891 295 90 20 föreva-

224 332 72 21 rande
324 334 84 21 ärende
436 335 59 21 fann
521 335 203 21 advokatfiskalen
748 335 232 28 guvernörsembetet

224 373 72 22 hafva
312 374 94 22 förfarit
423 375 98 28 oriktigt
537 375 148 28 derutinnan,
698 377 35 20 att
743 375 237 29 guvernörsembetet,

224 413 97 22 oaktadt
344 419 147 23 guvernören
513 415 9 21 i
545 415 64 21 länet
631 415 35 21 uti
690 415 128 22 resolution
842 415 25 21 af
889 415 46 20 den
955 417 25 19 26

224 453 137 28 September
386 457 51 19 1891
459 455 98 21 beslutit
573 455 72 21 bland
662 458 72 19 annat
748 455 107 21 infordra
870 455 112 21 vederbö-

223 494 73 21 rande
307 494 201 29 fordringsegares
519 495 132 28 förklaring
662 495 8 22 i
680 495 127 29 anledning
816 495 26 21 af
849 495 38 21 T:s
895 495 87 28 ifråga-

223 534 86 21 komna
324 534 93 29 klagan,
434 535 136 28 sedermera,
587 537 56 20 utan
660 538 35 19 att
706 535 219 29 fordringsegarene
937 535 45 21 slik

224 574 132 29 förklaring
375 575 98 29 afgifvit
489 576 56 21 eller
561 583 40 14 ens
617 576 79 21 utredt
711 575 82 22 blifvit
809 577 34 20 att
860 575 51 21 dem
927 575 55 22 lem-

223 617 53 19 nats
302 615 37 21 del
363 616 26 21 af
410 616 73 29 sagda
506 617 88 28 klagan
617 617 43 21 och
684 616 96 22 tillfälle
803 619 34 18 att
859 618 64 27 yttra
946 616 36 27 sig

223 655 99 21 rörande
345 655 145 30 riktigheten
514 657 26 20 af
562 656 28 21 de
613 657 53 21 utaf
680 657 25 21 T.
722 657 8 20 i
746 656 147 21 förestående
909 657 73 20 måtto

223 695 132 28 åberopade
372 697 98 28 qvitton,
488 697 83 21 skridit
588 697 36 21 till
640 697 108 22 ärendets
761 697 128 28 afgörande
902 697 81 20 äfven-

224 742 50 14 som
297 735 81 22 dervid
393 737 102 28 upphäft
510 737 154 22 förenämnda
681 739 124 26 segvester,
823 737 72 21 ehuru
911 736 72 21 saken

223 775 112 22 förvisats
351 777 37 20 till
404 777 100 22 domstol
515 777 73 22 bland
600 780 72 19 annat
682 777 147 22 beträffande
841 777 142 21 extralands-

222 815 131 22 kanslisten
368 817 34 21 J:s
419 818 101 27 anspräk
535 819 30 26 pä
581 818 85 21 arvode
683 819 37 20 för
730 817 176 28 utmätningens
917 817 67 22 verk-

223 855 122 28 ställande,
361 856 91 22 hvilket
469 857 91 28 arvode,
577 857 76 21 derest
669 857 135 28 detsamma,
821 858 75 20 säsom
908 857 76 22 seder-

222 902 64 14 mera
309 896 113 28 inträffat,
447 897 41 21 hos
505 898 25 20 T.
547 897 129 28 utdömdes,
693 898 53 20 bort
762 904 27 14 ur
805 897 82 21 värdet
904 898 26 20 af
944 897 40 21 det

222 938 101 19 utmätta
345 939 101 26 uttagas.
477 938 12 20 I
513 938 115 21 anseende
644 938 86 28 härtill,
748 937 43 21 och
807 944 49 14 som
873 938 111 20 advokat-

223 975 100 22 fiskalen
339 978 73 27 ansäg
429 978 123 21 anmärkta
563 978 33 21 fel
607 980 84 19 stanna
702 978 281 21 vicelandssekreteraren

222 1016 36 27 N.,
276 1017 29 27 pä
321 1017 69 21 hvars
407 1018 170 28 föredragning
593 1018 244 28 guvernörsembetets
848 1018 135 20 förberörda

222 1056 80 28 utslag
318 1057 26 20 af
359 1056 45 22 den
423 1060 24 18 17
464 1058 132 21 November
615 1060 50 19 1891
684 1058 92 27 fattats,
793 1065 78 13 ensam
884 1058 37 20 till
932 1058 51 26 last,

221 1097 27 25 ty
263 1096 90 27 yrkade
369 1096 204 22 advokatfiskalen
589 1105 85 14 ansvar
690 1098 13 21 å
718 1098 28 21 N.
760 1097 75 28 enligt
848 1099 23 19 12
884 1098 11 26 $
910 1099 8 19 1
932 1097 52 27 kap.

221 1135 27 21 R.
273 1136 34 28 B.,
330 1136 102 22 hvarhos
454 1137 200 22 advokatfiskalen
670 1138 38 21 till
723 1137 133 22 hofrättens
872 1136 113 29 pröfning

220 1176 182 29 Ofverlemnade,
414 1177 116 22 huruvida
540 1178 52 21 icke
602 1178 108 21 vittnena
720 1178 8 21 i
740 1178 72 21 ofvan
823 1178 102 21 nämnda
938 1178 47 20 mål

221 1215 45 21 och
283 1216 266 22 extralandskanslisten
564 1218 22 21 J.
599 1218 71 21 borde
682 1218 90 22 lemnas
783 1218 97 21 tillfälle
892 1220 35 19 att
937 1220 49 19 mot

219 1255 284 23 vicelandssekreteraren
521 1258 27 21 N.
567 1261 57 25 göra
640 1258 28 22 de
685 1258 298 29 ersättningspästäenden,

219 1294 98 23 hvartill
337 1296 34 28 de,
391 1297 54 21 med
464 1298 91 28 hänsyn
571 1298 36 21 till
623 1298 63 22 hvad
702 1298 283 22 vicelandssekreteraren

219 1334 29 22 N.
272 1335 8 21 i
302 1338 209 26 nyssomförmäldt
534 1338 111 22 afseende
666 1338 141 28 tilltäknats,
824 1338 161 28 tilläfventyrs

219 1375 81 22 kunde
316 1384 55 14 anse
388 1378 37 27 sig
442 1378 123 28 befogade.
