1098 1728
385 152 30 23 U.
430 152 27 23 B.
475 165 28 3 —
516 153 100 21 XXXIV.
862 153 26 20 27

130 216 49 21 tion
197 216 43 21 har
259 216 133 26 visserligen
411 216 73 27 aldrig
499 216 60 21 varit
574 215 136 22 förhindrad
726 218 33 19 att
774 216 66 21 ställa
856 215 34 27 sig

128 251 8 20 i
159 250 138 21 förbindelse
321 250 52 21 med
389 257 28 14 en
437 251 55 20 eller
506 257 79 14 annan
601 251 25 20 af
639 250 207 28 privatbankernas
862 251 28 20 le-

130 285 76 20 dande
228 286 55 19 män
306 285 35 20 för
363 287 32 18 att
418 285 7 20 i
441 285 191 21 förekommande
648 285 39 20 fall
704 285 105 20 inhämta
824 285 66 21 deras

130 319 99 26 mening.
250 319 65 21 Dock
331 319 72 21 mäste
419 319 80 27 dylika
514 319 106 21 enskilda
635 319 203 27 meningsutbyten
848 319 42 20 till-

131 354 74 20 mätas
227 359 28 15 en
278 353 54 21 vida
354 353 92 21 mindre
462 353 117 27 betydelse
595 354 31 20 än
642 353 211 21 sammankomster
868 352 25 20 af

131 394 33 14 nu
185 387 97 22 berörda
305 388 55 26 slag,
382 387 40 22 vid
442 387 80 22 hvilka
538 390 183 25 representanter
736 387 35 22 för
786 386 105 27 samtliga

131 422 89 21 banker
240 422 209 21 tillstädeskomma
470 423 45 20 och
534 422 106 27 sålunda,
655 422 31 21 dä
702 422 44 21 den
762 428 42 15 ene
819 427 73 22 repre-

131 459 134 18 sentantens
280 457 135 20 uttalanden
431 457 81 21 kunna
528 457 153 21 underkastas
697 456 70 21 kritik
782 456 26 21 af
820 456 28 21 de
861 455 31 21 öf-

132 491 46 26 rige
193 491 44 21 och
253 491 77 21 därför
345 491 96 27 afgifvas
457 491 54 21 med
526 498 29 14 en
570 491 48 21 helt
633 497 79 15 annan
726 491 82 21 känsla
819 491 25 20 af
854 497 38 14 an-

132 532 59 20 svar,
213 525 154 27 föreliggande
390 525 76 27 frägor
490 526 81 20 kunna
591 525 87 21 erhälla
691 525 44 21 den
749 522 143 30 mängsidiga

133 560 45 21 och
199 560 119 27 grundliga
341 560 129 27 belysning,
489 567 50 14 som
561 560 31 28 pä
607 560 63 21 olika
685 560 48 21 häll
752 566 94 15 vunnen
861 566 32 14 er-

133 595 104 20 farenhet
265 594 111 27 erbjuder.
407 595 45 20 Vid
482 595 80 27 dylika
590 596 78 19 möten
697 594 87 27 kunna,
815 594 77 21 såsom

133 628 81 21 härtils
243 629 72 20 delvis
344 629 65 26 skett,
435 629 88 28 dryftas
546 629 19 27 ej
590 629 90 21 mindre
701 629 110 26 åtgärder,
835 627 58 28 äsyf-

133 663 70 20 tande
231 663 123 21 ernåendet
383 663 25 21 af
431 663 45 27 god
503 664 45 21 och
577 663 60 22 sund
663 663 143 27 bankpraxis
828 663 7 20 i
856 669 38 14 en-

135 696 76 22 skilda
233 697 145 27 detaljfrågor
393 699 31 19 än
446 698 68 20 äfven
533 698 88 20 sådana
637 698 119 20 allmänna
771 696 122 28 spörjsmål

135 731 118 27 angående
274 732 255 27 penningeställningen
553 732 35 21 för
608 732 69 26 tiden,
700 731 102 21 oroande
818 737 76 21 symp-

134 768 48 18 tom
198 765 34 21 till
248 766 75 20 osund
332 766 212 28 öfverspekulation
555 766 64 21 inom
633 766 62 21 vissa
706 765 188 25 affärsområden,

135 800 219 27 förutsättningarna
377 801 35 20 för
435 801 162 26 förändringar
617 801 8 20 i
647 800 107 21 afseende
777 800 13 20 ä
806 799 88 21 landets

135 834 212 27 betalningsbalans
363 837 117 25 gentemot
495 835 104 21 utlandet
614 836 54 20 eller
684 835 6 20 i
706 834 107 22 afseende
819 830 14 36 å
852 834 43 20 till-

136 868 88 27 gången
247 870 44 21 och
312 870 136 26 efterfrågan
465 870 25 21 af
504 870 69 27 ledigt
588 870 87 27 kapital
691 869 64 21 inom
772 868 77 21 landet
864 875 30 14 m.

134 903 31 27 fl.,
186 903 79 21 hvilka
286 904 66 21 äfven
369 904 7 21 i
391 904 65 21 tiden
472 911 56 14 voro
546 905 96 20 föremål
658 904 36 21 för
708 903 134 22 diskussion
856 902 40 21 vid

136 937 29 21 de
180 938 123 21 förstärkta
321 939 225 27 Bankfullmäktiges
565 938 195 22 sammanträden.
792 938 32 20 De
840 939 56 19 utta-

137 972 92 27 landen,
245 979 51 14 som
311 973 39 20 vid
365 973 69 21 dessa
450 973 212 21 sammankomster
673 974 72 25 göras,
754 972 74 21 blefve
837 971 60 28 själf-

137 1006 63 21 fallet
221 1007 50 21 icke
294 1007 7 21 i
317 1007 167 22 vidsträcktare
500 1008 62 26 mån,
578 1009 30 19 än
624 1007 62 21 hvad
702 1007 109 21 särskildt
826 1006 71 21 öfver-

137 1041 150 21 enskommas
302 1041 53 27 kan,
371 1042 120 21 bindande
507 1042 35 21 för
557 1042 45 20 den
617 1048 44 14 ena
676 1042 54 20 eller
746 1040 72 22 andra
829 1040 69 20 delta-

137 1080 76 22 garen,
236 1082 53 14 men
313 1076 111 21 innebure
449 1083 30 14 en
501 1076 113 21 värdefull
635 1076 123 26 utredning
780 1074 118 27 angående

137 1109 182 27 förhållandena,
343 1110 89 21 sådana
456 1111 28 21 de
506 1113 20 19 te
551 1111 39 26 sig,
612 1110 71 21 sedda
699 1110 50 20 från
765 1109 63 21 olika
842 1108 55 21 håll.

137 1139 45 25 Äro
203 1144 150 27 brydsamma
375 1145 164 21 förhållanden
559 1145 30 27 på
604 1145 37 21 det
656 1144 153 22 ekonomiska
825 1142 73 22 områ-

138 1177 37 21 det
190 1180 33 19 att
237 1181 93 24 emotse,
346 1179 79 21 kunde
442 1186 29 14 en
487 1180 142 26 redogörelse
640 1179 51 21 från
701 1178 111 21 Finlands
821 1176 78 22 Banks

138 1212 51 21 sida
204 1213 118 27 angående
337 1213 52 21 dess
405 1214 148 26 naturligtvis
563 1214 51 20 icke
627 1212 156 28 obegränsade
799 1218 101 14 resurser

138 1249 32 18 att
192 1248 114 20 eventuelt
328 1248 63 20 hålla
415 1248 142 21 situationen
579 1254 68 21 uppe,
663 1248 35 20 för
713 1247 27 21 de
756 1246 72 27 öfriga
844 1246 55 20 ban-

138 1281 73 21 kerna
233 1282 110 20 innebära
359 1288 29 14 en
403 1282 99 26 maning
517 1284 32 19 att
565 1284 51 24 taga
632 1282 74 20 under
720 1286 119 22 noggrann
852 1286 48 14 om-

138 1316 115 27 pröfning,
272 1316 7 20 i
297 1316 95 21 hvilken
413 1316 58 21 mån
487 1316 66 21 deras
569 1322 57 21 egna
641 1322 101 15 resurser
758 1316 40 20 äro
814 1314 35 21 för
863 1314 37 20 be-

138 1350 69 21 rörda
226 1351 147 20 eventualitet
393 1351 135 27 tillräckligt
550 1351 93 20 likvida.
675 1350 50 21 Och
748 1350 70 21 hafva
834 1349 67 20 dessa

139 1384 161 21 förhållanden
323 1384 93 27 inträdt,
440 1385 72 21 borde
536 1392 28 14 en
587 1392 39 14 om
649 1384 70 21 målet
744 1384 45 20 och
809 1382 91 22 medlen

140 1418 120 21 medveten
283 1419 141 21 samvärkan
448 1420 85 20 mellan
549 1419 119 21 bankerna
690 1418 81 21 kunna
790 1417 72 21 blifva
878 1416 25 20 af

140 1454 47 19 stor
201 1452 116 28 betydelse
333 1453 35 21 för
383 1453 146 28 afvärjandet
544 1454 25 20 af
583 1453 91 21 svårare
690 1452 149 26 rubbningar,
856 1451 44 21 och

207 1492 145 18 Bankutskottets
365 1492 116 18 betänkande
494 1493 38 17 N:o
546 1492 18 18 2.
