1095 1700
253 113 29 21 38
592 114 25 20 II

223 174 123 28 angående
357 175 63 22 falsk
430 175 131 29 angifvelse
573 176 44 22 och
628 184 79 14 annan
718 176 175 30 ärekränkning
903 178 81 21 äfven-

224 221 50 14 som
289 215 30 20 M.
337 215 74 28 enligt
426 216 159 28 nyssnämnda
600 216 194 29 lagstadganden,
801 217 119 28 jemförda
931 217 53 22 med

227 257 9 18 1
254 255 12 26 $
283 257 25 18 61
325 255 52 28 kap.
393 256 31 21 M.
440 256 26 21 B.

293 295 73 21 Mälet
386 295 120 30 afgjordes
523 296 26 21 af
563 296 129 29 hofrätten,
708 297 72 21 sedan
795 287 194 32 vederbörandes

225 335 159 29 förklaringar
405 337 9 21 i
436 337 81 28 vanlig
541 337 101 28 ordning
665 337 130 22 infordrats
815 337 44 22 och
874 338 108 28 bemötts,

227 375 61 22 efter
311 376 88 29 anslag,
423 384 49 14 som
494 377 81 28 utgafs
599 377 45 21 den
667 379 25 20 31
717 377 47 29 Maj
783 379 64 26 1893;
865 378 44 21 och
924 378 58 21 fann

226 415 121 23 hofrätten
363 417 40 20 det
418 418 84 20 stanna
512 417 219 29 häradshöfdingen
741 418 35 27 A.,
787 417 98 22 hvilken
895 418 8 21 i
915 425 69 21 egen-

227 457 58 28 skap
304 457 27 21 af
348 457 140 22 ordförande
503 457 9 22 i
527 457 165 22 häradsrätten
708 458 78 28 älegat
801 458 141 22 affattandet
958 459 27 21 af

226 497 52 21 dess
301 497 123 29 protokoll,
448 498 37 21 till
507 498 46 21 last
577 500 35 19 att
626 498 36 21 uti
677 498 144 29 protokollet
835 499 38 20 för
888 499 96 21 härads-

225 539 89 20 rättens
338 538 170 21 sammanträde
532 538 45 21 den
601 541 12 19 7
628 539 69 28 April
715 541 53 19 1892
784 539 8 21 i
808 539 175 21 ofvannämnda

226 580 62 19 emot
312 585 28 14 en
355 578 47 22 viss
418 579 103 21 Herman
536 579 29 21 H.
583 579 43 21 och
641 579 125 21 Albertina
781 579 28 21 R.
825 579 96 21 utförda
936 579 47 22 mål

225 620 133 19 omnämnts
383 618 105 21 hvarken
514 620 35 19 att
573 618 77 21 Adam
675 619 31 20 M.
730 619 82 21 dervid
835 619 90 21 anmält
946 620 37 27 sig

226 658 76 21 säsom
322 657 87 22 ombud
424 659 38 20 för
476 658 125 22 Albertina
616 659 27 21 R.
660 659 57 21 eller
733 661 35 19 att
782 659 105 21 Herman
901 659 36 28 H.,
953 660 30 27 pä

226 700 48 19 sätt
296 698 216 29 häradshöfdingen
535 701 26 20 A.
586 699 9 21 i
617 699 121 22 hofrätten
753 699 126 28 medgifvit
896 699 88 22 «icke
972 694 15 38 i

225 739 85 28 början
324 739 63 21 velat
403 740 76 21 säsom
494 739 114 22 mälsman
619 740 38 21 för
668 740 37 21 sin
715 740 84 21 hustru
809 740 68 21 träda
887 740 8 21 i
906 747 78 14 svaro-

226 779 61 21 mål»
304 779 37 22 för
352 779 82 28 henne,
445 779 80 22 hvilka
537 780 201 28 omständigheter
749 779 8 22 i
768 780 110 28 förening
890 779 94 22 dermed

226 821 36 20 att
284 820 103 21 Herman
409 821 37 27 H.,
470 820 75 28 enligt
567 820 145 28 anteckning
734 820 9 21 i
765 820 148 28 protokollet,
932 820 51 21 före

224 860 86 21 sakens
333 860 47 21 slut
401 861 139 28 ytterligare
563 860 99 22 invändt
686 862 35 19 att
739 860 124 21 Albertina
878 860 27 21 R.
921 860 63 28 finge

222 899 60 29 sjelf
300 907 67 14 svara
385 900 9 21 i
412 900 77 28 målet,
507 900 60 21 dock
582 900 92 21 kunnat
689 899 98 22 inverka
801 899 42 22 vid
857 899 126 22 bedöman-

226 939 41 22 det
283 940 68 21 deraf
364 940 117 21 huruvida
495 940 124 21 Albertina
634 940 28 21 R.
678 940 82 21 blifvit
774 940 9 21 i
797 939 72 22 mälet
879 939 105 28 lagligen

226 980 70 28 hörd;
317 981 44 20 och
379 981 73 28 ansäg
470 981 121 21 hofrätten
607 981 124 21 anmärkta
748 980 83 21 brister
847 981 65 28 förty
927 980 57 21 böra

227 1020 124 22 tillräknas
367 1021 218 28 häradshöfdingen
600 1021 27 21 A.
644 1021 77 21 såsom
736 1020 121 22 bristande
867 1027 117 22 noggran-

226 1061 42 21 het
282 1061 41 21 vid
339 1061 153 28 protokollets
509 1061 135 21 affattande.
676 1061 93 21 Jemväl
787 1061 58 20 fann
863 1060 121 21 hofrätten

225 1101 165 21 häradsrätten
405 1101 73 21 hafva
493 1101 40 21 vid
548 1101 75 28 sagda
633 1100 173 22 sammanträde
817 1100 96 21 förfarit
923 1099 62 21 orik-

224 1141 48 28 tigt
295 1141 55 28 deri,
375 1143 35 20 att
428 1141 166 22 häradsrätten
610 1141 83 22 endast
708 1141 31 28 pä
754 1141 77 28 grund
847 1141 26 20 af
887 1140 97 21 vittnes-

226 1181 54 29 mäl,
297 1189 49 14 som
363 1182 109 29 afgifvits
487 1182 41 21 vid
543 1184 35 19 ett
593 1184 73 19 annat
681 1183 49 20 mot
746 1182 105 21 Herman
865 1181 30 21 H.
908 1180 76 21 allena

226 1223 67 20 förut
309 1222 131 29 anhängigt
454 1222 47 21 mäl
517 1229 37 14 om
571 1229 84 14 ansvar
670 1222 38 21 för
724 1221 108 21 otilläten
843 1220 141 29 försäljning

225 1263 28 20 af
270 1263 101 20 bränvin
391 1262 43 21 och
450 1262 28 28 öl,
496 1262 49 21 deri
562 1261 126 22 Albertina
703 1261 27 22 R.
748 1261 21 28 ej
785 1268 41 14 ens
841 1261 62 21 varit
918 1260 66 27 hörd,

225 1302 124 21 tillräknat
371 1302 77 21 henne
472 1303 34 20 att
529 1302 73 21 hafva
625 1302 82 27 begått
724 1301 123 22 enahanda
861 1300 125 21 förseelser

226 1350 39 14 om
280 1349 118 15 sommarn
415 1344 60 26 1891,
493 1342 43 21 och
550 1342 114 28 pröfvade
676 1342 121 21 hofrätten
808 1341 65 28 förty
883 1341 102 26 rättvist,

222 1383 96 29 jemlikt
336 1385 25 19 12
379 1383 11 28 $
409 1385 9 19 1
434 1383 53 28 kap.
504 1383 27 21 R.
547 1383 34 27 B.,
599 1382 69 21 döma
683 1381 220 28 häradshöfdingen
913 1381 28 21 A.
952 1382 35 19 att

224 1423 59 22 böta
307 1425 26 19 30
357 1423 64 21 daler
440 1423 53 21 med
509 1424 26 21 57
551 1423 68 21 mark
634 1425 26 19 60
676 1422 78 29 penni.
785 1422 112 21 Deremot
913 1421 73 28 ansåg
