1089 1756
283 124 27 20 98
620 124 24 21 I

253 186 26 20 T.
296 185 51 22 stad
363 186 44 22 den
425 190 25 18 10
466 187 47 28 Maj
534 189 53 20 1886
604 187 142 28 afkunnade,
764 187 26 21 af
803 187 107 21 bemälde
920 187 91 21 hofrätt

253 226 46 21 den
315 228 12 19 2
343 226 178 30 derpåföljande
536 227 58 22 Juni
610 228 126 21 faststälda
752 227 78 29 utslag
845 228 86 20 utstått
941 227 71 22 straff

253 266 38 21 för
305 266 145 30 fullkomligt
466 267 122 22 enahanda
603 268 147 28 förbrytelse.

321 307 12 21 I
353 308 127 28 anledning
502 308 70 22 häraf
592 308 137 22 infordrade
752 308 258 22 Prokuratorsembetet

252 350 107 18 närmare
374 348 128 29 utredning
518 348 8 21 i
541 348 73 22 saken
630 348 44 22 och
689 348 58 22 fann
764 348 26 21 af
804 348 28 21 de
847 348 8 21 i
867 348 96 21 ärendet
973 349 36 20 så-

251 387 73 22 lunda
339 388 123 22 tillkomna
477 388 180 29 handlingarna,
674 390 36 20 att
724 388 203 22 rådstufvurätten
935 388 73 28 jemte

251 428 210 28 tjensteskrifvelse
478 429 26 21 af
518 428 46 22 den
581 431 25 19 10
622 428 50 22 Juli
686 431 52 19 1886
749 428 148 22 underrättat
907 430 101 26 pastors-

251 468 102 22 embetet
368 468 7 22 i
391 468 32 29 T.,
441 471 35 19 att
491 469 152 21 förenämnde
659 469 24 21 C.
701 469 45 21 den
764 471 26 19 10
805 468 200 29 derförutgångne

251 508 48 29 Maj
323 509 26 21 af
366 508 203 23 rådstufvurätten
592 509 99 21 sakfälts
712 510 38 20 för
764 508 75 29 tredje
855 516 67 14 resan
938 508 68 27 stöld,

251 556 53 14 men
327 551 35 19 att
380 550 34 20 uti
433 550 194 28 kyrkoböckerna
642 550 8 20 i
666 550 25 20 T.
709 550 39 21 det
764 548 97 23 oaktadt
877 549 62 21 intill
954 552 53 18 när-

251 592 74 19 maste
347 590 35 21 tid
405 590 143 29 anteckning
567 590 96 21 saknats
679 597 37 14 om
732 590 40 22 det
787 590 24 21 C.
828 590 8 20 i
851 596 55 22 nyss
922 589 85 21 anförd

250 631 74 21 måtto
339 630 141 22 tillräknade
495 630 94 22 brottet.
621 630 49 22 Och
686 638 49 14 som
750 630 72 22 bland
837 630 28 21 de
876 629 130 29 åberopade

250 670 172 29 handlingarna
448 673 34 19 ett
504 671 27 21 af
551 673 16 19 +t.
584 671 16 21 f.
617 670 164 29 kyrkoherden
804 670 36 22 W.
864 670 45 21 den
928 672 12 19 8
955 670 51 21 Juli

251 712 54 20 1893
321 710 157 30 uthändigadt
494 711 64 21 bevis
574 714 81 25 syntes
671 711 67 29 gifva
753 710 40 22 vid
802 710 98 28 handen,
913 712 34 19 att
958 717 48 14 om-

250 751 121 28 förmälda,
388 752 26 20 af
427 751 203 22 rådstufvurätten
646 751 38 21 till
699 750 195 29 pastorsembetet
907 750 99 21 insända

249 791 109 21 anmälan
373 791 8 21 i
397 791 97 29 behörig
509 791 35 21 tid
558 791 35 21 dit
604 791 160 21 framkommit
775 792 60 20 samt
846 790 45 21 den
902 790 104 28 antydda

249 831 199 29 bristfälligheten
464 832 8 20 i
487 831 195 28 kyrkoböckerna
704 830 99 22 sålunda
826 830 130 21 föranledts
980 831 27 21 af

249 871 164 29 försumlighet
436 872 53 20 från
512 871 174 22 vederbörande
710 870 160 30 presterskaps
890 870 50 22 sida
961 871 44 21 och

248 912 73 28 sagda
337 912 159 22 försummelse
513 912 129 22 emellertid
658 912 53 22 haft
726 912 38 21 till
774 912 91 28 påföljd
877 914 35 19 att
923 912 23 21 C.
960 912 43 21 den

249 954 25 19 16
289 952 49 29 Maj
357 954 52 20 1893
426 952 26 21 af
466 952 119 22 hofrätten
600 952 135 22 tillräknats
751 952 83 22 endast
844 952 75 28 tredje
934 959 67 14 resan

247 992 68 28 stöld,
333 992 72 22 ehuru
420 993 24 21 C.
462 993 29 21 då
506 993 8 21 i
530 992 84 29 sjelfva
625 993 81 21 verket
717 993 54 21 låtit
782 992 74 28 fjerde
868 1000 68 14 resan
947 992 57 28 tjuf-

246 1032 48 22 nad
309 1032 92 22 komma
416 1033 37 28 sig
468 1033 37 21 till
518 1033 52 28 last,
582 1033 79 21 anhöll
671 1032 264 28 Prokuratorsembetet,
948 1032 52 22 med

246 1073 152 21 närslutande
414 1074 26 21 af
453 1074 173 29 handlingarna
640 1074 8 21 i
665 1074 102 28 ärendet,
784 1074 35 21 uti
831 1074 123 21 skrifvelse
965 1074 38 21 för

246 1113 46 21 den
309 1115 25 19 29
349 1113 51 21 Juli
414 1113 157 22 nästnämnda
586 1115 26 20 år
627 1114 42 21 hos
685 1113 155 29 domkapitlet
858 1113 5 21 i
874 1109 52 26 Åbo
938 1113 64 21 erke-

245 1153 54 21 stift
322 1155 41 26 att,
386 1153 60 21 efter
465 1153 40 21 det
519 1153 175 22 vederbörande
709 1153 83 22 blifvit
806 1160 86 22 genom
907 1153 94 21 domka-

245 1193 80 28 pitlets
341 1193 93 28 försorg
448 1193 9 21 i
473 1193 72 22 saken
560 1193 72 22 hörde
648 1195 60 20 samt
716 1193 99 22 sålunda
824 1193 80 21 utredt
914 1193 87 28 blifvit,

245 1232 69 22 hvem
330 1233 40 21 det
385 1233 123 28 förelupna
522 1233 146 29 tjenstefelet
687 1233 126 28 rätteligen
830 1233 72 21 borde
917 1234 85 20 stanna

244 1272 38 21 till
297 1272 52 29 last,
366 1273 44 21 den
426 1273 78 22 dertill
520 1273 108 29 skyldige
647 1273 78 21 blefve
744 1273 51 22 fäld
810 1273 37 21 till
863 1273 39 20 det
918 1280 84 14 ansvar

244 1312 233 29 omständigheterna
492 1313 130 28 påkallade.

313 1353 47 21 Vid
375 1353 169 30 föredragning
562 1355 27 20 af
602 1354 174 29 handlingarna
792 1354 8 21 i
816 1354 96 21 ärendet
927 1353 45 22 den
988 1356 12 20 5

244 1392 104 22 Oktober
365 1395 53 20 1893
430 1394 58 21 fann
499 1394 161 29 domkapitlet,
672 1402 50 14 som
733 1395 9 21 i
752 1395 73 21 saken
835 1394 54 21 hört
899 1396 101 26 pastors-

243 1432 103 22 embetet
360 1433 9 21 i
384 1433 32 28 T.,
433 1433 41 22 det
487 1434 138 29 visserligen
640 1442 57 14 vara
712 1435 86 27 utredt,
816 1436 35 20 att
866 1433 134 23 rådstufvu-
