1070 1692
195 142 12 16 4
476 138 26 22 U.
519 138 70 22 B.—
606 138 33 22 I.

194 211 32 19 vit
247 211 80 19 ädömd
343 212 114 24 strängare
482 211 64 20 straff
560 212 29 18 än
611 211 88 20 hvartill
715 212 45 18 han
776 211 97 25 lagligen
890 210 55 20 varit

195 246 107 21 förfallen.
335 247 64 20 Detta
416 247 38 20 fall
470 248 40 19 har
526 247 63 25 gifvit
604 252 27 14 en
643 247 94 20 medlem
750 246 24 20 af
783 246 162 20 Presteständet

195 282 120 26 anledning
339 284 32 18 att
390 283 37 19 vid
446 283 102 20 ärendets
567 283 77 19 remiss
670 285 52 23 taga
739 283 30 19 till
794 283 42 19 tals
860 282 83 25 frågan,

194 318 110 20 huruvida
321 319 48 19 icke
385 318 101 20 förandet
502 318 24 20 af
539 318 322 25 brottsmålsförteckningarna
878 318 66 19 borde

196 354 48 20 från
264 355 161 24 presterskapet
445 354 136 26 öfverflyttas
597 356 28 24 på
641 355 149 19 domstolarne
808 354 52 20 eller
876 354 69 19 andra

196 390 123 26 borgerliga
339 391 154 25 myndigheter
509 393 58 17 samt
583 391 107 19 huruvida
707 390 46 20 icke
770 396 110 19 personer,
898 395 46 14 som

196 426 110 25 oskyldigt
330 426 70 20 blifvit
423 427 81 19 dömda
527 427 32 19 till
582 427 67 22 straff,
674 427 67 19 borde
766 425 73 20 härför
863 426 82 19 erhålla

196 462 138 25 godtgörelse
351 468 25 14 ur
393 463 113 20 allmänna
523 463 77 20 medel.

266 498 63 20 Hvad
352 498 53 20 först
426 499 104 19 beträffar
550 498 316 25 brottmålsförteckningarna,
884 498 60 19 torde

196 534 134 20 åtminstone
346 534 70 20 under
432 535 138 19 närvarande
587 534 154 20 förhållanden
752 534 67 25 ingen
831 534 114 24 möjlighet

197 569 119 21 förefinnas
332 573 32 17 att
379 571 40 19 hos
436 576 35 14 oss
488 571 124 25 öfverflytta
629 571 127 25 åliggandet
772 572 31 18 att
819 569 47 20 föra
882 569 63 20 dessa

196 604 164 28 förteckningar
380 608 29 24 på
428 607 124 25 borgerliga
571 607 160 25 myndigheter.
763 606 72 25 Några
855 605 90 25 lagstift-

197 641 169 26 ningsåtgärder
386 643 7 19 i
415 643 73 19 denna
510 643 96 25 riktning
622 648 67 20 synas
705 643 47 19 icke
768 642 69 20 heller
854 646 91 15 numera

196 683 54 14 vara
271 678 121 24 påkallade,
415 679 68 19 sedan
499 685 81 19 genom
597 679 157 25 förordningen
770 684 35 14 om
823 678 122 19 brottmåls-

196 713 164 27 förteckningar
377 715 31 19 till
429 715 161 25 presterskapet
606 714 23 20 af
643 715 43 19 den
707 716 27 18 20
752 714 119 19 november
891 714 52 18 1896

197 749 26 19 de
240 750 207 21 missförhållanden
463 752 6 18 i
485 751 109 25 väsentlig
605 753 52 17 mån
669 751 126 25 aflägsnats,
807 750 74 19 hvilka
893 749 52 23 möj-

197 785 90 25 liggjort
302 786 83 20 sådana
396 787 124 25 beklagliga
531 787 117 19 händelser
659 792 47 14 som
719 786 42 20 den
774 785 169 20 ofvannämnda.

197 821 74 25 Enligt
291 822 68 25 sagda
376 821 128 27 förordning
520 823 60 19 skola
598 823 149 19 domstolarna
763 822 102 24 upprätta
880 822 65 18 brott-

197 857 221 27 målsförteckningar
432 859 101 20 särskildt
544 859 32 19 för
587 859 76 24 hvarje
675 858 135 25 församling,
823 858 38 19 der
871 859 73 23 någon

197 893 24 19 af
236 893 26 20 de
280 894 78 20 dömde
375 895 24 18 är
415 895 173 25 kyrkoskrifven,
606 897 57 18 samt
680 895 5 19 i
703 895 63 19 dessa
783 893 162 25 förteckningar

197 931 103 24 upptaga,
313 932 60 17 utom
383 931 43 19 den
435 931 91 20 dömdes
537 937 74 17 namn,
629 931 63 20 stånd
705 931 53 19 eller
769 930 53 25 yrke
834 930 41 19 och
886 929 59 20 hem-

196 965 44 20 vist
260 966 69 23 jemte
350 967 81 19 brottet
455 967 40 19 och
519 967 91 22 straffet,
630 967 66 19 äfven
717 967 139 24 lagrummet,
878 965 68 20 hvarå

197 1001 87 20 straffet
306 1003 103 24 grundas,
431 1005 59 18 samt
512 1003 71 25 dagen
600 1003 32 19 för
649 1003 104 24 utslaget;
770 1002 41 19 och
828 1001 61 20 skola
905 1001 40 19 för-

197 1037 164 27 teckningarna
386 1039 81 19 sändas
496 1039 82 19 direkte
607 1039 30 19 till
664 1037 164 21 vederbörande
855 1039 91 23 prester-

197 1073 60 24 skap.
290 1073 85 20 Genom
403 1074 73 20 denna
499 1075 124 24 anordning
646 1074 108 19 undvikes
778 1073 42 20 den
844 1073 47 19 fara
914 1072 32 19 för

197 1109 98 25 misstag,
313 1115 47 14 som
377 1109 118 26 föreligger
511 1110 6 19 i
533 1110 37 19 det
585 1110 128 19 nuvarande
725 1109 141 22 förfarandet,
879 1108 68 25 enligt

197 1144 85 20 hvilket
304 1150 168 19 gemensamma
496 1145 163 26 förteckningar
679 1145 62 20 öfver
759 1145 43 19 alla
818 1144 127 25 förbrytare,

197 1180 75 19 hvilka
293 1181 54 19 höra
371 1181 32 19 till
425 1181 155 26 församlingar
596 1183 59 18 utom
673 1181 136 20 domstolens
825 1180 120 23 domvärjo,

197 1217 81 19 sändas
295 1217 31 19 till
342 1218 224 23 guvernörsembetet,
584 1223 46 14 som
647 1217 68 20 sedan
733 1217 112 19 meddelar
855 1218 91 23 prester-

198 1252 78 25 skapet
298 1253 6 19 i
327 1253 77 24 hvarje
428 1252 130 27 församling
582 1253 109 25 uppgifter
707 1253 93 19 rörande
817 1252 129 19 dithörande

197 1288 105 20 sakfälde.
344 1300 3 2 ---
372 1289 140 20 Beträffande
536 1289 68 20 sedan
629 1289 77 25 frågan
727 1295 36 13 om
787 1288 123 25 ersättning
924 1289 23 18 åt

198 1324 109 25 oskyldigt
324 1325 81 19 dömda
421 1325 40 19 och
478 1325 110 25 oskyldigt
603 1325 102 22 häktade,
717 1330 65 14 anser
793 1324 110 19 Utskottet
914 1323 33 25 sig

196 1359 48 20 icke
269 1359 66 20 hafva
358 1361 48 18 skäl
430 1362 32 18 att
484 1366 30 14 nu
535 1361 69 19 inlåta
623 1361 32 25 sig
677 1361 74 24 derpå,
769 1361 53 19 enär
838 1360 109 19 Utskottet

197 1395 79 20 vunnit
298 1396 134 25 upplysning
454 1402 36 13 om
511 1398 31 18 att
561 1396 236 25 Rättegängskomiten
816 1396 24 19 är
856 1395 91 20 betänkt

196 1432 29 23 på
241 1433 33 17 att
288 1431 81 20 föreslå
382 1432 176 25 lagstadganden
575 1432 6 19 i
604 1433 81 22 ämnet,
703 1432 41 19 och
756 1431 72 20 denna
840 1431 107 20 svårlösta

269 1477 137 24 Lagutskottets
419 1479 115 18 betänkande
547 1478 37 18 N:o
596 1479 27 17 14.
