1095 1784
272 116 25 21 56
609 116 24 21 H

241 178 37 21 till
301 186 84 14 ansvar
407 179 74 28 enligt
505 181 26 19 20
552 180 12 27 &
580 182 28 19 40
623 179 52 29 kap.
692 180 9 21 i
717 178 145 28 strafflagen,
879 179 120 21 äfvensom

240 218 269 29 vicehäradshöfdingen
525 220 22 21 J.
564 220 160 28 skyldigkänd
741 221 34 19 att
790 218 95 29 utgifva
899 219 37 21 till
946 219 52 21 kro-

240 265 48 14 nan
304 259 146 28 ofvansagda
465 259 85 29 belopp
566 261 26 20 41
610 259 67 22 mark
692 261 27 20 85
735 259 71 28 penni
821 259 44 21 och
881 260 24 21 ät
919 259 79 22 Johan

240 298 28 20 H.
287 299 132 28 ersättning
434 300 38 21 för
486 300 156 21 förenämnda
658 300 85 21 honom
754 299 159 28 tillskyndade
924 299 74 22 skada

240 337 44 22 och
306 338 126 23 kostnader
455 340 44 21 och
521 341 38 20 för
581 341 58 20 hans
660 340 138 29 oförskylda
812 339 96 22 lidande
922 339 75 22 under

240 378 172 29 fängelsetiden
427 381 61 20 efter
503 381 113 28 pröfning
632 381 27 21 af
672 381 63 21 hvad
750 380 79 22 Johan
844 380 29 21 H.
889 379 9 21 i
913 379 84 22 sådant

240 419 109 22 afseende
369 420 97 29 fordrat,
482 421 102 22 hvarhos
602 421 43 22 och
661 421 97 22 emedan
773 420 79 22 Johan
867 420 29 21 H.
909 420 88 29 jemväl

238 467 42 13 var
308 460 133 29 berättigad
468 461 37 21 till
528 461 151 28 godtgörelse
702 462 37 20 för
762 461 45 21 den
829 460 101 21 kostnad
952 460 44 21 och

238 499 79 27 skada,
341 499 86 22 honom
449 501 153 28 tillskyndats
625 508 85 21 genom
733 500 191 22 auskultanterne
939 500 57 21 W.:s

239 539 43 20 och
306 539 43 22 C.:s
373 541 122 21 anmärkta
510 541 144 28 förfarande,
672 541 165 21 extrafiskalen
852 541 23 20 Z.
892 540 37 21 till
944 540 51 21 hof-

238 581 76 20 rätten
330 580 137 29 hemstälde,
483 589 37 14 om
536 581 52 22 icke
603 582 79 21 Johan
697 582 29 21 H.
743 581 78 21 kunde
836 581 97 21 beredas
949 581 47 21 till-

238 619 58 22 fälle
313 622 35 19 att
367 621 8 20 i
395 621 167 28 sammanhang
582 622 97 21 härmed
695 623 62 20 emot
771 621 37 21 W.
825 621 44 21 och
885 621 24 21 O.
925 621 70 21 fram-

238 659 69 21 ställa
323 660 28 20 de
367 661 296 28 ersättningspästäenden,
679 661 97 21 hvartill
792 661 47 20 han
849 661 78 21 kunde
938 668 55 14 anse

240 698 36 28 sig
291 699 114 29 befogad;
422 700 121 22 hvaremot
559 702 166 20 extrafiskalen
740 702 24 21 Z.
781 702 25 20 sä
817 702 93 27 mycket
921 701 73 21 hellre

236 739 111 28 frängick
367 740 45 22 den
431 742 27 20 af
472 741 202 21 advokatfiskalen
689 742 84 28 gjorda
788 741 206 28 framställningen

237 786 37 14 om
289 780 168 28 upphäfvande
474 782 26 20 af
513 782 63 21 hvad
592 782 163 21 häradsrätten
771 782 4 21 i
786 782 139 21 omnämnda
935 782 57 20 kon-

236 818 105 22 kursmä]
363 820 108 29 tillojort,
495 828 49 14 som
559 822 79 27 någon
654 822 113 28 sakegare
782 821 51 21 icke
849 822 8 20 i
872 822 53 27 laga
941 821 51 21 ord-

235 859 59 29 ning
316 860 85 22 sädant
422 862 101 28 päyrkat
546 862 43 21 och
613 862 85 28 frägan
721 862 81 21 härom
823 862 52 21 icke
898 862 96 21 helleri

236 899 65 22 detta
317 901 168 29 sammanhang
501 903 78 20 kunde
595 905 67 26 tagas
678 903 75 21 under
768 903 118 28 pröfning.

304 941 139 22 Hofrättens
467 942 77 28 utslag
560 943 8 20 i
584 943 78 21 målet.
677 943 81 28 utgafs
775 943 60 20 efter
850 943 81 27 anslag
946 943 46 21 den

234 983 13 18 8
262 981 115 22 Februari
402 985 65 26 1895;
490 983 44 22 och
554 983 73 29 jemte
643 984 40 21 det
697 984 80 21 Johan
793 983 41 22 H:s
849 984 9 20 i
873 983 119 22 hofrätten

234 1023 63 19 emot
312 1022 152 22 fabrikanten
478 1023 28 22 H.
518 1024 140 21 framstälda
669 1031 106 14 ansvars-
786 1023 43 22 och
841 1023 151 28 ersättnings-

232 1061 146 28 pästäenden
393 1063 53 21 icke
461 1063 78 22 kunde
556 1064 26 21 af
594 1064 121 21 hofrätten
726 1063 145 22 omedelbart
880 1063 38 21 till
928 1064 63 27 pröf-

232 1101 59 29 ning
306 1105 123 27 upptagas,
446 1106 57 19 utan
518 1105 79 21 Johan
611 1105 29 21 H.
657 1105 123 21 anvisades
792 1106 40 26 att,
845 1104 52 21 ifall
908 1105 25 19 af
942 1105 48 27 fog,

232 1141 41 21 vid
288 1142 149 30 vederbörlig
456 1144 100 22 domstol
571 1145 8 21 i
594 1145 55 29 laga
665 1145 100 27 ordning
780 1144 80 21 utföra
875 1144 37 21 sin
926 1144 66 21 talan

232 1181 145 23 härutinnan
397 1186 60 19 samt
476 1184 42 22 allt
532 1185 123 21 utlätande
670 1185 9 21 i
694 1184 129 27 anledning
839 1184 26 21 af
879 1184 112 21 advokat-

231 1221 112 23 fiskalens
358 1223 9 21 i
381 1224 121 22 memorial
518 1225 27 21 af
558 1224 46 22 den
621 1227 24 19 12
661 1225 48 29 Maj
727 1226 54 20 1893
792 1224 84 28 gjorda
885 1224 106 28 yrkande

232 1264 35 19 att
277 1262 64 22 hvad
351 1263 166 23 häradsrätten
528 1265 76 22 under
614 1264 270 29 vicehäradshöfdingen
894 1264 34 22 J:s
939 1264 52 22 ord-

231 1302 99 22 förande
345 1303 8 21 i
371 1304 177 22 konkursmälet
570 1305 102 29 tillgjort
695 1306 74 20 måtte
792 1299 132 33 upphäfvas
947 1304 43 22 och

230 1342 118 22 förklaras
365 1344 102 28 ogiltigt,
482 1345 102 28 förfölle,
601 1349 56 17 enär
671 1348 16 18 t.
701 1346 16 21 f.
730 1344 208 28 advokatfiskalen,
951 1344 39 22 dä-

230 1389 64 14 mera
320 1384 109 21 mnotarien
451 1385 24 21 Z.
499 1385 131 21 sedermera
653 1386 13 20 å
689 1384 299 23 advokatfiskalsembetets

229 1425 92 25 vägnar
343 1423 107 29 frängätt
472 1424 65 22 detta
558 1425 113 28 yrkande,
687 1426 59 20 fann
762 1425 121 21 hofrätten
898 1424 91 22 vicehä-
