<?xml version="1.0" encoding="UTF-8"?>
<alto xmlns="http://www.loc.gov/standards/alto/ns-v3#" xmlns:xlink="http://www.w3.org/1999/xlink" xmlns:xsi="http://www.w3.org/2001/XMLSchema-instance" xsi:schemaLocation="http://www.loc.gov/standards/alto/ns-v3# http://www.loc.gov/alto/v3/alto-3-0.xsd">
	<Description>
		<MeasurementUnit>pixel</MeasurementUnit>
		<sourceImageInformation>
			<fileName>/tmp/tess_tirwej7v_input.PNG</fileName>
		</sourceImageInformation>
		<OCRProcessing ID="OCR_0">
			<ocrProcessingStep>
				<processingSoftware>
					<softwareName>tesseract 5.3.4</softwareName>
				</processingSoftware>
			</ocrProcessingStep>
		</OCRProcessing>
	</Description>
	<Layout>
		<Page WIDTH="1095" HEIGHT="1723" PHYSICAL_IMG_NR="0" ID="page_0">
			<PrintSpace HPOS="0" VPOS="0" WIDTH="1095" HEIGHT="1723">
				<ComposedBlock ID="cblock_0" HPOS="454" VPOS="108" WIDTH="364" HEIGHT="22">
					<TextBlock ID="block_0" HPOS="454" VPOS="108" WIDTH="364" HEIGHT="22">
						<TextLine ID="line_0" HPOS="454" VPOS="108" WIDTH="364" HEIGHT="22">
							<String ID="string_0" HPOS="454" VPOS="108" WIDTH="25" HEIGHT="22" WC="0.94" CONTENT="II"/><SP WIDTH="313" VPOS="108" HPOS="479"/>
							<String ID="string_1" HPOS="792" VPOS="110" WIDTH="26" HEIGHT="20" WC="0.95" CONTENT="25"/>
						</TextLine>
					</TextBlock>
				</ComposedBlock>
				<ComposedBlock ID="cblock_1" HPOS="89" VPOS="170" WIDTH="768" HEIGHT="1280">
					<TextBlock ID="block_1" HPOS="89" VPOS="170" WIDTH="768" HEIGHT="1280">
						<TextLine ID="line_1" HPOS="89" VPOS="170" WIDTH="760" HEIGHT="30">
							<String ID="string_2" HPOS="89" VPOS="171" WIDTH="52" HEIGHT="28" WC="0.96" CONTENT="kap."/><SP WIDTH="15" VPOS="171" HPOS="141"/>
							<String ID="string_3" HPOS="156" VPOS="171" WIDTH="10" HEIGHT="21" WC="0.96" CONTENT="i"/><SP WIDTH="15" VPOS="171" HPOS="166"/>
							<String ID="string_4" HPOS="181" VPOS="170" WIDTH="142" HEIGHT="29" WC="0.96" CONTENT="strafflagen"/><SP WIDTH="15" VPOS="170" HPOS="323"/>
							<String ID="string_5" HPOS="338" VPOS="173" WIDTH="60" HEIGHT="19" WC="0.96" CONTENT="samt"/><SP WIDTH="17" VPOS="173" HPOS="398"/>
							<String ID="string_6" HPOS="415" VPOS="173" WIDTH="18" HEIGHT="25" WC="0.96" CONTENT="7,"/><SP WIDTH="17" VPOS="173" HPOS="433"/>
							<String ID="string_7" HPOS="450" VPOS="173" WIDTH="12" HEIGHT="19" WC="0.96" CONTENT="8"/><SP WIDTH="17" VPOS="173" HPOS="462"/>
							<String ID="string_8" HPOS="479" VPOS="170" WIDTH="44" HEIGHT="22" WC="0.96" CONTENT="och"/><SP WIDTH="16" VPOS="170" HPOS="523"/>
							<String ID="string_9" HPOS="539" VPOS="173" WIDTH="12" HEIGHT="19" WC="0.96" CONTENT="9"/><SP WIDTH="17" VPOS="173" HPOS="551"/>
							<String ID="string_10" HPOS="568" VPOS="171" WIDTH="27" HEIGHT="27" WC="0.87" CONTENT="8$"/><SP WIDTH="12" VPOS="171" HPOS="595"/>
							<String ID="string_11" HPOS="607" VPOS="170" WIDTH="26" HEIGHT="22" WC="0.93" CONTENT="af"/><SP WIDTH="11" VPOS="170" HPOS="633"/>
							<String ID="string_12" HPOS="644" VPOS="170" WIDTH="205" HEIGHT="30" WC="0.92" CONTENT="ofvanåberopade"/>
						</TextLine>
						<TextLine ID="line_2" HPOS="90" VPOS="211" WIDTH="758" HEIGHT="28">
							<String ID="string_13" HPOS="90" VPOS="211" WIDTH="139" HEIGHT="28" WC="0.95" CONTENT="förordning"/><SP WIDTH="24" VPOS="211" HPOS="229"/>
							<String ID="string_14" HPOS="253" VPOS="211" WIDTH="26" HEIGHT="21" WC="0.96" CONTENT="af"/><SP WIDTH="22" VPOS="211" HPOS="279"/>
							<String ID="string_15" HPOS="301" VPOS="211" WIDTH="45" HEIGHT="21" WC="0.96" CONTENT="den"/><SP WIDTH="20" VPOS="211" HPOS="346"/>
							<String ID="string_16" HPOS="366" VPOS="213" WIDTH="26" HEIGHT="19" WC="0.96" CONTENT="26"/><SP WIDTH="22" VPOS="213" HPOS="392"/>
							<String ID="string_17" HPOS="414" VPOS="211" WIDTH="133" HEIGHT="21" WC="0.95" CONTENT="November"/><SP WIDTH="17" VPOS="211" HPOS="547"/>
							<String ID="string_18" HPOS="564" VPOS="213" WIDTH="60" HEIGHT="25" WC="0.95" CONTENT="1866,"/><SP WIDTH="18" VPOS="213" HPOS="624"/>
							<String ID="string_19" HPOS="642" VPOS="211" WIDTH="69" HEIGHT="21" WC="0.96" CONTENT="döma"/><SP WIDTH="15" VPOS="211" HPOS="711"/>
							<String ID="string_20" HPOS="726" VPOS="211" WIDTH="77" HEIGHT="22" WC="0.92" CONTENT="Jakob"/><SP WIDTH="16" VPOS="211" HPOS="803"/>
							<String ID="string_21" HPOS="819" VPOS="211" WIDTH="29" HEIGHT="21" WC="0.92" CONTENT="M."/>
						</TextLine>
						<TextLine ID="line_3" HPOS="91" VPOS="251" WIDTH="759" HEIGHT="29">
							<String ID="string_22" HPOS="91" VPOS="253" WIDTH="35" HEIGHT="19" WC="0.96" CONTENT="att"/><SP WIDTH="22" VPOS="253" HPOS="126"/>
							<String ID="string_23" HPOS="148" VPOS="251" WIDTH="38" HEIGHT="21" WC="0.92" CONTENT="för"/><SP WIDTH="22" VPOS="251" HPOS="186"/>
							<String ID="string_24" HPOS="208" VPOS="251" WIDTH="114" HEIGHT="22" WC="0.91" CONTENT="smädelse"/><SP WIDTH="22" VPOS="251" HPOS="322"/>
							<String ID="string_25" HPOS="344" VPOS="251" WIDTH="76" HEIGHT="22" WC="0.96" CONTENT="hållas"/><SP WIDTH="18" VPOS="251" HPOS="420"/>
							<String ID="string_26" HPOS="438" VPOS="254" WIDTH="10" HEIGHT="19" WC="0.96" CONTENT="2"/><SP WIDTH="17" VPOS="254" HPOS="448"/>
							<String ID="string_27" HPOS="465" VPOS="251" WIDTH="113" HEIGHT="21" WC="0.95" CONTENT="månader"/><SP WIDTH="25" VPOS="251" HPOS="578"/>
							<String ID="string_28" HPOS="603" VPOS="254" WIDTH="24" HEIGHT="19" WC="0.96" CONTENT="16"/><SP WIDTH="21" VPOS="254" HPOS="627"/>
							<String ID="string_29" HPOS="648" VPOS="251" WIDTH="74" HEIGHT="29" WC="0.96" CONTENT="dagar"/><SP WIDTH="15" VPOS="251" HPOS="722"/>
							<String ID="string_30" HPOS="737" VPOS="254" WIDTH="60" HEIGHT="19" WC="0.96" CONTENT="samt"/><SP WIDTH="16" VPOS="254" HPOS="797"/>
							<String ID="string_31" HPOS="813" VPOS="252" WIDTH="37" HEIGHT="21" WC="0.96" CONTENT="för"/>
						</TextLine>
						<TextLine ID="line_4" HPOS="91" VPOS="291" WIDTH="760" HEIGHT="29">
							<String ID="string_32" HPOS="91" VPOS="291" WIDTH="174" HEIGHT="29" WC="0.96" CONTENT="förolämpning"/><SP WIDTH="17" VPOS="291" HPOS="265"/>
							<String ID="string_33" HPOS="282" VPOS="294" WIDTH="10" HEIGHT="19" WC="0.96" CONTENT="1"/><SP WIDTH="20" VPOS="294" HPOS="292"/>
							<String ID="string_34" HPOS="312" VPOS="292" WIDTH="86" HEIGHT="21" WC="0.96" CONTENT="månad"/><SP WIDTH="15" VPOS="292" HPOS="398"/>
							<String ID="string_35" HPOS="413" VPOS="292" WIDTH="9" HEIGHT="21" WC="0.96" CONTENT="i"/><SP WIDTH="15" VPOS="292" HPOS="422"/>
							<String ID="string_36" HPOS="437" VPOS="292" WIDTH="116" HEIGHT="28" WC="0.93" CONTENT="fängelse;"/><SP WIDTH="22" VPOS="292" HPOS="553"/>
							<String ID="string_37" HPOS="575" VPOS="292" WIDTH="77" HEIGHT="20" WC="0.90" CONTENT="deruti"/><SP WIDTH="16" VPOS="292" HPOS="652"/>
							<String ID="string_38" HPOS="668" VPOS="291" WIDTH="131" HEIGHT="22" WC="0.92" CONTENT="hofrättens"/><SP WIDTH="16" VPOS="291" HPOS="799"/>
							<String ID="string_39" HPOS="815" VPOS="293" WIDTH="36" HEIGHT="20" WC="0.92" CONTENT="ut-"/>
						</TextLine>
						<TextLine ID="line_5" HPOS="91" VPOS="332" WIDTH="760" HEIGHT="29">
							<String ID="string_40" HPOS="91" VPOS="332" WIDTH="51" HEIGHT="28" WC="0.96" CONTENT="slag"/><SP WIDTH="15" VPOS="332" HPOS="142"/>
							<String ID="string_41" HPOS="157" VPOS="332" WIDTH="99" HEIGHT="22" WC="0.96" CONTENT="sålunda"/><SP WIDTH="16" VPOS="332" HPOS="256"/>
							<String ID="string_42" HPOS="272" VPOS="332" WIDTH="120" HEIGHT="22" WC="0.93" CONTENT="ändrades."/><SP WIDTH="32" VPOS="332" HPOS="392"/>
							<String ID="string_43" HPOS="424" VPOS="332" WIDTH="117" HEIGHT="29" WC="0.91" CONTENT="Deremot,"/><SP WIDTH="18" VPOS="332" HPOS="541"/>
							<String ID="string_44" HPOS="559" VPOS="332" WIDTH="44" HEIGHT="22" WC="0.97" CONTENT="och"/><SP WIDTH="15" VPOS="332" HPOS="603"/>
							<String ID="string_45" HPOS="618" VPOS="332" WIDTH="99" HEIGHT="22" WC="0.96" CONTENT="emedan"/><SP WIDTH="11" VPOS="332" HPOS="717"/>
							<String ID="string_46" HPOS="728" VPOS="332" WIDTH="39" HEIGHT="21" WC="0.96" CONTENT="det"/><SP WIDTH="10" VPOS="332" HPOS="767"/>
							<String ID="string_47" HPOS="777" VPOS="332" WIDTH="74" HEIGHT="28" WC="0.96" CONTENT="enligt"/>
						</TextLine>
						<TextLine ID="line_6" HPOS="91" VPOS="371" WIDTH="760" HEIGHT="29">
							<String ID="string_48" HPOS="91" VPOS="371" WIDTH="131" HEIGHT="22" WC="0.92" CONTENT="hofrättens"/><SP WIDTH="13" VPOS="371" HPOS="222"/>
							<String ID="string_49" HPOS="235" VPOS="372" WIDTH="73" HEIGHT="28" WC="0.93" CONTENT="jemte"/><SP WIDTH="9" VPOS="372" HPOS="308"/>
							<String ID="string_50" HPOS="317" VPOS="372" WIDTH="168" HEIGHT="28" WC="0.92" CONTENT="öfverklagade"/><SP WIDTH="8" VPOS="372" HPOS="485"/>
							<String ID="string_51" HPOS="493" VPOS="372" WIDTH="86" HEIGHT="28" WC="0.95" CONTENT="utslag,"/><SP WIDTH="12" VPOS="372" HPOS="579"/>
							<String ID="string_52" HPOS="591" VPOS="372" WIDTH="8" HEIGHT="21" WC="0.92" CONTENT="i"/><SP WIDTH="11" VPOS="372" HPOS="599"/>
							<String ID="string_53" HPOS="610" VPOS="372" WIDTH="241" HEIGHT="21" WC="0.89" CONTENT="öfverensstämmelse"/>
						</TextLine>
						<TextLine ID="line_7" HPOS="91" VPOS="411" WIDTH="762" HEIGHT="30">
							<String ID="string_54" HPOS="91" VPOS="412" WIDTH="52" HEIGHT="21" WC="0.95" CONTENT="med"/><SP WIDTH="16" VPOS="412" HPOS="143"/>
							<String ID="string_55" HPOS="159" VPOS="412" WIDTH="180" HEIGHT="22" WC="0.96" CONTENT="föreskrifterna"/><SP WIDTH="16" VPOS="412" HPOS="339"/>
							<String ID="string_56" HPOS="355" VPOS="413" WIDTH="8" HEIGHT="21" WC="0.96" CONTENT="i"/><SP WIDTH="17" VPOS="413" HPOS="363"/>
							<String ID="string_57" HPOS="380" VPOS="415" WIDTH="25" HEIGHT="19" WC="0.94" CONTENT="19"/><SP WIDTH="17" VPOS="415" HPOS="405"/>
							<String ID="string_58" HPOS="422" VPOS="414" WIDTH="12" HEIGHT="27" WC="0.92" CONTENT="$"/><SP WIDTH="18" VPOS="414" HPOS="434"/>
							<String ID="string_59" HPOS="452" VPOS="415" WIDTH="25" HEIGHT="19" WC="0.96" CONTENT="13"/><SP WIDTH="16" VPOS="415" HPOS="477"/>
							<String ID="string_60" HPOS="493" VPOS="413" WIDTH="54" HEIGHT="28" WC="0.96" CONTENT="kap."/><SP WIDTH="16" VPOS="413" HPOS="547"/>
							<String ID="string_61" HPOS="563" VPOS="413" WIDTH="28" HEIGHT="21" WC="0.93" CONTENT="R."/><SP WIDTH="16" VPOS="413" HPOS="591"/>
							<String ID="string_62" HPOS="607" VPOS="413" WIDTH="34" HEIGHT="27" WC="0.92" CONTENT="B.,"/><SP WIDTH="16" VPOS="413" HPOS="641"/>
							<String ID="string_63" HPOS="657" VPOS="412" WIDTH="86" HEIGHT="22" WC="0.94" CONTENT="sådant"/><SP WIDTH="11" VPOS="412" HPOS="743"/>
							<String ID="string_64" HPOS="754" VPOS="411" WIDTH="99" HEIGHT="22" WC="0.96" CONTENT="berörda"/>
						</TextLine>
						<TextLine ID="line_8" HPOS="91" VPOS="451" WIDTH="761" HEIGHT="30">
							<String ID="string_65" HPOS="91" VPOS="452" WIDTH="91" HEIGHT="29" WC="0.96" CONTENT="lagrum"/><SP WIDTH="15" VPOS="452" HPOS="182"/>
							<String ID="string_66" HPOS="197" VPOS="453" WIDTH="67" HEIGHT="28" WC="0.96" CONTENT="lyder"/><SP WIDTH="15" VPOS="453" HPOS="264"/>
							<String ID="string_67" HPOS="279" VPOS="453" WIDTH="9" HEIGHT="21" WC="0.96" CONTENT="i"/><SP WIDTH="16" VPOS="453" HPOS="288"/>
							<String ID="string_68" HPOS="304" VPOS="453" WIDTH="170" HEIGHT="28" WC="0.96" CONTENT="förordningen"/><SP WIDTH="16" VPOS="453" HPOS="474"/>
							<String ID="string_69" HPOS="490" VPOS="454" WIDTH="46" HEIGHT="21" WC="0.96" CONTENT="den"/><SP WIDTH="17" VPOS="454" HPOS="536"/>
							<String ID="string_70" HPOS="553" VPOS="455" WIDTH="26" HEIGHT="20" WC="0.96" CONTENT="27"/><SP WIDTH="15" VPOS="455" HPOS="579"/>
							<String ID="string_71" HPOS="594" VPOS="453" WIDTH="70" HEIGHT="28" WC="0.96" CONTENT="April"/><SP WIDTH="18" VPOS="453" HPOS="664"/>
							<String ID="string_72" HPOS="682" VPOS="455" WIDTH="60" HEIGHT="25" WC="0.93" CONTENT="1868,"/><SP WIDTH="16" VPOS="455" HPOS="742"/>
							<String ID="string_73" HPOS="758" VPOS="451" WIDTH="94" HEIGHT="23" WC="0.93" CONTENT="medde-"/>
						</TextLine>
						<TextLine ID="line_9" HPOS="92" VPOS="492" WIDTH="761" HEIGHT="31">
							<String ID="string_74" HPOS="92" VPOS="492" WIDTH="52" HEIGHT="22" WC="0.96" CONTENT="lade"/><SP WIDTH="16" VPOS="492" HPOS="144"/>
							<String ID="string_75" HPOS="160" VPOS="493" WIDTH="126" HEIGHT="30" WC="0.96" CONTENT="anvisning"/><SP WIDTH="11" VPOS="493" HPOS="286"/>
							<String ID="string_76" HPOS="297" VPOS="494" WIDTH="37" HEIGHT="21" WC="0.93" CONTENT="till"/><SP WIDTH="12" VPOS="494" HPOS="334"/>
							<String ID="string_77" HPOS="346" VPOS="494" WIDTH="219" HEIGHT="29" WC="0.92" CONTENT="ändringssökande"/><SP WIDTH="10" VPOS="494" HPOS="565"/>
							<String ID="string_78" HPOS="575" VPOS="494" WIDTH="8" HEIGHT="21" WC="0.96" CONTENT="i"/><SP WIDTH="12" VPOS="494" HPOS="583"/>
							<String ID="string_79" HPOS="595" VPOS="494" WIDTH="73" HEIGHT="28" WC="0.96" CONTENT="sagda"/><SP WIDTH="10" VPOS="494" HPOS="668"/>
							<String ID="string_80" HPOS="678" VPOS="493" WIDTH="86" HEIGHT="30" WC="0.93" CONTENT="utslag,"/><SP WIDTH="10" VPOS="493" HPOS="764"/>
							<String ID="string_81" HPOS="774" VPOS="493" WIDTH="79" HEIGHT="28" WC="0.92" CONTENT="ålegat"/>
						</TextLine>
						<TextLine ID="line_10" HPOS="91" VPOS="533" WIDTH="762" HEIGHT="28">
							<String ID="string_82" HPOS="91" VPOS="533" WIDTH="81" HEIGHT="21" WC="0.93" CONTENT="Petter"/><SP WIDTH="14" VPOS="533" HPOS="172"/>
							<String ID="string_83" HPOS="186" VPOS="533" WIDTH="35" HEIGHT="28" WC="0.92" CONTENT="A.,"/><SP WIDTH="24" VPOS="533" HPOS="221"/>
							<String ID="string_84" HPOS="245" VPOS="535" WIDTH="98" HEIGHT="20" WC="0.96" CONTENT="såframt"/><SP WIDTH="22" VPOS="535" HPOS="343"/>
							<String ID="string_85" HPOS="365" VPOS="534" WIDTH="48" HEIGHT="22" WC="0.96" CONTENT="han"/><SP WIDTH="19" VPOS="534" HPOS="413"/>
							<String ID="string_86" HPOS="432" VPOS="535" WIDTH="55" HEIGHT="21" WC="0.96" CONTENT="ville"/><SP WIDTH="20" VPOS="535" HPOS="487"/>
							<String ID="string_87" HPOS="507" VPOS="534" WIDTH="144" HEIGHT="22" WC="0.96" CONTENT="underkasta"/><SP WIDTH="16" VPOS="534" HPOS="651"/>
							<String ID="string_88" HPOS="667" VPOS="534" WIDTH="130" HEIGHT="21" WC="0.93" CONTENT="detsamma"/><SP WIDTH="16" VPOS="534" HPOS="797"/>
							<String ID="string_89" HPOS="813" VPOS="533" WIDTH="40" HEIGHT="21" WC="0.92" CONTENT="Se-"/>
						</TextLine>
						<TextLine ID="line_11" HPOS="92" VPOS="573" WIDTH="761" HEIGHT="30">
							<String ID="string_90" HPOS="92" VPOS="575" WIDTH="82" HEIGHT="20" WC="0.90" CONTENT="natens"/><SP WIDTH="16" VPOS="575" HPOS="174"/>
							<String ID="string_91" HPOS="190" VPOS="574" WIDTH="120" HEIGHT="29" WC="0.92" CONTENT="pröfning,"/><SP WIDTH="17" VPOS="574" HPOS="310"/>
							<String ID="string_92" HPOS="327" VPOS="576" WIDTH="40" HEIGHT="27" WC="0.96" CONTENT="att,"/><SP WIDTH="16" VPOS="576" HPOS="367"/>
							<String ID="string_93" HPOS="383" VPOS="575" WIDTH="43" HEIGHT="21" WC="0.96" CONTENT="vid"/><SP WIDTH="14" VPOS="575" HPOS="426"/>
							<String ID="string_94" HPOS="440" VPOS="575" WIDTH="87" HEIGHT="21" WC="0.96" CONTENT="förlust"/><SP WIDTH="16" VPOS="575" HPOS="527"/>
							<String ID="string_95" HPOS="543" VPOS="575" WIDTH="27" HEIGHT="21" WC="0.96" CONTENT="af"/><SP WIDTH="13" VPOS="575" HPOS="570"/>
							<String ID="string_96" HPOS="583" VPOS="575" WIDTH="37" HEIGHT="21" WC="0.93" CONTENT="sin"/><SP WIDTH="14" VPOS="575" HPOS="620"/>
							<String ID="string_97" HPOS="634" VPOS="574" WIDTH="171" HEIGHT="27" WC="0.89" CONTENT="besvärstalan,"/><SP WIDTH="14" VPOS="574" HPOS="805"/>
							<String ID="string_98" HPOS="819" VPOS="573" WIDTH="34" HEIGHT="21" WC="0.92" CONTENT="bi-"/>
						</TextLine>
						<TextLine ID="line_12" HPOS="92" VPOS="613" WIDTH="761" HEIGHT="30">
							<String ID="string_99" HPOS="92" VPOS="613" WIDTH="70" HEIGHT="29" WC="0.96" CONTENT="lägga"/><SP WIDTH="17" VPOS="613" HPOS="162"/>
							<String ID="string_100" HPOS="179" VPOS="613" WIDTH="112" HEIGHT="22" WC="0.96" CONTENT="besvären"/><SP WIDTH="16" VPOS="613" HPOS="291"/>
							<String ID="string_101" HPOS="307" VPOS="615" WIDTH="115" HEIGHT="28" WC="0.96" CONTENT="antingen"/><SP WIDTH="15" VPOS="615" HPOS="422"/>
							<String ID="string_102" HPOS="437" VPOS="615" WIDTH="65" HEIGHT="22" WC="0.93" CONTENT="bevis"/><SP WIDTH="17" VPOS="615" HPOS="502"/>
							<String ID="string_103" HPOS="519" VPOS="615" WIDTH="109" HEIGHT="21" WC="0.92" CONTENT="deröfver"/><SP WIDTH="17" VPOS="615" HPOS="628"/>
							<String ID="string_104" HPOS="645" VPOS="616" WIDTH="35" HEIGHT="19" WC="0.96" CONTENT="att"/><SP WIDTH="16" VPOS="616" HPOS="680"/>
							<String ID="string_105" HPOS="696" VPOS="614" WIDTH="48" HEIGHT="21" WC="0.96" CONTENT="han"/><SP WIDTH="15" VPOS="614" HPOS="744"/>
							<String ID="string_106" HPOS="759" VPOS="613" WIDTH="94" HEIGHT="22" WC="0.96" CONTENT="nedsatt"/>
						</TextLine>
						<TextLine ID="line_13" HPOS="93" VPOS="653" WIDTH="760" HEIGHT="28">
							<String ID="string_107" HPOS="93" VPOS="653" WIDTH="28" HEIGHT="21" WC="0.96" CONTENT="de"/><SP WIDTH="15" VPOS="653" HPOS="121"/>
							<String ID="string_108" HPOS="136" VPOS="653" WIDTH="85" HEIGHT="22" WC="0.93" CONTENT="honom"/><SP WIDTH="23" VPOS="653" HPOS="221"/>
							<String ID="string_109" HPOS="244" VPOS="655" WIDTH="100" HEIGHT="21" WC="0.91" CONTENT="ådömda"/><SP WIDTH="23" VPOS="655" HPOS="344"/>
							<String ID="string_110" HPOS="367" VPOS="655" WIDTH="99" HEIGHT="22" WC="0.96" CONTENT="böterna"/><SP WIDTH="14" VPOS="655" HPOS="466"/>
							<String ID="string_111" HPOS="480" VPOS="655" WIDTH="8" HEIGHT="22" WC="0.92" CONTENT="i"/><SP WIDTH="15" VPOS="655" HPOS="488"/>
							<String ID="string_112" HPOS="503" VPOS="655" WIDTH="158" HEIGHT="22" WC="0.92" CONTENT="landtränteri"/><SP WIDTH="23" VPOS="655" HPOS="661"/>
							<String ID="string_113" HPOS="684" VPOS="654" WIDTH="57" HEIGHT="21" WC="0.96" CONTENT="eller"/><SP WIDTH="23" VPOS="654" HPOS="741"/>
							<String ID="string_114" HPOS="764" VPOS="654" WIDTH="89" HEIGHT="27" WC="0.96" CONTENT="borgen"/>
						</TextLine>
						<TextLine ID="line_14" HPOS="93" VPOS="692" WIDTH="759" HEIGHT="32">
							<String ID="string_115" HPOS="93" VPOS="693" WIDTH="36" HEIGHT="22" WC="0.96" CONTENT="för"/><SP WIDTH="16" VPOS="693" HPOS="129"/>
							<String ID="string_116" HPOS="145" VPOS="693" WIDTH="57" HEIGHT="29" WC="0.96" CONTENT="dem,"/><SP WIDTH="26" VPOS="693" HPOS="202"/>
							<String ID="string_117" HPOS="228" VPOS="695" WIDTH="56" HEIGHT="21" WC="0.96" CONTENT="eller"/><SP WIDTH="23" VPOS="695" HPOS="284"/>
							<String ID="string_118" HPOS="307" VPOS="695" WIDTH="43" HEIGHT="22" WC="0.96" CONTENT="ock"/><SP WIDTH="22" VPOS="695" HPOS="350"/>
							<String ID="string_119" HPOS="372" VPOS="695" WIDTH="69" HEIGHT="29" WC="0.97" CONTENT="intyg"/><SP WIDTH="21" VPOS="695" HPOS="441"/>
							<String ID="string_120" HPOS="462" VPOS="703" WIDTH="37" HEIGHT="14" WC="0.96" CONTENT="om"/><SP WIDTH="16" VPOS="703" HPOS="499"/>
							<String ID="string_121" HPOS="515" VPOS="695" WIDTH="37" HEIGHT="22" WC="0.93" CONTENT="sin"/><SP WIDTH="16" VPOS="695" HPOS="552"/>
							<String ID="string_122" HPOS="568" VPOS="695" WIDTH="182" HEIGHT="28" WC="0.91" CONTENT="oförmögenhet"/><SP WIDTH="15" VPOS="695" HPOS="750"/>
							<String ID="string_123" HPOS="765" VPOS="692" WIDTH="87" HEIGHT="27" WC="0.95" CONTENT="härtill,"/>
						</TextLine>
						<TextLine ID="line_15" HPOS="93" VPOS="733" WIDTH="760" HEIGHT="32">
							<String ID="string_124" HPOS="93" VPOS="741" WIDTH="53" HEIGHT="14" WC="0.93" CONTENT="men"/><SP WIDTH="14" VPOS="741" HPOS="146"/>
							<String ID="string_125" HPOS="160" VPOS="735" WIDTH="66" HEIGHT="28" WC="0.61" CONTENT="A.”ej"/><SP WIDTH="16" VPOS="735" HPOS="226"/>
							<String ID="string_126" HPOS="242" VPOS="735" WIDTH="110" HEIGHT="29" WC="0.96" CONTENT="fullgjort"/><SP WIDTH="15" VPOS="735" HPOS="352"/>
							<String ID="string_127" HPOS="367" VPOS="736" WIDTH="73" HEIGHT="29" WC="0.96" CONTENT="något"/><SP WIDTH="22" VPOS="736" HPOS="440"/>
							<String ID="string_128" HPOS="462" VPOS="736" WIDTH="79" HEIGHT="28" WC="0.96" CONTENT="häraf;"/><SP WIDTH="23" VPOS="736" HPOS="541"/>
							<String ID="string_129" HPOS="564" VPOS="738" WIDTH="27" HEIGHT="26" WC="0.97" CONTENT="ty"/><SP WIDTH="16" VPOS="738" HPOS="591"/>
							<String ID="string_130" HPOS="607" VPOS="735" WIDTH="44" HEIGHT="22" WC="0.96" CONTENT="och"/><SP WIDTH="16" VPOS="735" HPOS="651"/>
							<String ID="string_131" HPOS="667" VPOS="735" WIDTH="29" HEIGHT="21" WC="0.96" CONTENT="då"/><SP WIDTH="16" VPOS="735" HPOS="696"/>
							<String ID="string_132" HPOS="712" VPOS="735" WIDTH="40" HEIGHT="21" WC="0.93" CONTENT="A:s"/><SP WIDTH="16" VPOS="735" HPOS="752"/>
							<String ID="string_133" HPOS="768" VPOS="733" WIDTH="85" HEIGHT="22" WC="0.92" CONTENT="förme-"/>
						</TextLine>
						<TextLine ID="line_16" HPOS="93" VPOS="773" WIDTH="759" HEIGHT="31">
							<String ID="string_134" HPOS="93" VPOS="775" WIDTH="60" HEIGHT="21" WC="0.96" CONTENT="nade"/><SP WIDTH="16" VPOS="775" HPOS="153"/>
							<String ID="string_135" HPOS="169" VPOS="777" WIDTH="35" HEIGHT="20" WC="0.96" CONTENT="att"/><SP WIDTH="15" VPOS="777" HPOS="204"/>
							<String ID="string_136" HPOS="219" VPOS="776" WIDTH="86" HEIGHT="21" WC="0.96" CONTENT="sådant"/><SP WIDTH="22" VPOS="776" HPOS="305"/>
							<String ID="string_137" HPOS="327" VPOS="776" WIDTH="33" HEIGHT="21" WC="0.95" CONTENT="fel"/><SP WIDTH="16" VPOS="776" HPOS="360"/>
							<String ID="string_138" HPOS="376" VPOS="776" WIDTH="8" HEIGHT="21" WC="0.95" CONTENT="i"/><SP WIDTH="15" VPOS="776" HPOS="384"/>
							<String ID="string_139" HPOS="399" VPOS="777" WIDTH="158" HEIGHT="27" WC="0.96" CONTENT="rättegången"/><SP WIDTH="16" VPOS="777" HPOS="557"/>
							<String ID="string_140" HPOS="573" VPOS="776" WIDTH="8" HEIGHT="21" WC="0.93" CONTENT="i"/><SP WIDTH="15" VPOS="776" HPOS="581"/>
							<String ID="string_141" HPOS="596" VPOS="776" WIDTH="122" HEIGHT="21" WC="0.93" CONTENT="hofrätten"/><SP WIDTH="15" VPOS="776" HPOS="718"/>
							<String ID="string_142" HPOS="733" VPOS="773" WIDTH="119" HEIGHT="28" WC="0.43" CONTENT="förelupit"/>
						</TextLine>
						<TextLine ID="line_17" HPOS="94" VPOS="814" WIDTH="760" HEIGHT="31">
							<String ID="string_143" HPOS="94" VPOS="816" WIDTH="72" HEIGHT="21" WC="0.96" CONTENT="som"/><SP WIDTH="-14" VPOS="816" HPOS="166"/>
							<String ID="string_144" HPOS="152" VPOS="810" WIDTH="16" HEIGHT="40" WC="0.96" CONTENT="i"/><SP WIDTH="15" VPOS="810" HPOS="168"/>
							<String ID="string_145" HPOS="183" VPOS="818" WIDTH="25" HEIGHT="19" WC="0.96" CONTENT="18"/><SP WIDTH="23" VPOS="818" HPOS="208"/>
							<String ID="string_146" HPOS="231" VPOS="818" WIDTH="13" HEIGHT="25" WC="0.91" CONTENT="&amp;"/><SP WIDTH="15" VPOS="818" HPOS="244"/>
							<String ID="string_147" HPOS="259" VPOS="817" WIDTH="161" HEIGHT="28" WC="0.96" CONTENT="nyssnämnda"/><SP WIDTH="22" VPOS="817" HPOS="420"/>
							<String ID="string_148" HPOS="442" VPOS="817" WIDTH="90" HEIGHT="28" WC="0.96" CONTENT="kapitel"/><SP WIDTH="23" VPOS="817" HPOS="532"/>
							<String ID="string_149" HPOS="555" VPOS="817" WIDTH="44" HEIGHT="21" WC="0.96" CONTENT="och"/><SP WIDTH="24" VPOS="817" HPOS="599"/>
							<String ID="string_150" HPOS="623" VPOS="817" WIDTH="62" HEIGHT="28" WC="0.96" CONTENT="balk,"/><SP WIDTH="25" VPOS="817" HPOS="685"/>
							<String ID="string_151" HPOS="710" VPOS="817" WIDTH="76" HEIGHT="20" WC="0.96" CONTENT="såsom"/><SP WIDTH="23" VPOS="817" HPOS="786"/>
							<String ID="string_152" HPOS="809" VPOS="814" WIDTH="45" HEIGHT="22" WC="0.96" CONTENT="den"/>
						</TextLine>
						<TextLine ID="line_18" HPOS="93" VPOS="854" WIDTH="761" HEIGHT="32">
							<String ID="string_153" HPOS="93" VPOS="857" WIDTH="66" HEIGHT="28" WC="0.96" CONTENT="lyder"/><SP WIDTH="15" VPOS="857" HPOS="159"/>
							<String ID="string_154" HPOS="174" VPOS="856" WIDTH="9" HEIGHT="22" WC="0.93" CONTENT="i"/><SP WIDTH="15" VPOS="856" HPOS="183"/>
							<String ID="string_155" HPOS="198" VPOS="857" WIDTH="128" HEIGHT="28" WC="0.92" CONTENT="nästsagda"/><SP WIDTH="20" VPOS="857" HPOS="326"/>
							<String ID="string_156" HPOS="346" VPOS="857" WIDTH="147" HEIGHT="29" WC="0.93" CONTENT="förordning,"/><SP WIDTH="18" VPOS="857" HPOS="493"/>
							<String ID="string_157" HPOS="511" VPOS="857" WIDTH="68" HEIGHT="29" WC="0.92" CONTENT="afses,"/><SP WIDTH="18" VPOS="857" HPOS="579"/>
							<String ID="string_158" HPOS="597" VPOS="857" WIDTH="43" HEIGHT="22" WC="0.96" CONTENT="och"/><SP WIDTH="16" VPOS="857" HPOS="640"/>
							<String ID="string_159" HPOS="656" VPOS="859" WIDTH="36" HEIGHT="20" WC="0.96" CONTENT="att"/><SP WIDTH="14" VPOS="859" HPOS="692"/>
							<String ID="string_160" HPOS="706" VPOS="856" WIDTH="63" HEIGHT="22" WC="0.95" CONTENT="hvad"/><SP WIDTH="14" VPOS="856" HPOS="769"/>
							<String ID="string_161" HPOS="783" VPOS="855" WIDTH="48" HEIGHT="22" WC="0.95" CONTENT="han"/><SP WIDTH="16" VPOS="855" HPOS="831"/>
							<String ID="string_162" HPOS="847" VPOS="854" WIDTH="7" HEIGHT="22" WC="0.96" CONTENT="i"/>
						</TextLine>
						<TextLine ID="line_19" HPOS="94" VPOS="896" WIDTH="761" HEIGHT="30">
							<String ID="string_163" HPOS="94" VPOS="897" WIDTH="133" HEIGHT="29" WC="0.95" CONTENT="Kejserliga"/><SP WIDTH="26" VPOS="897" HPOS="227"/>
							<String ID="string_164" HPOS="253" VPOS="898" WIDTH="101" HEIGHT="21" WC="0.92" CONTENT="Senaten"/><SP WIDTH="16" VPOS="898" HPOS="354"/>
							<String ID="string_165" HPOS="370" VPOS="898" WIDTH="81" HEIGHT="21" WC="0.96" CONTENT="anfört"/><SP WIDTH="15" VPOS="898" HPOS="451"/>
							<String ID="string_166" HPOS="466" VPOS="898" WIDTH="9" HEIGHT="21" WC="0.96" CONTENT="i"/><SP WIDTH="15" VPOS="898" HPOS="475"/>
							<String ID="string_167" HPOS="490" VPOS="898" WIDTH="73" HEIGHT="21" WC="0.92" CONTENT="saken"/><SP WIDTH="16" VPOS="898" HPOS="563"/>
							<String ID="string_168" HPOS="579" VPOS="898" WIDTH="65" HEIGHT="28" WC="0.92" CONTENT="förty"/><SP WIDTH="15" VPOS="898" HPOS="644"/>
							<String ID="string_169" HPOS="659" VPOS="897" WIDTH="73" HEIGHT="22" WC="0.96" CONTENT="borde"/><SP WIDTH="15" VPOS="897" HPOS="732"/>
							<String ID="string_170" HPOS="747" VPOS="898" WIDTH="58" HEIGHT="20" WC="0.93" CONTENT="utan"/><SP WIDTH="16" VPOS="898" HPOS="805"/>
							<String ID="string_171" HPOS="821" VPOS="896" WIDTH="34" HEIGHT="21" WC="0.92" CONTENT="af-"/>
						</TextLine>
						<TextLine ID="line_20" HPOS="94" VPOS="935" WIDTH="760" HEIGHT="25">
							<String ID="string_172" HPOS="94" VPOS="937" WIDTH="84" HEIGHT="22" WC="0.93" CONTENT="seende"/><SP WIDTH="15" VPOS="937" HPOS="178"/>
							<String ID="string_173" HPOS="193" VPOS="938" WIDTH="14" HEIGHT="21" WC="0.89" CONTENT="å"/><SP WIDTH="15" VPOS="938" HPOS="207"/>
							<String ID="string_174" HPOS="222" VPOS="938" WIDTH="58" HEIGHT="21" WC="0.93" CONTENT="hans"/><SP WIDTH="18" VPOS="938" HPOS="280"/>
							<String ID="string_175" HPOS="298" VPOS="938" WIDTH="155" HEIGHT="22" WC="0.92" CONTENT="omförmälda"/><SP WIDTH="22" VPOS="938" HPOS="453"/>
							<String ID="string_176" HPOS="475" VPOS="938" WIDTH="163" HEIGHT="22" WC="0.96" CONTENT="försummelse"/><SP WIDTH="16" VPOS="938" HPOS="638"/>
							<String ID="string_177" HPOS="654" VPOS="938" WIDTH="26" HEIGHT="21" WC="0.96" CONTENT="af"/><SP WIDTH="20" VPOS="938" HPOS="680"/>
							<String ID="string_178" HPOS="700" VPOS="937" WIDTH="101" HEIGHT="21" WC="0.93" CONTENT="Senaten"/><SP WIDTH="16" VPOS="937" HPOS="801"/>
							<String ID="string_179" HPOS="817" VPOS="935" WIDTH="37" HEIGHT="22" WC="0.94" CONTENT="till"/>
						</TextLine>
						<TextLine ID="line_21" HPOS="93" VPOS="976" WIDTH="760" HEIGHT="31">
							<String ID="string_180" HPOS="93" VPOS="978" WIDTH="147" HEIGHT="28" WC="0.96" CONTENT="granskning"/><SP WIDTH="15" VPOS="978" HPOS="240"/>
							<String ID="string_181" HPOS="255" VPOS="980" WIDTH="123" HEIGHT="27" WC="0.96" CONTENT="upptagas,"/><SP WIDTH="21" VPOS="980" HPOS="378"/>
							<String ID="string_182" HPOS="399" VPOS="978" WIDTH="104" HEIGHT="22" WC="0.96" CONTENT="saknade"/><SP WIDTH="17" VPOS="978" HPOS="503"/>
							<String ID="string_183" HPOS="520" VPOS="978" WIDTH="43" HEIGHT="22" WC="0.96" CONTENT="allt"/><SP WIDTH="15" VPOS="978" HPOS="563"/>
							<String ID="string_184" HPOS="578" VPOS="978" WIDTH="47" HEIGHT="29" WC="0.96" CONTENT="fog,"/><SP WIDTH="17" VPOS="978" HPOS="625"/>
							<String ID="string_185" HPOS="642" VPOS="978" WIDTH="57" HEIGHT="22" WC="0.96" CONTENT="ville"/><SP WIDTH="16" VPOS="978" HPOS="699"/>
							<String ID="string_186" HPOS="715" VPOS="978" WIDTH="102" HEIGHT="21" WC="0.95" CONTENT="Senaten"/><SP WIDTH="16" VPOS="978" HPOS="817"/>
							<String ID="string_187" HPOS="833" VPOS="976" WIDTH="20" HEIGHT="28" WC="0.96" CONTENT="ej"/>
						</TextLine>
						<TextLine ID="line_22" HPOS="94" VPOS="1017" WIDTH="761" HEIGHT="31">
							<String ID="string_188" HPOS="94" VPOS="1018" WIDTH="56" HEIGHT="28" WC="0.95" CONTENT="ingå"/><SP WIDTH="14" VPOS="1018" HPOS="150"/>
							<String ID="string_189" HPOS="164" VPOS="1018" WIDTH="8" HEIGHT="21" WC="0.93" CONTENT="i"/><SP WIDTH="15" VPOS="1018" HPOS="172"/>
							<String ID="string_190" HPOS="187" VPOS="1019" WIDTH="114" HEIGHT="29" WC="0.92" CONTENT="pröfning"/><SP WIDTH="16" VPOS="1019" HPOS="301"/>
							<String ID="string_191" HPOS="317" VPOS="1019" WIDTH="26" HEIGHT="21" WC="0.96" CONTENT="af"/><SP WIDTH="13" VPOS="1019" HPOS="343"/>
							<String ID="string_192" HPOS="356" VPOS="1019" WIDTH="63" HEIGHT="22" WC="0.93" CONTENT="hvad"/><SP WIDTH="22" VPOS="1019" HPOS="419"/>
							<String ID="string_193" HPOS="441" VPOS="1020" WIDTH="28" HEIGHT="20" WC="0.92" CONTENT="A."/><SP WIDTH="17" VPOS="1020" HPOS="469"/>
							<String ID="string_194" HPOS="486" VPOS="1020" WIDTH="82" HEIGHT="20" WC="0.96" CONTENT="anfört"/><SP WIDTH="16" VPOS="1020" HPOS="568"/>
							<String ID="string_195" HPOS="584" VPOS="1018" WIDTH="38" HEIGHT="22" WC="0.96" CONTENT="till"/><SP WIDTH="14" VPOS="1018" HPOS="622"/>
							<String ID="string_196" HPOS="636" VPOS="1018" WIDTH="120" HEIGHT="22" WC="0.95" CONTENT="vinnande"/><SP WIDTH="16" VPOS="1018" HPOS="756"/>
							<String ID="string_197" HPOS="772" VPOS="1017" WIDTH="27" HEIGHT="21" WC="0.93" CONTENT="af"/><SP WIDTH="17" VPOS="1017" HPOS="799"/>
							<String ID="string_198" HPOS="816" VPOS="1020" WIDTH="39" HEIGHT="18" WC="0.90" CONTENT="än-"/>
						</TextLine>
						<TextLine ID="line_23" HPOS="95" VPOS="1056" WIDTH="760" HEIGHT="32">
							<String ID="string_199" HPOS="95" VPOS="1058" WIDTH="68" HEIGHT="28" WC="0.92" CONTENT="dring"/><SP WIDTH="15" VPOS="1058" HPOS="163"/>
							<String ID="string_200" HPOS="178" VPOS="1058" WIDTH="8" HEIGHT="22" WC="0.93" CONTENT="i"/><SP WIDTH="16" VPOS="1058" HPOS="186"/>
							<String ID="string_201" HPOS="202" VPOS="1058" WIDTH="132" HEIGHT="22" WC="0.93" CONTENT="hofrättens"/><SP WIDTH="15" VPOS="1058" HPOS="334"/>
							<String ID="string_202" HPOS="349" VPOS="1059" WIDTH="87" HEIGHT="29" WC="0.95" CONTENT="utslag,"/><SP WIDTH="11" VPOS="1059" HPOS="436"/>
							<String ID="string_203" HPOS="447" VPOS="1059" WIDTH="92" HEIGHT="22" WC="0.93" CONTENT="hvilket"/><SP WIDTH="10" VPOS="1059" HPOS="539"/>
							<String ID="string_204" HPOS="549" VPOS="1058" WIDTH="148" HEIGHT="22" WC="0.92" CONTENT="fördenskull"/><SP WIDTH="11" VPOS="1058" HPOS="697"/>
							<String ID="string_205" HPOS="708" VPOS="1056" WIDTH="147" HEIGHT="24" WC="0.95" CONTENT="beträffande"/>
						</TextLine>
						<TextLine ID="line_24" HPOS="94" VPOS="1096" WIDTH="761" HEIGHT="32">
							<String ID="string_206" HPOS="94" VPOS="1098" WIDTH="85" HEIGHT="22" WC="0.96" CONTENT="honom"/><SP WIDTH="22" VPOS="1098" HPOS="179"/>
							<String ID="string_207" HPOS="201" VPOS="1099" WIDTH="61" HEIGHT="28" WC="0.96" CONTENT="kom,"/><SP WIDTH="24" VPOS="1099" HPOS="262"/>
							<String ID="string_208" HPOS="286" VPOS="1100" WIDTH="75" HEIGHT="20" WC="0.95" CONTENT="såsom"/><SP WIDTH="24" VPOS="1100" HPOS="361"/>
							<String ID="string_209" HPOS="385" VPOS="1099" WIDTH="55" HEIGHT="29" WC="0.96" CONTENT="laga"/><SP WIDTH="22" VPOS="1099" HPOS="440"/>
							<String ID="string_210" HPOS="462" VPOS="1099" WIDTH="66" HEIGHT="21" WC="0.96" CONTENT="kraft"/><SP WIDTH="22" VPOS="1099" HPOS="528"/>
							<String ID="string_211" HPOS="550" VPOS="1101" WIDTH="96" HEIGHT="26" WC="0.96" CONTENT="vunnet,"/><SP WIDTH="25" VPOS="1101" HPOS="646"/>
							<String ID="string_212" HPOS="671" VPOS="1100" WIDTH="36" HEIGHT="20" WC="0.93" CONTENT="att"/><SP WIDTH="24" VPOS="1100" HPOS="707"/>
							<String ID="string_213" HPOS="731" VPOS="1097" WIDTH="70" HEIGHT="22" WC="0.91" CONTENT="lända"/><SP WIDTH="16" VPOS="1097" HPOS="801"/>
							<String ID="string_214" HPOS="817" VPOS="1096" WIDTH="38" HEIGHT="22" WC="0.96" CONTENT="till"/>
						</TextLine>
						<TextLine ID="line_25" HPOS="95" VPOS="1138" WIDTH="760" HEIGHT="30">
							<String ID="string_215" HPOS="95" VPOS="1140" WIDTH="161" HEIGHT="21" WC="0.88" CONTENT="efterrättelse."/><SP WIDTH="31" VPOS="1140" HPOS="256"/>
							<String ID="string_216" HPOS="287" VPOS="1140" WIDTH="46" HEIGHT="21" WC="0.95" CONTENT="Vid"/><SP WIDTH="24" VPOS="1140" HPOS="333"/>
							<String ID="string_217" HPOS="357" VPOS="1139" WIDTH="78" HEIGHT="22" WC="0.95" CONTENT="denna"/><SP WIDTH="22" VPOS="1139" HPOS="435"/>
							<String ID="string_218" HPOS="457" VPOS="1140" WIDTH="92" HEIGHT="28" WC="0.96" CONTENT="utgång"/><SP WIDTH="22" VPOS="1140" HPOS="549"/>
							<String ID="string_219" HPOS="571" VPOS="1140" WIDTH="28" HEIGHT="21" WC="0.96" CONTENT="af"/><SP WIDTH="17" VPOS="1140" HPOS="599"/>
							<String ID="string_220" HPOS="616" VPOS="1139" WIDTH="72" HEIGHT="21" WC="0.96" CONTENT="målet"/><SP WIDTH="19" VPOS="1139" HPOS="688"/>
							<String ID="string_221" HPOS="707" VPOS="1138" WIDTH="148" HEIGHT="22" WC="0.96" CONTENT="förkastades"/>
						</TextLine>
						<TextLine ID="line_26" HPOS="94" VPOS="1180" WIDTH="761" HEIGHT="28">
							<String ID="string_222" HPOS="94" VPOS="1180" WIDTH="77" HEIGHT="22" WC="0.96" CONTENT="Jakob"/><SP WIDTH="23" VPOS="1180" HPOS="171"/>
							<String ID="string_223" HPOS="194" VPOS="1180" WIDTH="44" HEIGHT="22" WC="0.96" CONTENT="M:s"/><SP WIDTH="24" VPOS="1180" HPOS="238"/>
							<String ID="string_224" HPOS="262" VPOS="1180" WIDTH="44" HEIGHT="22" WC="0.96" CONTENT="och"/><SP WIDTH="19" VPOS="1180" HPOS="306"/>
							<String ID="string_225" HPOS="325" VPOS="1181" WIDTH="81" HEIGHT="21" WC="0.96" CONTENT="Petter"/><SP WIDTH="22" VPOS="1181" HPOS="406"/>
							<String ID="string_226" HPOS="428" VPOS="1181" WIDTH="41" HEIGHT="21" WC="0.96" CONTENT="A:s"/><SP WIDTH="20" VPOS="1181" HPOS="469"/>
							<String ID="string_227" HPOS="489" VPOS="1180" WIDTH="112" HEIGHT="22" WC="0.96" CONTENT="anhållan"/><SP WIDTH="16" VPOS="1180" HPOS="601"/>
							<String ID="string_228" HPOS="617" VPOS="1182" WIDTH="35" HEIGHT="20" WC="0.96" CONTENT="att"/><SP WIDTH="16" VPOS="1182" HPOS="652"/>
							<String ID="string_229" HPOS="668" VPOS="1180" WIDTH="24" HEIGHT="22" WC="0.96" CONTENT="få"/><SP WIDTH="16" VPOS="1180" HPOS="692"/>
							<String ID="string_230" HPOS="708" VPOS="1180" WIDTH="30" HEIGHT="28" WC="0.93" CONTENT="på"/><SP WIDTH="14" VPOS="1180" HPOS="738"/>
							<String ID="string_231" HPOS="752" VPOS="1180" WIDTH="103" HEIGHT="26" WC="0.91" CONTENT="motpar-"/>
						</TextLine>
						<TextLine ID="line_27" HPOS="95" VPOS="1218" WIDTH="760" HEIGHT="31">
							<String ID="string_232" HPOS="95" VPOS="1222" WIDTH="76" HEIGHT="20" WC="0.91" CONTENT="ternes"/><SP WIDTH="15" VPOS="1222" HPOS="171"/>
							<String ID="string_233" HPOS="186" VPOS="1220" WIDTH="131" HEIGHT="22" WC="0.96" CONTENT="bekostnad"/><SP WIDTH="16" VPOS="1220" HPOS="317"/>
							<String ID="string_234" HPOS="333" VPOS="1220" WIDTH="83" HEIGHT="28" WC="0.96" CONTENT="trycka"/><SP WIDTH="11" VPOS="1220" HPOS="416"/>
							<String ID="string_235" HPOS="427" VPOS="1220" WIDTH="110" HEIGHT="29" WC="0.96" CONTENT="utslagen"/><SP WIDTH="10" VPOS="1220" HPOS="537"/>
							<String ID="string_236" HPOS="547" VPOS="1220" WIDTH="8" HEIGHT="21" WC="0.96" CONTENT="i"/><SP WIDTH="11" VPOS="1220" HPOS="555"/>
							<String ID="string_237" HPOS="566" VPOS="1220" WIDTH="80" HEIGHT="27" WC="0.96" CONTENT="målet;"/><SP WIDTH="16" VPOS="1220" HPOS="646"/>
							<String ID="string_238" HPOS="662" VPOS="1219" WIDTH="44" HEIGHT="23" WC="0.96" CONTENT="och"/><SP WIDTH="11" VPOS="1219" HPOS="706"/>
							<String ID="string_239" HPOS="717" VPOS="1218" WIDTH="138" HEIGHT="23" WC="0.95" CONTENT="föranledde"/>
						</TextLine>
						<TextLine ID="line_28" HPOS="95" VPOS="1260" WIDTH="760" HEIGHT="29">
							<String ID="string_240" HPOS="95" VPOS="1260" WIDTH="66" HEIGHT="22" WC="0.96" CONTENT="deras"/><SP WIDTH="15" VPOS="1260" HPOS="161"/>
							<String ID="string_241" HPOS="176" VPOS="1260" WIDTH="8" HEIGHT="21" WC="0.96" CONTENT="i"/><SP WIDTH="15" VPOS="1260" HPOS="184"/>
							<String ID="string_242" HPOS="199" VPOS="1260" WIDTH="134" HEIGHT="29" WC="0.95" CONTENT="Kejserliga"/><SP WIDTH="15" VPOS="1260" HPOS="333"/>
							<String ID="string_243" HPOS="348" VPOS="1260" WIDTH="103" HEIGHT="22" WC="0.96" CONTENT="Senaten"/><SP WIDTH="10" VPOS="1260" HPOS="451"/>
							<String ID="string_244" HPOS="461" VPOS="1262" WIDTH="50" HEIGHT="20" WC="0.93" CONTENT="mot"/><SP WIDTH="11" VPOS="1262" HPOS="511"/>
							<String ID="string_245" HPOS="522" VPOS="1260" WIDTH="120" HEIGHT="22" WC="0.91" CONTENT="hofrätten"/><SP WIDTH="11" VPOS="1260" HPOS="642"/>
							<String ID="string_246" HPOS="653" VPOS="1260" WIDTH="84" HEIGHT="28" WC="0.91" CONTENT="gjorda"/><SP WIDTH="11" VPOS="1260" HPOS="737"/>
							<String ID="string_247" HPOS="748" VPOS="1265" WIDTH="107" HEIGHT="15" WC="0.91" CONTENT="ansvars-"/>
						</TextLine>
						<TextLine ID="line_29" HPOS="95" VPOS="1300" WIDTH="761" HEIGHT="30">
							<String ID="string_248" HPOS="95" VPOS="1300" WIDTH="143" HEIGHT="29" WC="0.96" CONTENT="påståenden"/><SP WIDTH="15" VPOS="1300" HPOS="238"/>
							<String ID="string_249" HPOS="253" VPOS="1300" WIDTH="53" HEIGHT="22" WC="0.96" CONTENT="icke"/><SP WIDTH="17" VPOS="1300" HPOS="306"/>
							<String ID="string_250" HPOS="323" VPOS="1300" WIDTH="37" HEIGHT="22" WC="0.96" CONTENT="till"/><SP WIDTH="10" VPOS="1300" HPOS="360"/>
							<String ID="string_251" HPOS="370" VPOS="1301" WIDTH="80" HEIGHT="28" WC="0.96" CONTENT="någon"/><SP WIDTH="10" VPOS="1301" HPOS="450"/>
							<String ID="string_252" HPOS="460" VPOS="1300" WIDTH="91" HEIGHT="30" WC="0.96" CONTENT="åtgärd."/><SP WIDTH="26" VPOS="1300" HPOS="551"/>
							<String ID="string_253" HPOS="577" VPOS="1300" WIDTH="11" HEIGHT="22" WC="0.96" CONTENT="I"/><SP WIDTH="12" VPOS="1300" HPOS="588"/>
							<String ID="string_254" HPOS="600" VPOS="1300" WIDTH="73" HEIGHT="28" WC="0.96" CONTENT="öfrigt"/><SP WIDTH="11" VPOS="1300" HPOS="673"/>
							<String ID="string_255" HPOS="684" VPOS="1300" WIDTH="58" HEIGHT="22" WC="0.96" CONTENT="fann"/><SP WIDTH="11" VPOS="1300" HPOS="742"/>
							<String ID="string_256" HPOS="753" VPOS="1300" WIDTH="103" HEIGHT="21" WC="0.96" CONTENT="Senaten"/>
						</TextLine>
						<TextLine ID="line_30" HPOS="94" VPOS="1338" WIDTH="762" HEIGHT="29">
							<String ID="string_257" HPOS="94" VPOS="1340" WIDTH="78" HEIGHT="22" WC="0.93" CONTENT="Jakob"/><SP WIDTH="23" VPOS="1340" HPOS="172"/>
							<String ID="string_258" HPOS="195" VPOS="1341" WIDTH="30" HEIGHT="21" WC="0.92" CONTENT="M."/><SP WIDTH="17" VPOS="1341" HPOS="225"/>
							<String ID="string_259" HPOS="242" VPOS="1341" WIDTH="44" HEIGHT="21" WC="0.96" CONTENT="och"/><SP WIDTH="22" VPOS="1341" HPOS="286"/>
							<String ID="string_260" HPOS="308" VPOS="1341" WIDTH="81" HEIGHT="21" WC="0.93" CONTENT="Petter"/><SP WIDTH="16" VPOS="1341" HPOS="389"/>
							<String ID="string_261" HPOS="405" VPOS="1342" WIDTH="28" HEIGHT="20" WC="0.91" CONTENT="A."/><SP WIDTH="17" VPOS="1342" HPOS="433"/>
							<String ID="string_262" HPOS="450" VPOS="1341" WIDTH="72" HEIGHT="21" WC="0.96" CONTENT="hafva"/><SP WIDTH="23" VPOS="1341" HPOS="522"/>
							<String ID="string_263" HPOS="545" VPOS="1341" WIDTH="35" HEIGHT="21" WC="0.96" CONTENT="uti"/><SP WIDTH="23" VPOS="1341" HPOS="580"/>
							<String ID="string_264" HPOS="603" VPOS="1341" WIDTH="51" HEIGHT="21" WC="0.96" CONTENT="sina"/><SP WIDTH="23" VPOS="1341" HPOS="654"/>
							<String ID="string_265" HPOS="677" VPOS="1340" WIDTH="45" HEIGHT="22" WC="0.96" CONTENT="den"/><SP WIDTH="23" VPOS="1340" HPOS="722"/>
							<String ID="string_266" HPOS="745" VPOS="1342" WIDTH="27" HEIGHT="19" WC="0.96" CONTENT="28"/><SP WIDTH="15" VPOS="1342" HPOS="772"/>
							<String ID="string_267" HPOS="787" VPOS="1338" WIDTH="69" HEIGHT="29" WC="0.96" CONTENT="April"/>
						</TextLine>
						<TextLine ID="line_31" HPOS="97" VPOS="1380" WIDTH="760" HEIGHT="30">
							<String ID="string_268" HPOS="97" VPOS="1383" WIDTH="53" HEIGHT="20" WC="0.96" CONTENT="1894"/><SP WIDTH="16" VPOS="1383" HPOS="150"/>
							<String ID="string_269" HPOS="166" VPOS="1381" WIDTH="26" HEIGHT="21" WC="0.96" CONTENT="af"/><SP WIDTH="14" VPOS="1381" HPOS="192"/>
							<String ID="string_270" HPOS="206" VPOS="1381" WIDTH="46" HEIGHT="21" WC="0.95" CONTENT="den"/><SP WIDTH="23" VPOS="1381" HPOS="252"/>
							<String ID="string_271" HPOS="275" VPOS="1382" WIDTH="145" HEIGHT="21" WC="0.95" CONTENT="sistnämnde"/><SP WIDTH="23" VPOS="1382" HPOS="420"/>
							<String ID="string_272" HPOS="443" VPOS="1382" WIDTH="38" HEIGHT="21" WC="0.96" CONTENT="till"/><SP WIDTH="21" VPOS="1382" HPOS="481"/>
							<String ID="string_273" HPOS="502" VPOS="1381" WIDTH="134" HEIGHT="29" WC="0.96" CONTENT="Kejserliga"/><SP WIDTH="20" VPOS="1381" HPOS="636"/>
							<String ID="string_274" HPOS="656" VPOS="1382" WIDTH="102" HEIGHT="21" WC="0.93" CONTENT="Senaten"/><SP WIDTH="16" VPOS="1382" HPOS="758"/>
							<String ID="string_275" HPOS="774" VPOS="1380" WIDTH="83" HEIGHT="21" WC="0.92" CONTENT="inlem-"/>
						</TextLine>
						<TextLine ID="line_32" HPOS="94" VPOS="1420" WIDTH="763" HEIGHT="30">
							<String ID="string_276" HPOS="94" VPOS="1422" WIDTH="60" HEIGHT="21" WC="0.92" CONTENT="nade"/><SP WIDTH="16" VPOS="1422" HPOS="154"/>
							<String ID="string_277" HPOS="170" VPOS="1422" WIDTH="199" HEIGHT="28" WC="0.92" CONTENT="besvärsskrifter,"/><SP WIDTH="18" VPOS="1422" HPOS="369"/>
							<String ID="string_278" HPOS="387" VPOS="1422" WIDTH="26" HEIGHT="21" WC="0.96" CONTENT="af"/><SP WIDTH="14" VPOS="1422" HPOS="413"/>
							<String ID="string_279" HPOS="427" VPOS="1422" WIDTH="81" HEIGHT="22" WC="0.93" CONTENT="hvilka"/><SP WIDTH="13" VPOS="1422" HPOS="508"/>
							<String ID="string_280" HPOS="521" VPOS="1422" WIDTH="88" HEIGHT="28" WC="0.92" CONTENT="jemväl"/><SP WIDTH="16" VPOS="1422" HPOS="609"/>
							<String ID="string_281" HPOS="625" VPOS="1422" WIDTH="46" HEIGHT="21" WC="0.96" CONTENT="den"/><SP WIDTH="15" VPOS="1422" HPOS="671"/>
							<String ID="string_282" HPOS="686" VPOS="1422" WIDTH="38" HEIGHT="21" WC="0.97" CONTENT="för"/><SP WIDTH="10" VPOS="1422" HPOS="724"/>
							<String ID="string_283" HPOS="734" VPOS="1420" WIDTH="80" HEIGHT="23" WC="0.96" CONTENT="Jakob"/><SP WIDTH="10" VPOS="1420" HPOS="814"/>
							<String ID="string_284" HPOS="824" VPOS="1420" WIDTH="33" HEIGHT="21" WC="0.96" CONTENT="M."/>
						</TextLine>
					</TextBlock>
				</ComposedBlock>
			</PrintSpace>
		</Page>
	</Layout>
</alto>
