1095 1764
829 133 13 19 9

118 195 48 21 före
182 195 132 26 landtdagen
332 197 60 19 1903.
424 195 34 21 Då
473 195 34 22 till
523 196 70 20 denna
608 194 87 27 vigtiga
709 193 162 28 omständighet

117 229 96 22 kommer
235 230 33 20 att
289 229 141 28 konstnären,
453 230 120 21 arbetande
592 229 69 22 under
679 228 138 22 ekonomiskt
835 228 35 21 be-

118 263 70 28 tryck,
206 263 49 22 icke
274 264 62 21 torde
354 263 74 22 kunna
450 270 57 21 egna
527 263 230 28 detaljbehandlingen
780 263 29 21 all
830 262 41 21 den

119 304 86 21 omsorg
223 299 38 20 det
278 297 8 22 i
300 297 150 28 konstnärligt
467 299 124 20 hänseende
610 297 140 28 synnerligen
769 296 103 23 lofvande

118 333 78 21 verket
217 332 70 21 skulle
309 331 106 28 erfordra,
434 332 114 22 äfvensom
567 333 34 20 att
618 333 85 26 hänsyn
721 332 68 21 borde
807 332 64 26 tagas

118 367 34 22 till
167 367 37 21 det
217 367 78 26 billiga
310 367 40 21 och
365 367 140 27 berättigade
521 367 32 21 uti
569 368 33 20 att
613 367 48 27 han,
675 366 56 22 efter
740 368 34 20 att
781 367 28 20 ha
820 366 52 21 slut-

118 401 45 22 fört
179 402 31 20 ett
225 401 24 21 så
265 401 124 27 betydande
404 401 62 28 verk,
483 402 33 21 att
531 401 44 22 han
590 401 52 27 föga
657 400 107 28 någonsin
779 401 8 21 i
798 400 39 22 sitt
847 400 27 21 lif

118 442 60 15 mera
195 436 58 21 lärer
272 435 82 22 erhålla
373 442 27 15 en
415 435 104 22 liknande
533 435 140 28 beställning,
689 436 40 21 och
743 441 47 16 som
800 434 73 22 dertill

119 471 96 21 användt
233 469 79 28 många
328 469 24 22 år
368 469 26 22 af
406 470 34 21 sin
456 470 65 21 bästa
537 470 113 27 arbetstid,
666 469 68 22 måtte
749 469 75 22 kunna
839 468 34 22 för

119 505 34 27 sig
170 505 39 21 och
224 504 34 22 sin
274 503 68 28 familj
358 504 101 27 påräkna
473 505 58 21 helst
546 504 72 28 någon
632 504 126 28 besparing,
775 504 51 22 ville
836 503 37 22 be-

118 539 108 27 styrelsen
241 538 81 22 föreslå
338 539 33 21 att
381 539 70 26 priset
461 539 76 28 höjdes
548 539 49 22 från
608 541 77 25 37,000
696 539 34 21 till
743 538 130 22 åtminstone

120 576 76 25 50,000
219 573 68 22 mark.
318 573 82 22 Vidare
422 574 68 21 borde
509 575 48 20 med
576 573 103 22 afseende
695 573 13 22 å
723 573 150 22 arbetsortens

119 608 128 27 förändring
268 609 42 20 den
327 608 33 21 till
384 609 127 27 emballage,
533 610 113 26 transport
665 609 40 21 och
724 607 149 28 uppställning

120 643 105 27 anslagna
240 649 97 16 summan
352 643 98 28 förhöjas
466 643 50 22 från
531 645 56 20 4000
603 643 33 22 till
652 646 55 19 6000
723 643 68 22 mark.

188 677 91 22 Jemlikt
305 677 134 23 Ständernas
462 678 119 22 skrifvelse
603 678 34 21 till
658 677 159 28 Delegationen
840 677 34 22 för

119 713 138 26 uppresande
273 711 25 22 af
311 719 27 14 en
353 713 89 21 ärestod
453 712 33 21 till
499 712 117 22 åminnelse
624 712 25 22 af
658 712 81 28 Kejsar
749 712 125 22 Alexander

119 747 24 20 II
158 749 53 25 äger
229 747 141 27 Bestyrelsen
389 747 104 28 slutligen
511 749 34 20 att
561 747 85 28 afgifva
662 747 84 28 förslag
762 747 112 27 angående

120 781 103 22 definitift
238 781 100 22 material
354 781 34 22 för
403 782 152 21 konstverket.
579 781 76 22 Såsom
670 781 166 22 förhållandena
846 787 29 15 nu

120 815 35 22 stå
176 816 73 21 kunde
271 816 133 27 visserligen
426 817 61 21 detta
509 817 82 21 ärende
610 816 130 28 uppskjutas
759 816 34 21 till
811 817 64 20 nästa

119 850 112 27 landtdag,
248 852 53 19 enär
315 851 91 21 verkets
422 850 117 22 utförande
554 851 7 21 i
573 851 86 27 slutligt
670 851 100 21 material
779 851 18 27 ej
807 856 68 21 gerna

120 885 44 20 kan
182 884 159 28 ifrågakomma
359 885 76 22 förrän
454 885 57 22 efter
526 886 130 26 densamma,
673 892 48 15 men
737 885 138 22 alldenstund

120 919 95 22 beslutet
232 919 74 22 kunde
323 920 29 21 ha
370 919 121 28 inflytande
506 919 29 28 på
550 920 7 21 i
572 920 129 21 kontraktet
716 919 108 28 ingående
839 919 35 22 be-

120 954 135 21 stämmelser
274 960 34 15 om
327 955 62 20 orten
408 955 41 21 och
467 955 70 21 sättet
557 954 35 22 för
614 955 96 21 arbetets
726 955 148 26 levererande,

121 994 64 15 anser
202 988 142 27 Bestyrelsen
361 989 51 21 bäst
431 995 55 15 vara
504 989 34 21 att
556 988 78 28 frågan
652 995 29 16 nu
696 990 68 21 redan
779 989 97 22 kommer

122 1022 34 22 till
171 1022 127 27 afgörande.

188 1057 105 28 Emedan,
316 1057 72 22 såsom
410 1058 8 21 i
436 1058 182 22 Statsutskottets
641 1059 140 21 betänkande
803 1058 40 22 N:o
864 1060 10 19 7

121 1091 48 22 från
185 1092 134 27 landtdagen
335 1095 55 19 1894
406 1092 137 28 framhållits,
560 1093 145 22 konstverket
720 1093 89 28 gjutet
801 1087 10 38 i
820 1092 55 28 gips,

121 1126 66 22 äfven
195 1127 7 21 i
213 1126 41 22 den
261 1127 104 22 händelse
378 1129 34 20 att
420 1129 62 20 detta
490 1128 100 21 material
597 1134 78 21 genom
683 1127 90 28 lämplig
781 1127 95 22 behand-

121 1161 45 27 ling
186 1161 87 27 gjordes
289 1168 59 15 mera
363 1162 220 27 motståndskraftigt
597 1164 45 20 mot
657 1163 110 21 klimatets
783 1162 93 27 inflytel-

121 1202 41 21 ser,
178 1195 49 22 icke
243 1196 44 21 kan
302 1197 91 21 umbära
408 1203 27 16 en
450 1197 76 22 tidtals
542 1197 177 22 återkommande
734 1199 90 25 remont,
836 1197 41 22 har

121 1231 142 26 Bestyrelsen
285 1230 141 23 införskaffat
447 1234 101 19 närmare
570 1232 160 27 upplysningar
753 1239 33 15 om
810 1233 41 20 den
870 1231 7 22 i

121 1271 82 15 samma
217 1265 140 22 betänkande
373 1267 130 20 omnämnda
518 1267 100 21 metoden
629 1268 33 20 att
674 1266 58 22 förse
741 1267 136 27 gipsstatyer

121 1300 48 20 med
188 1300 33 21 ett
234 1299 29 27 på
279 1300 190 27 galvanoplastisk
485 1303 44 25 väg
544 1301 159 22 åstadkommet
719 1301 119 28 öfverdrag
854 1301 26 21 af

121 1333 86 27 koppar
222 1336 56 19 samt
293 1335 91 21 kommit
399 1335 33 21 till
448 1336 42 21 den
506 1335 155 28 öfvertygelse,
678 1337 33 20 att
727 1337 60 20 detta
802 1342 74 21 repro-

122 1368 155 27 duktionssätt,
294 1369 71 21 såsom
380 1371 99 20 varande
494 1370 98 27 billigast
608 1371 39 21 och
663 1370 68 22 likväl
743 1371 134 27 erbjudande

122 1402 81 27 nödiga
221 1403 113 27 garantier
353 1403 34 22 för
405 1404 130 27 hållbarhet,
554 1405 58 21 helst
626 1405 69 21 borde
709 1405 168 28 ifrågakomma.

123 1437 76 27 Enligt
215 1437 86 22 direkta
316 1439 158 21 meddelanden
490 1439 49 21 från
555 1439 208 27 Galvanoplastiska
773 1440 104 21 konstan-
