1095 1795
387 153 30 23 U.
433 154 29 22 B.
477 166 28 3 —
520 153 100 22 XXXIV.

404 490 251 23 Bankutskottets
685 489 200 24 betänkande

336 524 46 23 N:o
398 524 14 22 2
428 525 9 22 i
453 524 135 28 anledning
603 524 27 23 af
643 524 128 23 värkstäld
787 523 99 30 gransk-

336 559 60 27 ning
418 558 28 23 af
465 558 119 23 Finlands
606 559 81 22 Banks
710 559 104 28 styrelse
840 557 47 24 och

336 592 115 23 tillstånd
465 593 81 22 under
560 593 60 22 åren
634 593 161 22 1894—1896.

201 657 75 20 Sedan
298 656 210 27 Bankfullmäktige
531 656 34 21 till
589 657 114 21 Utskottet
722 656 73 21 aflåtit
816 656 72 21 berät-

133 691 54 21 telse
207 690 117 27 angående
340 690 111 21 Finlands
468 691 78 20 Banks
562 691 93 27 styrelse
671 691 44 20 och
730 690 103 21 tillstånd
848 696 41 14 un-

133 725 39 21 der
187 725 55 20 åren
259 725 146 26 1894—1896,
421 725 43 20 har
479 725 114 20 Utskottet
608 725 8 20 i
631 725 44 21 och
691 725 34 21 för
739 725 45 20 den
797 723 92 28 gransk-

133 759 61 27 ning,
211 759 94 21 hvilken
318 759 93 27 jämlikt
426 759 12 26 $
449 759 27 20 38
488 759 24 20 L.
526 758 26 21 O.
565 759 136 21 ankommer
712 759 14 20 å
736 758 154 21 Bankutskot-

133 796 37 24 tet,
193 793 131 27 genomgått
346 793 49 21 icke
416 793 59 21 blott
497 793 86 20 nämda
606 793 119 21 berättelse
745 795 57 19 utan
822 792 68 21 äfven

133 828 155 26 fullmäktiges
304 827 72 21 under
391 827 70 27 sagda
478 827 26 21 år
520 827 66 22 förda
602 828 121 27 protokoll,
739 828 153 25 brefkonsept

134 863 44 20 och
193 862 34 21 till
241 862 141 26 fullmäktige
394 861 115 27 ingångna
522 861 136 27 skrifvelser,
671 862 219 21 bankrevisorernas

133 896 133 21 berättelser
284 903 29 13 m.
336 902 37 20 m.,
389 896 159 20 hvarförutom
565 896 114 20 Utskottet
693 896 26 20 af
731 896 105 20 bankens
853 894 38 21 Di-

134 930 90 21 rektion
243 930 144 20 införskaffat
405 929 173 27 nödigbefunna
597 930 171 27 upplysningar.
801 928 91 22 Utskot-

134 966 31 18 tet
185 964 43 20 har
243 964 129 21 äfvenledes
393 963 56 27 tagit
464 963 133 21 kännedom
610 970 38 15 om
663 964 28 21 de
707 964 7 20 i
729 963 125 27 anledning
869 962 26 21 af

135 998 154 27 fullmäktiges
305 998 118 21 berättelse
439 998 6 20 i
462 998 97 20 stånden
575 998 80 27 gjorda
670 998 139 21 uttalanden.

204 1112 78 21 Sällan
298 1112 63 22 torde
369 1113 39 21 två
418 1113 30 27 på
461 1113 131 21 hvarandra
602 1112 99 28 följande
714 1110 178 30 treårsperioder

136 1146 88 22 företett
239 1147 26 21 så
281 1149 60 19 stora
356 1147 130 21 kontraster
501 1147 7 21 i
530 1147 106 21 afseende
652 1147 13 21 å
680 1147 44 21 den
740 1145 154 23 ekonomiska

136 1181 139 21 situationen
291 1181 7 21 i
314 1181 76 21 landet
406 1188 50 14 som
470 1181 136 27 perioderna
622 1182 111 20 1891—93
749 1181 44 21 och
810 1180 85 20 1894—

136 1216 33 20 96.
201 1215 78 21 Under
298 1215 44 21 den
363 1216 61 20 förra
445 1215 109 27 perioden
573 1222 56 14 voro
645 1215 199 27 konjunkturerna
860 1214 35 20 för

136 1249 53 21 flere
209 1249 86 27 viktiga
313 1249 175 27 exportartiklar
502 1250 97 26 tryckta,
615 1250 35 20 för
665 1250 110 20 utförseln
791 1249 26 21 af
829 1248 66 21 hafre

136 1283 65 27 gälde
217 1283 34 21 till
267 1284 44 20 och
327 1284 52 20 med
394 1283 94 26 förbud;
503 1283 112 21 missväxt
629 1283 94 28 härjade
738 1284 7 20 i
760 1283 55 21 vida
832 1282 64 21 delar

137 1318 25 20 af
182 1318 86 25 landet;
292 1318 113 27 importen
428 1318 26 20 af
474 1318 107 28 spanmäl
602 1318 44 21 och
667 1318 56 27 mjöl
744 1320 48 24 steg
810 1318 8 20 i
839 1316 57 27 följd

137 1351 67 21 däraf
217 1351 7 21 i
241 1352 144 27 synnerligen
398 1352 46 26 hög
459 1351 62 27 grad,
537 1351 85 21 medan
636 1352 114 27 importen
765 1351 26 21 af
799 1351 98 21 rämate-

137 1385 42 21 rial
199 1385 35 22 för
249 1385 115 22 industrin
380 1386 108 26 nedgick;
503 1386 90 21 landets
608 1386 212 27 betalningsbalans
836 1386 61 25 gent-

137 1421 62 19 emot
219 1420 103 21 utlandet
342 1420 125 27 gestaltade
489 1420 33 27 sig
544 1420 91 27 mycket
657 1426 111 21 ogynsam
791 1419 44 22 och
851 1419 46 20 sär-

137 1453 76 21 skilda
235 1454 103 26 ätgärder
357 1454 74 21 mäste
446 1454 104 27 vidtagas
566 1454 34 21 för
615 1454 175 27 uppbringande
807 1453 25 21 af
846 1452 53 21 Fin-

210 1497 145 19 Bankuiskotteis
367 1499 111 18 betänkande
490 1498 34 18 N:o
537 1499 18 17 2.
