<?xml version="1.0" encoding="UTF-8"?>
<alto xmlns="http://www.loc.gov/standards/alto/ns-v3#" xmlns:xlink="http://www.w3.org/1999/xlink" xmlns:xsi="http://www.w3.org/2001/XMLSchema-instance" xsi:schemaLocation="http://www.loc.gov/standards/alto/ns-v3# http://www.loc.gov/alto/v3/alto-3-0.xsd">
	<Description>
		<MeasurementUnit>pixel</MeasurementUnit>
		<sourceImageInformation>
			<fileName>/tmp/tess_nxohegkm_input.PNG</fileName>
		</sourceImageInformation>
		<OCRProcessing ID="OCR_0">
			<ocrProcessingStep>
				<processingSoftware>
					<softwareName>tesseract 5.3.4</softwareName>
				</processingSoftware>
			</ocrProcessingStep>
		</OCRProcessing>
	</Description>
	<Layout>
		<Page WIDTH="1086" HEIGHT="1786" PHYSICAL_IMG_NR="0" ID="page_0">
			<PrintSpace HPOS="0" VPOS="0" WIDTH="1086" HEIGHT="1786">
				<ComposedBlock ID="cblock_0" HPOS="243" VPOS="102" WIDTH="361" HEIGHT="21">
					<TextBlock ID="block_0" HPOS="243" VPOS="102" WIDTH="361" HEIGHT="21">
						<TextLine ID="line_0" HPOS="243" VPOS="102" WIDTH="361" HEIGHT="21">
							<String ID="string_0" HPOS="243" VPOS="104" WIDTH="40" HEIGHT="18" WC="0.96" CONTENT="130"/><SP WIDTH="296" VPOS="104" HPOS="283"/>
							<String ID="string_1" HPOS="579" VPOS="102" WIDTH="25" HEIGHT="21" WC="0.95" CONTENT="II"/>
						</TextLine>
					</TextBlock>
				</ComposedBlock>
				<ComposedBlock ID="cblock_1" HPOS="211" VPOS="164" WIDTH="759" HEIGHT="512">
					<TextBlock ID="block_1" HPOS="211" VPOS="164" WIDTH="759" HEIGHT="304">
						<TextLine ID="line_1" HPOS="211" VPOS="164" WIDTH="759" HEIGHT="29">
							<String ID="string_2" HPOS="211" VPOS="164" WIDTH="89" HEIGHT="28" WC="0.91" CONTENT="förföll,"/><SP WIDTH="25" VPOS="164" HPOS="300"/>
							<String ID="string_3" HPOS="325" VPOS="164" WIDTH="39" HEIGHT="22" WC="0.93" CONTENT="det"/><SP WIDTH="23" VPOS="164" HPOS="364"/>
							<String ID="string_4" HPOS="387" VPOS="164" WIDTH="197" HEIGHT="29" WC="0.91" CONTENT="tillvägagäende,"/><SP WIDTH="17" VPOS="164" HPOS="584"/>
							<String ID="string_5" HPOS="601" VPOS="172" WIDTH="49" HEIGHT="14" WC="0.93" CONTENT="som"/><SP WIDTH="16" VPOS="172" HPOS="650"/>
							<String ID="string_6" HPOS="666" VPOS="165" WIDTH="141" HEIGHT="28" WC="0.92" CONTENT="lagmannen"/><SP WIDTH="15" VPOS="165" HPOS="807"/>
							<String ID="string_7" HPOS="822" VPOS="164" WIDTH="26" HEIGHT="21" WC="0.96" CONTENT="L."/><SP WIDTH="16" VPOS="164" HPOS="848"/>
							<String ID="string_8" HPOS="864" VPOS="164" WIDTH="9" HEIGHT="21" WC="0.93" CONTENT="i"/><SP WIDTH="15" VPOS="164" HPOS="873"/>
							<String ID="string_9" HPOS="888" VPOS="164" WIDTH="82" HEIGHT="21" WC="0.92" CONTENT="ofvan-"/>
						</TextLine>
						<TextLine ID="line_2" HPOS="211" VPOS="204" WIDTH="759" HEIGHT="30">
							<String ID="string_10" HPOS="211" VPOS="204" WIDTH="98" HEIGHT="22" WC="0.91" CONTENT="stäende"/><SP WIDTH="23" VPOS="204" HPOS="309"/>
							<String ID="string_11" HPOS="332" VPOS="205" WIDTH="73" HEIGHT="21" WC="0.92" CONTENT="mätto"/><SP WIDTH="23" VPOS="205" HPOS="405"/>
							<String ID="string_12" HPOS="428" VPOS="205" WIDTH="98" HEIGHT="28" WC="0.92" CONTENT="inslagit"/><SP WIDTH="21" VPOS="205" HPOS="526"/>
							<String ID="string_13" HPOS="547" VPOS="205" WIDTH="9" HEIGHT="21" WC="0.93" CONTENT="i"/><SP WIDTH="20" VPOS="205" HPOS="556"/>
							<String ID="string_14" HPOS="576" VPOS="205" WIDTH="74" HEIGHT="29" WC="0.92" CONTENT="afsigt"/><SP WIDTH="16" VPOS="205" HPOS="650"/>
							<String ID="string_15" HPOS="666" VPOS="207" WIDTH="35" HEIGHT="20" WC="0.93" CONTENT="att"/><SP WIDTH="16" VPOS="207" HPOS="701"/>
							<String ID="string_16" HPOS="717" VPOS="205" WIDTH="151" HEIGHT="21" WC="0.92" CONTENT="äterförsätta"/><SP WIDTH="15" VPOS="205" HPOS="868"/>
							<String ID="string_17" HPOS="883" VPOS="204" WIDTH="87" HEIGHT="28" WC="0.91" CONTENT="ifräga-"/>
						</TextLine>
						<TextLine ID="line_3" HPOS="211" VPOS="244" WIDTH="759" HEIGHT="30">
							<String ID="string_18" HPOS="211" VPOS="244" WIDTH="105" HEIGHT="22" WC="0.92" CONTENT="varande"/><SP WIDTH="23" VPOS="244" HPOS="316"/>
							<String ID="string_19" HPOS="339" VPOS="246" WIDTH="228" HEIGHT="28" WC="0.91" CONTENT="utsökningsärende"/><SP WIDTH="23" VPOS="246" HPOS="567"/>
							<String ID="string_20" HPOS="590" VPOS="246" WIDTH="8" HEIGHT="21" WC="0.96" CONTENT="i"/><SP WIDTH="24" VPOS="246" HPOS="598"/>
							<String ID="string_21" HPOS="622" VPOS="246" WIDTH="39" HEIGHT="21" WC="0.93" CONTENT="det"/><SP WIDTH="24" VPOS="246" HPOS="661"/>
							<String ID="string_22" HPOS="685" VPOS="246" WIDTH="67" HEIGHT="21" WC="0.91" CONTENT="skick"/><SP WIDTH="22" VPOS="246" HPOS="752"/>
							<String ID="string_23" HPOS="774" VPOS="246" WIDTH="35" HEIGHT="20" WC="0.96" CONTENT="att"/><SP WIDTH="23" VPOS="246" HPOS="809"/>
							<String ID="string_24" HPOS="832" VPOS="244" WIDTH="40" HEIGHT="22" WC="0.96" CONTENT="det"/><SP WIDTH="23" VPOS="244" HPOS="872"/>
							<String ID="string_25" HPOS="895" VPOS="244" WIDTH="75" HEIGHT="22" WC="0.96" CONTENT="skulle"/>
						</TextLine>
						<TextLine ID="line_4" HPOS="211" VPOS="284" WIDTH="758" HEIGHT="30">
							<String ID="string_26" HPOS="211" VPOS="284" WIDTH="82" HEIGHT="21" WC="0.92" CONTENT="kunna"/><SP WIDTH="22" VPOS="284" HPOS="293"/>
							<String ID="string_27" HPOS="315" VPOS="286" WIDTH="105" HEIGHT="28" WC="0.92" CONTENT="undergä"/><SP WIDTH="23" VPOS="286" HPOS="420"/>
							<String ID="string_28" HPOS="443" VPOS="286" WIDTH="74" HEIGHT="21" WC="0.91" CONTENT="sädan"/><SP WIDTH="22" VPOS="286" HPOS="517"/>
							<String ID="string_29" HPOS="539" VPOS="286" WIDTH="147" HEIGHT="27" WC="0.96" CONTENT="behandling"/><SP WIDTH="19" VPOS="286" HPOS="686"/>
							<String ID="string_30" HPOS="705" VPOS="293" WIDTH="49" HEIGHT="14" WC="0.93" CONTENT="som"/><SP WIDTH="16" VPOS="293" HPOS="754"/>
							<String ID="string_31" HPOS="770" VPOS="284" WIDTH="199" HEIGHT="22" WC="0.92" CONTENT="öfverensstämde"/>
						</TextLine>
						<TextLine ID="line_5" HPOS="211" VPOS="324" WIDTH="758" HEIGHT="29">
							<String ID="string_32" HPOS="211" VPOS="324" WIDTH="54" HEIGHT="21" WC="0.93" CONTENT="med"/><SP WIDTH="11" VPOS="324" HPOS="265"/>
							<String ID="string_33" HPOS="276" VPOS="324" WIDTH="63" HEIGHT="22" WC="0.92" CONTENT="hvad"/><SP WIDTH="11" VPOS="324" HPOS="339"/>
							<String ID="string_34" HPOS="350" VPOS="325" WIDTH="39" HEIGHT="28" WC="0.96" CONTENT="lag"/><SP WIDTH="10" VPOS="325" HPOS="389"/>
							<String ID="string_35" HPOS="399" VPOS="326" WIDTH="37" HEIGHT="21" WC="0.93" CONTENT="för"/><SP WIDTH="10" VPOS="326" HPOS="436"/>
							<String ID="string_36" HPOS="446" VPOS="325" WIDTH="259" HEIGHT="28" WC="0.91" CONTENT="utsökningsärendens"/><SP WIDTH="11" VPOS="325" HPOS="705"/>
							<String ID="string_37" HPOS="716" VPOS="324" WIDTH="180" HEIGHT="28" WC="0.92" CONTENT="handläggning"/><SP WIDTH="11" VPOS="324" HPOS="896"/>
							<String ID="string_38" HPOS="907" VPOS="324" WIDTH="62" HEIGHT="21" WC="0.92" CONTENT="stad-"/>
						</TextLine>
						<TextLine ID="line_6" HPOS="211" VPOS="364" WIDTH="758" HEIGHT="30">
							<String ID="string_39" HPOS="211" VPOS="364" WIDTH="68" HEIGHT="29" WC="0.92" CONTENT="gade,"/><SP WIDTH="16" VPOS="364" HPOS="279"/>
							<String ID="string_40" HPOS="295" VPOS="365" WIDTH="53" HEIGHT="21" WC="0.92" CONTENT="icke"/><SP WIDTH="15" VPOS="365" HPOS="348"/>
							<String ID="string_41" HPOS="363" VPOS="365" WIDTH="79" HEIGHT="22" WC="0.96" CONTENT="kunna"/><SP WIDTH="15" VPOS="365" HPOS="442"/>
							<String ID="string_42" HPOS="457" VPOS="365" WIDTH="9" HEIGHT="22" WC="0.93" CONTENT="i"/><SP WIDTH="15" VPOS="365" HPOS="466"/>
							<String ID="string_43" HPOS="481" VPOS="366" WIDTH="79" HEIGHT="28" WC="0.92" CONTENT="nägon"/><SP WIDTH="16" VPOS="366" HPOS="560"/>
							<String ID="string_44" HPOS="576" VPOS="365" WIDTH="54" HEIGHT="22" WC="0.93" CONTENT="män"/><SP WIDTH="16" VPOS="365" HPOS="630"/>
							<String ID="string_45" HPOS="646" VPOS="365" WIDTH="124" HEIGHT="22" WC="0.91" CONTENT="tillräknas"/><SP WIDTH="15" VPOS="365" HPOS="770"/>
							<String ID="string_46" HPOS="785" VPOS="365" WIDTH="143" HEIGHT="28" WC="0.92" CONTENT="lagmannen"/><SP WIDTH="14" VPOS="365" HPOS="928"/>
							<String ID="string_47" HPOS="942" VPOS="364" WIDTH="27" HEIGHT="22" WC="0.95" CONTENT="L."/>
						</TextLine>
						<TextLine ID="line_7" HPOS="213" VPOS="404" WIDTH="757" HEIGHT="30">
							<String ID="string_48" HPOS="213" VPOS="405" WIDTH="77" HEIGHT="21" WC="0.93" CONTENT="säsom"/><SP WIDTH="15" VPOS="405" HPOS="290"/>
							<String ID="string_49" HPOS="305" VPOS="405" WIDTH="34" HEIGHT="21" WC="0.95" CONTENT="fel"/><SP WIDTH="15" VPOS="405" HPOS="339"/>
							<String ID="string_50" HPOS="354" VPOS="405" WIDTH="8" HEIGHT="21" WC="0.93" CONTENT="i"/><SP WIDTH="14" VPOS="405" HPOS="362"/>
							<String ID="string_51" HPOS="376" VPOS="405" WIDTH="109" HEIGHT="29" WC="0.92" CONTENT="tjensten,"/><SP WIDTH="16" VPOS="405" HPOS="485"/>
							<String ID="string_52" HPOS="501" VPOS="405" WIDTH="98" HEIGHT="22" WC="0.92" CONTENT="hvarför"/><SP WIDTH="15" VPOS="405" HPOS="599"/>
							<String ID="string_53" HPOS="614" VPOS="405" WIDTH="74" HEIGHT="22" WC="0.92" CONTENT="ätalet"/><SP WIDTH="15" VPOS="405" HPOS="688"/>
							<String ID="string_54" HPOS="703" VPOS="407" WIDTH="62" HEIGHT="20" WC="0.96" CONTENT="emot"/><SP WIDTH="15" VPOS="407" HPOS="765"/>
							<String ID="string_55" HPOS="780" VPOS="404" WIDTH="87" HEIGHT="22" WC="0.95" CONTENT="honom"/><SP WIDTH="16" VPOS="404" HPOS="867"/>
							<String ID="string_56" HPOS="883" VPOS="405" WIDTH="26" HEIGHT="20" WC="0.93" CONTENT="af"/><SP WIDTH="9" VPOS="405" HPOS="909"/>
							<String ID="string_57" HPOS="918" VPOS="404" WIDTH="52" HEIGHT="21" WC="0.92" CONTENT="hof-"/>
						</TextLine>
						<TextLine ID="line_8" HPOS="212" VPOS="446" WIDTH="264" HEIGHT="22">
							<String ID="string_58" HPOS="212" VPOS="447" WIDTH="79" HEIGHT="20" WC="0.91" CONTENT="rätten"/><SP WIDTH="14" VPOS="447" HPOS="291"/>
							<String ID="string_59" HPOS="305" VPOS="446" WIDTH="171" HEIGHT="22" WC="0.92" CONTENT="underkändes."/>
						</TextLine>
					</TextBlock>
					<TextBlock ID="block_2" HPOS="212" VPOS="485" WIDTH="758" HEIGHT="150">
						<TextLine ID="line_9" HPOS="282" VPOS="485" WIDTH="688" HEIGHT="30">
							<String ID="string_60" HPOS="282" VPOS="486" WIDTH="47" HEIGHT="21" WC="0.93" CONTENT="För"/><SP WIDTH="16" VPOS="486" HPOS="329"/>
							<String ID="string_61" HPOS="345" VPOS="486" WIDTH="73" HEIGHT="29" WC="0.91" CONTENT="öfrigt"/><SP WIDTH="14" VPOS="486" HPOS="418"/>
							<String ID="string_62" HPOS="432" VPOS="487" WIDTH="160" HEIGHT="28" WC="0.92" CONTENT="berättigades"/><SP WIDTH="15" VPOS="487" HPOS="592"/>
							<String ID="string_63" HPOS="607" VPOS="487" WIDTH="143" HEIGHT="28" WC="0.92" CONTENT="lagmannen"/><SP WIDTH="15" VPOS="487" HPOS="750"/>
							<String ID="string_64" HPOS="765" VPOS="487" WIDTH="25" HEIGHT="27" WC="0.95" CONTENT="L,"/><SP WIDTH="18" VPOS="487" HPOS="790"/>
							<String ID="string_65" HPOS="808" VPOS="486" WIDTH="74" HEIGHT="28" WC="0.93" CONTENT="enligt"/><SP WIDTH="11" VPOS="486" HPOS="882"/>
							<String ID="string_66" HPOS="893" VPOS="485" WIDTH="77" HEIGHT="22" WC="0.92" CONTENT="hansi"/>
						</TextLine>
						<TextLine ID="line_10" HPOS="212" VPOS="526" WIDTH="758" HEIGHT="31">
							<String ID="string_67" HPOS="212" VPOS="526" WIDTH="123" HEIGHT="22" WC="0.92" CONTENT="hofrätten"/><SP WIDTH="14" VPOS="526" HPOS="335"/>
							<String ID="string_68" HPOS="349" VPOS="527" WIDTH="85" HEIGHT="29" WC="0.92" CONTENT="gjorda"/><SP WIDTH="15" VPOS="527" HPOS="434"/>
							<String ID="string_69" HPOS="449" VPOS="527" WIDTH="118" HEIGHT="28" WC="0.92" CONTENT="anhällan,"/><SP WIDTH="17" VPOS="527" HPOS="567"/>
							<String ID="string_70" HPOS="584" VPOS="529" WIDTH="36" HEIGHT="20" WC="0.95" CONTENT="att"/><SP WIDTH="15" VPOS="529" HPOS="620"/>
							<String ID="string_71" HPOS="635" VPOS="527" WIDTH="37" HEIGHT="22" WC="0.96" CONTENT="till"/><SP WIDTH="15" VPOS="527" HPOS="672"/>
							<String ID="string_72" HPOS="687" VPOS="528" WIDTH="69" HEIGHT="29" WC="0.93" CONTENT="tryck"/><SP WIDTH="16" VPOS="528" HPOS="756"/>
							<String ID="string_73" HPOS="772" VPOS="527" WIDTH="110" HEIGHT="22" WC="0.92" CONTENT="befordra"/><SP WIDTH="15" VPOS="527" HPOS="882"/>
							<String ID="string_74" HPOS="897" VPOS="526" WIDTH="73" HEIGHT="22" WC="0.92" CONTENT="hand-"/>
						</TextLine>
						<TextLine ID="line_11" HPOS="212" VPOS="566" WIDTH="758" HEIGHT="29">
							<String ID="string_75" HPOS="212" VPOS="566" WIDTH="110" HEIGHT="28" WC="0.91" CONTENT="lingarna"/><SP WIDTH="23" VPOS="566" HPOS="322"/>
							<String ID="string_76" HPOS="345" VPOS="567" WIDTH="34" HEIGHT="21" WC="0.92" CONTENT="uti"/><SP WIDTH="23" VPOS="567" HPOS="379"/>
							<String ID="string_77" HPOS="402" VPOS="568" WIDTH="195" HEIGHT="21" WC="0.93" CONTENT="ofvanbeskrifna"/><SP WIDTH="23" VPOS="568" HPOS="597"/>
							<String ID="string_78" HPOS="620" VPOS="568" WIDTH="47" HEIGHT="21" WC="0.91" CONTENT="mäl"/><SP WIDTH="23" VPOS="568" HPOS="667"/>
							<String ID="string_79" HPOS="690" VPOS="567" WIDTH="71" HEIGHT="22" WC="0.93" CONTENT="sedan"/><SP WIDTH="23" VPOS="567" HPOS="761"/>
							<String ID="string_80" HPOS="784" VPOS="566" WIDTH="94" HEIGHT="28" WC="0.90" CONTENT="slutligt"/><SP WIDTH="14" VPOS="566" HPOS="878"/>
							<String ID="string_81" HPOS="892" VPOS="566" WIDTH="78" HEIGHT="29" WC="0.92" CONTENT="utslag"/>
						</TextLine>
						<TextLine ID="line_12" HPOS="212" VPOS="605" WIDTH="589" HEIGHT="30">
							<String ID="string_82" HPOS="212" VPOS="605" WIDTH="51" HEIGHT="22" WC="0.92" CONTENT="deri"/><SP WIDTH="15" VPOS="605" HPOS="263"/>
							<String ID="string_83" HPOS="278" VPOS="606" WIDTH="64" HEIGHT="21" WC="0.95" CONTENT="fallit"/><SP WIDTH="16" VPOS="606" HPOS="342"/>
							<String ID="string_84" HPOS="358" VPOS="607" WIDTH="43" HEIGHT="21" WC="0.93" CONTENT="och"/><SP WIDTH="16" VPOS="607" HPOS="401"/>
							<String ID="string_85" HPOS="417" VPOS="607" WIDTH="128" HEIGHT="22" WC="0.96" CONTENT="detsamma"/><SP WIDTH="15" VPOS="607" HPOS="545"/>
							<String ID="string_86" HPOS="560" VPOS="607" WIDTH="86" HEIGHT="22" WC="0.96" CONTENT="vunnit"/><SP WIDTH="15" VPOS="607" HPOS="646"/>
							<String ID="string_87" HPOS="661" VPOS="607" WIDTH="55" HEIGHT="28" WC="0.96" CONTENT="laga"/><SP WIDTH="15" VPOS="607" HPOS="716"/>
							<String ID="string_88" HPOS="731" VPOS="607" WIDTH="70" HEIGHT="21" WC="0.77" CONTENT="kraft."/>
						</TextLine>
					</TextBlock>
					<TextBlock ID="block_3" HPOS="282" VPOS="647" WIDTH="611" HEIGHT="29">
						<TextLine ID="line_13" HPOS="282" VPOS="647" WIDTH="611" HEIGHT="29">
							<String ID="string_89" HPOS="282" VPOS="647" WIDTH="88" HEIGHT="21" WC="0.96" CONTENT="Besvär"/><SP WIDTH="16" VPOS="647" HPOS="370"/>
							<String ID="string_90" HPOS="386" VPOS="647" WIDTH="66" HEIGHT="22" WC="0.92" CONTENT="öfver"/><SP WIDTH="15" VPOS="647" HPOS="452"/>
							<String ID="string_91" HPOS="467" VPOS="647" WIDTH="132" HEIGHT="22" WC="0.92" CONTENT="hofrättens"/><SP WIDTH="16" VPOS="647" HPOS="599"/>
							<String ID="string_92" HPOS="615" VPOS="647" WIDTH="79" HEIGHT="29" WC="0.96" CONTENT="utslag"/><SP WIDTH="16" VPOS="647" HPOS="694"/>
							<String ID="string_93" HPOS="710" VPOS="647" WIDTH="109" HEIGHT="22" WC="0.96" CONTENT="anfördes"/><SP WIDTH="16" VPOS="647" HPOS="819"/>
							<String ID="string_94" HPOS="835" VPOS="647" WIDTH="58" HEIGHT="21" WC="0.96" CONTENT="icke."/>
						</TextLine>
					</TextBlock>
				</ComposedBlock>
				<ComposedBlock ID="cblock_2" HPOS="211" VPOS="852" WIDTH="760" HEIGHT="591">
					<TextBlock ID="block_4" HPOS="211" VPOS="852" WIDTH="760" HEIGHT="591">
						<TextLine ID="line_14" HPOS="283" VPOS="852" WIDTH="687" HEIGHT="29">
							<String ID="string_95" HPOS="283" VPOS="853" WIDTH="42" HEIGHT="22" WC="0.95" CONTENT="Uti"/><SP WIDTH="22" VPOS="853" HPOS="325"/>
							<String ID="string_96" HPOS="347" VPOS="861" WIDTH="29" HEIGHT="14" WC="0.95" CONTENT="en"/><SP WIDTH="22" VPOS="861" HPOS="376"/>
							<String ID="string_97" HPOS="398" VPOS="854" WIDTH="37" HEIGHT="21" WC="0.92" CONTENT="till"/><SP WIDTH="19" VPOS="854" HPOS="435"/>
							<String ID="string_98" HPOS="454" VPOS="854" WIDTH="162" HEIGHT="21" WC="0.92" CONTENT="Prokuratorn"/><SP WIDTH="18" VPOS="854" HPOS="616"/>
							<String ID="string_99" HPOS="634" VPOS="853" WIDTH="109" HEIGHT="28" WC="0.92" CONTENT="ingifven"/><SP WIDTH="19" VPOS="853" HPOS="743"/>
							<String ID="string_100" HPOS="762" VPOS="852" WIDTH="70" HEIGHT="21" WC="0.96" CONTENT="skrift"/><SP WIDTH="16" VPOS="852" HPOS="832"/>
							<String ID="string_101" HPOS="848" VPOS="852" WIDTH="98" HEIGHT="21" WC="0.96" CONTENT="anförde"/><SP WIDTH="17" VPOS="852" HPOS="946"/>
							<String ID="string_102" HPOS="963" VPOS="852" WIDTH="7" HEIGHT="21" WC="0.96" CONTENT="i"/>
						</TextLine>
						<TextLine ID="line_15" HPOS="213" VPOS="892" WIDTH="758" HEIGHT="28">
							<String ID="string_103" HPOS="213" VPOS="893" WIDTH="26" HEIGHT="21" WC="0.90" CONTENT="T."/><SP WIDTH="17" VPOS="893" HPOS="239"/>
							<String ID="string_104" HPOS="256" VPOS="893" WIDTH="52" HEIGHT="21" WC="0.96" CONTENT="stad"/><SP WIDTH="17" VPOS="893" HPOS="308"/>
							<String ID="string_105" HPOS="325" VPOS="893" WIDTH="91" HEIGHT="21" WC="0.96" CONTENT="bosatte"/><SP WIDTH="14" VPOS="893" HPOS="416"/>
							<String ID="string_106" HPOS="430" VPOS="893" WIDTH="85" HEIGHT="21" WC="0.93" CONTENT="norske"/><SP WIDTH="16" VPOS="893" HPOS="515"/>
							<String ID="string_107" HPOS="531" VPOS="893" WIDTH="142" HEIGHT="21" WC="0.91" CONTENT="undersåten"/><SP WIDTH="15" VPOS="893" HPOS="673"/>
							<String ID="string_108" HPOS="688" VPOS="892" WIDTH="150" HEIGHT="22" WC="0.93" CONTENT="handlanden"/><SP WIDTH="14" VPOS="892" HPOS="838"/>
							<String ID="string_109" HPOS="852" VPOS="892" WIDTH="26" HEIGHT="21" WC="0.92" CONTENT="B."/><SP WIDTH="12" VPOS="892" HPOS="878"/>
							<String ID="string_110" HPOS="890" VPOS="892" WIDTH="81" HEIGHT="28" WC="0.91" CONTENT="klago-"/>
						</TextLine>
						<TextLine ID="line_16" HPOS="213" VPOS="932" WIDTH="756" HEIGHT="29">
							<String ID="string_111" HPOS="213" VPOS="933" WIDTH="47" HEIGHT="21" WC="0.91" CONTENT="mål"/><SP WIDTH="24" VPOS="933" HPOS="260"/>
							<String ID="string_112" HPOS="284" VPOS="933" WIDTH="108" HEIGHT="21" WC="0.91" CONTENT="deröfver"/><SP WIDTH="23" VPOS="933" HPOS="392"/>
							<String ID="string_113" HPOS="415" VPOS="936" WIDTH="41" HEIGHT="25" WC="0.96" CONTENT="att,"/><SP WIDTH="24" VPOS="936" HPOS="456"/>
							<String ID="string_114" HPOS="480" VPOS="933" WIDTH="72" HEIGHT="22" WC="0.96" CONTENT="sedan"/><SP WIDTH="22" VPOS="933" HPOS="552"/>
							<String ID="string_115" HPOS="574" VPOS="933" WIDTH="48" HEIGHT="21" WC="0.96" CONTENT="han"/><SP WIDTH="23" VPOS="933" HPOS="622"/>
							<String ID="string_116" HPOS="645" VPOS="932" WIDTH="45" HEIGHT="22" WC="0.96" CONTENT="den"/><SP WIDTH="24" VPOS="932" HPOS="690"/>
							<String ID="string_117" HPOS="714" VPOS="934" WIDTH="25" HEIGHT="20" WC="0.96" CONTENT="24"/><SP WIDTH="21" VPOS="934" HPOS="739"/>
							<String ID="string_118" HPOS="760" VPOS="932" WIDTH="136" HEIGHT="28" WC="0.96" CONTENT="September"/><SP WIDTH="20" VPOS="932" HPOS="896"/>
							<String ID="string_119" HPOS="916" VPOS="934" WIDTH="53" HEIGHT="20" WC="0.96" CONTENT="1893"/>
						</TextLine>
						<TextLine ID="line_17" HPOS="212" VPOS="971" WIDTH="758" HEIGHT="23">
							<String ID="string_120" HPOS="212" VPOS="972" WIDTH="109" HEIGHT="22" WC="0.95" CONTENT="inträffat"/><SP WIDTH="22" VPOS="972" HPOS="321"/>
							<String ID="string_121" HPOS="343" VPOS="973" WIDTH="8" HEIGHT="21" WC="0.93" CONTENT="i"/><SP WIDTH="22" VPOS="973" HPOS="351"/>
							<String ID="string_122" HPOS="373" VPOS="973" WIDTH="30" HEIGHT="21" WC="0.87" CONTENT="M."/><SP WIDTH="24" VPOS="973" HPOS="403"/>
							<String ID="string_123" HPOS="427" VPOS="973" WIDTH="52" HEIGHT="21" WC="0.95" CONTENT="stad"/><SP WIDTH="24" VPOS="973" HPOS="479"/>
							<String ID="string_124" HPOS="503" VPOS="973" WIDTH="38" HEIGHT="21" WC="0.93" CONTENT="för"/><SP WIDTH="23" VPOS="973" HPOS="541"/>
							<String ID="string_125" HPOS="564" VPOS="972" WIDTH="171" HEIGHT="22" WC="0.91" CONTENT="öfvervarande"/><SP WIDTH="23" VPOS="972" HPOS="735"/>
							<String ID="string_126" HPOS="758" VPOS="972" WIDTH="8" HEIGHT="20" WC="0.96" CONTENT="i"/><SP WIDTH="16" VPOS="972" HPOS="766"/>
							<String ID="string_127" HPOS="782" VPOS="971" WIDTH="86" HEIGHT="21" WC="0.96" CONTENT="affärer"/><SP WIDTH="16" VPOS="971" HPOS="868"/>
							<String ID="string_128" HPOS="884" VPOS="972" WIDTH="26" HEIGHT="20" WC="0.95" CONTENT="af"/><SP WIDTH="15" VPOS="972" HPOS="910"/>
							<String ID="string_129" HPOS="925" VPOS="971" WIDTH="45" HEIGHT="21" WC="0.96" CONTENT="den"/>
						</TextLine>
						<TextLine ID="line_18" HPOS="213" VPOS="1012" WIDTH="756" HEIGHT="30">
							<String ID="string_130" HPOS="213" VPOS="1013" WIDTH="120" HEIGHT="22" WC="0.91" CONTENT="derstädes"/><SP WIDTH="27" VPOS="1013" HPOS="333"/>
							<String ID="string_131" HPOS="360" VPOS="1014" WIDTH="143" HEIGHT="28" WC="0.90" CONTENT="vidtagande"/><SP WIDTH="23" VPOS="1014" HPOS="503"/>
							<String ID="string_132" HPOS="526" VPOS="1013" WIDTH="206" HEIGHT="28" WC="0.92" CONTENT="höstmarknaden,"/><SP WIDTH="24" VPOS="1013" HPOS="732"/>
							<String ID="string_133" HPOS="756" VPOS="1012" WIDTH="163" HEIGHT="21" WC="0.90" CONTENT="stadsfiskalen"/><SP WIDTH="22" VPOS="1012" HPOS="919"/>
							<String ID="string_134" HPOS="941" VPOS="1012" WIDTH="28" HEIGHT="21" WC="0.92" CONTENT="D."/>
						</TextLine>
						<TextLine ID="line_19" HPOS="213" VPOS="1052" WIDTH="756" HEIGHT="30">
							<String ID="string_135" HPOS="213" VPOS="1053" WIDTH="137" HEIGHT="29" WC="0.96" CONTENT="påföljande"/><SP WIDTH="18" VPOS="1053" HPOS="350"/>
							<String ID="string_136" HPOS="368" VPOS="1061" WIDTH="103" HEIGHT="21" WC="0.96" CONTENT="morgon,"/><SP WIDTH="17" VPOS="1061" HPOS="471"/>
							<String ID="string_137" HPOS="488" VPOS="1053" WIDTH="74" HEIGHT="21" WC="0.96" CONTENT="under"/><SP WIDTH="16" VPOS="1053" HPOS="562"/>
							<String ID="string_138" HPOS="578" VPOS="1052" WIDTH="134" HEIGHT="28" WC="0.96" CONTENT="antagande"/><SP WIDTH="16" VPOS="1052" HPOS="712"/>
							<String ID="string_139" HPOS="728" VPOS="1053" WIDTH="34" HEIGHT="20" WC="0.96" CONTENT="att"/><SP WIDTH="15" VPOS="1053" HPOS="762"/>
							<String ID="string_140" HPOS="777" VPOS="1052" WIDTH="150" HEIGHT="21" WC="0.93" CONTENT="handlanden"/><SP WIDTH="16" VPOS="1052" HPOS="927"/>
							<String ID="string_141" HPOS="943" VPOS="1052" WIDTH="26" HEIGHT="20" WC="0.92" CONTENT="B."/>
						</TextLine>
						<TextLine ID="line_20" HPOS="212" VPOS="1091" WIDTH="758" HEIGHT="28">
							<String ID="string_142" HPOS="212" VPOS="1093" WIDTH="63" HEIGHT="22" WC="0.96" CONTENT="varit"/><SP WIDTH="14" VPOS="1093" HPOS="275"/>
							<String ID="string_143" HPOS="289" VPOS="1101" WIDTH="30" HEIGHT="14" WC="0.96" CONTENT="en"/><SP WIDTH="10" VPOS="1101" HPOS="319"/>
							<String ID="string_144" HPOS="329" VPOS="1094" WIDTH="37" HEIGHT="21" WC="0.96" CONTENT="för"/><SP WIDTH="10" VPOS="1094" HPOS="366"/>
							<String ID="string_145" HPOS="376" VPOS="1094" WIDTH="65" HEIGHT="21" WC="0.96" CONTENT="brott"/><SP WIDTH="10" VPOS="1094" HPOS="441"/>
							<String ID="string_146" HPOS="451" VPOS="1093" WIDTH="127" HEIGHT="22" WC="0.96" CONTENT="misstänkt"/><SP WIDTH="10" VPOS="1093" HPOS="578"/>
							<String ID="string_147" HPOS="588" VPOS="1093" WIDTH="87" HEIGHT="21" WC="0.93" CONTENT="svensk"/><SP WIDTH="10" VPOS="1093" HPOS="675"/>
							<String ID="string_148" HPOS="685" VPOS="1092" WIDTH="125" HEIGHT="21" WC="0.92" CONTENT="undersåte"/><SP WIDTH="10" VPOS="1092" HPOS="810"/>
							<String ID="string_149" HPOS="820" VPOS="1091" WIDTH="38" HEIGHT="28" WC="0.90" CONTENT="X.,"/><SP WIDTH="13" VPOS="1091" HPOS="858"/>
							<String ID="string_150" HPOS="871" VPOS="1091" WIDTH="99" HEIGHT="22" WC="0.96" CONTENT="anhållit"/>
						</TextLine>
						<TextLine ID="line_21" HPOS="212" VPOS="1131" WIDTH="759" HEIGHT="30">
							<String ID="string_151" HPOS="212" VPOS="1133" WIDTH="35" HEIGHT="28" WC="0.91" CONTENT="B.,"/><SP WIDTH="24" VPOS="1133" HPOS="247"/>
							<String ID="string_152" HPOS="271" VPOS="1133" WIDTH="74" HEIGHT="22" WC="0.96" CONTENT="ehuru"/><SP WIDTH="21" VPOS="1133" HPOS="345"/>
							<String ID="string_153" HPOS="366" VPOS="1133" WIDTH="48" HEIGHT="22" WC="0.96" CONTENT="han"/><SP WIDTH="24" VPOS="1133" HPOS="414"/>
							<String ID="string_154" HPOS="438" VPOS="1141" WIDTH="36" HEIGHT="14" WC="0.96" CONTENT="om"/><SP WIDTH="21" VPOS="1141" HPOS="474"/>
							<String ID="string_155" HPOS="495" VPOS="1133" WIDTH="36" HEIGHT="28" WC="0.93" CONTENT="sig"/><SP WIDTH="14" VPOS="1133" HPOS="531"/>
							<String ID="string_156" HPOS="545" VPOS="1134" WIDTH="95" HEIGHT="27" WC="0.92" CONTENT="upptett"/><SP WIDTH="15" VPOS="1134" HPOS="640"/>
							<String ID="string_157" HPOS="655" VPOS="1132" WIDTH="109" HEIGHT="28" WC="0.96" CONTENT="behörigt"/><SP WIDTH="16" VPOS="1132" HPOS="764"/>
							<String ID="string_158" HPOS="780" VPOS="1139" WIDTH="59" HEIGHT="20" WC="0.93" CONTENT="pass,"/><SP WIDTH="17" VPOS="1139" HPOS="839"/>
							<String ID="string_159" HPOS="856" VPOS="1131" WIDTH="115" HEIGHT="28" WC="0.91" CONTENT="fråntagit"/>
						</TextLine>
						<TextLine ID="line_22" HPOS="212" VPOS="1173" WIDTH="759" HEIGHT="29">
							<String ID="string_160" HPOS="212" VPOS="1174" WIDTH="88" HEIGHT="21" WC="0.96" CONTENT="honom"/><SP WIDTH="15" VPOS="1174" HPOS="300"/>
							<String ID="string_161" HPOS="315" VPOS="1174" WIDTH="59" HEIGHT="21" WC="0.93" CONTENT="hans"/><SP WIDTH="15" VPOS="1174" HPOS="374"/>
							<String ID="string_162" HPOS="389" VPOS="1174" WIDTH="104" HEIGHT="28" WC="0.92" CONTENT="påhafda"/><SP WIDTH="15" VPOS="1174" HPOS="493"/>
							<String ID="string_163" HPOS="508" VPOS="1174" WIDTH="132" HEIGHT="28" WC="0.96" CONTENT="penningar"/><SP WIDTH="16" VPOS="1174" HPOS="640"/>
							<String ID="string_164" HPOS="656" VPOS="1173" WIDTH="44" HEIGHT="21" WC="0.96" CONTENT="och"/><SP WIDTH="14" VPOS="1173" HPOS="700"/>
							<String ID="string_165" HPOS="714" VPOS="1173" WIDTH="73" HEIGHT="21" WC="0.96" CONTENT="andra"/><SP WIDTH="11" VPOS="1173" HPOS="787"/>
							<String ID="string_166" HPOS="798" VPOS="1173" WIDTH="173" HEIGHT="27" WC="0.96" CONTENT="tillhörigheter"/>
						</TextLine>
						<TextLine ID="line_23" HPOS="212" VPOS="1212" WIDTH="759" HEIGHT="30">
							<String ID="string_167" HPOS="212" VPOS="1216" WIDTH="62" HEIGHT="19" WC="0.93" CONTENT="samt"/><SP WIDTH="12" VPOS="1216" HPOS="274"/>
							<String ID="string_168" HPOS="286" VPOS="1214" WIDTH="106" HEIGHT="22" WC="0.91" CONTENT="inmanat"/><SP WIDTH="14" VPOS="1214" HPOS="392"/>
							<String ID="string_169" HPOS="406" VPOS="1214" WIDTH="87" HEIGHT="22" WC="0.95" CONTENT="honom"/><SP WIDTH="15" VPOS="1214" HPOS="493"/>
							<String ID="string_170" HPOS="508" VPOS="1214" WIDTH="9" HEIGHT="21" WC="0.96" CONTENT="i"/><SP WIDTH="15" VPOS="1214" HPOS="517"/>
							<String ID="string_171" HPOS="532" VPOS="1213" WIDTH="95" HEIGHT="22" WC="0.93" CONTENT="stadens"/><SP WIDTH="16" VPOS="1213" HPOS="627"/>
							<String ID="string_172" HPOS="643" VPOS="1212" WIDTH="139" HEIGHT="30" WC="0.91" CONTENT="polishäkte,"/><SP WIDTH="17" VPOS="1212" HPOS="782"/>
							<String ID="string_173" HPOS="799" VPOS="1212" WIDTH="121" HEIGHT="22" WC="0.96" CONTENT="äfvensom"/><SP WIDTH="16" VPOS="1212" HPOS="920"/>
							<String ID="string_174" HPOS="936" VPOS="1214" WIDTH="35" HEIGHT="20" WC="0.96" CONTENT="att"/>
						</TextLine>
						<TextLine ID="line_24" HPOS="213" VPOS="1252" WIDTH="757" HEIGHT="30">
							<String ID="string_175" HPOS="213" VPOS="1254" WIDTH="165" HEIGHT="22" WC="0.89" CONTENT="stadsfiskalen"/><SP WIDTH="27" VPOS="1254" HPOS="378"/>
							<String ID="string_176" HPOS="405" VPOS="1254" WIDTH="35" HEIGHT="28" WC="0.88" CONTENT="D.,"/><SP WIDTH="24" VPOS="1254" HPOS="440"/>
							<String ID="string_177" HPOS="464" VPOS="1262" WIDTH="49" HEIGHT="14" WC="0.96" CONTENT="som"/><SP WIDTH="23" VPOS="1262" HPOS="513"/>
							<String ID="string_178" HPOS="536" VPOS="1254" WIDTH="35" HEIGHT="21" WC="0.96" CONTENT="uti"/><SP WIDTH="24" VPOS="1254" HPOS="571"/>
							<String ID="string_179" HPOS="595" VPOS="1254" WIDTH="42" HEIGHT="21" WC="0.93" CONTENT="sitt"/><SP WIDTH="23" VPOS="1254" HPOS="637"/>
							<String ID="string_180" HPOS="660" VPOS="1252" WIDTH="154" HEIGHT="23" WC="0.92" CONTENT="förenämnda"/><SP WIDTH="23" VPOS="1252" HPOS="814"/>
							<String ID="string_181" HPOS="837" VPOS="1252" WIDTH="133" HEIGHT="28" WC="0.95" CONTENT="antagande"/>
						</TextLine>
						<TextLine ID="line_25" HPOS="211" VPOS="1292" WIDTH="760" HEIGHT="31">
							<String ID="string_182" HPOS="211" VPOS="1294" WIDTH="141" HEIGHT="28" WC="0.89" CONTENT="visserligon"/><SP WIDTH="22" VPOS="1294" HPOS="352"/>
							<String ID="string_183" HPOS="374" VPOS="1294" WIDTH="88" HEIGHT="29" WC="0.92" CONTENT="styrkts"/><SP WIDTH="24" VPOS="1294" HPOS="462"/>
							<String ID="string_184" HPOS="486" VPOS="1294" WIDTH="26" HEIGHT="22" WC="0.96" CONTENT="af"/><SP WIDTH="17" VPOS="1294" HPOS="512"/>
							<String ID="string_185" HPOS="529" VPOS="1293" WIDTH="116" HEIGHT="22" WC="0.96" CONTENT="särskilda"/><SP WIDTH="15" VPOS="1293" HPOS="645"/>
							<String ID="string_186" HPOS="660" VPOS="1293" WIDTH="41" HEIGHT="21" WC="0.93" CONTENT="vid"/><SP WIDTH="15" VPOS="1293" HPOS="701"/>
							<String ID="string_187" HPOS="716" VPOS="1292" WIDTH="170" HEIGHT="28" WC="0.91" CONTENT="försiggången"/><SP WIDTH="14" VPOS="1292" HPOS="886"/>
							<String ID="string_188" HPOS="900" VPOS="1292" WIDTH="71" HEIGHT="28" WC="0.92" CONTENT="polis-"/>
						</TextLine>
						<TextLine ID="line_26" HPOS="212" VPOS="1333" WIDTH="759" HEIGHT="30">
							<String ID="string_189" HPOS="212" VPOS="1334" WIDTH="177" HEIGHT="29" WC="0.93" CONTENT="undersökning"/><SP WIDTH="20" VPOS="1334" HPOS="389"/>
							<String ID="string_190" HPOS="409" VPOS="1334" WIDTH="98" HEIGHT="22" WC="0.92" CONTENT="afhörda"/><SP WIDTH="16" VPOS="1334" HPOS="507"/>
							<String ID="string_191" HPOS="523" VPOS="1341" WIDTH="122" HEIGHT="21" WC="0.96" CONTENT="personers"/><SP WIDTH="17" VPOS="1341" HPOS="645"/>
							<String ID="string_192" HPOS="662" VPOS="1333" WIDTH="127" HEIGHT="29" WC="0.96" CONTENT="uppgifter,"/><SP WIDTH="17" VPOS="1333" HPOS="789"/>
							<String ID="string_193" HPOS="806" VPOS="1340" WIDTH="54" HEIGHT="14" WC="0.96" CONTENT="men"/><SP WIDTH="16" VPOS="1340" HPOS="860"/>
							<String ID="string_194" HPOS="876" VPOS="1340" WIDTH="37" HEIGHT="14" WC="0.95" CONTENT="om"/><SP WIDTH="16" VPOS="1340" HPOS="913"/>
							<String ID="string_195" HPOS="929" VPOS="1333" WIDTH="42" HEIGHT="21" WC="0.95" CONTENT="sitt"/>
						</TextLine>
						<TextLine ID="line_27" HPOS="212" VPOS="1372" WIDTH="759" HEIGHT="31">
							<String ID="string_196" HPOS="212" VPOS="1375" WIDTH="99" HEIGHT="28" WC="0.96" CONTENT="misstag"/><SP WIDTH="22" VPOS="1375" HPOS="311"/>
							<String ID="string_197" HPOS="333" VPOS="1375" WIDTH="141" HEIGHT="21" WC="0.96" CONTENT="åtminstone"/><SP WIDTH="22" VPOS="1375" HPOS="474"/>
							<String ID="string_198" HPOS="496" VPOS="1374" WIDTH="54" HEIGHT="22" WC="0.93" CONTENT="bort"/><SP WIDTH="22" VPOS="1374" HPOS="550"/>
							<String ID="string_199" HPOS="572" VPOS="1374" WIDTH="97" HEIGHT="21" WC="0.92" CONTENT="varskos"/><SP WIDTH="24" VPOS="1374" HPOS="669"/>
							<String ID="string_200" HPOS="693" VPOS="1374" WIDTH="26" HEIGHT="20" WC="0.96" CONTENT="af"/><SP WIDTH="21" VPOS="1374" HPOS="719"/>
							<String ID="string_201" HPOS="740" VPOS="1374" WIDTH="34" HEIGHT="20" WC="0.96" CONTENT="ett"/><SP WIDTH="19" VPOS="1374" HPOS="774"/>
							<String ID="string_202" HPOS="793" VPOS="1372" WIDTH="75" HEIGHT="22" WC="0.96" CONTENT="under"/><SP WIDTH="15" VPOS="1372" HPOS="868"/>
							<String ID="string_203" HPOS="883" VPOS="1380" WIDTH="88" HEIGHT="15" WC="0.96" CONTENT="samma"/>
						</TextLine>
						<TextLine ID="line_28" HPOS="211" VPOS="1412" WIDTH="758" HEIGHT="31">
							<String ID="string_204" HPOS="211" VPOS="1414" WIDTH="48" HEIGHT="29" WC="0.96" CONTENT="dag"/><SP WIDTH="20" VPOS="1414" HPOS="259"/>
							<String ID="string_205" HPOS="279" VPOS="1416" WIDTH="30" HEIGHT="27" WC="0.96" CONTENT="på"/><SP WIDTH="15" VPOS="1416" HPOS="309"/>
							<String ID="string_206" HPOS="324" VPOS="1415" WIDTH="151" HEIGHT="21" WC="0.96" CONTENT="handlanden"/><SP WIDTH="20" VPOS="1415" HPOS="475"/>
							<String ID="string_207" HPOS="495" VPOS="1414" WIDTH="39" HEIGHT="22" WC="0.93" CONTENT="B:s"/><SP WIDTH="16" VPOS="1414" HPOS="534"/>
							<String ID="string_208" HPOS="550" VPOS="1413" WIDTH="188" HEIGHT="23" WC="0.90" CONTENT="föranstaltande"/><SP WIDTH="15" VPOS="1413" HPOS="738"/>
							<String ID="string_209" HPOS="753" VPOS="1412" WIDTH="54" HEIGHT="22" WC="0.92" CONTENT="från"/><SP WIDTH="15" VPOS="1412" HPOS="807"/>
							<String ID="string_210" HPOS="822" VPOS="1412" WIDTH="147" HEIGHT="29" WC="0.92" CONTENT="polismästa-"/>
						</TextLine>
					</TextBlock>
				</ComposedBlock>
			</PrintSpace>
		</Page>
	</Layout>
</alto>
