1098 1750
267 130 27 21 42

236 199 77 26 partier
329 198 23 21 af
370 199 54 26 dem,
441 199 102 26 utbjudna
560 199 26 27 på
602 205 26 14 en
644 199 61 26 gång,
721 199 44 20 icke
782 197 60 22 alltid
859 197 56 21 skola
928 198 71 19 kunna

236 233 91 26 påräkna
347 233 124 27 efterfrågan
492 233 132 21 annorlunda
639 234 27 19 än
682 234 55 20 emot
752 231 119 27 väsentliga
886 231 111 21 kursefter-

235 266 69 27 gifter.
334 267 49 21 Men
398 267 87 21 förbises
501 267 31 21 får
547 267 18 27 ej
582 267 66 21 heller
664 268 32 20 att
711 267 60 21 äfven
787 266 26 21 de
830 266 52 21 allra
897 272 98 21 gynsam-

235 303 56 19 mast
309 301 68 22 stälda
395 302 190 27 statsobligationer
604 303 35 20 äro
659 301 154 22 underkastade
835 300 161 28 prisfluktuatio-

235 342 38 15 ner
288 336 11 21 å
314 337 99 20 börserna
428 337 6 20 i
450 337 102 26 utlandet,
570 336 26 21 då
612 336 105 27 störingar
732 337 6 20 i
754 335 93 22 rådande
865 335 131 21 ekonomiska

235 371 40 20 och
292 371 96 27 politiska
407 371 145 21 förhållanden
570 371 91 21 inträffa.
692 372 37 20 Att
746 371 7 20 i
773 369 170 22 förekommande
959 369 36 21 fall

235 406 51 26 göra
302 411 25 15 en
343 405 22 21 så
379 405 96 22 bestämd
491 405 82 22 skilnad
590 405 90 22 emellan
696 405 143 27 obligationer,
857 411 44 14 som
917 405 35 20 äro
966 405 31 20 att

235 439 106 22 betraktas
356 440 67 21 såsom
439 440 66 21 första
519 440 95 21 klassens
631 440 140 27 värdepapper
787 439 51 21 eller
849 439 23 20 af
880 438 115 21 beskaffen-

235 473 38 21 het
288 475 31 20 att
333 474 71 21 kunna
419 474 98 21 hänföras
533 474 32 21 till
580 475 87 20 valutan
680 474 32 21 för
723 473 224 27 sedelutgifningsrätt,
959 473 37 21 och

235 508 66 27 öfriga
317 509 142 26 obligationer,
475 510 55 19 samt
545 509 123 27 isynnerhet
680 510 31 19 att
722 515 75 21 genom
811 508 184 27 reglementariska

235 542 130 21 föreskrifter
380 543 49 21 söka
445 543 65 22 ordna
526 543 58 21 detta
600 543 136 25 förhållande,
751 549 70 21 synes,
838 543 26 27 på
875 543 42 20 sätt
927 542 69 21 Bank-

235 577 129 22 direktionen
384 577 30 21 uti
434 577 85 28 afgifvet
535 578 109 21 utlåtande
660 578 6 20 i
682 577 86 22 ärendet
782 577 79 27 jemväl
876 576 119 26 framhållit,

234 612 77 26 ytterst
328 612 107 27 vanskligt
453 612 38 21 och
510 612 58 21 torde
587 612 45 21 icke
652 612 65 21 heller
736 618 49 15 vara
801 612 24 20 af
839 611 156 27 omständighe-

234 647 60 19 terna
309 646 111 27 påkalladt,
436 647 55 20 helst
506 646 211 27 bankförvaltningen
733 646 60 21 alltid
809 646 48 21 låtit
870 646 32 26 sig
912 646 84 26 angelä-

234 681 36 26 get
285 686 49 15 vara
349 681 31 20 att
394 681 6 20 i
416 681 98 20 Bankens
529 681 196 27 obligationsförråd
741 681 56 20 hålla
815 680 74 21 endast
905 686 25 15 en
942 680 53 21 min-

234 714 36 21 dre
289 714 34 21 del
341 715 66 21 finska
427 715 146 28 värdepapper.
604 715 24 27 Ej
645 716 65 20 heller
725 721 62 21 synes
805 715 60 27 giltig
882 715 113 26 anledning

233 748 112 22 förefinnas
368 751 31 19 att
421 750 72 27 frångå
515 750 205 27 bankreglementets
739 749 108 21 föreskrift
867 749 76 26 derom,
964 750 31 19 att

234 783 35 20 vid
288 783 141 22 beräknandet
447 784 24 21 af
487 784 36 21 det
540 784 74 27 belopp
634 784 74 27 sedlar,
729 784 87 21 Banken
837 784 22 20 är
876 783 118 27 berättigad

234 817 87 27 utgifva,
341 818 67 21 såsom
424 818 68 21 sedlar
504 819 79 26 jemväl
599 819 58 20 skola
672 825 61 14 anses
749 818 100 21 Bankens
864 818 131 27 postremiss-

234 851 76 26 vexlar,
329 852 25 21 de
373 853 26 26 på
416 859 52 21 upp-
485 853 38 20 och
537 853 136 26 afskrifnings
690 853 88 26 räkning
795 854 56 19 samt
867 852 12 21 å
894 852 99 27 beviljade

233 886 150 21 kassakreditiv
399 887 134 21 innestående
545 887 81 28 belopp,
638 887 106 21 äfvensom
756 887 68 26 öfriga
838 886 34 21 vid
883 886 110 21 anfordran

232 921 99 21 förfallna
348 921 143 22 förbindelser.
521 922 77 21 Derom
618 922 39 21 har
676 922 122 27 visserligen
818 921 23 21 af
854 921 139 21 Bankutskot-

232 956 31 20 tet
283 955 90 27 antydts,
393 957 32 20 att
443 956 143 21 likställandet
605 956 23 21 af
641 956 61 21 dessa
717 956 100 21 Bankens
835 955 67 21 avista
917 955 76 21 förbin-

232 989 69 21 delser
319 990 48 21 med
387 990 46 21 dess
454 991 124 26 utelöpande
598 991 70 20 sedlar
685 991 44 20 icke
745 997 48 14 vore
809 990 50 21 fullt
873 989 96 27 hållbart,
985 990 6 20 i

232 1023 36 21 det
287 1025 31 20 att
337 1024 39 21 den
398 1025 77 26 ökning
491 1025 22 20 af
527 1025 39 20 den
582 1025 126 27 utelöpande
725 1024 152 23 sedelstocken,
893 1030 44 14 som
952 1023 41 21 för-

232 1058 85 21 anledes
337 1065 75 20 genom
429 1059 81 21 inlösen
525 1059 49 21 med
590 1059 68 21 sedlar
674 1059 24 21 af
710 1058 123 22 förberörda
849 1058 142 26 förbindelser,

231 1092 57 21 inom
306 1093 46 21 kort
372 1093 81 21 komme
469 1094 32 20 att
515 1094 45 20 åter
572 1094 73 26 jemna
660 1094 24 20 ut
699 1094 38 26 sig,
753 1093 68 21 såvidt
838 1093 105 26 nemligen
958 1093 35 20 be-

230 1126 71 28 loppet
323 1127 23 21 af
366 1127 25 21 de
410 1127 31 21 för
461 1128 156 26 omsättningen
635 1128 7 20 i
661 1128 72 20 landet
753 1127 78 27 nödiga
851 1126 141 22 circulations-

230 1160 84 22 medlen
336 1161 32 21 till
390 1161 51 27 följd
463 1162 23 21 af
506 1162 36 21 det
561 1162 137 21 förenämnda
717 1162 189 27 betalningssättet
924 1161 67 22 blefve

230 1195 142 22 öfverskridet.
402 1193 140 24 Öfverskottet
560 1197 68 21 skulle
644 1197 26 21 då
685 1197 149 21 återströmma
849 1196 33 21 till
897 1195 93 27 Banken,

229 1229 122 27 visserligen
370 1230 32 21 till
421 1230 68 27 någon
508 1231 34 21 del
561 1232 56 20 emot
635 1231 99 21 utländsk
753 1231 79 24 valuta,
849 1230 68 21 såvidt
931 1230 60 27 liqvi-

229 1263 66 21 derna
309 1264 7 20 i
331 1264 95 21 utlandet
441 1265 75 20 sådant
531 1265 89 28 påkalla,
633 1272 48 14 men
692 1272 76 15 annars
780 1265 70 21 såsom
861 1264 130 27 afbetalning

228 1297 12 20 å
255 1297 99 22 Bankens
367 1298 110 22 inhemska
491 1299 117 27 fordringar
624 1300 50 21 eller
686 1300 68 21 såsom
764 1299 143 26 insättningar
917 1299 12 20 å
940 1305 51 20 upp-

228 1332 39 21 och
278 1332 229 29 afskrifningsräkning.
523 1334 80 21 Härvid
614 1340 62 21 synes
688 1334 56 27 dock,
757 1333 68 27 enligt
832 1332 158 22 Bankfullmäk-

228 1366 54 27 tiges
297 1367 60 26 åsigt,
374 1367 51 21 böra
439 1368 86 21 beaktas
541 1369 31 20 att
587 1369 6 20 i
604 1375 27 14 en
641 1369 78 26 mängd
730 1369 37 20 fall
777 1367 117 22 infriandet
905 1367 23 21 af
935 1367 55 22 Ban-

227 1400 52 21 kens
295 1401 66 21 avista
376 1401 137 22 förbindelser
529 1403 44 21 icke
588 1403 48 21 sker
646 1403 79 21 medels
737 1403 48 20 dess
796 1402 77 21 sedlar.
897 1401 92 22 Sålunda

227 1434 95 21 inträffar
344 1435 35 21 det
401 1435 44 22 icke
469 1437 67 20 sällan
559 1438 31 20 att
614 1437 131 26 statsverket,
769 1443 46 14 som
838 1435 93 28 ständigt
951 1436 38 21 har

224 1468 151 27 jemförelsevis
398 1470 107 27 betydliga
528 1471 74 28 belopp
624 1471 135 21 innestående
782 1471 27 27 på
831 1477 52 20 upp-
904 1471 37 20 och
960 1471 29 21 af-
