1092 1745
256 121 38 18 176
588 118 25 21 II

224 176 28 25 Ä.
269 181 59 28 stad,
345 181 41 21 der
401 181 29 21 K.
446 181 95 21 dämera
555 181 131 28 undergick
697 181 102 21 nämnda
810 181 173 27 tukthusstraff,

224 223 36 19 att
275 221 37 28 K.,
336 228 36 14 om
388 221 46 22 han
450 225 30 18 än
495 221 102 29 tidigare
613 221 86 22 utstätt
714 221 69 21 straff
796 221 38 21 för
850 221 75 28 tredje
940 221 44 21 och

225 260 74 22 andra
320 269 68 14 resan
412 261 68 28 stöld,
506 261 153 22 derförinnan
684 261 130 22 emellertid
836 261 53 22 icke
903 261 82 22 blifvit

224 301 93 28 ådömd,
341 305 29 17 än
393 301 90 22 mindre
506 302 128 28 undergått
657 301 71 22 straff
748 302 37 21 för
801 302 75 21 första
891 302 93 28 gången

226 341 122 22 enahanda
364 342 146 29 förbrytelse,
526 344 59 19 utan
601 342 83 21 endast
699 342 38 21 för
751 342 75 21 första
836 349 69 14 resan
922 343 63 20 snat-

224 381 56 28 teri;
304 381 44 22 och
371 386 55 17 enär
441 383 31 20 K.
488 382 105 28 sålunda,
617 382 30 21 då
669 382 48 21 han
737 384 79 19 senast
831 382 100 28 lagförts
947 382 37 21 för

224 420 102 28 tjufnad,
350 422 126 28 rätteligen
499 422 54 21 bort
568 422 95 21 ådömas
681 429 84 14 ansvar
780 422 38 20 för
833 421 62 21 blott
909 421 75 28 tredje

225 467 69 14 resan
310 461 67 28 stöld,
394 469 52 14 men
463 461 92 22 straffet
570 462 38 21 för
623 461 67 29 dylik
707 461 141 28 förbrytelse
863 461 82 22 blifvit
960 461 26 21 af

224 501 87 21 honom
333 501 72 22 redan
428 503 65 20 förut
515 501 169 30 undergånget,
706 501 80 22 anhöll
801 501 28 21 K.
847 508 37 14 om
900 501 84 28 åtgärd

224 541 8 20 i
248 541 70 28 syfte,
328 543 35 20 att
378 542 114 21 Senatens
508 541 156 22 omförmälda
679 541 79 29 utslag
773 541 80 21 blefve
866 541 118 28 upphäfdt

226 581 44 20 och
286 581 30 21 K.
332 582 14 20 å
361 582 31 21 fri
408 583 36 20 fot
461 582 67 21 stäld.

294 621 46 21 Vid
362 622 188 29 genomgåendet
575 623 131 20 sedermera
733 622 26 21 af
782 622 28 21 de
836 621 147 29 handlingar,

224 661 83 22 hvilka
321 662 65 29 legat
401 663 37 21 till
452 663 78 28 grund
545 663 37 21 för
597 663 74 28 sagda
686 663 85 28 utslag,
781 662 80 28 erfors,
873 662 110 21 hurusom

224 701 36 22 uti
276 704 34 19 ett
326 709 36 14 om
378 703 29 20 K.
423 703 123 21 utfärdadt
562 703 146 28 fräjdebevis
724 702 145 27 antecknats,
885 702 39 21 det
937 701 46 22 han

224 741 41 22 vid
290 742 154 29 vintertinget
470 745 53 19 1866
546 743 53 21 med
614 743 27 21 L.
658 743 98 21 sockens
779 742 105 29 tingslag
904 742 81 21 blifvit

224 781 95 22 sakfäld
342 783 37 20 för
402 783 74 20 första
499 790 67 14 resan
589 783 175 21 innehafvande
788 783 27 20 af
832 783 72 20 stulet
918 782 65 28 gods,

224 829 54 14 men
301 822 97 21 emedan
420 824 78 27 någon
521 823 130 28 uttrycklig
675 823 97 28 uppgift
786 823 52 21 icke
854 822 129 21 förekom
970 818 18 38 i

224 861 168 29 frejdebeviset
415 863 85 27 derom,
518 864 34 20 att
574 863 30 21 K.
628 863 92 21 ådömts
743 870 84 13 ansvar
849 863 38 20 för
909 863 74 20 första

224 908 68 14 resan
308 902 68 27 stöld,
392 902 137 22 infordrade
551 902 162 22 Prokuratorn
729 903 26 21 af
769 902 191 21 domhafvanden
975 903 8 19 i

224 940 28 22 U.
270 941 112 29 domsaga
401 942 176 22 häradsrättens
592 943 9 21 i
616 943 101 21 berörda
732 943 104 27 tingslag
851 942 79 29 utslag
946 942 37 21 be-

224 981 119 22 träffande
358 983 103 21 nämnda
475 982 178 29 tjufnadsbrott,
670 983 73 21 hvarå
759 982 106 22 bemälde
877 982 106 22 domhaf-

223 1021 84 28 vande,
329 1022 72 28 jemte
424 1022 187 22 öfversändande
635 1023 26 21 af
682 1025 35 19 ett
739 1022 86 29 utdrag
843 1030 28 13 ur
889 1022 94 21 härads-

223 1063 91 20 rättens
329 1062 41 21 vid
385 1063 98 28 lagtima
501 1063 157 28 vintertinget
676 1063 46 21 den
739 1065 25 19 19
779 1062 48 28 Maj
846 1064 53 20 1866
915 1062 68 22 förda

223 1102 125 28 protokoll,
372 1103 123 21 utvisande
518 1104 35 20 att
575 1103 29 21 K.
625 1103 40 21 vid
689 1103 64 21 detta
768 1102 53 28 ting
836 1103 59 20 stått
909 1102 74 21 under

223 1141 74 21 tilltal
320 1142 82 22 endast
424 1143 38 21 för
484 1143 99 21 snatteri
605 1143 54 21 med
680 1142 96 28 inbrott,
793 1150 53 13 men
862 1144 35 19 att
912 1142 71 21 målet

223 1180 82 23 blifvit
328 1182 137 29 uppskjutet
486 1182 38 22 till
547 1183 139 29 urtimating
702 1183 45 21 den
764 1185 25 19 12
805 1182 178 29 derpåföljande

223 1221 65 28 Juni,
298 1222 78 21 tillika
384 1222 143 29 meddelade,
536 1225 35 19 att
582 1223 40 21 det
633 1223 84 21 dervid
729 1223 127 21 tillkomna
866 1222 116 28 protokoll

223 1261 53 21 icke
292 1261 91 23 kunnat
398 1262 112 28 påträffas
531 1263 3 21 i
550 1263 140 29 domsagans
707 1263 71 22 arkiv.
802 1263 35 21 Af
851 1262 28 22 de
891 1263 12 21 å
914 1264 68 20 stats-

224 1301 92 21 arkivet
338 1302 124 22 förvarade
485 1303 157 28 fånglistorna
665 1304 54 20 från
739 1303 28 21 U.
783 1303 147 22 kronohäkte
945 1303 38 21 för

223 1341 27 20 år
274 1343 54 20 1866
351 1342 146 22 inhemtades
520 1343 131 22 sedermera
675 1343 137 28 emellertid,
837 1345 35 20 att
894 1343 29 21 K.
942 1344 40 21 vid

222 1381 104 21 nämnda
348 1383 140 28 urtimating
506 1383 82 21 blifvit
603 1383 71 22 dömd
690 1385 35 20 att
740 1384 38 21 för
795 1383 187 22 einnehafvande

223 1421 28 20 af
264 1421 72 21 stulet
358 1422 72 28 gods»
455 1423 55 21 böta
526 1425 12 19 6
554 1423 66 23 mark
644 1425 26 20 20
686 1423 77 28 penni,
780 1431 49 14 som
845 1423 75 22 skulle
935 1423 47 22 för-
