1095 1770
838 135 12 21 5

123 205 131 19 Embetsverks
266 205 94 22 betjening
528 205 42 18 med
582 206 28 17 ett
622 205 50 18 antal
685 204 21 18 af
747 205 33 17 137
809 204 50 22 (127)

124 240 151 23 Sytningstagare
287 239 33 18 och
333 239 107 23 inhysingar
547 247 7 8 >
594 247 7 8 »
646 247 7 8 »
692 247 7 7 »
758 239 23 17 89
811 238 48 23 (111)

124 274 109 23 Sjöfarande
547 281 7 8 »
594 282 7 7 »
646 281 7 8 >
692 281 7 8 »
758 274 18 17 61
821 272 38 22 (83)

124 310 89 17 Personer
226 310 44 16 utan
283 309 95 22 uppgitvet
390 308 90 17 särskildt
488 308 45 23 yrke
551 315 3 8 »
594 316 6 7 »
646 315 7 8 +»
692 315 7 8 »
747 308 33 17 613
793 306 66 23 (1,236)

296 408 35 19 IV,
363 407 348 23 Sparmärksförsäljningen.

194 469 149 27 Sparmärken,
363 468 92 28 lydande
474 470 13 20 å
506 469 29 21 tio
551 469 64 26 penni
631 468 39 22 och
686 468 89 21 afsedda
790 468 33 21 för
839 474 43 14 om-

125 504 96 26 sättning
239 503 23 21 af
276 502 139 28 besparingar
431 502 61 22 äfven
508 502 68 22 under
592 503 35 21 det
643 503 76 27 belopp
735 502 24 21 af
773 509 25 15 en
816 502 66 26 mark,

125 544 45 15 som
186 538 105 22 faststälts
306 537 69 21 säsom
392 538 71 26 lägsta
475 537 68 22 insats
561 539 27 25 pä
605 537 94 27 motbok,
711 537 65 21 hafva
785 537 97 21 försälts:

263 578 24 21 är
305 578 53 21 1893
374 578 34 21 för
427 594 2 5 .
460 595 5 4 .
496 595 4 4 .
532 594 4 5 .
568 578 48 28 Fry
631 578 70 26 4,984:
718 579 27 20 20

272 622 9 9 »
304 614 54 20 1894
383 622 10 9 »
424 629 4 5 so
461 629 4 5 sv
496 629 41 5 os
591 622 9 9 »
631 613 71 26 4,428:
720 614 25 20 10

272 657 9 9 »
304 648 53 21 1895
382 657 9 9 »
429 664 1 5 0
458 664 5 5 sv
494 665 40 4 vv
589 657 9 9 »
630 648 69 25 4,170:
717 648 33 25 70,

127 689 52 21 eller
195 689 66 21 under
277 688 43 21 alla
335 690 33 19 tre
384 689 24 20 är
423 687 34 22 för
494 704 4 5 .
530 705 4 4 .
589 697 9 10 =»
618 689 81 26 13,583:
716 699 35 16 —,

126 731 44 19 mot
189 729 47 28 ng
255 729 83 26 29,877:
358 730 27 20 60
400 729 69 21 under
485 729 43 21 lika
544 729 30 21 tid
591 731 49 19 näst
656 729 144 21 derförinnan.
830 729 52 20 För-

125 763 91 28 säljning
239 763 22 22 af
282 763 61 22 dessa
366 763 88 22 märken
478 763 39 22 har
536 764 56 21 varit
608 763 110 22 anordnad
733 763 35 21 vid
784 763 99 26 samtliga

126 798 156 27 postanstalter
297 797 40 22 och
352 804 26 15 en
395 798 78 27 mängd
489 798 98 21 enskilda
603 805 100 20 personer
719 798 52 21 eller

264 838 34 21 vid
314 837 74 27 början
405 837 23 22 af
442 838 25 21 är
484 839 53 21 1893
553 838 27 27 pä
611 855 5 5 .
647 855 5 4 .
685 839 60 26 1,088

263 873 40 21 och
318 873 36 21 vid
370 873 66 21 slutet
452 873 23 21 af
490 874 24 20 år
530 874 54 20 1895
600 874 27 26 pä
647 890 4 4 .
684 874 61 25 1,097

127 913 70 21 skilda
213 913 75 21 ställen
303 913 8 21 i
325 913 80 21 landet.

276 1012 27 19 V.
335 1013 106 19 Influtna
459 1013 99 19 medels
574 1013 159 23 förvaltning.

194 1074 11 21 I
229 1074 103 21 anseende
356 1074 32 20 till
407 1075 33 20 att
460 1074 170 26 insättningarna
648 1075 60 26 1893,
725 1074 68 21 såsom
811 1080 25 14 ur
853 1073 30 21 af-

127 1108 86 27 delning
228 1108 21 21 II
264 1108 100 27 framgär,
380 1108 48 21 icke
443 1108 28 27 pä
486 1108 59 27 längt
560 1110 38 19 när
613 1108 34 22 till
663 1108 100 28 beloppet
773 1108 111 28 uppvägde

126 1142 164 28 uttagningarne
314 1143 39 21 och
376 1144 58 20 ännu
460 1143 54 21 1894
537 1143 78 21 endast
631 1143 118 27 obetydligt
765 1143 120 26 öfverstego

127 1177 54 26 dem,
197 1177 72 21 kunde
285 1177 70 27 nägon
371 1177 44 21 fast
430 1178 109 26 placering
554 1177 24 21 af
592 1177 91 22 influtna
698 1178 70 20 medel
780 1177 105 22 derunder

126 1212 47 21 icke
195 1212 163 27 ifrägakomma,
381 1214 52 19 utan
453 1218 38 15 var
510 1212 189 27 postsparbanken,
719 1212 22 21 af
756 1212 61 22 dessa
831 1212 54 26 skäl,

126 1246 89 22 fastmer
230 1246 111 22 nödsakad
357 1248 31 20 att
405 1246 23 21 af
442 1247 48 21 sina
504 1246 58 22 förut
578 1246 32 22 till
625 1246 103 22 Finlands
745 1246 138 22 Statskontor

127 1280 157 22 öfverlemnade
300 1281 39 21 och
354 1288 76 20 genom
447 1281 48 21 dess
510 1282 84 26 försorg
610 1281 6 21 i
631 1281 158 21 räntebärande
805 1281 80 27 obliga-

127 1316 70 20 tioner
213 1317 93 20 omsatta
321 1316 116 26 tillgängar
453 1318 76 25 uttaga
544 1322 26 15 en
586 1322 83 15 summa
682 1316 23 21 af
715 1316 91 26 200,000
817 1315 68 21 mark.

126 1349 62 21 Först
205 1351 54 20 1895
275 1350 71 21 kunde
362 1351 31 20 ett
409 1350 84 21 mindre
508 1350 78 27 belopp
602 1349 23 22 af
641 1351 76 26 13,000
733 1350 61 21 mark
809 1349 28 28 pä
847 1356 38 14 an-

126 1384 48 27 tydt
193 1386 46 20 sätt
257 1385 47 21 äter
322 1385 84 26 bindas,
423 1385 54 21 efter
493 1384 36 22 det
544 1384 123 28 postverket
682 1384 72 22 blifvit
769 1386 68 20 ersatt
852 1383 34 22 för

126 1418 107 22 särskilda
249 1418 94 22 derifrän
360 1419 91 27 tidigare
467 1419 98 21 erhällna
580 1419 108 27 tillfälliga
703 1419 182 26 försträckningar

125 1453 36 21 vid
180 1452 62 30 tider,
258 1453 27 21 dä
299 1454 197 27 postsparbankens
512 1453 33 22 för
560 1454 92 21 stunden
669 1454 120 27 disponibla
806 1453 16 28 (i
837 1455 48 19 vär-
