1092 1750
496 137 13 21 I
828 138 26 20 33

196 208 33 20 20.
253 206 78 22 Sedan
349 206 134 22 Ständerna
499 205 36 22 uti
552 205 148 28 underdånig
720 205 123 22 skrifvelse
859 205 27 21 af

125 241 45 22 den
189 243 22 20 31
234 240 47 29 Maj
307 243 54 19 1894
384 240 101 22 anhållit
504 240 40 22 det
562 240 91 22 täcktes
668 240 66 21 Hans
750 240 134 28 Kejserliga

124 276 117 28 Majestät,
253 276 60 20 efter
329 275 40 21 det
384 274 140 29 erforderlig
539 274 128 29 utredning
682 274 9 22 i
706 276 78 20 ämnet
799 282 85 21 genom

125 317 29 14 en
176 310 38 21 för
239 309 134 22 ändamålet
397 309 88 21 tillsatt
509 309 88 21 komité
624 309 110 28 erhållits,
760 309 124 29 förelägga

126 344 131 22 Ständerna
275 343 73 29 nådig
363 343 147 29 proposition
526 343 122 28 angående
662 343 181 21 underlättande
860 343 26 21 af

125 382 56 24 väg-
197 378 43 22 och
257 378 282 29 brobyggnadsbesväret,
556 378 43 21 har
615 378 102 21 Senaten
733 378 45 22 den
794 380 26 20 30
836 378 47 28 Maj

128 414 53 20 1895
201 413 54 21 från
275 412 110 29 samtliga
403 412 138 22 kommuner
556 412 8 22 i
579 412 82 22 landet
679 412 118 22 infordrat
812 412 73 22 detal-

124 447 81 28 jerade
227 447 122 29 uppgifter
372 447 148 22 beträffande
543 447 159 22 kostnaderna
718 447 37 22 för
770 451 55 24 väg-
841 447 44 21 och

126 482 278 28 brobyggnadsbesväret
429 481 121 22 derstädes
576 482 122 21 äfvensom
724 482 39 21 det
786 482 99 21 sålunda

126 516 112 22 inkomna
260 516 130 28 vidlyftiga
411 516 134 21 materialet
568 516 131 22 sedermera
718 517 8 20 i
746 516 110 22 afseende
872 517 13 20 å

127 550 117 22 statistisk
254 550 157 28 bearbetning
422 550 167 22 öfverlemnats
600 550 37 21 till
648 550 135 29 sakkunnig
793 557 91 22 person,

127 593 50 14 som
193 590 64 17 ännu
271 586 53 21 icke
339 585 97 21 slutfört
450 586 139 28 uppdraget.

199 622 34 20 21.
257 620 77 22 Sedan
353 620 132 22 Ständerna
501 620 37 22 uti
558 620 148 28 underdånig
721 620 123 22 skrifvelse
860 620 27 20 af

128 655 45 21 den
184 657 24 19 31
218 655 48 29 Maj
278 658 53 19 1894
340 655 99 22 anhållit
451 657 34 19 att
496 662 29 14 en
536 655 37 21 för
584 654 29 22 de
624 655 27 21 af
659 654 75 22 finska
745 654 141 22 statsverket

127 696 84 21 genom
229 689 157 28 kungörelsen
406 689 26 21 af
449 689 45 21 den
516 691 23 20 17
555 689 104 28 Augusti
676 691 53 20 1893
746 689 140 28 öfvertagna

128 723 169 29 arkeologiska,
311 723 127 21 historiska
454 723 44 21 och
513 723 159 29 etnografiska
687 724 127 28 samlingar
829 724 57 20 läm-

127 758 47 28 pad
181 758 208 28 museibyggnad,i
399 758 169 28 hufvudsaklig
580 758 242 22 öfverensstämmelse
832 757 54 21 med

129 792 78 22 dertill
225 792 73 22 redan
315 792 129 29 uppgjordt
459 792 93 29 projekt
565 792 73 29 jemte
654 792 203 28 kostnadsförslag
872 793 14 21 &

129 828 91 26 550,000
242 826 73 29 mark,
337 828 73 20 måtte
425 826 8 22 i
448 827 73 21 nåder
543 827 73 21 varda
639 827 37 21 till
698 827 125 22 utförande
846 834 40 14 an-

128 861 87 28 befald,
234 861 43 21 har
298 862 66 20 Hans
387 861 134 29 Kejserliga
536 862 111 28 Majestät
662 862 106 22 anbefalt
784 862 101 22 Senaten

128 895 119 22 inkomma
269 896 54 20 med
344 896 158 28 underdänigt
517 896 123 22 utlätande
656 896 8 22 i
680 896 104 28 ärendet;
801 896 43 22 och
861 900 25 17 är

130 930 127 21 detsamma
275 930 148 22 fortfarande
438 930 118 22 beroende
570 932 30 27 pä
616 931 217 28 underhandlingar
848 931 38 21 för

130 964 153 22 anskaffande
299 964 26 22 af
338 964 98 29 lämplig
451 965 123 29 tomtplats
590 966 38 20 för
638 965 46 22 den
695 965 97 22 afsedda
802 965 84 21 musei-

129 998 148 30 byggnaden.

201 1035 33 19 22.
257 1033 42 22 Uti
317 1033 147 29 underdänig
480 1033 124 22 skrifvelse
620 1034 27 21 af
661 1034 45 21 den
726 1036 8 19 1
754 1034 59 22 Juni
832 1036 54 20 1894

129 1067 72 21 hafva
217 1067 131 22 Ständerna
363 1068 100 21 anhällit
479 1070 35 20 att
528 1068 67 22 Hans
610 1068 133 29 Kejserliga
757 1068 130 28 Majestät
875 1063 17 38 i

128 1101 73 22 nåder
208 1102 91 21 täcktes
308 1102 111 22 förordna
427 1110 37 14 om
472 1103 196 28 genomförandet
676 1102 210 28 afskattelindring

130 1137 36 21 för
181 1136 28 22 de
223 1136 191 29 jordlägenheter
424 1138 30 28 på
464 1133 80 26 Åland
554 1140 61 19 samt
625 1138 9 20 i
644 1138 118 28 egentliga
771 1137 115 21 Finlands

130 1171 150 29 kusttrakter,
297 1172 92 21 hvilkas
405 1172 143 29 grundskatt
563 1176 25 18 är
604 1172 103 29 oskäligt
722 1172 46 29 hög
779 1172 8 21 i
798 1172 88 21 förhål-

129 1205 69 22 lande
213 1206 38 21 till
266 1206 141 21 förändrade
423 1206 151 22 ekonomiska
589 1207 77 21 vilkor
682 1207 44 21 och
736 1207 150 21 hemmanens

129 1240 135 21 nuvarande
279 1240 186 29 inkomstkällor,
481 1243 61 20 samt
556 1241 97 28 nådigst
667 1241 77 22 tillåta
760 1243 35 20 att
810 1241 77 22 denna

129 1273 182 30 skattelindring
326 1275 68 28 finge,
410 1277 58 20 utan
483 1275 151 29 tillämpning
646 1276 26 21 af
682 1275 39 22 det
731 1276 37 21 för
779 1275 108 22 enskilda

129 1307 247 30 skatteförmedlingar
401 1309 113 29 stadgade
537 1310 154 29 förfarandet,
715 1310 171 28 åvägabringas

128 1343 31 28 på
177 1343 187 22 föranstaltande
383 1344 44 22 och
446 1344 61 22 efter
522 1344 177 30 undersökning
714 1345 26 21 af
753 1345 76 21 länets
844 1352 42 21 gu-

128 1380 91 26 vernör,
228 1378 70 22 hvars
309 1378 90 28 förslag
409 1378 8 21 i
428 1380 79 20 ämnet
517 1378 77 22 skulle
604 1379 156 22 underställas
771 1379 114 22 Senatens

128 1411 113 29 pröfning
257 1412 44 22 och
316 1412 136 28 afgörande.
