1095 1775
146 215 1 16 i
467 211 1 5 |
630 208 107 31 Utgifterna
841 230 4 3 N
918 212 96 22 Anslagen

146 235 1 4 |
482 230 58 17 derna
551 230 44 22 god-
646 247 4 4 E
695 249 3 3 ,
769 226 103 30 Besparing
987 247 4 3 a

466 249 1 3 |
506 258 50 18 känd
614 247 58 23 enligt
684 247 65 18 räken-|
767 265 4 3 .
901 246 129 19 öfverskridna

521 260 48 16 ända
766 270 6 12 i
784 264 94 22 anslagen.

504 277 70 36 anslag.
634 282 97 22 skaperna.
945 281 41 18 med

145 438 1 30 |
353 434 114 31 Transport:
485 430 22 43 =
521 453 20 2 —
584 453 19 2 j=(
658 437 91 32 850257]
803 453 20 2 —
866 453 20 2 =-|
946 453 22 2 —
1005 434 25 21 [—

145 470 1 25 |
159 475 37 17 Till
209 475 73 19 diverse
292 476 33 18 och
335 476 122 19 oförutsedda
580 496 1 3 i
723 478 2 21 |
1004 439 2 67 |

145 501 1 37 |
183 510 78 22 utgifter
274 511 83 22 (600,00
365 511 53 18 mark
427 511 30 18 för
580 500 1 31 |
723 509 2 39 |
1005 508 1 20 |
1033 511 2 30 |

182 544 43 18 hela
237 545 158 23 finansperioden)
520 557 22 2 —
580 546 24 13 —|
648 547 101 22 159,74278
802 557 21 2 —
946 557 22 2 —
1004 533 30 39 [|

381 586 76 18 Summa
522 598 21 2 —
647 572 108 42 244,768/53]
803 598 21 2 —
861 575 32 35 |
946 597 21 2 —
1008 598 21 2 —

175 114 25 20 10

569 115 42 21 XII

493 200 27 18 Af
531 200 55 18 Stän-

746 352 2 3 i
791 351 38 22 Imp
867 353 20 20 dl
929 351 39 22 Fm
1006 334 2 55 |

861 334 2 53 |

861 456 2 41 |

861 498 2 27 |

861 526 1 14 |

211 678 49 17 Anm.
274 678 14 18 I.
313 678 37 18 För
368 678 35 18 den
419 678 61 18 finska
493 678 103 18 militärens
610 678 137 23 ombeväpning
759 678 42 18 med
814 678 31 18 det
857 683 36 18 nya
906 679 10 17 3
928 678 64 18 liniers
1004 684 32 17 ge-

143 713 51 17 väret
212 712 20 18 af
249 713 42 17 1891
305 713 30 17 års
347 713 68 18 modell
428 714 35 17 har
475 714 29 17 för
516 714 125 17 innevarande
654 713 127 23 finansperiod
794 713 90 22 anslagits
898 718 22 12 en
933 718 71 12 summa
1017 713 19 17 af

143 747 89 21 1,600,000
245 747 58 21 mark,
316 752 41 13 men
371 747 58 18 under
441 748 22 17 är
476 748 44 17 1895
532 748 34 17 har
579 748 54 18 deraf
644 748 17 22 ej
674 748 57 22 tagits
744 746 58 24 nägot
813 748 6 17 i
832 746 88 24 anspräk.

211 783 48 16 Anm.
272 782 27 17 II.
322 782 37 17 Till
371 782 119 18 bestridande
503 782 20 18 af
534 782 128 18 kostnaderna
674 782 30 18 för
717 782 233 18 sanitetsförnödenheters
963 782 69 22 upplag

141 816 5 16 i
165 816 35 17 och
219 816 29 17 för
267 816 126 23 mobilisering
411 816 20 18 af
447 817 202 18 sanitetsformationer
667 817 6 17 i
691 817 81 22 krigstid
791 822 32 12 var
841 816 30 18 för
882 816 149 23 finansperioden

142 851 113 17 1892—1894
274 851 83 22 anslaget
375 852 74 21 300,000
467 852 58 17 mark.
549 851 64 18 Under
631 851 82 18 nämnda
725 851 65 23 period
804 850 117 18 utbetalades
933 850 29 18 för
974 851 58 23 sagda

141 884 85 18 ändamål
244 886 72 20 108,970
333 886 52 17 mark
398 886 22 17 99
433 887 61 20 penni.
521 886 61 17 Under
602 886 20 17 år
643 886 43 17 1895
699 886 35 17 har
752 885 63 18 derför
826 885 109 22 ytterligare
947 885 84 22 utgifvits

141 919 51 21 6,696
210 919 54 17 mark
284 921 20 16 17
321 920 62 21 penni,
402 920 76 17 hvilken
497 925 72 13 summa
584 920 6 17 i
603 920 153 23 räkenskaperna
769 920 29 17 för
811 919 20 18 är
845 920 44 17 1895
901 919 71 23 päförts
985 919 49 18 före-

141 953 80 18 nämnda
234 953 69 23 anslag,
317 959 41 13 men
371 955 6 17 i
390 955 60 18 denna
463 954 51 19 tablä
526 955 96 22 upptagits
634 955 60 18 under
705 955 55 18 titeln
772 955 87 22 ,Diverse
869 955 34 17 och
913 955 121 18 oförutsedda

140 987 72 18 behof".
236 989 83 17 Emedan
337 989 58 23 sagda
411 990 69 22 upplag
492 990 16 22 ej
523 991 21 16 är
555 989 28 18 till
596 989 47 18 fullo
657 989 112 22 anskaffadt,
782 989 37 18 kan
831 989 44 18 hela
887 989 104 18 kostnaden
1003 989 29 18 för

141 1021 106 19 ändamälet
259 1025 50 16 ännu
321 1023 41 18 icke
375 1024 104 22 uppgifvas.

210 1058 48 17 Anm.
272 1057 37 18 III.
334 1058 63 18 Under
414 1059 55 17 titeln
485 1059 87 21 ,Diverse
589 1059 35 17 och
637 1058 122 18 oförutsedda
771 1058 66 17 behof*
849 1058 6 17 i
869 1057 60 18 denna
942 1057 52 18 tablå
1006 1058 28 17 in-

140 1091 33 22 gär
188 1091 71 22 jemväl
278 1093 27 17 ett
322 1092 67 23 belopp
406 1093 21 17 af
441 1093 34 17 407
488 1093 54 18 mark
554 1093 10 17 3
577 1093 62 22 penni,
652 1098 38 12 som
705 1095 54 20 utgör
772 1092 213 23 anmärkningsprocent
997 1093 35 17 och

140 1126 126 18 förekommer
278 1127 6 16 i
298 1127 43 17 1895
353 1127 30 17 års
396 1127 127 22 räkenskaper
535 1127 57 18 bland
605 1127 94 18 ordinarie
713 1127 108 22 utgifterna.
