<?xml version="1.0" encoding="UTF-8"?>
<alto xmlns="http://www.loc.gov/standards/alto/ns-v3#" xmlns:xlink="http://www.w3.org/1999/xlink" xmlns:xsi="http://www.w3.org/2001/XMLSchema-instance" xsi:schemaLocation="http://www.loc.gov/standards/alto/ns-v3# http://www.loc.gov/alto/v3/alto-3-0.xsd">
	<Description>
		<MeasurementUnit>pixel</MeasurementUnit>
		<sourceImageInformation>
			<fileName>/tmp/tess_y4xyhtt4_input.PNG</fileName>
		</sourceImageInformation>
		<OCRProcessing ID="OCR_0">
			<ocrProcessingStep>
				<processingSoftware>
					<softwareName>tesseract 5.3.4</softwareName>
				</processingSoftware>
			</ocrProcessingStep>
		</OCRProcessing>
	</Description>
	<Layout>
		<Page WIDTH="1089" HEIGHT="1761" PHYSICAL_IMG_NR="0" ID="page_0">
			<PrintSpace HPOS="0" VPOS="0" WIDTH="1089" HEIGHT="1761">
				<ComposedBlock ID="cblock_0" HPOS="263" VPOS="110" WIDTH="359" HEIGHT="22">
					<TextBlock ID="block_0" HPOS="263" VPOS="110" WIDTH="359" HEIGHT="22">
						<TextLine ID="line_0" HPOS="263" VPOS="110" WIDTH="359" HEIGHT="22">
							<String ID="string_0" HPOS="263" VPOS="113" WIDTH="27" HEIGHT="19" WC="0.96" CONTENT="88"/><SP WIDTH="312" VPOS="113" HPOS="290"/>
							<String ID="string_1" HPOS="602" VPOS="110" WIDTH="20" HEIGHT="21" WC="0.42" CONTENT="U"/>
						</TextLine>
					</TextBlock>
				</ComposedBlock>
				<ComposedBlock ID="cblock_1" HPOS="224" VPOS="171" WIDTH="766" HEIGHT="1275">
					<TextBlock ID="block_1" HPOS="224" VPOS="171" WIDTH="766" HEIGHT="1275">
						<TextLine ID="line_1" HPOS="233" VPOS="171" WIDTH="756" HEIGHT="32">
							<String ID="string_2" HPOS="233" VPOS="174" WIDTH="59" HEIGHT="28" WC="0.93" CONTENT="ning"/><SP WIDTH="19" VPOS="174" HPOS="292"/>
							<String ID="string_3" HPOS="311" VPOS="174" WIDTH="87" HEIGHT="29" WC="0.86" CONTENT="jemväl"/><SP WIDTH="23" VPOS="174" HPOS="398"/>
							<String ID="string_4" HPOS="421" VPOS="175" WIDTH="37" HEIGHT="21" WC="0.93" CONTENT="för"/><SP WIDTH="16" VPOS="175" HPOS="458"/>
							<String ID="string_5" HPOS="474" VPOS="173" WIDTH="146" HEIGHT="23" WC="0.94" CONTENT="sistnämnda"/><SP WIDTH="15" VPOS="173" HPOS="620"/>
							<String ID="string_6" HPOS="635" VPOS="174" WIDTH="32" HEIGHT="26" WC="0.93" CONTENT="är,"/><SP WIDTH="17" VPOS="174" HPOS="667"/>
							<String ID="string_7" HPOS="684" VPOS="172" WIDTH="120" HEIGHT="22" WC="0.95" CONTENT="hvarefter"/><SP WIDTH="15" VPOS="172" HPOS="804"/>
							<String ID="string_8" HPOS="819" VPOS="171" WIDTH="170" HEIGHT="27" WC="0.96" CONTENT="häradsrätten,"/>
						</TextLine>
						<TextLine ID="line_2" HPOS="233" VPOS="211" WIDTH="755" HEIGHT="31">
							<String ID="string_9" HPOS="233" VPOS="213" WIDTH="53" HEIGHT="22" WC="0.93" CONTENT="med"/><SP WIDTH="15" VPOS="213" HPOS="286"/>
							<String ID="string_10" HPOS="301" VPOS="214" WIDTH="143" HEIGHT="28" WC="0.92" CONTENT="anteckning"/><SP WIDTH="15" VPOS="214" HPOS="444"/>
							<String ID="string_11" HPOS="459" VPOS="214" WIDTH="37" HEIGHT="22" WC="0.93" CONTENT="till"/><SP WIDTH="15" VPOS="214" HPOS="496"/>
							<String ID="string_12" HPOS="511" VPOS="213" WIDTH="144" HEIGHT="29" WC="0.93" CONTENT="protokollet"/><SP WIDTH="15" VPOS="213" HPOS="655"/>
							<String ID="string_13" HPOS="670" VPOS="215" WIDTH="35" HEIGHT="19" WC="0.93" CONTENT="att"/><SP WIDTH="16" VPOS="215" HPOS="705"/>
							<String ID="string_14" HPOS="721" VPOS="212" WIDTH="65" HEIGHT="21" WC="0.91" CONTENT="förut"/><SP WIDTH="15" VPOS="212" HPOS="786"/>
							<String ID="string_15" HPOS="801" VPOS="211" WIDTH="125" HEIGHT="21" WC="0.91" CONTENT="omordade"/><SP WIDTH="10" VPOS="211" HPOS="926"/>
							<String ID="string_16" HPOS="936" VPOS="212" WIDTH="52" HEIGHT="27" WC="0.88" CONTENT="mäl,"/>
						</TextLine>
						<TextLine ID="line_3" HPOS="234" VPOS="252" WIDTH="756" HEIGHT="32">
							<String ID="string_17" HPOS="234" VPOS="262" WIDTH="49" HEIGHT="14" WC="0.95" CONTENT="som"/><SP WIDTH="23" VPOS="262" HPOS="283"/>
							<String ID="string_18" HPOS="306" VPOS="255" WIDTH="74" HEIGHT="29" WC="0.93" CONTENT="enligt"/><SP WIDTH="23" VPOS="255" HPOS="380"/>
							<String ID="string_19" HPOS="403" VPOS="255" WIDTH="174" HEIGHT="28" WC="0.51" CONTENT="anteckningen"/><SP WIDTH="18" VPOS="255" HPOS="577"/>
							<String ID="string_20" HPOS="595" VPOS="253" WIDTH="148" HEIGHT="22" WC="0.96" CONTENT="innefattade"/><SP WIDTH="18" VPOS="253" HPOS="743"/>
							<String ID="string_21" HPOS="761" VPOS="253" WIDTH="87" HEIGHT="27" WC="0.96" CONTENT="klagan"/><SP WIDTH="16" VPOS="253" HPOS="848"/>
							<String ID="string_22" HPOS="864" VPOS="252" WIDTH="66" HEIGHT="22" WC="0.96" CONTENT="öfver"/><SP WIDTH="15" VPOS="252" HPOS="930"/>
							<String ID="string_23" HPOS="945" VPOS="252" WIDTH="45" HEIGHT="22" WC="0.96" CONTENT="den"/>
						</TextLine>
						<TextLine ID="line_4" HPOS="234" VPOS="292" WIDTH="755" HEIGHT="29">
							<String ID="string_24" HPOS="234" VPOS="294" WIDTH="26" HEIGHT="21" WC="0.93" CONTENT="af"/><SP WIDTH="13" VPOS="294" HPOS="260"/>
							<String ID="string_25" HPOS="273" VPOS="294" WIDTH="225" HEIGHT="23" WC="0.92" CONTENT="vicelandtmätaren"/><SP WIDTH="15" VPOS="294" HPOS="498"/>
							<String ID="string_26" HPOS="513" VPOS="295" WIDTH="26" HEIGHT="20" WC="0.93" CONTENT="E."/><SP WIDTH="16" VPOS="295" HPOS="539"/>
							<String ID="string_27" HPOS="555" VPOS="294" WIDTH="136" HEIGHT="21" WC="0.90" CONTENT="verkstälda"/><SP WIDTH="15" VPOS="294" HPOS="691"/>
							<String ID="string_28" HPOS="706" VPOS="292" WIDTH="283" HEIGHT="29" WC="0.92" CONTENT="rägängsförrättningen,"/>
						</TextLine>
						<TextLine ID="line_5" HPOS="233" VPOS="332" WIDTH="755" HEIGHT="30">
							<String ID="string_29" HPOS="233" VPOS="333" WIDTH="38" HEIGHT="22" WC="0.93" CONTENT="väl"/><SP WIDTH="24" VPOS="333" HPOS="271"/>
							<String ID="string_30" HPOS="295" VPOS="334" WIDTH="81" HEIGHT="22" WC="0.89" CONTENT="blifvit"/><SP WIDTH="23" VPOS="334" HPOS="376"/>
							<String ID="string_31" HPOS="399" VPOS="336" WIDTH="27" HEIGHT="20" WC="0.93" CONTENT="af"/><SP WIDTH="16" VPOS="336" HPOS="426"/>
							<String ID="string_32" HPOS="442" VPOS="335" WIDTH="162" HEIGHT="22" WC="0.92" CONTENT="häradsrätten"/><SP WIDTH="19" VPOS="335" HPOS="604"/>
							<String ID="string_33" HPOS="623" VPOS="333" WIDTH="112" HEIGHT="29" WC="0.92" CONTENT="afgjordt,"/><SP WIDTH="16" VPOS="333" HPOS="735"/>
							<String ID="string_34" HPOS="751" VPOS="340" WIDTH="52" HEIGHT="14" WC="0.96" CONTENT="men"/><SP WIDTH="17" VPOS="340" HPOS="803"/>
							<String ID="string_35" HPOS="820" VPOS="334" WIDTH="35" HEIGHT="19" WC="0.96" CONTENT="att"/><SP WIDTH="15" VPOS="334" HPOS="855"/>
							<String ID="string_36" HPOS="870" VPOS="332" WIDTH="73" HEIGHT="22" WC="0.96" CONTENT="Albin"/><SP WIDTH="15" VPOS="332" HPOS="943"/>
							<String ID="string_37" HPOS="958" VPOS="333" WIDTH="30" HEIGHT="21" WC="0.96" CONTENT="M."/>
						</TextLine>
						<TextLine ID="line_6" HPOS="233" VPOS="372" WIDTH="757" HEIGHT="31">
							<String ID="string_38" HPOS="233" VPOS="373" WIDTH="44" HEIGHT="22" WC="0.96" CONTENT="och"/><SP WIDTH="22" VPOS="373" HPOS="277"/>
							<String ID="string_39" HPOS="299" VPOS="374" WIDTH="59" HEIGHT="22" WC="0.93" CONTENT="hans"/><SP WIDTH="22" VPOS="374" HPOS="358"/>
							<String ID="string_40" HPOS="380" VPOS="375" WIDTH="132" HEIGHT="28" WC="0.89" CONTENT="medparter"/><SP WIDTH="22" VPOS="375" HPOS="512"/>
							<String ID="string_41" HPOS="534" VPOS="376" WIDTH="63" HEIGHT="19" WC="0.93" CONTENT="emot"/><SP WIDTH="22" VPOS="376" HPOS="597"/>
							<String ID="string_42" HPOS="619" VPOS="373" WIDTH="176" HEIGHT="22" WC="0.91" CONTENT="häradsrättens"/><SP WIDTH="23" VPOS="373" HPOS="795"/>
							<String ID="string_43" HPOS="818" VPOS="372" WIDTH="78" HEIGHT="29" WC="0.92" CONTENT="utslag"/><SP WIDTH="19" VPOS="372" HPOS="896"/>
							<String ID="string_44" HPOS="915" VPOS="373" WIDTH="75" HEIGHT="28" WC="0.92" CONTENT="erlagt"/>
						</TextLine>
						<TextLine ID="line_7" HPOS="232" VPOS="413" WIDTH="757" HEIGHT="30">
							<String ID="string_45" HPOS="232" VPOS="413" WIDTH="52" HEIGHT="28" WC="0.95" CONTENT="vad,"/><SP WIDTH="28" VPOS="413" HPOS="284"/>
							<String ID="string_46" HPOS="312" VPOS="422" WIDTH="84" HEIGHT="21" WC="0.96" CONTENT="genom"/><SP WIDTH="26" VPOS="422" HPOS="396"/>
							<String ID="string_47" HPOS="422" VPOS="415" WIDTH="45" HEIGHT="22" WC="0.96" CONTENT="den"/><SP WIDTH="29" VPOS="415" HPOS="467"/>
							<String ID="string_48" HPOS="496" VPOS="417" WIDTH="23" HEIGHT="20" WC="0.96" CONTENT="17"/><SP WIDTH="29" VPOS="417" HPOS="519"/>
							<String ID="string_49" HPOS="548" VPOS="414" WIDTH="136" HEIGHT="29" WC="0.96" CONTENT="September"/><SP WIDTH="29" VPOS="414" HPOS="684"/>
							<String ID="string_50" HPOS="713" VPOS="416" WIDTH="52" HEIGHT="19" WC="0.93" CONTENT="1891"/><SP WIDTH="28" VPOS="416" HPOS="765"/>
							<String ID="string_51" HPOS="793" VPOS="413" WIDTH="95" HEIGHT="28" WC="0.92" CONTENT="afsagdt"/><SP WIDTH="24" VPOS="413" HPOS="888"/>
							<String ID="string_52" HPOS="912" VPOS="413" WIDTH="77" HEIGHT="22" WC="0.87" CONTENT="beslut"/>
						</TextLine>
						<TextLine ID="line_8" HPOS="233" VPOS="453" WIDTH="755" HEIGHT="30">
							<String ID="string_53" HPOS="233" VPOS="455" WIDTH="38" HEIGHT="20" WC="0.93" CONTENT="för"/><SP WIDTH="23" VPOS="455" HPOS="271"/>
							<String ID="string_54" HPOS="294" VPOS="455" WIDTH="119" HEIGHT="22" WC="0.91" CONTENT="bristande"/><SP WIDTH="20" VPOS="455" HPOS="413"/>
							<String ID="string_55" HPOS="433" VPOS="455" WIDTH="126" HEIGHT="28" WC="0.93" CONTENT="utredning"/><SP WIDTH="22" VPOS="455" HPOS="559"/>
							<String ID="string_56" HPOS="581" VPOS="455" WIDTH="103" HEIGHT="28" WC="0.92" CONTENT="uppsköt"/><SP WIDTH="15" VPOS="455" HPOS="684"/>
							<String ID="string_57" HPOS="699" VPOS="462" WIDTH="31" HEIGHT="13" WC="0.93" CONTENT="nu"/><SP WIDTH="16" VPOS="462" HPOS="730"/>
							<String ID="string_58" HPOS="746" VPOS="453" WIDTH="181" HEIGHT="29" WC="0.92" CONTENT="ifrägavarande"/><SP WIDTH="15" VPOS="453" HPOS="927"/>
							<String ID="string_59" HPOS="942" VPOS="453" WIDTH="46" HEIGHT="22" WC="0.91" CONTENT="mäl"/>
						</TextLine>
						<TextLine ID="line_9" HPOS="233" VPOS="494" WIDTH="756" HEIGHT="31">
							<String ID="string_60" HPOS="233" VPOS="495" WIDTH="37" HEIGHT="22" WC="0.93" CONTENT="till"/><SP WIDTH="22" VPOS="495" HPOS="270"/>
							<String ID="string_61" HPOS="292" VPOS="496" WIDTH="136" HEIGHT="29" WC="0.91" CONTENT="päföljande"/><SP WIDTH="24" VPOS="496" HPOS="428"/>
							<String ID="string_62" HPOS="452" VPOS="496" WIDTH="136" HEIGHT="28" WC="0.91" CONTENT="vinterting,"/><SP WIDTH="24" VPOS="496" HPOS="588"/>
							<String ID="string_63" HPOS="612" VPOS="495" WIDTH="29" HEIGHT="22" WC="0.96" CONTENT="dä"/><SP WIDTH="23" VPOS="495" HPOS="641"/>
							<String ID="string_64" HPOS="664" VPOS="495" WIDTH="74" HEIGHT="22" WC="0.96" CONTENT="Albin"/><SP WIDTH="17" VPOS="495" HPOS="738"/>
							<String ID="string_65" HPOS="755" VPOS="496" WIDTH="28" HEIGHT="21" WC="0.96" CONTENT="A."/><SP WIDTH="19" VPOS="496" HPOS="783"/>
							<String ID="string_66" HPOS="802" VPOS="495" WIDTH="71" HEIGHT="21" WC="0.96" CONTENT="borde"/><SP WIDTH="17" VPOS="495" HPOS="873"/>
							<String ID="string_67" HPOS="890" VPOS="494" WIDTH="99" HEIGHT="21" WC="0.96" CONTENT="medelst"/>
						</TextLine>
						<TextLine ID="line_10" HPOS="232" VPOS="535" WIDTH="756" HEIGHT="30">
							<String ID="string_68" HPOS="232" VPOS="535" WIDTH="110" HEIGHT="29" WC="0.93" CONTENT="behörigt"/><SP WIDTH="22" VPOS="535" HPOS="342"/>
							<String ID="string_69" HPOS="364" VPOS="536" WIDTH="133" HEIGHT="22" WC="0.92" CONTENT="diariibevis"/><SP WIDTH="24" VPOS="536" HPOS="497"/>
							<String ID="string_70" HPOS="521" VPOS="536" WIDTH="81" HEIGHT="29" WC="0.92" CONTENT="styrka"/><SP WIDTH="19" VPOS="536" HPOS="602"/>
							<String ID="string_71" HPOS="621" VPOS="538" WIDTH="36" HEIGHT="19" WC="0.93" CONTENT="att"/><SP WIDTH="21" VPOS="538" HPOS="657"/>
							<String ID="string_72" HPOS="678" VPOS="535" WIDTH="154" HEIGHT="22" WC="0.92" CONTENT="förenämnda"/><SP WIDTH="15" VPOS="535" HPOS="832"/>
							<String ID="string_73" HPOS="847" VPOS="535" WIDTH="46" HEIGHT="21" WC="0.93" CONTENT="vad"/><SP WIDTH="16" VPOS="535" HPOS="893"/>
							<String ID="string_74" HPOS="909" VPOS="535" WIDTH="79" HEIGHT="21" WC="0.90" CONTENT="blifvit"/>
						</TextLine>
						<TextLine ID="line_11" HPOS="232" VPOS="574" WIDTH="755" HEIGHT="30">
							<String ID="string_75" HPOS="232" VPOS="575" WIDTH="7" HEIGHT="20" WC="0.93" CONTENT="i"/><SP WIDTH="16" VPOS="575" HPOS="239"/>
							<String ID="string_76" HPOS="255" VPOS="574" WIDTH="121" HEIGHT="23" WC="0.92" CONTENT="hofrätten"/><SP WIDTH="16" VPOS="574" HPOS="376"/>
							<String ID="string_77" HPOS="392" VPOS="575" WIDTH="118" HEIGHT="29" WC="0.75" CONTENT="fullföljdt"/><SP WIDTH="16" VPOS="575" HPOS="510"/>
							<String ID="string_78" HPOS="526" VPOS="575" WIDTH="43" HEIGHT="21" WC="0.96" CONTENT="och"/><SP WIDTH="16" VPOS="575" HPOS="569"/>
							<String ID="string_79" HPOS="585" VPOS="578" WIDTH="36" HEIGHT="19" WC="0.93" CONTENT="att"/><SP WIDTH="15" VPOS="578" HPOS="621"/>
							<String ID="string_80" HPOS="636" VPOS="575" WIDTH="72" HEIGHT="21" WC="0.96" CONTENT="målet"/><SP WIDTH="15" VPOS="575" HPOS="708"/>
							<String ID="string_81" HPOS="723" VPOS="579" WIDTH="63" HEIGHT="17" WC="0.91" CONTENT="ännu"/><SP WIDTH="16" VPOS="579" HPOS="786"/>
							<String ID="string_82" HPOS="802" VPOS="575" WIDTH="102" HEIGHT="21" WC="0.96" CONTENT="berodde"/><SP WIDTH="10" VPOS="575" HPOS="904"/>
							<String ID="string_83" HPOS="914" VPOS="576" WIDTH="30" HEIGHT="27" WC="0.93" CONTENT="pä"/><SP WIDTH="10" VPOS="576" HPOS="944"/>
							<String ID="string_84" HPOS="954" VPOS="576" WIDTH="33" HEIGHT="20" WC="0.89" CONTENT="ät-"/>
						</TextLine>
						<TextLine ID="line_12" HPOS="231" VPOS="614" WIDTH="758" HEIGHT="29">
							<String ID="string_85" HPOS="231" VPOS="615" WIDTH="65" HEIGHT="28" WC="0.90" CONTENT="gärd."/><SP WIDTH="31" VPOS="615" HPOS="296"/>
							<String ID="string_86" HPOS="327" VPOS="616" WIDTH="116" HEIGHT="27" WC="0.92" CONTENT="Derefter,"/><SP WIDTH="24" VPOS="616" HPOS="443"/>
							<String ID="string_87" HPOS="467" VPOS="615" WIDTH="29" HEIGHT="22" WC="0.92" CONTENT="dä"/><SP WIDTH="22" VPOS="615" HPOS="496"/>
							<String ID="string_88" HPOS="518" VPOS="615" WIDTH="71" HEIGHT="22" WC="0.92" CONTENT="mälet"/><SP WIDTH="22" VPOS="615" HPOS="589"/>
							<String ID="string_89" HPOS="611" VPOS="615" WIDTH="41" HEIGHT="21" WC="0.93" CONTENT="vid"/><SP WIDTH="16" VPOS="615" HPOS="652"/>
							<String ID="string_90" HPOS="668" VPOS="615" WIDTH="73" HEIGHT="28" WC="0.92" CONTENT="sagda"/><SP WIDTH="16" VPOS="615" HPOS="741"/>
							<String ID="string_91" HPOS="757" VPOS="614" WIDTH="232" HEIGHT="29" WC="0.91" CONTENT="rättegängstillfälle"/>
						</TextLine>
						<TextLine ID="line_13" HPOS="231" VPOS="655" WIDTH="757" HEIGHT="29">
							<String ID="string_92" HPOS="231" VPOS="655" WIDTH="38" HEIGHT="21" WC="0.93" CONTENT="till"/><SP WIDTH="22" VPOS="655" HPOS="269"/>
							<String ID="string_93" HPOS="291" VPOS="656" WIDTH="97" HEIGHT="21" WC="0.91" CONTENT="fortsatt"/><SP WIDTH="23" VPOS="656" HPOS="388"/>
							<String ID="string_94" HPOS="411" VPOS="656" WIDTH="144" HEIGHT="28" WC="0.93" CONTENT="behandling"/><SP WIDTH="22" VPOS="656" HPOS="555"/>
							<String ID="string_95" HPOS="577" VPOS="656" WIDTH="105" HEIGHT="27" WC="0.92" CONTENT="företogs"/><SP WIDTH="23" VPOS="656" HPOS="682"/>
							<String ID="string_96" HPOS="705" VPOS="655" WIDTH="44" HEIGHT="21" WC="0.96" CONTENT="och"/><SP WIDTH="23" VPOS="655" HPOS="749"/>
							<String ID="string_97" HPOS="772" VPOS="655" WIDTH="71" HEIGHT="22" WC="0.96" CONTENT="sedan"/><SP WIDTH="23" VPOS="655" HPOS="843"/>
							<String ID="string_98" HPOS="866" VPOS="655" WIDTH="72" HEIGHT="21" WC="0.96" CONTENT="Albin"/><SP WIDTH="23" VPOS="655" HPOS="938"/>
							<String ID="string_99" HPOS="961" VPOS="656" WIDTH="27" HEIGHT="20" WC="0.97" CONTENT="A."/>
						</TextLine>
						<TextLine ID="line_14" HPOS="232" VPOS="696" WIDTH="756" HEIGHT="28">
							<String ID="string_100" HPOS="232" VPOS="697" WIDTH="98" HEIGHT="20" WC="0.92" CONTENT="företett"/><SP WIDTH="22" VPOS="697" HPOS="330"/>
							<String ID="string_101" HPOS="352" VPOS="696" WIDTH="40" HEIGHT="22" WC="0.93" CONTENT="det"/><SP WIDTH="23" VPOS="696" HPOS="392"/>
							<String ID="string_102" HPOS="415" VPOS="696" WIDTH="85" HEIGHT="22" WC="0.92" CONTENT="äskade"/><SP WIDTH="19" VPOS="696" HPOS="500"/>
							<String ID="string_103" HPOS="519" VPOS="696" WIDTH="166" HEIGHT="27" WC="0.90" CONTENT="diariibeviset,"/><SP WIDTH="24" VPOS="696" HPOS="685"/>
							<String ID="string_104" HPOS="709" VPOS="696" WIDTH="102" HEIGHT="28" WC="0.92" CONTENT="uppsköt"/><SP WIDTH="14" VPOS="696" HPOS="811"/>
							<String ID="string_105" HPOS="825" VPOS="696" WIDTH="163" HEIGHT="21" WC="0.92" CONTENT="häradsrätten"/>
						</TextLine>
						<TextLine ID="line_15" HPOS="230" VPOS="736" WIDTH="758" HEIGHT="29">
							<String ID="string_106" HPOS="230" VPOS="736" WIDTH="139" HEIGHT="29" WC="0.96" CONTENT="ytterligare"/><SP WIDTH="21" VPOS="736" HPOS="369"/>
							<String ID="string_107" HPOS="390" VPOS="738" WIDTH="36" HEIGHT="20" WC="0.93" CONTENT="för"/><SP WIDTH="16" VPOS="738" HPOS="426"/>
							<String ID="string_108" HPOS="442" VPOS="737" WIDTH="121" HEIGHT="21" WC="0.90" CONTENT="bristande"/><SP WIDTH="15" VPOS="737" HPOS="563"/>
							<String ID="string_109" HPOS="578" VPOS="737" WIDTH="128" HEIGHT="27" WC="0.93" CONTENT="utredning"/><SP WIDTH="15" VPOS="737" HPOS="706"/>
							<String ID="string_110" HPOS="721" VPOS="736" WIDTH="84" HEIGHT="22" WC="0.92" CONTENT="mälets"/><SP WIDTH="15" VPOS="736" HPOS="805"/>
							<String ID="string_111" HPOS="820" VPOS="736" WIDTH="80" HEIGHT="22" WC="0.93" CONTENT="vidare"/><SP WIDTH="15" VPOS="736" HPOS="900"/>
							<String ID="string_112" HPOS="915" VPOS="736" WIDTH="73" HEIGHT="22" WC="0.92" CONTENT="hand-"/>
						</TextLine>
						<TextLine ID="line_16" HPOS="230" VPOS="777" WIDTH="758" HEIGHT="28">
							<String ID="string_113" HPOS="230" VPOS="777" WIDTH="116" HEIGHT="28" WC="0.95" CONTENT="läggning"/><SP WIDTH="23" VPOS="777" HPOS="346"/>
							<String ID="string_114" HPOS="369" VPOS="777" WIDTH="37" HEIGHT="22" WC="0.96" CONTENT="till"/><SP WIDTH="25" VPOS="777" HPOS="406"/>
							<String ID="string_115" HPOS="431" VPOS="780" WIDTH="53" HEIGHT="19" WC="0.93" CONTENT="1892"/><SP WIDTH="23" VPOS="780" HPOS="484"/>
							<String ID="string_116" HPOS="507" VPOS="779" WIDTH="37" HEIGHT="20" WC="0.91" CONTENT="års"/><SP WIDTH="23" VPOS="779" HPOS="544"/>
							<String ID="string_117" HPOS="567" VPOS="777" WIDTH="113" HEIGHT="28" WC="0.91" CONTENT="höstting,"/><SP WIDTH="24" VPOS="777" HPOS="680"/>
							<String ID="string_118" HPOS="704" VPOS="777" WIDTH="29" HEIGHT="22" WC="0.96" CONTENT="dä"/><SP WIDTH="16" VPOS="777" HPOS="733"/>
							<String ID="string_119" HPOS="749" VPOS="777" WIDTH="71" HEIGHT="21" WC="0.96" CONTENT="Albin"/><SP WIDTH="17" VPOS="777" HPOS="820"/>
							<String ID="string_120" HPOS="837" VPOS="777" WIDTH="27" HEIGHT="21" WC="0.93" CONTENT="A."/><SP WIDTH="17" VPOS="777" HPOS="864"/>
							<String ID="string_121" HPOS="881" VPOS="777" WIDTH="58" HEIGHT="28" WC="0.92" CONTENT="egde"/><SP WIDTH="15" VPOS="777" HPOS="939"/>
							<String ID="string_122" HPOS="954" VPOS="777" WIDTH="34" HEIGHT="21" WC="0.92" CONTENT="in-"/>
						</TextLine>
						<TextLine ID="line_17" HPOS="230" VPOS="816" WIDTH="756" HEIGHT="30">
							<String ID="string_123" HPOS="230" VPOS="816" WIDTH="79" HEIGHT="21" WC="0.91" CONTENT="lemna"/><SP WIDTH="24" VPOS="816" HPOS="309"/>
							<String ID="string_124" HPOS="333" VPOS="817" WIDTH="134" HEIGHT="22" WC="0.91" CONTENT="hofrättens"/><SP WIDTH="26" VPOS="817" HPOS="467"/>
							<String ID="string_125" HPOS="493" VPOS="817" WIDTH="54" HEIGHT="22" WC="0.92" CONTENT="dom"/><SP WIDTH="24" VPOS="817" HPOS="547"/>
							<String ID="string_126" HPOS="571" VPOS="817" WIDTH="35" HEIGHT="21" WC="0.90" CONTENT="uti"/><SP WIDTH="25" VPOS="817" HPOS="606"/>
							<String ID="string_127" HPOS="631" VPOS="817" WIDTH="155" HEIGHT="22" WC="0.92" CONTENT="förenämnda"/><SP WIDTH="25" VPOS="817" HPOS="786"/>
							<String ID="string_128" HPOS="811" VPOS="817" WIDTH="99" HEIGHT="29" WC="0.92" CONTENT="vädjade"/><SP WIDTH="24" VPOS="817" HPOS="910"/>
							<String ID="string_129" HPOS="934" VPOS="817" WIDTH="52" HEIGHT="22" WC="0.87" CONTENT="mäl."/>
						</TextLine>
						<TextLine ID="line_18" HPOS="230" VPOS="856" WIDTH="758" HEIGHT="30">
							<String ID="string_130" HPOS="230" VPOS="856" WIDTH="47" HEIGHT="21" WC="0.92" CONTENT="Vid"/><SP WIDTH="23" VPOS="856" HPOS="277"/>
							<String ID="string_131" HPOS="300" VPOS="857" WIDTH="146" HEIGHT="22" WC="0.92" CONTENT="sistnämnda"/><SP WIDTH="22" VPOS="857" HPOS="446"/>
							<String ID="string_132" HPOS="468" VPOS="858" WIDTH="57" HEIGHT="28" WC="0.93" CONTENT="ting,"/><SP WIDTH="17" VPOS="858" HPOS="525"/>
							<String ID="string_133" HPOS="542" VPOS="857" WIDTH="99" HEIGHT="22" WC="0.93" CONTENT="hvarvid"/><SP WIDTH="16" VPOS="857" HPOS="641"/>
							<String ID="string_134" HPOS="657" VPOS="857" WIDTH="73" HEIGHT="22" WC="0.96" CONTENT="Albin"/><SP WIDTH="15" VPOS="857" HPOS="730"/>
							<String ID="string_135" HPOS="745" VPOS="859" WIDTH="28" HEIGHT="20" WC="0.93" CONTENT="A."/><SP WIDTH="16" VPOS="859" HPOS="773"/>
							<String ID="string_136" HPOS="789" VPOS="857" WIDTH="83" HEIGHT="29" WC="0.91" CONTENT="gjorde"/><SP WIDTH="16" VPOS="857" HPOS="872"/>
							<String ID="string_137" HPOS="888" VPOS="858" WIDTH="100" HEIGHT="28" WC="0.92" CONTENT="anspräk"/>
						</TextLine>
						<TextLine ID="line_19" HPOS="230" VPOS="896" WIDTH="758" HEIGHT="30">
							<String ID="string_138" HPOS="230" VPOS="896" WIDTH="30" HEIGHT="28" WC="0.96" CONTENT="pä"/><SP WIDTH="23" VPOS="896" HPOS="260"/>
							<String ID="string_139" HPOS="283" VPOS="896" WIDTH="131" HEIGHT="28" WC="0.93" CONTENT="ersättning"/><SP WIDTH="20" VPOS="896" HPOS="414"/>
							<String ID="string_140" HPOS="434" VPOS="897" WIDTH="88" HEIGHT="28" WC="0.92" CONTENT="jemväl"/><SP WIDTH="20" VPOS="897" HPOS="522"/>
							<String ID="string_141" HPOS="542" VPOS="897" WIDTH="37" HEIGHT="21" WC="0.96" CONTENT="för"/><SP WIDTH="15" VPOS="897" HPOS="579"/>
							<String ID="string_142" HPOS="594" VPOS="897" WIDTH="45" HEIGHT="21" WC="0.96" CONTENT="den"/><SP WIDTH="16" VPOS="897" HPOS="639"/>
							<String ID="string_143" HPOS="655" VPOS="897" WIDTH="75" HEIGHT="21" WC="0.96" CONTENT="under"/><SP WIDTH="15" VPOS="897" HPOS="730"/>
							<String ID="string_144" HPOS="745" VPOS="898" WIDTH="26" HEIGHT="20" WC="0.96" CONTENT="är"/><SP WIDTH="18" VPOS="898" HPOS="771"/>
							<String ID="string_145" HPOS="789" VPOS="899" WIDTH="52" HEIGHT="19" WC="0.93" CONTENT="1892"/><SP WIDTH="17" VPOS="899" HPOS="841"/>
							<String ID="string_146" HPOS="858" VPOS="898" WIDTH="52" HEIGHT="21" WC="0.93" CONTENT="frän"/><SP WIDTH="14" VPOS="898" HPOS="910"/>
							<String ID="string_147" HPOS="924" VPOS="897" WIDTH="64" HEIGHT="29" WC="0.91" CONTENT="jord-"/>
						</TextLine>
						<TextLine ID="line_20" HPOS="230" VPOS="936" WIDTH="758" HEIGHT="30">
							<String ID="string_148" HPOS="230" VPOS="936" WIDTH="92" HEIGHT="28" WC="0.92" CONTENT="stycket"/><SP WIDTH="16" VPOS="936" HPOS="322"/>
							<String ID="string_149" HPOS="338" VPOS="936" WIDTH="75" HEIGHT="22" WC="0.92" CONTENT="fallna"/><SP WIDTH="16" VPOS="936" HPOS="413"/>
							<String ID="string_150" HPOS="429" VPOS="936" WIDTH="138" HEIGHT="28" WC="0.92" CONTENT="afkomsten,"/><SP WIDTH="16" VPOS="936" HPOS="567"/>
							<String ID="string_151" HPOS="583" VPOS="937" WIDTH="62" HEIGHT="21" WC="0.92" CONTENT="utlät"/><SP WIDTH="16" VPOS="937" HPOS="645"/>
							<String ID="string_152" HPOS="661" VPOS="937" WIDTH="35" HEIGHT="29" WC="0.93" CONTENT="sig"/><SP WIDTH="15" VPOS="937" HPOS="696"/>
							<String ID="string_153" HPOS="711" VPOS="937" WIDTH="164" HEIGHT="21" WC="0.92" CONTENT="häradsrätten"/><SP WIDTH="15" VPOS="937" HPOS="875"/>
							<String ID="string_154" HPOS="890" VPOS="938" WIDTH="98" HEIGHT="21" WC="0.96" CONTENT="medelst"/>
						</TextLine>
						<TextLine ID="line_21" HPOS="230" VPOS="976" WIDTH="758" HEIGHT="30">
							<String ID="string_155" HPOS="230" VPOS="976" WIDTH="45" HEIGHT="22" WC="0.96" CONTENT="den"/><SP WIDTH="17" VPOS="976" HPOS="275"/>
							<String ID="string_156" HPOS="292" VPOS="978" WIDTH="26" HEIGHT="20" WC="0.96" CONTENT="30"/><SP WIDTH="17" VPOS="978" HPOS="318"/>
							<String ID="string_157" HPOS="335" VPOS="976" WIDTH="137" HEIGHT="29" WC="0.93" CONTENT="September"/><SP WIDTH="15" VPOS="976" HPOS="472"/>
							<String ID="string_158" HPOS="487" VPOS="977" WIDTH="73" HEIGHT="29" WC="0.90" CONTENT="sagda"/><SP WIDTH="16" VPOS="977" HPOS="560"/>
							<String ID="string_159" HPOS="576" VPOS="978" WIDTH="25" HEIGHT="20" WC="0.93" CONTENT="är"/><SP WIDTH="15" VPOS="978" HPOS="601"/>
							<String ID="string_160" HPOS="616" VPOS="977" WIDTH="135" HEIGHT="21" WC="0.92" CONTENT="afkunnadt"/><SP WIDTH="15" VPOS="977" HPOS="751"/>
							<String ID="string_161" HPOS="766" VPOS="978" WIDTH="77" HEIGHT="27" WC="0.92" CONTENT="utslag"/><SP WIDTH="15" VPOS="978" HPOS="843"/>
							<String ID="string_162" HPOS="858" VPOS="980" WIDTH="34" HEIGHT="19" WC="0.93" CONTENT="att"/><SP WIDTH="11" VPOS="980" HPOS="892"/>
							<String ID="string_163" HPOS="903" VPOS="980" WIDTH="85" HEIGHT="26" WC="0.93" CONTENT="nyttan"/>
						</TextLine>
						<TextLine ID="line_22" HPOS="230" VPOS="1016" WIDTH="755" HEIGHT="30">
							<String ID="string_164" HPOS="230" VPOS="1016" WIDTH="26" HEIGHT="21" WC="0.90" CONTENT="af"/><SP WIDTH="21" VPOS="1016" HPOS="256"/>
							<String ID="string_165" HPOS="277" VPOS="1016" WIDTH="183" HEIGHT="28" WC="0.93" CONTENT="ifrågavarande"/><SP WIDTH="20" VPOS="1016" HPOS="460"/>
							<String ID="string_166" HPOS="480" VPOS="1017" WIDTH="136" HEIGHT="29" WC="0.78" CONTENT="jordstycke"/><SP WIDTH="22" VPOS="1017" HPOS="616"/>
							<String ID="string_167" HPOS="638" VPOS="1018" WIDTH="75" HEIGHT="21" WC="0.93" CONTENT="under"/><SP WIDTH="23" VPOS="1018" HPOS="713"/>
							<String ID="string_168" HPOS="736" VPOS="1018" WIDTH="146" HEIGHT="28" WC="0.92" CONTENT="ofvansagda"/><SP WIDTH="15" VPOS="1018" HPOS="882"/>
							<String ID="string_169" HPOS="897" VPOS="1018" WIDTH="35" HEIGHT="21" WC="0.96" CONTENT="tid"/><SP WIDTH="15" VPOS="1018" HPOS="932"/>
							<String ID="string_170" HPOS="947" VPOS="1018" WIDTH="38" HEIGHT="21" WC="0.96" CONTENT="väl"/>
						</TextLine>
						<TextLine ID="line_23" HPOS="229" VPOS="1056" WIDTH="756" HEIGHT="30">
							<String ID="string_171" HPOS="229" VPOS="1056" WIDTH="99" HEIGHT="22" WC="0.96" CONTENT="kommit"/><SP WIDTH="23" VPOS="1056" HPOS="328"/>
							<String ID="string_172" HPOS="351" VPOS="1057" WIDTH="75" HEIGHT="22" WC="0.96" CONTENT="Albin"/><SP WIDTH="22" VPOS="1057" HPOS="426"/>
							<String ID="string_173" HPOS="448" VPOS="1058" WIDTH="29" HEIGHT="22" WC="0.96" CONTENT="M."/><SP WIDTH="26" VPOS="1058" HPOS="477"/>
							<String ID="string_174" HPOS="503" VPOS="1058" WIDTH="43" HEIGHT="21" WC="0.96" CONTENT="och"/><SP WIDTH="23" VPOS="1058" HPOS="546"/>
							<String ID="string_175" HPOS="569" VPOS="1058" WIDTH="58" HEIGHT="21" WC="0.92" CONTENT="hans"/><SP WIDTH="24" VPOS="1058" HPOS="627"/>
							<String ID="string_176" HPOS="651" VPOS="1058" WIDTH="132" HEIGHT="28" WC="0.91" CONTENT="medparter"/><SP WIDTH="23" VPOS="1058" HPOS="783"/>
							<String ID="string_177" HPOS="806" VPOS="1058" WIDTH="104" HEIGHT="28" WC="0.96" CONTENT="tillgodo,"/><SP WIDTH="24" VPOS="1058" HPOS="910"/>
							<String ID="string_178" HPOS="934" VPOS="1065" WIDTH="51" HEIGHT="14" WC="0.96" CONTENT="men"/>
						</TextLine>
						<TextLine ID="line_24" HPOS="229" VPOS="1096" WIDTH="757" HEIGHT="30">
							<String ID="string_179" HPOS="229" VPOS="1096" WIDTH="151" HEIGHT="22" WC="0.91" CONTENT="alldenstund"/><SP WIDTH="16" VPOS="1096" HPOS="380"/>
							<String ID="string_180" HPOS="396" VPOS="1097" WIDTH="40" HEIGHT="21" WC="0.93" CONTENT="det"/><SP WIDTH="14" VPOS="1097" HPOS="436"/>
							<String ID="string_181" HPOS="450" VPOS="1098" WIDTH="53" HEIGHT="21" WC="0.92" CONTENT="icke"/><SP WIDTH="15" VPOS="1098" HPOS="503"/>
							<String ID="string_182" HPOS="518" VPOS="1097" WIDTH="81" HEIGHT="22" WC="0.92" CONTENT="blifvit"/><SP WIDTH="16" VPOS="1097" HPOS="599"/>
							<String ID="string_183" HPOS="615" VPOS="1098" WIDTH="77" HEIGHT="28" WC="0.92" CONTENT="styrkt"/><SP WIDTH="11" VPOS="1098" HPOS="692"/>
							<String ID="string_184" HPOS="703" VPOS="1100" WIDTH="35" HEIGHT="19" WC="0.96" CONTENT="att"/><SP WIDTH="10" VPOS="1100" HPOS="738"/>
							<String ID="string_185" HPOS="748" VPOS="1097" WIDTH="73" HEIGHT="21" WC="0.96" CONTENT="Albin"/><SP WIDTH="11" VPOS="1097" HPOS="821"/>
							<String ID="string_186" HPOS="832" VPOS="1098" WIDTH="30" HEIGHT="20" WC="0.95" CONTENT="M."/><SP WIDTH="12" VPOS="1098" HPOS="862"/>
							<String ID="string_187" HPOS="874" VPOS="1098" WIDTH="43" HEIGHT="21" WC="0.95" CONTENT="och"/><SP WIDTH="10" VPOS="1098" HPOS="917"/>
							<String ID="string_188" HPOS="927" VPOS="1098" WIDTH="59" HEIGHT="21" WC="0.96" CONTENT="hans"/>
						</TextLine>
						<TextLine ID="line_25" HPOS="228" VPOS="1136" WIDTH="758" HEIGHT="30">
							<String ID="string_189" HPOS="228" VPOS="1136" WIDTH="134" HEIGHT="28" WC="0.91" CONTENT="medparter"/><SP WIDTH="19" VPOS="1136" HPOS="362"/>
							<String ID="string_190" HPOS="381" VPOS="1138" WIDTH="63" HEIGHT="21" WC="0.93" CONTENT="varit"/><SP WIDTH="15" VPOS="1138" HPOS="444"/>
							<String ID="string_191" HPOS="459" VPOS="1138" WIDTH="98" HEIGHT="21" WC="0.91" CONTENT="orsaken"/><SP WIDTH="16" VPOS="1138" HPOS="557"/>
							<String ID="string_192" HPOS="573" VPOS="1138" WIDTH="78" HEIGHT="21" WC="0.91" CONTENT="dertill"/><SP WIDTH="17" VPOS="1138" HPOS="651"/>
							<String ID="string_193" HPOS="668" VPOS="1140" WIDTH="35" HEIGHT="19" WC="0.93" CONTENT="att"/><SP WIDTH="18" VPOS="1140" HPOS="703"/>
							<String ID="string_194" HPOS="721" VPOS="1138" WIDTH="154" HEIGHT="21" WC="0.92" CONTENT="förenämnda"/><SP WIDTH="17" VPOS="1138" HPOS="875"/>
							<String ID="string_195" HPOS="892" VPOS="1138" WIDTH="94" HEIGHT="28" WC="0.92" CONTENT="hägnad"/>
						</TextLine>
						<TextLine ID="line_26" HPOS="228" VPOS="1176" WIDTH="759" HEIGHT="30">
							<String ID="string_196" HPOS="228" VPOS="1176" WIDTH="52" HEIGHT="21" WC="0.90" CONTENT="icke"/><SP WIDTH="22" VPOS="1176" HPOS="280"/>
							<String ID="string_197" HPOS="302" VPOS="1177" WIDTH="109" HEIGHT="28" WC="0.92" CONTENT="uppförts"/><SP WIDTH="23" VPOS="1177" HPOS="411"/>
							<String ID="string_198" HPOS="434" VPOS="1178" WIDTH="67" HEIGHT="28" WC="0.92" CONTENT="längs"/><SP WIDTH="23" VPOS="1178" HPOS="501"/>
							<String ID="string_199" HPOS="524" VPOS="1179" WIDTH="43" HEIGHT="20" WC="0.95" CONTENT="rän"/><SP WIDTH="22" VPOS="1179" HPOS="567"/>
							<String ID="string_200" HPOS="589" VPOS="1180" WIDTH="61" HEIGHT="19" WC="0.96" CONTENT="samt"/><SP WIDTH="23" VPOS="1180" HPOS="650"/>
							<String ID="string_201" HPOS="673" VPOS="1178" WIDTH="39" HEIGHT="21" WC="0.96" CONTENT="det"/><SP WIDTH="15" VPOS="1178" HPOS="712"/>
							<String ID="string_202" HPOS="727" VPOS="1178" WIDTH="61" HEIGHT="21" WC="0.96" CONTENT="först"/><SP WIDTH="14" VPOS="1178" HPOS="788"/>
							<String ID="string_203" HPOS="802" VPOS="1185" WIDTH="85" HEIGHT="20" WC="0.93" CONTENT="genom"/><SP WIDTH="15" VPOS="1185" HPOS="887"/>
							<String ID="string_204" HPOS="902" VPOS="1178" WIDTH="85" HEIGHT="21" WC="0.92" CONTENT="omför-"/>
						</TextLine>
						<TextLine ID="line_27" HPOS="228" VPOS="1216" WIDTH="759" HEIGHT="30">
							<String ID="string_205" HPOS="228" VPOS="1216" WIDTH="78" HEIGHT="22" WC="0.92" CONTENT="mälda"/><SP WIDTH="22" VPOS="1216" HPOS="306"/>
							<String ID="string_206" HPOS="328" VPOS="1218" WIDTH="249" HEIGHT="28" WC="0.92" CONTENT="rägängsförrättning"/><SP WIDTH="22" VPOS="1218" HPOS="577"/>
							<String ID="string_207" HPOS="599" VPOS="1220" WIDTH="92" HEIGHT="19" WC="0.92" CONTENT="utrönts"/><SP WIDTH="21" VPOS="1220" HPOS="691"/>
							<String ID="string_208" HPOS="712" VPOS="1220" WIDTH="35" HEIGHT="19" WC="0.93" CONTENT="att"/><SP WIDTH="15" VPOS="1220" HPOS="747"/>
							<String ID="string_209" HPOS="762" VPOS="1217" WIDTH="149" HEIGHT="22" WC="0.92" CONTENT="merberörda"/><SP WIDTH="13" VPOS="1217" HPOS="911"/>
							<String ID="string_210" HPOS="924" VPOS="1217" WIDTH="63" HEIGHT="28" WC="0.91" CONTENT="jord-"/>
						</TextLine>
						<TextLine ID="line_28" HPOS="228" VPOS="1257" WIDTH="757" HEIGHT="29">
							<String ID="string_211" HPOS="228" VPOS="1257" WIDTH="82" HEIGHT="28" WC="0.91" CONTENT="stycke"/><SP WIDTH="16" VPOS="1257" HPOS="310"/>
							<String ID="string_212" HPOS="326" VPOS="1257" WIDTH="111" HEIGHT="22" WC="0.91" CONTENT="tillhörde"/><SP WIDTH="15" VPOS="1257" HPOS="437"/>
							<String ID="string_213" HPOS="452" VPOS="1258" WIDTH="73" HEIGHT="21" WC="0.93" CONTENT="Albin"/><SP WIDTH="15" VPOS="1258" HPOS="525"/>
							<String ID="string_214" HPOS="540" VPOS="1259" WIDTH="35" HEIGHT="27" WC="0.90" CONTENT="A.,"/><SP WIDTH="17" VPOS="1259" HPOS="575"/>
							<String ID="string_215" HPOS="592" VPOS="1258" WIDTH="154" HEIGHT="27" WC="0.92" CONTENT="fördenskull,"/><SP WIDTH="17" VPOS="1258" HPOS="746"/>
							<String ID="string_216" HPOS="763" VPOS="1257" WIDTH="44" HEIGHT="22" WC="0.96" CONTENT="och"/><SP WIDTH="16" VPOS="1257" HPOS="807"/>
							<String ID="string_217" HPOS="823" VPOS="1257" WIDTH="29" HEIGHT="22" WC="0.96" CONTENT="dä"/><SP WIDTH="15" VPOS="1257" HPOS="852"/>
							<String ID="string_218" HPOS="867" VPOS="1257" WIDTH="73" HEIGHT="22" WC="0.96" CONTENT="Albin"/><SP WIDTH="15" VPOS="1257" HPOS="940"/>
							<String ID="string_219" HPOS="955" VPOS="1258" WIDTH="30" HEIGHT="20" WC="0.96" CONTENT="M."/>
						</TextLine>
						<TextLine ID="line_29" HPOS="228" VPOS="1296" WIDTH="759" HEIGHT="30">
							<String ID="string_220" HPOS="228" VPOS="1296" WIDTH="45" HEIGHT="22" WC="0.96" CONTENT="och"/><SP WIDTH="23" VPOS="1296" HPOS="273"/>
							<String ID="string_221" HPOS="296" VPOS="1297" WIDTH="58" HEIGHT="21" WC="0.93" CONTENT="hans"/><SP WIDTH="24" VPOS="1297" HPOS="354"/>
							<String ID="string_222" HPOS="378" VPOS="1297" WIDTH="133" HEIGHT="29" WC="0.92" CONTENT="medparter"/><SP WIDTH="22" VPOS="1297" HPOS="511"/>
							<String ID="string_223" HPOS="533" VPOS="1298" WIDTH="100" HEIGHT="21" WC="0.95" CONTENT="sålunda"/><SP WIDTH="14" VPOS="1298" HPOS="633"/>
							<String ID="string_224" HPOS="647" VPOS="1300" WIDTH="9" HEIGHT="19" WC="0.56" CONTENT="i"/><SP WIDTH="15" VPOS="1300" HPOS="656"/>
							<String ID="string_225" HPOS="671" VPOS="1298" WIDTH="47" HEIGHT="28" WC="0.93" CONTENT="god"/><SP WIDTH="15" VPOS="1298" HPOS="718"/>
							<String ID="string_226" HPOS="733" VPOS="1300" WIDTH="37" HEIGHT="19" WC="0.93" CONTENT="tro"/><SP WIDTH="16" VPOS="1300" HPOS="770"/>
							<String ID="string_227" HPOS="786" VPOS="1297" WIDTH="99" HEIGHT="22" WC="0.92" CONTENT="besuttit"/><SP WIDTH="15" VPOS="1297" HPOS="885"/>
							<String ID="string_228" HPOS="900" VPOS="1304" WIDTH="87" HEIGHT="15" WC="0.96" CONTENT="samma"/>
						</TextLine>
						<TextLine ID="line_30" HPOS="224" VPOS="1336" WIDTH="762" HEIGHT="29">
							<String ID="string_229" HPOS="224" VPOS="1336" WIDTH="144" HEIGHT="29" WC="0.92" CONTENT="jordstycke,"/><SP WIDTH="24" VPOS="1336" HPOS="368"/>
							<String ID="string_230" HPOS="392" VPOS="1337" WIDTH="136" HEIGHT="22" WC="0.91" CONTENT="förkastade"/><SP WIDTH="22" VPOS="1337" HPOS="528"/>
							<String ID="string_231" HPOS="550" VPOS="1337" WIDTH="165" HEIGHT="22" WC="0.92" CONTENT="häradsrätten"/><SP WIDTH="22" VPOS="1337" HPOS="715"/>
							<String ID="string_232" HPOS="737" VPOS="1337" WIDTH="74" HEIGHT="22" WC="0.92" CONTENT="Albin"/><SP WIDTH="22" VPOS="1337" HPOS="811"/>
							<String ID="string_233" HPOS="833" VPOS="1339" WIDTH="41" HEIGHT="19" WC="0.92" CONTENT="A:s"/><SP WIDTH="22" VPOS="1339" HPOS="874"/>
							<String ID="string_234" HPOS="896" VPOS="1337" WIDTH="64" HEIGHT="22" WC="0.93" CONTENT="talan"/><SP WIDTH="19" VPOS="1337" HPOS="960"/>
							<String ID="string_235" HPOS="979" VPOS="1337" WIDTH="7" HEIGHT="21" WC="0.96" CONTENT="i"/>
						</TextLine>
						<TextLine ID="line_31" HPOS="226" VPOS="1376" WIDTH="760" HEIGHT="30">
							<String ID="string_236" HPOS="226" VPOS="1376" WIDTH="55" HEIGHT="21" WC="0.96" CONTENT="hela"/><SP WIDTH="15" VPOS="1376" HPOS="281"/>
							<String ID="string_237" HPOS="296" VPOS="1376" WIDTH="52" HEIGHT="22" WC="0.96" CONTENT="dess"/><SP WIDTH="15" VPOS="1376" HPOS="348"/>
							<String ID="string_238" HPOS="363" VPOS="1377" WIDTH="50" HEIGHT="28" WC="0.93" CONTENT="vid;"/><SP WIDTH="17" VPOS="1377" HPOS="413"/>
							<String ID="string_239" HPOS="430" VPOS="1378" WIDTH="56" HEIGHT="21" WC="0.91" CONTENT="derä"/><SP WIDTH="14" VPOS="1378" HPOS="486"/>
							<String ID="string_240" HPOS="500" VPOS="1378" WIDTH="112" HEIGHT="28" WC="0.92" CONTENT="Wiborgs"/><SP WIDTH="16" VPOS="1378" HPOS="612"/>
							<String ID="string_241" HPOS="628" VPOS="1378" WIDTH="97" HEIGHT="27" WC="0.92" CONTENT="hofrätt,"/><SP WIDTH="17" VPOS="1378" HPOS="725"/>
							<String ID="string_242" HPOS="742" VPOS="1377" WIDTH="36" HEIGHT="22" WC="0.96" CONTENT="dit"/><SP WIDTH="15" VPOS="1377" HPOS="778"/>
							<String ID="string_243" HPOS="793" VPOS="1377" WIDTH="73" HEIGHT="22" WC="0.96" CONTENT="Albin"/><SP WIDTH="15" VPOS="1377" HPOS="866"/>
							<String ID="string_244" HPOS="881" VPOS="1378" WIDTH="27" HEIGHT="20" WC="0.92" CONTENT="A."/><SP WIDTH="17" VPOS="1378" HPOS="908"/>
							<String ID="string_245" HPOS="925" VPOS="1377" WIDTH="8" HEIGHT="21" WC="0.92" CONTENT="i"/><SP WIDTH="15" VPOS="1377" HPOS="933"/>
							<String ID="string_246" HPOS="948" VPOS="1377" WIDTH="38" HEIGHT="21" WC="0.93" CONTENT="be-"/>
						</TextLine>
						<TextLine ID="line_32" HPOS="226" VPOS="1417" WIDTH="761" HEIGHT="29">
							<String ID="string_247" HPOS="226" VPOS="1420" WIDTH="113" HEIGHT="25" WC="0.92" CONTENT="svärsväg"/><SP WIDTH="23" VPOS="1420" HPOS="339"/>
							<String ID="string_248" HPOS="362" VPOS="1417" WIDTH="80" HEIGHT="29" WC="0.92" CONTENT="dragit"/><SP WIDTH="22" VPOS="1417" HPOS="442"/>
							<String ID="string_249" HPOS="464" VPOS="1419" WIDTH="76" HEIGHT="27" WC="0.92" CONTENT="mälet,"/><SP WIDTH="20" VPOS="1419" HPOS="540"/>
							<String ID="string_250" HPOS="560" VPOS="1419" WIDTH="35" HEIGHT="21" WC="0.93" CONTENT="uti"/><SP WIDTH="16" VPOS="1419" HPOS="595"/>
							<String ID="string_251" HPOS="611" VPOS="1419" WIDTH="45" HEIGHT="21" WC="0.96" CONTENT="den"/><SP WIDTH="19" VPOS="1419" HPOS="656"/>
							<String ID="string_252" HPOS="675" VPOS="1421" WIDTH="24" HEIGHT="19" WC="0.96" CONTENT="16"/><SP WIDTH="16" VPOS="1421" HPOS="699"/>
							<String ID="string_253" HPOS="715" VPOS="1419" WIDTH="58" HEIGHT="21" WC="0.96" CONTENT="Juni"/><SP WIDTH="18" VPOS="1419" HPOS="773"/>
							<String ID="string_254" HPOS="791" VPOS="1420" WIDTH="53" HEIGHT="19" WC="0.93" CONTENT="1893"/><SP WIDTH="16" VPOS="1420" HPOS="844"/>
							<String ID="string_255" HPOS="860" VPOS="1418" WIDTH="76" HEIGHT="27" WC="0.92" CONTENT="gifvet"/><SP WIDTH="15" VPOS="1418" HPOS="936"/>
							<String ID="string_256" HPOS="951" VPOS="1420" WIDTH="36" HEIGHT="18" WC="0.92" CONTENT="ut-"/>
						</TextLine>
					</TextBlock>
				</ComposedBlock>
			</PrintSpace>
		</Page>
	</Layout>
</alto>
