1095 1756
205 145 12 21 8
495 147 30 22 U.
540 146 29 23 B.
586 159 27 4 —
629 147 105 21 XXXIV.

204 210 134 26 kassörerna,
347 211 153 21 bokhällarena
516 211 42 20 och
573 212 141 26 registratorn
729 211 43 21 rätt
785 210 32 22 till
827 209 135 22 arvodesför-

204 244 89 28 höjning
314 245 55 21 efter
391 247 58 19 vissa
468 247 34 19 års
517 245 110 27 oförvitlig
641 245 72 26 tjänst,
730 245 67 21 under
813 245 37 21 det
866 248 31 18 att
913 251 49 14 ena-

204 279 72 21 handa
291 279 83 21 förmån
388 279 48 22 icke
451 279 129 22 tillkommer
591 279 191 21 ombudsmannen.
803 275 13 35 1
812 279 86 21 likhet
912 279 50 20 med

204 313 195 28 Bankfullmäktige
421 314 66 21 finner
509 314 116 21 Utskottet
648 314 62 21 detta
733 314 116 27 undantag,
866 314 50 20 med
931 313 30 21 af-

204 348 81 21 seende
301 349 12 20 å
328 348 37 21 det
381 349 125 26 betydande
516 355 84 18 ansvar,
617 355 47 14 som
676 348 82 27 åligger
771 348 189 25 ombudsmannen,

203 381 49 22 icke
258 383 130 20 motiveradt
397 383 42 20 och
446 383 36 20 vill
497 383 59 26 förty
570 382 85 26 föreslå,
665 386 33 18 att
707 383 184 20 ombudsmannen
907 382 54 21 efter

203 416 44 21 fem
262 417 42 20 och
319 418 31 20 tio
366 418 33 20 års
411 417 109 27 oförvitlig
535 417 66 27 tjänst
616 417 87 20 komme
718 418 6 19 i
739 417 125 26 åtnjutande
879 416 26 21 af
911 423 49 14 ena-

203 451 72 20 handa
288 451 221 28 arvodesförhöjning,
520 459 47 13 som
576 451 130 22 tillkommer
714 451 69 28 öfriga
793 451 107 21 ordinarie
908 451 52 27 tjän-

203 485 85 21 stemän
303 486 37 20 vid
355 485 189 22 hufvudkontoret.

66 516 130 35 Bankkommis-
273 519 115 22 Utskottet
403 520 38 21 har
456 520 67 21 likaså
538 520 19 27 ej
572 520 81 21 kunnat
666 520 55 21 finna
734 521 67 26 något
813 519 92 22 hållbart
915 526 45 14 mo-

97 550 76 17 sarierna.
201 554 32 20 tiv
248 553 33 21 för
301 554 198 21 kommissariernas
522 555 36 20 vid
581 555 228 26 afdelningskontoren
824 554 135 21 uteslutande

202 587 46 21 frän
270 595 52 20 nyss
344 588 92 21 berörda
456 589 89 25 förmän,
565 589 57 21 hälst
637 589 125 20 densamma
778 588 67 27 enligt
860 588 99 27 gällande

202 625 44 18 stat
268 623 128 20 tillkommer
418 623 67 21 andra
500 623 129 26 tjänstemän
644 623 36 21 vid
696 623 163 27 ifrägavarande
874 623 84 25 kontor,

201 656 108 27 nämligen
324 657 135 21 kassörerna.
474 657 34 21 Då
524 657 105 27 därjämte
642 657 101 21 cheferna
756 657 31 21 för
798 657 161 21 landsortskon-

201 693 63 18 toren
280 693 7 18 i
302 691 116 22 allmänhet
433 692 47 21 icke
496 692 64 21 hafva
575 692 66 21 utsikt
656 692 32 21 till
702 692 75 21 vidare
786 691 121 26 befordran,
917 691 42 21 och

202 725 42 21 den
259 725 145 28 uppfattning,
421 727 72 20 säsom
508 727 38 20 det
561 733 64 20 synes
641 726 122 25 Utskottet,
772 726 50 21 med
837 726 52 25 skäl,
903 726 56 27 gjort

202 761 33 26 sig
257 759 41 21 hos
320 760 194 28 Bankfullmäktige
536 761 107 27 gällande,
664 764 33 18 att
716 761 64 20 dessa
795 760 164 22 kontorschefer

201 794 43 20 lika
269 794 47 22 litet
339 802 47 14 som
408 795 148 21 ledamöterna
571 797 7 19 i
592 796 97 20 bankens
710 795 115 21 Direktion
847 795 68 21 borde
935 802 23 14 ur

201 828 216 22 diskretionsmedlen
442 830 79 20 erhälla
546 830 142 21 lönetillskott
707 831 3 19 i
725 830 67 20 andra
814 830 36 20 fall
872 830 27 20 än
921 830 37 20 vid

200 862 102 28 flyttning
323 864 46 21 frän
391 868 31 17 ett
444 864 79 21 kontor
538 864 32 21 till
585 868 31 18 ett
631 868 72 22 annat,
719 864 39 21 har
773 864 115 21 Utskottet
903 871 55 20 upp-

200 898 56 26 tagit
278 898 152 21 Direktionens
451 898 85 28 förslag,
560 902 32 18 att
607 898 164 28 ifrägavarande
785 898 173 26 arvodesförhöj-

199 933 76 26 ningar
289 932 67 21 skulle
370 932 87 22 komma
470 933 80 27 jämväl
565 933 244 21 bankkommissarierna
823 933 32 21 till
870 933 66 27 godo.

69 968 122 17 Sekreteraren.
270 966 194 28 Bankfullmäktige
483 968 63 20 hafva
569 968 33 20 för
616 969 32 19 sin
664 968 36 20 del
714 967 48 21 icke
778 967 127 21 understödt
920 968 37 20 Di-

200 1000 124 22 rektionens
346 1001 80 28 förslag
449 1002 112 27 angäende
580 1001 57 21 ökad
653 1002 94 26 aflöning
762 1002 33 20 för
809 1002 148 21 sekreteraren

199 1036 6 20 i
221 1035 91 26 banken,
329 1036 42 20 och
386 1036 38 21 har
439 1036 115 22 Utskottet
568 1036 86 22 anslutit
664 1038 34 25 sig
708 1037 31 21 till
751 1036 206 27 Bankfullmäktiges

199 1069 145 28 uppfattning,
371 1070 57 22 hälst
452 1072 138 26 meningarna
612 1078 36 14 om
666 1071 161 27 behöfligheten
850 1071 25 21 af
889 1071 67 27 sagda

198 1103 172 29 löneförhöjning
385 1106 58 19 inom
458 1105 141 21 Direktionen
614 1107 55 19 varit
684 1106 85 20 delade.

75 1134 108 36 Vaktmästa-
269 1138 79 21 Likasä
369 1139 38 20 har
422 1139 116 21 Utskottet
552 1140 84 20 förenat
651 1141 34 26 sig
700 1147 36 13 om
751 1140 205 27 Bankfullmäktiges

109 1172 46 12 rena.
198 1171 63 26 åsikt,
283 1176 32 17 att
332 1172 184 22 löneförmänerna
536 1174 66 27 enligt
620 1177 43 18 stat
679 1174 32 20 för
727 1174 42 21 den
784 1176 6 18 i
805 1174 96 20 bankens
917 1174 39 20 hus

197 1206 259 27 bosatte;vaktmästaren
464 1208 35 20 vid
507 1208 184 21 hufvudkontoret
699 1208 48 21 icke
755 1208 68 21 borde
831 1208 66 26 höjas,
907 1215 49 14 men

198 1240 59 21 dock
279 1244 71 18 ansett
371 1242 42 20 den
437 1242 124 28 förändring
578 1242 26 21 af
614 1242 166 28 bestämningen
795 1250 35 14 om
846 1243 109 20 desamma

197 1274 109 27 päkallad,
329 1279 33 17 att
384 1276 43 20 den
448 1276 55 21 fasta
519 1276 64 22 lönen
598 1276 33 21 för
645 1277 162 21 vaktmästaren
823 1278 6 20 i
845 1277 65 27 fräga,
927 1278 29 26 pä

196 1309 71 26 grund
287 1309 25 21 af
329 1309 87 21 hvilken
441 1312 119 25 pensionen
574 1311 113 25 beräknas,
703 1311 73 21 blefve
791 1311 42 21 lika
848 1314 45 18 stor
909 1318 47 14 som

197 1342 65 21 lönen
277 1343 33 21 för
325 1344 27 20 de
368 1344 49 21 bäst
432 1344 99 21 aflönade
546 1345 176 21 vaktmästarena
737 1346 37 20 vid
791 1345 96 21 bankens
901 1345 54 21 kon-

196 1379 35 18 tor
247 1378 6 19 i
268 1377 130 27 landsorten,
415 1379 20 20 d.
451 1386 20 14 v.
487 1386 17 14 s.
523 1384 61 20 1,000
599 1379 66 26 mark,
681 1380 114 20 hvaremot
810 1380 53 20 hans
875 1380 81 20 arvode

196 1410 70 22 borde
277 1412 95 27 undergä
384 1420 26 13 en
421 1414 152 20 motsvarande
583 1413 122 28 minskning
715 1414 43 21 och
768 1414 88 21 sälunda
869 1413 86 22 komme

196 1448 33 18 att
244 1445 118 22 fastställas
377 1447 31 20 till
424 1453 42 15 200
479 1447 67 22 mark.

266 1491 144 18 Bankutskottets
422 1492 109 19 betänkande
544 1494 38 17 N:o
594 1495 17 16 4.
