1092 1770
357 139 30 23 U.
402 139 29 22 B.
446 153 28 2 —
489 140 183 21 I11-XXXIIL
867 142 26 20 15

205 202 92 28 Sjunde
313 203 180 22 hufvudtiteln.
508 203 44 22 För
568 203 26 22 de
610 204 68 21 under
688 204 69 21 denna
772 205 46 20 titel
841 212 54 21 upp-

134 239 64 26 tagna
217 237 151 22 statsändamäl
385 237 100 28 utgäfvos
500 238 93 28 följande
608 238 79 29 belopp
702 239 67 21 under
783 239 111 28 periodens

134 271 58 21 olika
207 271 32 21 är:

283 323 23 21 är
321 325 54 20 1892
391 324 62 21 Fmk.
468 325 118 26 4,720,316:
602 326 26 20 37

289 367 9 10 »
323 359 53 20 1893
423 368 10 10 »
467 360 117 25 4,898,083:
600 360 28 20 42

289 401 9 10 »
323 393 54 20 1894
423 402 9 10 »
468 394 116 25 5,013,120:
602 394 26 20 22

291 436 8 10 »
324 427 54 20 1895
425 436 9 10 »
469 428 117 26 5,172,619;
602 429 26 19 47
646 427 134 28 (summarisk
794 427 101 28 räkning),

136 500 82 22 hvilket
225 502 81 20 utvisar
313 508 26 14 en
347 502 94 28 stegring
449 509 45 13 som
502 502 178 28 hufvudsakligen
688 502 96 28 betingas
793 502 22 21 af
821 502 75 21 under-

136 535 207 27 visningsväsendets
353 535 132 21 fortfarande
498 536 128 28 utveckling.
640 536 36 21 De
688 538 78 19 största
778 536 116 22 tillskotten

136 569 90 21 hänföra
235 570 32 28 sig
278 570 33 20 till
323 570 152 26 universitetet,
505 570 42 21 Fmk.
556 571 82 25 89,340:
647 572 33 25 52,
690 570 206 22 elementarlärover-

137 604 47 26 ken,
196 604 61 21 Fmk.
269 604 81 26 70,961:
362 605 27 20 99
401 608 54 17 samt
465 604 210 28 döfstumsskolorna,
683 605 34 21 för
723 605 73 21 hvilka
801 605 96 28 anslaget

136 638 24 21 är
172 639 54 20 1892
239 647 38 13 var
291 638 74 21 endast
376 638 61 22 Fmk.
449 640 83 26 82,821:
545 640 33 25 66,
588 647 55 19 men,
653 639 29 29 pä
688 639 69 29 grund
765 639 23 22 af
796 639 99 28 vidtagen

137 673 104 28 väsentlig
250 673 126 28 utvidgning
387 673 40 21 och
441 673 163 28 omgestaltning
614 673 23 22 af
644 674 63 21 dessa
714 674 152 25 läroanstalter,
873 673 24 21 är

138 707 55 21 1895
204 707 107 28 stegrades
319 707 32 21 till
362 711 31 17 ett
404 707 79 29 belopp
493 708 23 21 af
524 708 60 21 Fmk.
594 709 96 26 193,702:
699 709 33 20 30.
747 708 108 28 Anslagen
863 707 34 21 för

137 741 131 22 blindskolor
289 741 65 22 hafva
374 742 78 28 jämväl
467 742 62 21 ökats
544 742 48 21 från
607 742 61 21 Fmk.
684 743 82 26 57,987:
783 743 26 20 58
825 742 34 21 för
873 741 24 21 är

138 777 55 20 1892
215 776 32 21 till
265 775 61 22 Fmk.
343 777 80 26 75,311:
443 777 28 20 34
486 776 34 21 för
535 776 23 21 är
575 777 61 20 1895.
666 776 152 22 Understöden
833 776 22 21 ät
870 776 26 21 de

138 811 85 28 privata
240 810 122 21 läroverken
380 810 66 22 hafva
461 810 47 21 från
523 811 62 20 Fmk.
600 811 97 26 301,658:
706 812 24 20 01
742 811 23 20 är
775 811 54 21 1892
838 811 59 27 stigit

138 845 34 20 till
193 844 62 22 Fmk.
275 846 97 26 413,093:
394 846 27 20 32
443 845 23 21 år
485 846 61 20 1895.
575 845 77 22 Under
666 845 50 21 åren
733 845 111 21 1889—92
860 852 37 13 var

138 879 151 28 utgiftsposten
304 879 34 21 för
350 879 253 29 folkskoleinspektionen
610 879 101 28 temligen
719 879 104 26 konstant,
832 878 65 22 omkr.

139 913 61 21 Fmk.
216 914 83 26 32,000,
316 921 47 13 men
381 916 47 25 steg
443 913 24 21 är
487 914 61 26 1893,
562 913 29 21 dä
605 913 48 29 fyra
667 921 42 21 nya
723 913 174 29 inspektörstjän-

140 950 43 18 ster
197 948 122 25 inrättades,
333 948 33 20 till
386 947 62 21 Fmk.
472 948 76 26 38,333
568 948 40 20 och
631 948 82 28 uppgär
728 948 34 20 för
776 948 50 20 ären
843 948 54 20 1894

140 982 40 21 och
198 983 54 20 1895
267 982 34 21 till
315 982 62 21 Fmk.
392 983 84 26 48,000:
491 996 34 7 —.

209 1020 105 30 Åttonde
329 1027 178 23 hufvudtiteln.
538 1027 53 21 Med
606 1026 160 22 bortlämnande
782 1026 22 22 af
819 1026 27 21 de
861 1034 37 12 un-

140 1062 38 21 der
202 1062 68 21 denna
295 1062 48 21 titel
365 1062 34 20 för
421 1062 24 20 år
468 1062 56 21 1894
544 1061 106 21 bokförda
681 1061 95 21 »diverse
806 1060 93 28 anslag»,

139 1096 125 29 uppgäende
285 1096 33 21 till
337 1096 62 21 Fmk.
421 1097 84 25 28,374:
528 1097 33 25 55,
577 1096 88 20 erhälles
680 1095 35 21 för
728 1095 112 29 periodens
855 1096 43 19 sär-

140 1131 70 21 skilda
225 1130 23 21 är
262 1130 94 28 följande
371 1130 49 21 med
435 1130 121 22 hvarandra
569 1130 130 28 jämförbara
713 1130 39 20 tal:

515 1201 50 17 1892.
671 1201 49 17 1893.
826 1200 50 18 1894.

141 1238 142 26 Öfverstyrelsen
295 1242 28 18 för
331 1242 120 17 landtmäteri-

188 1271 22 22 et,
227 1266 12 31 —
245 1270 205 23 justeringskommissio-

188 1305 35 12 nen
239 1300 32 17 och
283 1294 170 32 landtmäteristaten
466 1294 126 32 Fmk.284,095:
600 1299 20 17 11
640 1294 8 32 =
652 1298 109 23 286,594:60
790 1298 109 23 =284,932:56

141 1327 34 18 För
191 1327 102 23 jordbruket
305 1327 33 18 och
350 1328 40 17 dess
402 1327 49 18 binä-

189 1357 59 22 ringar
273 1370 5 4 .
303 1370 4 4 .
332 1370 3 3 .
361 1370 3 3 .
389 1369 4 4 «
484 1363 8 8 »
512 1355 110 22 862,330:29
651 1355 109 22 817,083:56
790 1355 108 18 705,023:91

142 1385 44 19 Ref-
195 1379 26 33 och
215 1385 237 23 skattläggninskostnader
484 1392 7 8 —»
513 1384 108 22 529,928:67
652 1384 108 21 353,787:27
791 1383 108 23 640,575:73

349 1419 72 18 Summa
433 1419 50 18 Fmk.
497 1419 95 23 1,676,354:
600 1419 22 18 07
635 1419 126 23 1,457,415:
744 1413 18 34 43
774 1417 126 24 1,630,532:
880 1413 24 34 20

213 1478 140 18 Statsutskotteis
365 1477 113 17 betänkande
489 1476 35 18 N:o
536 1477 18 17 2.
