1098 1748
139 448 37 24 II.
211 446 317 34 Bankfullmäktiges
547 446 278 34 framställningar

374 487 60 26 och
453 487 129 33 förslag.

101 551 18 20 1.
151 550 15 21 I
178 550 82 28 frägan
276 557 35 14 om
326 550 99 21 revision
439 550 29 27 af
475 550 200 27 bestämningarna
687 550 95 20 rörande
793 549 63 21 Ban-

157 585 51 21 kens
223 584 233 28 sedelutgifningsrätt
473 585 38 21 och
527 585 47 21 dess
590 584 126 21 metalliska
731 584 70 21 kassa.

170 642 36 21 Uti
221 648 25 14 en
261 641 32 21 till
308 641 193 28 Bankfullmäktige
517 642 79 21 afläten
610 641 108 22 skrifvelse
733 641 31 22 för
778 642 39 21 den
831 642 25 21 31

102 676 40 27 Maj
155 676 54 21 1894
219 676 61 21 hafva
291 677 70 20 senast
372 676 127 21 församlade
512 676 97 25 Ständer,
621 676 49 21 med
681 676 113 27 anledning
805 676 22 21 af
833 676 24 21 de

102 711 77 26 förslag
195 711 32 21 till
241 711 146 26 förändringar
403 711 6 20 i
425 711 121 26 grunderna
557 711 32 20 för
599 711 101 20 Finlands
711 711 70 20 Banks
793 711 66 20 sedel-

102 745 157 27 utgifningsrätt
274 745 107 21 äfvensom
395 745 8 20 i
418 745 188 27 bestämningarna
622 745 88 21 rörande
727 745 47 21 dess
785 745 73 21 metal-

102 779 52 22 liska
169 780 66 25 kassa,
251 784 47 17 som'
309 779 57 22 inom
382 779 164 22 Bankutskottet
561 779 117 21 framstälts
694 779 37 21 och
745 786 34 14 om
789 779 70 21 hvilka

103 815 94 20 närmare
212 814 131 21 omförmäles
359 814 6 20 i
381 814 99 21 bemälda
495 814 96 21 Utskotts
606 814 131 21 betänkande
753 813 106 27 angäende

103 849 46 27 nytt
164 849 125 27 reglemente
305 849 38 20 och
351 855 28 21 ny
389 849 43 20 stat
443 848 32 21 för
488 849 94 24 Banken,
593 848 100 21 anmodat
703 848 157 21 Bankfullmäk-

102 883 42 27 tige
164 884 36 25 att,
220 883 51 21 efter
289 883 203 21 Bankdirektionens
510 883 100 27 hörande,
626 883 33 21 till
674 884 186 20 nästsammanträ-

103 917 67 21 dande
189 917 88 22 Ständer
296 917 89 21 aflemna
401 918 98 26 yttrande
515 918 7 20 i
539 919 71 19 ämnet
626 917 38 21 och
680 917 77 27 förslag
772 917 32 21 till
819 917 40 21 den

103 951 78 27 åtgärd,
197 952 137 26 Fullmäktige
349 952 72 20 kunna
435 952 58 21 finna
508 952 104 27 påkallad.

171 986 41 21 Det
229 986 55 21 förra
299 986 23 21 af
335 986 61 21 dessa
412 986 79 27 förslag
507 986 93 26 innebar,
618 986 66 27 enligt
698 986 55 21 hvad
767 986 98 21 Bankut-

104 1021 77 21 skottet
199 1020 70 22 derom
288 1020 94 27 angifvit,
402 1022 32 20 att
453 1021 33 21 till
505 1021 87 21 valutan
611 1020 33 22 för
663 1020 163 28 sedelutgifning
844 1020 17 27 ej

104 1055 68 21 vidare
192 1055 65 21 skulle
275 1055 76 21 räknas
366 1055 67 21 andra
449 1056 137 26 obligationer
602 1056 27 20 än
645 1055 78 21 sådana
738 1055 25 27 på
779 1054 84 22 utländ-

104 1090 36 20 ska
154 1090 70 20 börser
239 1090 136 26 regelbundet
390 1090 139 21 förhandlade
540 1090 66 21 första
616 1090 94 21 klassens
723 1090 138 26 statspapper,

102 1124 69 20 hvilka
191 1125 37 20 när
246 1131 45 15 som
305 1124 56 21 helst
377 1124 72 21 kunna
465 1124 61 22 äfven
541 1124 33 21 till
590 1125 66 20 större
672 1124 73 27 belopp
760 1124 52 20 utan
828 1124 34 20 vä-

101 1158 75 27 sentlig
195 1158 124 22 kursförlust
337 1158 122 22 förvandlas
480 1159 32 21 till
531 1158 176 28 guldfordringar,
726 1158 109 21 hvaremot
851 1158 12 20 å

100 1192 65 21 andra
188 1193 58 21 sidan
266 1193 43 21 icke
329 1193 71 21 vidare
421 1193 68 21 skulle
509 1193 69 21 såsom
597 1192 69 22 sedlar
685 1199 60 15 anses
764 1192 99 21 Bankens

101 1226 132 28 anvisningar
251 1227 38 21 och
308 1227 67 27 öfriga
390 1227 35 21 vid
442 1227 113 21 anfordran
572 1227 98 21 förfallna
684 1226 143 26 förbindelser,
844 1226 17 27 ej

101 1261 67 21 heller
184 1262 133 20 innestående
333 1262 75 27 belopp
425 1262 12 20 &
452 1262 102 26 beviljade
570 1261 157 21 kassakreditiv.

169 1296 43 27 Att,
232 1296 25 27 på
275 1296 43 20 sätt
339 1296 110 21 Utskottet
468 1296 7 20 i
494 1296 114 27 anledning
623 1296 63 20 häraf
698 1296 103 26 anmärkt,
817 1295 45 21 icke

100 1330 42 21 alla
161 1330 188 27 statsobligationer
369 1332 35 20 äro
425 1330 6 21 i
451 1337 82 15 samma
551 1330 52 27 grad
622 1330 100 28 lämpliga
741 1331 32 20 att
788 1330 75 26 utgöra

100 1364 70 21 valuta
193 1364 31 21 för
247 1364 172 27 sedelutgifning,
441 1366 23 19 är
484 1365 137 26 obestridligt.
656 1365 122 20 Detsamma
797 1364 66 27 gäller

102 1399 153 26 otvifvelaktigt
266 1398 78 27 jemväl
359 1399 41 20 den
412 1399 24 21 af
446 1399 109 21 Utskottet
564 1399 126 21 framhållna
700 1397 162 27 omständighet,

100 1433 30 20 att
146 1433 24 20 de
186 1433 66 21 finska
267 1434 155 26 statspappren,
439 1433 67 21 ehuru
522 1433 7 21 i
545 1433 38 22 och
599 1433 32 21 för
647 1433 31 27 sig
694 1433 59 26 goda,
770 1433 6 20 i
792 1432 69 21 utlan-

100 1466 35 21 det
154 1466 62 21 hafva
234 1473 25 14 en
275 1467 154 26 jemförelsevis
447 1467 111 21 inskränkt
575 1467 103 21 marknad
696 1467 38 21 och
749 1467 32 20 att
796 1467 66 20 större
