1095 1767
333 126 132 22 organisation
478 126 32 17 och
525 126 122 22 förvaltning.
843 126 22 16 25

112 196 59 28 gälla
187 194 59 21 hvad
263 195 6 20 i
285 194 73 21 denna
380 194 138 28 författning
541 194 154 25 föreskrifves,
719 194 75 20 därest
809 194 56 24 icke,

111 232 74 19 såsom
202 236 77 14 senare
303 229 56 20 skall
375 228 97 25 beröras,
495 228 146 28 Regeringen
659 228 76 21 kunde
751 228 62 20 finna
829 235 36 13 an-

113 264 92 27 ledning
229 265 32 19 att
283 263 92 27 vidtaga
398 262 182 28 förändringar
573 258 15 37 i
603 262 107 22 afseende
733 263 12 19 å
767 262 100 21 nämnda

112 297 151 23 kommission.

179 332 35 20 På
229 331 203 21 Nationalmuseets
449 331 101 28 Styrelse
565 331 72 21 skulle
653 331 120 21 ankomma
789 333 42 19 att:

181 368 22 26 a)
220 365 87 29 afgifva
329 366 156 27 underdåniga
507 365 132 21 utlåtanden
656 366 5 20 i
677 365 78 28 frågor
770 365 95 21 rörande

112 400 199 25 Nationalmuseet,
328 399 118 21 äfvensom
461 400 86 28 förslag
563 400 42 21 och
620 400 151 28 påminnelser
784 399 35 21 till
829 406 37 14 ve-

113 434 140 22 derbörande
276 434 158 28 myndigheter
457 442 37 13 om
509 434 50 21 dess
575 434 56 21 vård
647 434 42 21 och
705 434 161 25 utvecklande;

182 469 19 25 b)
217 468 82 29 pröfva
321 468 42 21 och
385 469 123 27 godkänna
530 469 43 20 den
597 469 112 20 allmänna
732 469 83 28 planen
831 468 36 21 för

113 503 163 28 samlingarnas
291 503 133 28 placerande
440 503 7 20 i
463 503 242 28 museibyggnaderna,
717 503 106 21 föremåls
835 502 32 21 öf-

113 537 135 22 verförande
264 537 50 21 från
338 545 27 13 en
386 537 117 28 afdelning
526 537 34 21 till
576 545 28 13 en
627 545 80 17 annan,
724 540 57 18 samt
797 537 70 20 andra

114 579 60 14 mera
183 571 129 28 betydande
320 571 158 28 förändringar
487 572 7 20 i
502 571 151 28 placeringen,
663 571 58 22 dock
731 574 31 18 att
770 571 97 28 Delega-

115 607 88 20 tionens
219 605 64 22 bifall
299 606 39 21 bör
354 606 117 25 inhemtas,
488 606 48 21 ifall
552 606 28 21 de
589 606 118 21 Antellska
716 606 151 27 samlingarna

114 640 67 22 däraf
194 640 101 25 beröras;

183 678 18 22 c)
217 675 40 21 hos
282 675 98 20 Senaten
403 674 83 21 föreslå
500 675 143 28 nybyggnad
659 675 53 20 eller
729 673 138 29 utvidgande

115 709 25 22 af
153 709 148 22 förevarande
317 709 135 28 byggnader
467 709 35 21 för
518 717 128 13 museernas
662 708 80 26 behof;

183 744 23 28 d)
222 743 37 22 vid
275 743 184 21 förekommande
475 746 71 18 större
561 743 70 28 inköp
642 743 25 21 af
674 743 96 21 blandad
779 742 89 22 beskaf-

115 778 78 21 fenhet
215 778 124 21 bestämma
361 777 34 21 till
418 778 93 21 hvilken
534 778 117 27 afdelning
674 777 122 22 föremålen
813 777 55 20 böra

114 812 117 26 hänföras;

185 849 18 26 e)
219 849 103 26 uppgöra
344 847 43 20 och
409 847 34 20 till
467 847 99 20 Senaten
581 846 93 21 insända
690 846 66 28 årligt
774 846 94 27 budget-

115 881 86 28 förslag
219 884 57 18 samt
290 884 102 18 närmare
410 881 122 20 bestämma
547 888 36 14 om
598 881 177 27 användningen
791 880 25 21 af
824 880 45 21 för-

115 916 149 27 slagsanslag;

183 951 20 27 f)
219 949 111 22 fastställa
346 950 86 21 tiderna
447 949 36 21 för
499 950 162 27 samlingarnas
677 949 191 28 öppenhållande;

183 986 22 27 g)
221 986 106 26 upprätta
350 984 42 21 och
414 984 34 21 till
467 984 99 21 Senaten
582 983 87 28 afgifva
684 983 86 28 förslag
786 983 34 21 till
835 986 34 18 ut-

115 1018 128 21 nämnande
259 1018 25 21 af
297 1018 89 28 prefekt
402 1018 35 21 för
460 1019 178 20 Konstmuseum
654 1023 56 16 samt
727 1018 143 21 intendenter

116 1053 42 21 och
175 1053 154 21 bibliotekarie
344 1053 38 21 vid
398 1053 132 25 detsamma;

184 1087 22 28 h)
223 1087 78 28 afgöra
324 1087 84 21 sådana
424 1087 84 28 frågor,
532 1095 48 13 som
600 1087 50 21 från
673 1087 146 21 Nämnderna
835 1087 34 20 till

117 1121 117 28 Styrelsen
250 1121 133 28 hänskjutas
406 1121 55 21 eller
477 1122 95 21 rörande
588 1121 77 22 hvilka
681 1121 94 28 stridiga
790 1121 80 20 intres-

116 1163 40 13 sen
171 1155 37 21 vid
225 1155 169 28 förvaltningen
409 1158 112 26 uppstått;

186 1190 15 27 1)
218 1190 86 27 ärligen
327 1189 87 29 afgifva
431 1190 34 21 till
489 1190 98 21 Senaten
606 1190 119 21 berättelse
741 1197 36 14 om
793 1190 77 21 Natio-

115 1224 136 21 nalmuseets
266 1223 146 29 förvaltning.

185 1293 11 20 I
211 1293 163 21 Konstmuscets
397 1293 91 21 Nämnd
511 1293 75 25 borde,
603 1292 6 21 i
626 1293 147 21 betraktande
797 1292 26 21 af
843 1293 27 20 de

117 1327 129 28 betydande
262 1330 104 25 anparter
378 1327 211 28 Konstföreningen
599 1327 42 21 och
649 1327 222 21 Konstilitsförenin-

117 1368 45 20 gen
177 1368 43 20 ega
235 1361 7 20 i
257 1361 62 21 detta
334 1368 109 18 museum,
460 1362 64 20 dessa
540 1361 130 28 föreningar
688 1369 51 13 vara
756 1369 115 21 represen-

117 1395 82 25 terade,
214 1395 70 27 jemte
303 1395 27 21 de
346 1396 38 20 vid
400 1396 87 20 Museet
503 1395 102 21 anstälde
625 1396 157 20 fackmännen.
814 1396 57 20 Led-

116 1428 87 28 ningen
219 1430 72 20 skulle
308 1430 128 27 naturligen
452 1430 126 20 tillkomma
592 1430 99 21 Museets
706 1430 97 28 prefekt,
819 1437 50 13 men
