1098 1748
203 142 13 20 6
407 142 28 23 U.
452 142 29 22 B.
497 156 27 2 —
539 142 225 29 Postsparbanken.

274 207 191 24 Statsutskottet
491 209 83 22 finner
599 209 107 22 anförda
725 208 176 23 förhållanden
919 208 41 22 be-

203 242 93 30 rättiga
315 243 37 22 till
367 243 50 22 den
429 243 173 29 förhoppning
615 244 36 21 att
654 243 231 28 postsparbanken
898 242 62 23 efter

203 277 77 26 hand,
309 283 40 16 om
376 278 46 21 ock
449 277 127 23 måhända
601 278 135 29 långsamt,
760 277 65 22 skall
843 277 116 22 utveckla

204 311 39 29 sig
270 311 37 23 till
334 318 31 16 en
391 312 95 29 kraftig
513 312 121 29 häfstång
660 312 40 22 för
726 311 182 23 befordrandet
936 311 25 22 af

203 346 159 28 sparsamhet
389 347 46 22 och
459 347 126 26 omtanke,
614 348 65 21 samt
704 346 107 23 sålunda
830 346 43 22 allt
891 352 68 16 mera

202 380 101 23 komma
320 382 35 21 att
367 383 128 20 motsvara
509 381 144 23 ändamålet
666 381 57 22 med
736 381 58 22 dess
807 380 151 23 inrättande.

272 519 75 22 Hvad
376 519 79 29 angår
470 519 170 28 placeringen
659 519 25 22 af
703 519 31 22 de
752 519 8 22 i
779 519 180 28 postsparban-

202 552 51 23 ken
277 553 93 22 insatta
397 553 106 26 medlen,
529 553 28 22 sä
577 553 134 29 tillstyrkte
732 553 68 22 1894
820 553 40 22 års
880 553 79 22 Stats-

202 587 97 22 utskott
326 589 36 21 att
389 588 31 22 de
438 588 8 22 i
465 587 235 29 postsparbankens
719 587 240 30 obligationsförråd

201 621 133 30 befintliga
360 622 134 23 italienska
518 623 188 28 statspappren,
732 622 146 23 beräknade
897 622 63 22 efter

202 655 42 23 det
271 657 87 26 värde,
386 657 102 22 hvartill
516 657 129 22 desamma
673 657 33 22 då
725 663 63 16 voro
806 657 8 22 i
832 658 128 27 postspar-

201 690 103 23 banken
334 691 133 27 bokförda,
495 691 77 22 måtte
600 691 28 22 så
656 693 71 21 snart
754 691 39 29 sig
820 692 63 28 göra
909 691 50 22 läte

201 725 147 29 öfvertagas
376 726 26 22 af
427 726 86 29 någon
541 726 60 21 eller
628 726 80 29 några
737 725 25 23 af
793 725 166 23 statsvärkets

201 759 91 22 fonder
319 761 64 21 samt
412 762 52 21 »att
491 761 32 22 dä
552 760 39 22 för
618 761 78 28 öfrigt
722 760 190 29 öfverföringen
935 759 25 22 af

201 793 179 30 värdepapper
406 795 57 22 från
491 801 29 16 en
546 795 62 23 fond
627 795 36 22 till
682 801 31 16 en
733 801 85 16 annan
837 794 26 22 af
882 794 77 23 Stats-

200 827 119 24 kontoret
349 829 134 29 företages,
523 829 235 29 postsparbankens
792 829 167 28 obligationer

200 862 78 23 måtte
296 863 81 23 hållas
396 863 8 23 i
417 865 43 21 sär
471 864 57 22 från
541 865 75 22 dessa
630 864 212 29 öfverföringar».
872 863 12 23 I
897 869 63 16 sam-

200 897 130 29 manhang
353 898 58 22 med
435 898 33 22 då
491 898 96 29 jämväl
605 898 144 30 föreslagen
768 898 147 29 förhöjning
934 897 26 22 af

199 932 236 28 postsparbankens
460 933 230 28 depositionsränta
715 932 118 23 framhöll
853 932 106 23 Statsut-

200 966 94 22 skottet
320 966 180 30 lämpligheten
529 968 26 22 af
582 968 49 22 den
655 967 130 29 placering
804 973 53 16 som
876 966 83 23 blifvit

199 1000 77 29 gjord
300 1007 91 23 genom
409 1002 158 28 inköpandet
586 1002 26 22 af
628 1002 161 28 Helsingfors
808 1001 70 23 stads
904 1001 15 22 4
931 998 27 27 '/,

198 1036 118 26 procents
352 1035 175 30 obligationer,
566 1037 65 21 samt
666 1036 113 22 uttalade
813 1036 39 28 sig
882 1036 76 22 äfven

199 1068 100 23 därhän
330 1071 37 21 att
397 1070 80 30 sagda
508 1070 89 27 medel,
629 1070 36 22 till
696 1070 49 22 den
776 1070 40 22 del
845 1070 31 22 de
903 1070 55 22 icke

198 1102 86 24 kunde
311 1105 120 22 omsättas
459 1105 8 22 i
493 1105 77 22 säkra
596 1104 186 29 värdepapper,
802 1104 76 23 måtte
906 1106 52 21 mot

198 1137 93 29 högsta
309 1139 74 21 ränta
402 1139 141 29 deponeras
562 1140 8 21 i
588 1139 32 23 de
640 1140 80 22 större
738 1139 101 28 privata
852 1138 105 23 bankin-

198 1172 185 29 rättningarna,
398 1173 130 23 äfvensom
545 1175 36 21 att
593 1174 9 21 i
615 1174 49 22 alla
676 1173 136 23 händelser
824 1173 132 22 inhemska

198 1205 169 30 obligationer
385 1214 62 16 vore
466 1209 35 21 att
519 1208 106 23 framför
638 1208 81 22 andra
737 1208 157 29 föredragas.

267 1241 46 22 Till
339 1242 117 29 samtliga
479 1242 75 23 dessa
578 1243 149 22 uttalanden
752 1242 47 23 har
818 1242 76 23 äfven
913 1242 41 22 vid

197 1274 190 31 förvaltningen
418 1277 25 22 af
472 1277 236 28 postsparbankens
738 1277 81 22 medel
849 1276 107 29 behörig

196 1309 102 29 hänsyn
319 1311 84 28 tagits.

267 1344 166 24 Beträffande
452 1346 31 22 de
501 1345 161 30 Helsingfors
681 1345 71 22 stads
771 1343 51 27 4'/2
838 1346 116 27 procents

196 1377 177 30 obligationer,
393 1379 86 23 hvilka
497 1380 80 23 redan
593 1380 93 22 funnos
698 1380 9 21 i
719 1379 235 29 postsparbankens

195 1411 264 30 obligationsbestånd
494 1415 87 22 ultimo
617 1414 133 22 december
788 1413 76 27 1892,
897 1420 57 15 men

195 1445 89 24 hvilka
312 1448 78 29 enligt
413 1455 36 16 nu
472 1449 176 29 föreliggande
666 1449 107 22 relation
792 1448 54 22 icke
864 1448 89 29 längre

264 1489 142 19 Statsutskottets
419 1491 110 18 betänkande
541 1491 39 18 N:o
592 1492 15 17 1.
