1095 1773
173 168 13 20 2
252 167 84 23 Ständ.
353 167 54 23 Skr.
426 180 24 3 —
467 168 189 22 Ständerhusets
672 168 167 28 gafvelgrupp.

174 238 36 22 till
233 238 145 30 behandling
399 239 101 22 förehaft
517 240 179 28 ifrågavarande
715 239 84 22 ärende
818 239 43 22 och
879 239 52 21 där-

173 273 47 28 vid,
239 273 53 22 med
310 274 95 28 hänsigt
422 274 52 22 icke
493 274 100 22 allenast
610 274 37 22 till
666 274 28 22 de
712 274 127 22 kostnader
852 274 78 28 skulp-

174 310 67 19 tören
268 308 61 22 Emil
348 308 129 22 Wikström
495 309 37 21 för
551 308 151 22 omförmälda
720 309 78 21 arbete
817 309 45 21 fätt
880 308 50 22 vid-

173 342 97 28 kännas,
289 345 58 19 utan
365 343 69 22 äfven
453 343 80 22 därtill
552 346 35 19 att
604 344 152 21 konstverket
774 344 8 21 i
801 343 35 21 sin
852 342 79 22 helhet

174 377 74 21 skulle
276 378 72 21 vinna
374 379 30 27 på
432 380 35 20 att
488 378 47 22 han
553 378 52 22 med
624 378 94 22 odeladt
736 378 97 22 intresse
852 377 78 41 kunde

174 419 60 21 egna
253 412 37 22 sin
308 412 35 22 tid
361 413 24 21 åt
404 412 133 28 detsamma,
557 413 107 21 beslutit:

450 487 31 18 att
504 485 35 21 det
551 485 42 27 för
611 484 125 27 utförandet
752 485 30 27 af
792 484 139 28 gafvelgrup-

379 526 43 20 pen
438 520 35 20 till
488 520 149 20 ständerhuset
652 520 68 20 redan
736 519 106 27 beviljade
857 519 75 20 ansla-

380 556 34 24 get
431 554 31 27 af
473 554 82 26 37,200
571 554 62 20 mark
648 554 57 21 skall
714 554 66 27 enligt
788 554 143 21 konstnärens

382 587 147 29 beräkningar
549 588 62 27 höjas
626 588 35 21 till
676 589 80 26 54,800
772 588 69 26 mark,
857 588 74 26 äfven-

382 629 45 14 som
450 624 99 26 anslaget
567 623 42 27 för
630 623 144 21 konstverkets
797 622 134 28 inpackning

382 657 39 21 och
442 657 153 27 försändning
622 658 34 20 till
684 658 247 26 uppställningsplatsen

379 692 58 27 från
460 693 65 25 4,000
547 692 35 20 till
605 693 65 25 6,000
690 692 68 26 mark,
778 694 56 18 samt
849 694 32 18 att
890 692 43 26 för

382 726 126 20 ändamålet
523 725 79 27 bevilja
612 728 28 18 ett
648 726 181 27 tillskottsanslag
839 726 30 27 af
875 732 57 14 sam-

382 760 149 21 manräknadt
546 762 80 25 19,600
641 760 73 26 mark;
729 760 110 28 äfvensom

453 826 31 18 att
507 823 48 21 med
577 823 167 21 bestämmandet
765 823 30 27 af
807 823 34 21 det
857 823 75 27 defini-

383 858 44 21 tiva
444 858 119 20 materialet
567 858 43 26 för
618 858 161 20 ständerhusets
785 858 147 27 gafvelgrupp

385 893 57 21 skall
458 893 63 20 anstå
537 893 34 20 till
587 895 63 18 nästa
666 893 114 27 landtdag.

245 959 37 22 Då
310 959 39 21 det
375 959 36 22 för
438 959 185 28 gafvelgruppen
649 958 40 22 vid
710 960 91 19 senaste
820 957 114 29 landtdag

177 993 118 29 beviljade
313 993 106 29 anslaget
432 994 24 21 af
468 992 170 29 sammanlagdt
647 993 91 28 41,200
748 993 73 27 mark,
832 992 102 22 emeller-

178 1028 34 21 tid
236 1029 104 20 kommer
359 1030 34 19 att
411 1036 49 13 mer
478 1031 30 18 än
526 1027 39 22 väl
582 1029 115 20 motsvara
716 1027 28 22 de
762 1027 104 28 utgifter,
885 1034 49 14 som

177 1063 75 21 under
269 1062 199 22 förstkommande
485 1062 156 29 treårsperiod
659 1062 35 21 för
710 1062 90 21 arbetet
813 1061 120 28 erfordras,

177 1097 72 21 hafva
273 1097 132 21 Ständerna
427 1097 51 21 icke
501 1099 78 19 ansett
601 1096 84 28 nödigt
704 1098 35 20 att
756 1096 9 21 i
782 1095 152 29 bevillnings-

177 1131 121 28 budgeten
324 1131 36 22 för
388 1131 77 21 denna
491 1130 81 29 period
596 1131 98 29 uppföra
712 1130 222 28 tillskottsanslaget

180 1166 90 27 19,600
288 1166 73 27 mark,
380 1168 58 19 utan
456 1166 41 21 bör
515 1165 127 22 detsamma
660 1165 40 22 vid
717 1164 217 22 förstinstundande

177 1200 115 28 landtdag
311 1200 50 21 däri
379 1202 122 27 upptagas.

247 1235 105 21 Hvarom
366 1234 131 22 Ständerna
511 1234 24 22 få
544 1234 41 22 hos
596 1234 72 22 Eders
678 1233 134 29 Kejserliga
824 1233 111 29 Majestät

177 1268 172 30 underdånigst
367 1269 98 22 anmäla.

246 1337 114 22 Finlands
380 1338 100 21 Ständer
497 1338 133 22 framhärda
648 1340 44 20 etc.

246 1406 155 29 Helsingfors,
421 1407 44 21 den
484 1407 31 21 25
534 1408 47 28 Maj
604 1407 70 22 1897.

314 1481 116 32 Helsingfors
431 1481 59 27 1897.
493 1481 131 32 Helsingfors
636 1481 153 32 Contraltryckeri.
