1098 1761
846 136 13 20 3

200 206 75 21 Såsom
291 205 65 22 häraf
370 212 69 21 synes,
455 206 41 21 har
511 205 54 22 efter
582 205 36 21 det
634 205 127 21 nedslående
772 205 117 21 förhållan-

131 241 35 21 det
184 241 60 25 1893,
261 241 27 20 då
304 240 167 27 uttagningarna
486 240 32 21 till
533 240 102 27 beloppet
646 239 120 27 öfverstego
777 239 112 21 insättnin-

131 281 73 21 garna,
228 281 25 15 en
276 275 107 25 vändning
406 275 32 20 till
463 275 35 21 det
521 274 71 21 bättre
613 273 92 22 derefter
720 274 88 24 inträdt,
824 274 6 20 i
847 273 42 26 det,

131 310 108 24 omvändt,
255 309 166 27 insättningarne
438 308 47 22 åter
498 309 79 27 begynt
592 308 116 27 öfverstiga
719 308 170 26 uttagningarne,

131 344 23 21 år
179 344 54 21 1894
255 344 126 26 visserligen
403 343 56 21 blott
482 343 48 21 med
553 343 36 21 det
612 342 123 28 obetydliga
753 342 100 27 beloppet
868 342 23 20 af

131 379 69 26 6,212,
213 385 48 14 men
274 378 54 21 1895
341 378 65 21 redan
419 378 49 21 med
482 379 89 26 118,112
580 378 67 20 mark.
663 373 147 26 Öfverhufvud
821 376 68 22 måste

132 413 54 22 dock
202 412 118 27 medgifvas
337 415 32 19 att
385 413 184 27 postsparbanken
584 413 48 20 icke
647 412 23 21 af
684 412 145 21 allmänheten
846 417 43 15 om-

131 448 77 21 fattats
223 448 47 21 med
286 447 120 28 synnerligt
421 447 98 22 intresse.
550 447 97 22 Orsaken
663 447 73 21 härtill
747 447 67 27 ligger
825 445 64 22 emel-

132 482 64 21 lertid
211 482 7 21 i
234 484 68 25 öppen
320 483 41 26 dag
379 482 37 21 och
432 482 39 21 bör
488 482 64 21 sökas
568 494 28 3 —
612 482 33 21 för
660 483 33 20 att
708 481 18 27 ej
744 481 44 22 tala
804 487 33 15 om
852 487 38 20 ny-

131 517 56 26 ligen
210 518 24 20 år
257 517 54 21 efter
334 518 65 19 annat
422 517 112 20 inträffade
551 522 45 15 mer
616 516 53 21 eller
684 516 83 21 mindre
782 515 108 22 allmänna

132 551 127 22 missvexter
278 551 38 21 och
336 551 23 21 af
377 551 47 21 dem
444 551 140 21 förorsakade
600 551 140 21 ekonomiska
756 551 69 20 kriser
840 562 27 3 —
884 549 6 21 i

133 586 39 20 den
189 585 48 27 läga
252 587 64 19 ränta
331 585 192 27 postsparbanken,
537 586 7 20 i
553 585 124 27 jemförelse
688 585 48 21 med
747 585 67 21 andra
824 584 66 21 bank-

132 620 148 27 inrättningar,
301 620 94 27 erbjudit
413 620 46 21 sina
475 620 137 26 deponenter,
629 620 53 20 eller
697 621 12 19 3
718 619 28 27 "/,
761 621 45 19 mot
822 619 12 20 4
851 618 39 21 och

134 654 128 22 derutöfver.
287 655 11 21 I
309 655 65 27 afsigt
385 657 32 19 att
426 655 52 21 söka
489 655 94 27 aflägsna
596 654 68 22 denna
674 654 97 28 hämsko,
783 654 39 21 har
832 656 58 24 post-

133 689 147 27 sparbankens
293 690 90 26 styrelse
396 690 6 20 i
416 690 47 20 dess
476 690 91 20 relation
580 690 32 20 till
625 689 84 21 landets
721 691 73 19 senast
801 688 90 21 försam-

132 724 48 20 lade
203 724 88 21 ständer
314 724 110 22 hemställt
448 724 105 22 huruvida
576 724 18 27 ej
618 724 122 21 räntefoten
760 724 6 20 i
783 725 108 25 postspar-

133 758 84 22 banken
226 758 66 22 borde
300 758 95 28 förhöjas
404 760 127 26 exempelvis
541 759 33 21 till
582 760 14 20 4
604 760 95 26 procent.
716 758 120 22 Ständerna
845 758 47 20 lära

132 793 6 21 i
155 793 114 27 anledning
284 793 63 21 häraf
361 794 98 21 förordat
474 800 25 15 en
515 794 121 26 förhöjning
652 793 34 22 till
702 794 32 26 3,6
745 794 35 26 %/y,
792 792 48 22 med
852 792 39 20 den

133 827 81 27 påföljd
232 830 32 18 att
282 828 61 21 Hans
362 828 122 27 Kejserliga
503 828 101 27 Majestät
622 828 3 21 i
641 828 70 26 Nådig
726 827 128 27 kungörelse
870 826 24 22 af

134 862 41 21 den
192 863 12 20 3
220 862 96 21 Oktober
335 863 53 20 1895
404 862 32 21 till
453 863 121 27 Kejserliga
590 862 92 21 Senaten
698 862 141 21 öfverlemnat
852 863 40 25 att,

133 896 24 22 så
178 896 45 22 ofta
242 897 211 27 omständigheterna
473 898 77 21 sådant
564 898 88 27 påkalla
667 898 40 21 och
723 897 55 21 efter
793 896 100 28 pröfning

134 931 23 21 af
171 932 34 20 för
220 932 58 21 tiden
293 932 96 22 rådande
404 932 156 28 förhållanden,
576 932 110 22 fastställa
700 932 108 22 storleken
820 931 22 21 af
852 931 41 21 den

134 968 69 24 ränta,
226 972 44 16 som
290 966 12 22 å
318 967 75 27 medel,
416 967 81 21 insatta
512 968 7 20 i
534 967 191 27 postsparbanken,
749 967 39 21 bör
810 966 82 26 gäldas.

136 1001 86 21 Samma
238 1001 86 21 ständer
340 1002 64 21 hafva
415 1002 104 21 desslikes
530 1002 81 21 uttalat
622 1002 149 26 önskligheten
783 1001 23 21 af
815 1003 33 19 att
858 1002 34 20 ut-

135 1036 115 26 tagningar
273 1036 23 21 af
318 1038 82 20 smärre
424 1037 77 27 belopp
518 1036 47 22 från
581 1037 184 27 postsparbanken
780 1036 63 26 finge,
860 1042 33 14 om

134 1070 90 27 möjligt,
240 1077 39 21 ega
295 1077 46 15 rum
358 1073 51 19 utan
425 1071 129 27 föregången
570 1072 134 26 uppsägning
720 1071 39 21 och
774 1070 120 26 anordning

135 1105 23 21 af
171 1106 198 26 postsparbankens
386 1106 97 26 styrelse.
513 1106 38 22 Uti
566 1106 34 21 till
616 1106 92 22 Senaten
724 1105 121 22 infordradt
855 1111 38 15 un-

136 1140 112 27 derdånigt
270 1140 100 27 yttrande
393 1141 58 21 öfver
472 1141 59 21 detta
547 1141 165 27 önskningsmål,
728 1141 40 20 har
784 1142 110 25 postspar-

135 1174 97 21 bankens
252 1175 91 26 styrelse
358 1175 131 26 visserligen,
506 1175 7 21 i
528 1175 106 22 anseende
649 1175 33 21 till
698 1175 100 21 mötande
814 1174 80 26 svårig-

135 1209 61 21 heter
215 1209 32 21 för
268 1209 47 21 dess
336 1209 152 28 realiserande,
507 1210 91 26 nödgats
613 1209 94 22 förhålla
722 1210 32 26 sig
770 1209 124 26 afböjande,

135 1249 47 15 men
200 1244 95 21 deremot
310 1246 71 19 ansett
397 1244 32 26 sig
443 1244 74 21 kunna
532 1244 79 21 föreslå
626 1251 26 14 en
668 1244 120 27 väsendtlig
802 1243 92 22 förkort-

136 1278 50 27 ning
202 1278 23 21 af
238 1279 205 27 uppsägningstiden
460 1279 33 21 för
509 1279 43 22 alla
567 1279 85 27 belopp.
