1086 1717
484 113 24 21 II
803 113 38 21 135

116 176 182 22 innehafvarens
322 176 88 28 afgång
432 176 52 21 icke
508 176 81 21 blifvit
605 175 130 22 återbesatt
749 176 44 21 och
809 175 64 21 detta

116 216 149 22 förhållande
281 223 55 14 vore
351 216 142 28 lagstridigt,
510 216 30 21 då
551 215 73 22 redan
636 215 45 21 den
693 214 180 30 omstandighet,

117 257 34 19 att
175 256 46 21 den
244 256 37 21 för
304 255 72 29 sagda
392 255 52 21 stad
460 254 127 22 faststälda
604 254 165 28 aflöningsstat
784 256 90 27 upptog

116 296 47 20 fast
185 296 41 21 lön
249 296 37 20 för
309 295 45 21 slik
376 295 78 28 tjenst,
478 295 127 21 förutsatte
629 296 35 20 att
684 294 102 29 tjensten
801 294 72 22 borde

115 336 41 21 vid
182 336 114 21 inträffad
321 335 106 29 ledighet
449 335 104 22 besättas
578 335 44 21 och
645 335 122 28 bestridas,
791 334 83 29 åtgärd

116 376 72 21 måtte
205 376 26 21 af
245 379 145 25 guvernören
406 376 109 28 vidtagas
532 376 95 27 derhän,
644 377 35 20 att
692 375 100 21 berörda
802 375 72 29 tjenst

116 416 79 21 blefve
211 416 134 27 återbesatt,
362 418 60 19 samt
437 419 147 25 guvernören
600 422 86 21 genom
702 415 78 28 utslag
791 415 45 21 den
849 418 24 18 14

117 456 101 28 Augusti
243 458 51 20 1891
312 456 30 28 på
357 458 121 26 upptagna
494 455 51 22 skäl
560 455 66 28 ålagt
642 455 93 21 stadens
751 455 124 28 magistrat

118 498 35 19 att
168 496 8 21 i
192 496 99 29 stadgad
308 496 99 29 ordning
424 496 65 22 anslå
505 503 88 14 samma
609 496 137 28 befattning
761 496 63 28 ledig
841 497 34 20 att

119 536 106 28 ansökas,
249 544 53 14 men
325 536 77 21 tillika
424 537 89 20 lemnat
536 536 156 29 magistraten
714 539 71 26 öppet
807 537 40 26 att,
867 535 8 21 i

117 576 113 21 händelse
253 576 97 29 lämplig
372 583 85 21 person
479 576 52 21 icke
553 576 77 21 skulle
654 576 92 22 anmäla
769 577 41 28 sig,
827 575 49 22 tills

118 615 80 22 vidare
222 623 37 14 om
282 617 114 28 tjenstens
418 616 151 21 bestridande
594 616 147 21 annorlunda
757 616 118 27 förordna,

117 656 41 21 vid
176 656 91 21 hvilket
282 656 78 28 utslag
376 656 108 28 Senaten,
500 656 75 21 under
590 656 70 21 hvars
676 656 113 29 pröfning
804 655 73 28 magi-

119 698 89 19 straten
218 703 86 21 genom
315 695 51 22 dess
378 696 141 21 ordförande
528 696 178 28 borgmästaren
715 696 30 21 M.
754 695 8 22 i
770 695 107 22 besvärs-

118 740 47 25 väg
188 736 79 28 dragit
289 736 78 27 saken,
391 736 99 21 medelst
508 736 79 28 utslag
603 736 45 21 den
665 738 25 19 20
706 736 99 21 Januari
823 737 52 20 1893

118 775 54 22 låtit
187 775 62 28 bero,
267 776 24 21 så
307 775 59 22 hade
382 779 148 24 guvernören
545 776 35 21 uti
596 775 125 22 skrifvelse
736 775 38 22 för
789 775 45 21 den
851 777 25 19 18

118 816 137 29 påföljande
278 816 136 28 September
436 816 42 21 hos
494 816 111 28 Wiborgs
625 816 91 21 hofrätt
731 816 89 21 anmält
835 817 41 26 att,

119 857 73 21 ehuru
208 857 232 28 guvernörsembetet
455 857 8 21 i
479 857 99 22 berörda
594 857 46 28 län,
658 861 56 17 enär
723 857 154 28 magistraten

118 897 131 21 underlåtit
277 899 35 19 att
339 897 53 21 från
422 897 261 28 registratorskontoret
712 897 8 21 i
744 896 133 29 Kejserliga

120 937 114 21 Senatens
267 937 294 28 Ekonomiedepartement
595 939 84 26 uttaga
712 937 165 28 magistratens

119 977 118 28 exemplar
253 977 26 21 af
293 977 113 22 Senatens
421 977 86 28 utslag,
521 977 72 28 jemte
609 977 125 21 skrifvelse
750 978 26 20 af
790 977 45 21 den
851 978 28 19 30

118 1017 47 28 Maj
185 1019 54 20 1893
254 1017 108 21 tillsändt
377 1017 155 28 magistraten
548 1017 98 22 afskrift
662 1017 26 22 af
701 1025 88 14 samma
799 1017 80 28 utslag

119 1057 53 22 med
188 1057 117 22 anmodan
321 1059 35 19 att
372 1057 65 22 anslä
451 1057 126 22 omordade
588 1057 74 29 tjenst
672 1058 64 28 ledig
746 1057 38 22 till
795 1057 84 22 ansök-

119 1098 58 28 ning
200 1100 61 19 samt
276 1098 37 21 för
329 1098 65 21 tiden
409 1100 16 19 t.
442 1098 16 21 f.
475 1101 149 25 guvernören
639 1098 9 21 i
662 1098 65 21 länet
741 1098 138 29 ytterligare

120 1138 80 21 derom
219 1139 97 28 påmint,
333 1138 154 28 magistraten
502 1138 74 21 likväl
591 1138 126 22 uraktlätit
733 1140 34 19 att
781 1138 98 28 vidtaga

119 1178 81 21 vidare
223 1179 84 28 åtgärd
329 1179 37 20 för
388 1178 116 29 tjenstens
523 1178 145 28 besättande,
684 1179 97 20 hvarför
796 1185 83 22 guver-

119 1222 73 17 nören
214 1220 78 20 ansett
311 1219 37 28 sig
362 1219 58 20 böra
436 1219 92 21 anmäla
543 1218 166 28 magistratens
725 1218 155 22 omförmälda

120 1258 139 21 förfarande
274 1258 8 21 i
298 1258 71 21 saken
384 1258 38 21 till
437 1258 55 28 laga
508 1258 99 28 beifran,
622 1258 72 28 jemte
711 1258 39 21 det
764 1261 116 25 guvernö-

119 1305 42 13 ren
186 1298 77 20 tillika
286 1298 136 27 framhållit,
446 1298 112 21 hurusom
581 1298 27 21 af
630 1298 45 21 den
698 1298 37 21 till
750 1298 77 28 grund
843 1298 38 21 för

120 1338 115 21 Senatens
254 1338 154 21 förenämnda
426 1338 80 29 utslag
521 1338 112 28 liggande
650 1338 40 21 akt
706 1338 122 28 framgick,
845 1339 36 19 att

119 1378 156 28 magistraten
297 1378 53 22 med
373 1378 110 22 afseende
500 1379 13 21 å
529 1378 52 22 dess
597 1378 110 28 samtliga
722 1377 160 29 tillgöranden
