1070 1686
410 133 26 22 U.
453 133 24 22 B.
500 147 22 2 --
542 133 33 22 11.

860 137 10 18 w

121 206 66 20 blifva
211 207 114 24 iakttagna
346 207 41 19 och
409 207 115 20 efterlefda
545 209 58 18 samt
626 209 32 17 att
682 207 55 20 hvar
760 207 40 20 och
822 213 27 14 en
867 207 5 19 i

121 242 36 20 sitt
178 243 87 19 embete
285 243 33 19 sin
334 243 125 24 skyldighet
476 242 85 26 fullgör,
579 243 6 18 i
601 243 83 20 hvilket
701 243 103 20 afseende
820 244 51 19 Pro-

120 278 105 19 kuratorn
247 279 23 18 är
291 278 122 25 berättigad
435 280 31 17 att
485 278 116 20 öfvervara
621 279 61 19 säväl
699 279 109 19 Senatens
824 284 47 14 som

120 313 44 19 alla
184 313 130 20 domstolars
336 314 41 19 och
398 313 150 21 embetsverks
569 314 182 20 sammanträden
773 314 41 20 och
830 320 42 19 ega

120 349 93 25 tillgäng
234 349 31 19 till
287 349 62 19 deras
369 350 108 24 protokoll
494 350 42 19 och
552 349 138 25 handlingar.
723 350 148 19 Prokuratorn

121 385 39 19 har
181 384 86 20 således
283 385 6 19 i
305 384 53 25 följd
378 384 24 20 af
424 385 33 19 sin
481 385 228 20 embetsverksamhet
725 385 6 19 i
748 391 29 14 nu
794 385 78 25 ifräga-

121 421 96 19 varande
240 421 126 19 hänseende
388 421 36 19 det
445 422 56 18 mest
520 421 134 19 vidsträckta
670 421 100 20 material
788 421 31 19 till
836 421 36 20 sitt

120 456 136 26 förfogande.

191 492 109 20 Utskottet
316 498 65 14 anser
396 493 34 25 sig
446 493 102 19 särskildt
559 493 53 19 böra
622 492 117 20 framhålla
752 492 118 20 önskvärd-

120 529 66 19 heten
208 528 63 20 deraf
289 530 31 18 att
336 529 6 19 i
359 529 65 20 dessa
440 529 128 20 berättelser
581 529 85 24 jemväl
682 529 70 20 skulle
769 529 100 20 omnäm-

119 570 47 17 nas,
188 564 107 20 huruvida
314 565 149 19 Prokuratorn
479 564 73 20 funnit
575 564 121 26 anledning
712 566 32 18 att
759 564 58 20 inför
834 564 36 20 Se-

119 602 68 18 naten
204 600 32 19 till
252 600 131 25 protokollet
399 600 90 20 anmäla
505 602 69 23 några
590 600 149 24 påminnelser
757 600 41 20 och
814 600 55 20 erin-

118 636 74 25 ringar
216 636 53 20 eller
290 636 88 25 vidtaga
400 642 73 14 annan
496 636 24 20 af
534 636 120 25 styrelsens
670 636 177 25 tillvägagående
864 636 6 18 i

119 674 29 18 ett
166 672 53 20 eller
235 674 69 18 annat
319 672 38 20 fall
373 672 147 26 tilläfventyrs
536 672 102 25 påkallad
655 672 83 26 åtgärd.

189 708 61 20 Efter
269 710 33 17 att
317 708 66 20 hafva
399 708 144 20 förutskickat
559 708 63 20 dessa
638 708 114 20 allmänna
768 708 101 20 anmärk-

119 744 78 25 ningar
221 744 34 19 får
279 745 108 19 Utskottet
410 744 117 25 angående
551 744 27 20 de
599 744 7 19 i
627 744 134 20 berättelsen
777 744 93 20 berörda

119 779 193 21 sakförhållanden
328 779 117 20 framhålla
460 779 105 25 följande.

191 816 77 19 Såsom
286 816 66 19 ofvan
368 816 153 22 omnämndes,
539 816 64 20 berör
614 816 149 19 Prokuratorn
774 816 6 18 i
793 816 78 24 början

119 851 24 19 af
156 851 74 20 denna
246 851 116 20 berättelse
379 851 168 20 reformarbetet
562 853 29 23 på
602 851 268 26 processlagstiftningens

119 887 95 20 område.
247 887 147 20 Prokuratorn
410 887 94 26 redogör
521 887 46 20 deri
582 887 34 20 för
632 887 26 20 de
674 887 108 26 åtgärder,
800 893 47 14 som
864 887 7 19 i

119 923 59 20 detta
198 922 105 21 afseende
326 923 109 25 vidtagits,
457 923 42 20 och
521 923 33 20 för
578 923 27 20 de
625 923 200 25 hufvudprinciper,
842 925 28 23 på

119 959 73 19 hvilka
216 959 61 20 detta
300 959 75 20 arbete
395 959 89 20 komme
500 961 32 18 att
548 959 102 26 grundas.
682 959 43 20 Det
740 959 58 20 hade
814 959 57 20 varit

119 995 120 19 önskvärdt
255 997 31 17 att
300 995 147 20 Prokuratorn
458 995 7 19 i
477 995 60 20 detta
548 996 164 25 sammanhang
723 995 69 20 skulle
804 995 67 20 hafva

119 1030 120 20 framhållit
261 1031 26 19 de
308 1031 78 20 brister
407 1031 7 19 i
435 1033 39 18 vär
491 1031 128 20 nuvarande
635 1031 235 25 processlagstiftning,

119 1072 48 14 som
188 1067 148 20 Prokuratorn
358 1067 70 20 under
446 1067 35 20 sin
496 1067 227 20 embetsverksamhet
739 1067 73 20 funnit
826 1067 44 20 sär-

120 1102 65 20 skildt
200 1103 88 24 påkalla
307 1103 111 20 reformer.
446 1103 31 19 Af
491 1103 90 20 hvilken
597 1105 63 23 nytta
676 1109 28 14 en
720 1103 69 20 sådan
805 1102 66 20 fram-

120 1138 104 25 ställning
248 1138 57 20 hade
330 1138 56 20 varit
406 1138 34 20 för
456 1139 36 19 det
511 1139 115 25 pågående
642 1138 174 23 reformarbetet,
836 1139 35 19 be-

120 1174 77 20 höfver
225 1174 47 20 icke
301 1175 102 19 särskildt
425 1175 102 24 påpekas.
569 1175 109 20 Utskottet
703 1175 36 19 vill
763 1174 79 20 endast
866 1174 6 19 i

122 1210 59 20 detta
197 1211 165 24 sammanhang
379 1211 71 19 erinra
467 1217 35 13 om
521 1211 26 20 de
563 1211 25 19 af
601 1211 149 19 Prokuratorn
765 1211 32 18 till
816 1211 54 19 1885

121 1246 40 19 och
181 1247 54 18 1888
253 1247 35 18 års
307 1246 93 20 Ständer
416 1246 84 25 afgifna
517 1247 128 19 berättelser
661 1246 62 20 öfver
738 1246 134 25 lagskipnin-

121 1287 43 20 gen
180 1281 6 19 i
202 1281 83 23 landet,
302 1282 6 18 i
325 1282 75 19 hvilka
416 1287 27 14 en
459 1282 73 19 sakrik
550 1281 163 26 framställning
724 1281 114 21 lemnades
850 1281 25 20 af

121 1317 132 26 förefintliga
269 1318 77 19 brister
362 1318 6 19 i
384 1318 107 19 särskilda
508 1318 60 20 delar
584 1317 24 20 af
622 1319 38 18 vår
676 1317 144 26 lagstiftning.

191 1354 32 19 På
239 1353 38 20 sid.
299 1355 113 18 175—179
430 1353 6 20 i
453 1353 43 20 den
512 1354 95 19 svenska
623 1354 42 19 och
684 1355 114 18 186—190
811 1353 6 19 i
830 1353 42 20 den

122 1389 70 19 finska
213 1389 112 25 upplagan
342 1389 24 19 af
379 1389 134 20 berättelsen
530 1390 131 18 omnämner
677 1389 147 19 Prokuratorn
842 1390 31 18 ett

121 1424 44 23 fall,
182 1425 38 19 der
237 1430 29 14 en
281 1430 80 19 person
377 1425 32 19 till
425 1424 52 25 följd
495 1424 24 20 af
532 1424 151 26 ofullständigt
693 1425 121 25 prestbevis
826 1424 47 20 blif-

192 1471 137 23 Lagutskottets
343 1472 116 17 betänkande
472 1472 37 17 N:o
522 1472 28 17 14.
