1095 1748
112 919 91 23 Anslags-

122 947 71 23 frågor:

87 977 20 20 a)
118 976 72 18 Biträde
196 977 26 17 för

103 1006 108 22 inkassering

111 1034 18 17 af
143 1034 62 18 vexlar.

89 1228 18 22 b)
120 1228 40 23 Nya
167 1229 57 17 inven-

112 1257 53 17 tarier
178 1258 26 16 till

110 1286 80 18 kontoret
202 1287 5 17 i

119 1314 78 24 Wiborg.

101 1367 17 21 e)
132 1366 54 18 Extra
195 1367 24 17 bi-

111 1395 50 18 träde
176 1396 28 17 vid

110 1424 80 18 kontoret
202 1425 5 16 i

137 1446 44 25 Åbo.

259 127 28 22 24

230 196 37 21 kor
283 203 43 15 som
342 197 133 21 derförinnan
491 197 53 21 varit
560 197 105 27 gällande,
682 197 50 20 eller
748 197 45 20 mot
804 202 26 15 en
838 195 52 28 hyra
898 195 22 22 af
928 195 63 28 1,200

230 231 59 20 mark
305 237 33 15 om
354 231 49 21 året.

299 265 93 22 Emedan
408 266 40 21 den
464 265 23 22 af
500 266 96 21 kontoret
608 265 7 21 i
626 260 45 27 Åbo
681 265 163 21 förnärvarande
855 264 135 28 disponerade

230 299 55 22 lokal
304 300 105 21 befunnits
428 307 50 14 vara
492 301 8 20 i
514 300 51 21 flera
581 300 113 21 afseenden
709 301 102 26 obeqväm
829 300 38 21 och
885 299 104 27 olämplig,

230 335 83 20 inledde
336 335 191 21 Bankdirektionen
549 334 49 21 med
619 335 30 20 ett
669 335 7 20 i
691 335 64 26 sagde
772 334 47 21 stad
835 333 80 22 bildadt
930 333 61 27 bolag

230 369 32 20 för
281 369 127 28 uppförande
427 369 23 22 af
466 370 30 20 ett
515 369 87 21 stenhus
623 369 6 20 i
645 369 75 20 hörnet
739 369 23 21 af
779 368 75 22 Slotts-
869 368 38 21 och
921 369 69 20 vestra

231 404 145 27 Auragatorna
392 404 107 21 derstädes
515 403 193 27 underhandlingar
723 403 33 21 för
770 402 184 22 åstadkommande
970 401 23 26 af

230 438 56 21 lokal
304 438 7 21 i
332 438 68 21 denna
419 438 84 27 bygnad
522 438 32 21 för
574 438 102 21 kontoret.
706 438 31 21 De
757 437 23 22 af
797 437 83 27 bolaget
894 437 7 20 i
917 437 75 21 sådant

231 472 97 21 afseende
344 473 112 27 uppstälda
471 473 93 21 vilkoren
578 473 69 20 blefvo
663 472 24 21 af
699 472 192 27 Bankfullmäktige
907 471 40 21 den
962 472 26 21 21

231 507 117 21 November
364 507 56 22 1896
436 507 88 21 sålunda
540 507 117 27 godkända,
673 508 32 20 att
720 507 40 21 den
777 506 142 27 ifrågakomna
933 506 58 21 loka-

231 542 42 26 len,
289 548 44 15 som
348 542 62 21 borde
425 542 89 20 inrättas
529 542 7 20 i
552 541 216 22 öfverensstämmelse
784 541 49 21 med
849 547 25 15 en
889 540 101 28 uppgjord

231 576 151 27 eskissritning,
406 576 66 22 skulle
495 576 32 21 till
550 576 88 21 Banken
657 576 86 27 uthyras
764 576 25 27 på
805 576 28 21 tio
849 576 32 20 års
897 575 30 21 tid
942 575 47 21 med

231 610 101 27 rättighet
347 611 31 21 för
394 611 87 21 Banken
497 612 31 20 att
543 610 90 22 derefter
649 610 26 28 på
689 610 122 28 ytterligare
825 610 28 21 tio
864 610 22 21 år
896 610 94 26 förlänga

230 645 136 27 hyresaftalet
389 647 43 19 mot
455 652 24 14 en
500 645 52 27 årlig
573 645 52 27 hyra
641 645 23 21 af
677 646 64 25 6,500
756 645 65 25 mark,
837 644 153 28 uppvärmning

231 679 24 21 af
267 680 137 21 banklokalen
420 680 44 20 deri
479 680 129 27 inbegripen,
624 680 55 20 samt
695 680 31 20 att
740 679 88 21 Banken
839 679 66 21 skulle
916 678 74 21 teckna

231 714 66 21 aktier
312 714 7 21 i
334 714 83 28 bolaget
432 714 33 21 för
480 715 30 20 ett
525 714 74 28 belopp
616 714 23 21 af
649 714 92 27 125,000
750 714 67 20 mark.
845 713 99 21 Deremot
954 719 36 15 an-

231 748 50 28 sågo
297 748 31 28 sig
342 748 193 27 Bankfullmäktige
550 748 45 21 icke
611 748 51 21 böra
676 748 122 27 ytterligare
815 747 125 21 tillförsäkra
954 747 36 21 bo-

231 783 57 27 laget
310 784 30 20 ett
361 782 23 22 af
404 782 57 22 detta
480 782 112 28 föreslaget
612 782 179 27 amorteringslån.
822 782 29 20 På
871 781 119 27 förberörda

232 817 65 21 vilkor
311 818 39 20 har
365 817 117 21 sedermera
498 817 82 27 slutligt
595 817 51 21 aftal
661 817 7 21 i
684 817 63 21 saken
763 816 50 22 med
827 816 84 27 bolaget
925 816 21 20 af
954 816 37 20 Di-

232 852 107 21 rektionen
354 852 84 27 ingåtts.

580 887 12 26 8
610 886 33 21 18.

303 921 20 27 a)
345 921 49 20 Med
416 921 204 26 Bankfullmäktiges
643 921 41 22 den
703 921 14 21 5
735 920 89 22 Januari
849 919 56 22 1894
922 919 69 21 dertill

233 956 97 20 lemnade
349 955 123 27 begifvande
491 956 38 20 har
544 956 68 20 under
627 956 66 26 sagda
708 956 22 20 är
745 956 31 20 ett
791 954 81 22 biträde
887 954 32 21 för
935 954 57 26 arbe-

235 991 31 20 tet
281 990 47 21 med
342 990 159 27 inkasseringen
517 990 23 21 af
552 990 7 20 i
575 990 75 21 sädant
665 990 97 21 afseende
778 988 129 28 deponerade
923 988 69 21 vexlar

235 1024 55 22 varit
305 1024 33 22 vid
353 1024 176 22 hufvudkontoret
544 1024 93 22 anstäldt
653 1026 55 20 emot
723 1026 31 20 ett
764 1024 75 21 arvode
851 1023 23 21 af
883 1023 40 21 100
933 1022 58 21 mark

234 1059 7 20 i
257 1059 109 21 månaden.
397 1058 44 22 Och
452 1058 70 22 hiföllo
532 1059 192 27 Bankfullmäktige
735 1059 42 21 den
787 1059 13 21 8
811 1058 115 22 December
938 1057 54 21 1894

233 1093 202 21 Bankdirektionens
454 1093 156 27 framställning
629 1093 71 21 derom
719 1094 31 20 att
768 1092 128 22 förbemälde
912 1091 80 21 biträde

233 1128 55 27 finge
304 1128 7 20 i
326 1128 97 21 Bankens
439 1128 63 26 tjenst
513 1128 115 21 bibehällas
640 1128 55 21 ända
705 1128 32 20 till
747 1128 108 26 utgängen
866 1127 22 21 af
896 1127 23 21 är
931 1126 59 26 1895,

234 1162 87 21 säframt
342 1162 45 21 icke
406 1162 133 21 derförinnan
560 1162 40 21 den
616 1162 23 21 af
653 1162 119 22 Ständerna
787 1163 92 25 antagna
894 1167 41 21 nya
950 1161 44 21 stat

235 1196 32 21 för
282 1197 86 21 Banken
384 1196 67 22 blefve
466 1196 83 27 nädigst
564 1196 103 22 faststäld.

305 1232 21 26 b)
341 1232 41 20 För
397 1231 133 21 anskaffande
546 1231 22 21 af
582 1231 134 27 erforderliga
731 1237 42 21 nya
783 1231 80 21 möbler
873 1230 38 21 och
921 1230 72 20 inven-

235 1266 64 20 tarier
313 1266 32 20 till
360 1266 97 20 Bankens
472 1266 73 21 kontor
560 1266 7 20 i
582 1266 86 26 Wiborg
683 1265 164 27 bemyndigades
865 1264 128 22 Bankdirek-

235 1300 70 21 tionen
325 1300 40 20 den
386 1300 26 21 10
426 1300 57 21 Mars
500 1300 55 21 1894
570 1300 23 21 af
606 1300 200 26 Bankfullmäktige
814 1300 31 20 att
860 1299 23 21 af
895 1299 98 42 Pankens

234 1334 70 21 medel
319 1334 95 21 använda
430 1334 54 21 ända
500 1334 32 21 till
549 1335 63 26 1,500
627 1335 64 21 mark.

304 1370 19 25 e)
346 1368 69 22 Sedan
433 1368 206 22 Kontorsskrifvaren
658 1369 34 21 vid
706 1369 101 21 -kontoret
825 1368 8 21 i
853 1362 43 27 Åbo
912 1368 81 21 Anders

235 1403 103 21 Reinhold
359 1403 95 21 Salovius
472 1403 26 27 pä
517 1409 52 21 egen
585 1404 91 27 begäran
693 1403 85 22 erhällit
793 1403 72 21 afsked
880 1403 45 21 frän
940 1403 52 26 tjen-

235 1438 46 20 sten
303 1437 48 21 med
374 1438 105 26 utgängen
502 1438 22 21 af
540 1438 61 27 April
618 1438 76 21 mänad
715 1438 61 26 1894,
797 1438 38 21 har
850 1437 140 25 Direktionen,

234 1473 51 19 enär
301 1471 99 22 Salovius'
415 1472 63 27 tjenst
493 1472 44 21 icke
553 1473 70 20 vidare
638 1473 81 20 komme
736 1473 32 20 att
783 1472 98 27 besättas,
893 1478 47 15 men
951 1472 40 20 den
