1092 1750
277 167 85 23 Ständ.
378 168 55 22 Skr.
451 180 24 3 —
492 168 96 22 Antells
604 168 142 28 samlingar.
875 168 13 20 3

201 238 54 22 Med
273 238 142 29 biläggande
434 239 24 21 af
470 238 175 29 delegationens
658 238 179 29 ifrågavarande
849 239 39 21 be-

131 273 96 22 rättelse
244 273 24 22 få
286 273 132 22 Ständerna
436 273 64 28 förty

407 329 34 20 till
463 328 70 21 Eders
554 328 124 28 Kejserliga
695 328 115 25 Majestäts
822 328 66 28 pröf-

337 362 53 27 ning
401 362 133 27 öfverlemna
545 362 41 21 den
596 363 9 20 i
616 362 126 21 berättelsen
749 363 139 27 framstälda

337 397 243 27 organisationsplanen
591 396 43 28 för
644 399 29 18 ett
683 397 204 21 nationalmuseum.

200 450 131 22 Ständerna
352 451 24 21 få
399 451 78 22 tillika
495 450 42 22 hos
555 451 73 22 Eders
646 451 112 29 Majestät
774 451 9 22 i
802 451 83 22 under-

131 485 112 29 dånighet
261 485 98 28 anmäla,
377 487 36 20 att
432 485 132 22 Ständerna
580 485 147 22 beträffande
745 485 28 22 de
785 486 9 21 i
807 485 79 22 anled-

130 520 59 29 ning
207 520 23 21 af
248 519 151 22 oftanämnda
417 522 138 19 testamente
573 520 37 21 för
628 520 45 22 den
691 522 116 20 närmaste
819 519 66 22 tiden

131 554 151 29 erforderliga
301 554 139 29 åtgärderna
457 554 106 22 beslutit:

405 615 21 27 1)
445 618 34 18 att
494 616 92 20 tillsätta
598 622 24 14 en
634 616 128 27 delegation,
773 614 113 22 bestående

335 649 30 27 af
376 656 26 13 en
417 650 90 19 medlem
522 650 36 20 och
571 652 31 18 tre
612 650 189 27 suppleanter
765 645 39 36 för
811 649 76 27 hvarje

335 683 72 25 stånd,
429 683 48 21 med
495 684 101 27 uppdrag
612 686 31 18 att
658 683 130 28 handhafva
804 683 82 21 vården

336 718 31 27 af
385 718 26 20 de
432 718 114 21 Antellska
566 719 152 27 samlingarna
734 718 37 21 och
787 717 99 22 använd-

336 753 80 27 ningen
428 752 29 27 af
463 753 146 20 räntemedlen
620 760 28 13 ur
658 752 162 21 kammarrådet
832 752 54 21 Her-

335 793 51 14 man
401 787 134 28 Rosenbergs
546 787 70 28 fond;

403 845 22 26 2)
445 847 32 18 att
492 845 41 20 den
544 845 72 27 årliga
628 844 119 21 inkomsten
758 845 8 20 i
776 844 109 21 kammar-

333 879 63 20 rädet
417 879 98 20 Herman
534 878 133 28 Rosenbergs
681 878 56 27 fond
752 878 57 21 skall
824 878 61 20 intill

333 913 109 27 utgängen
462 913 31 27 af
505 913 26 20 är
546 914 57 20 1900
618 913 96 21 sälunda
726 912 110 28 fördelas,
851 914 34 18 att

333 950 30 18 tre
382 947 133 28 femtedelar
537 947 73 28 däraf
627 947 114 21 användas
762 947 35 21 till
815 946 67 27 inköp

332 982 31 27 af
380 981 113 21 konstverk
509 981 37 22 och
562 981 203 22 konstindustriella
776 981 110 28 föremål,

333 1015 39 22 och
387 1023 25 13 en
424 1016 106 27 femtedel
543 1017 34 20 till
588 1016 24 21 de
624 1016 173 25 numismatiska,
808 1015 75 21 arkeo-

333 1050 85 27 logiska
442 1051 39 20 och
496 1050 145 28 etnografiska
656 1051 163 27 samlingarnas
831 1050 52 27 för-

332 1084 85 21 ökande
441 1087 56 18 samt
523 1085 40 20 den
590 1085 135 20 återstående
746 1084 138 28 femtedelen,

331 1121 54 18 utan
398 1120 32 26 pä
441 1118 103 27 förhand
556 1119 119 27 faststäldt
690 1119 112 25 ändamäl,
812 1118 9 20 i
831 1118 51 20 män

331 1153 31 28 af
381 1152 68 29 behof
468 1154 82 20 anlitas
573 1154 35 21 till
626 1153 161 28 förstärkande
807 1152 30 29 af
849 1152 35 21 det

331 1195 42 13 ena
389 1188 51 21 eller
456 1188 72 21 andra
543 1189 31 27 af
586 1188 90 21 berörda
692 1189 89 27 anslag;

401 1245 22 27 3)
443 1248 32 18 att
485 1246 44 27 för
545 1246 146 27 delegationen
704 1247 119 27 fastställa
835 1247 49 27 föl-

326 1280 71 27 jande
413 1280 145 21 instruktion:

471 1331 44 22 Det
530 1332 75 21 tillhör
620 1333 147 27 delegationen

400 1378 24 26 a)
439 1379 33 18 att
488 1377 116 22 bestämma
620 1385 33 14 om
669 1379 25 20 de
710 1379 108 21 donerade
830 1381 53 19 rän-

331 1411 114 21 temedlens
469 1412 132 27 fördelning
624 1412 48 21 med
694 1413 88 28 ledning
806 1413 31 28 af
856 1413 26 21 de

331 1445 168 28 upplysningar,
519 1453 44 14 som
579 1446 115 21 inhemtats
709 1447 30 28 af
750 1447 133 28 samlingar-

331 1486 41 14 nas
394 1479 101 28 värdare,
519 1481 38 20 och
581 1481 47 21 med
650 1481 141 28 iakttagande
814 1482 31 27 af
858 1482 25 21 de
