1092 1781
475 111 24 22 I
797 113 39 21 165

102 175 65 21 ålder
191 175 86 21 komna
298 175 105 28 qvinnan
418 175 74 21 Maria
507 175 109 20 Kristina
630 175 35 27 A.,
682 175 54 21 från
751 175 37 21 W.
804 175 60 27 stad,

102 222 57 14 vara
181 215 85 21 sinnad
285 217 36 19 att
335 215 9 20 i
359 215 26 20 P.
402 214 32 29 by
449 215 28 21 af
489 215 37 21 W.
543 214 86 21 socken
646 214 78 22 drifva
739 215 126 21 landthan-

103 254 37 21 del
156 256 61 20 samt
232 254 79 22 bilade
328 255 78 21 tillika
421 257 35 19 ett
472 255 26 21 af
511 255 176 21 vederbörande
702 257 64 26 prest
781 255 46 22 den
840 258 25 19 10

103 294 104 22 Oktober
228 297 53 19 1892
297 294 124 22 utfärdadt
436 295 75 28 intyg,
527 294 125 21 utvisande
668 296 35 19 att
717 295 75 21 Maria
807 295 57 21 Kri-

102 334 63 21 stina
179 335 28 21 A.
219 341 42 14 var
276 334 59 22 född
345 335 46 21 den
403 336 26 20 26
438 334 60 22 Juni
508 336 52 20 1861
571 333 44 22 och
624 333 81 29 begätt
713 335 151 27 nattvarden,

103 374 129 28 hvarjemte
255 374 147 21 beträffande
427 374 88 21 hennes
538 374 63 28 frejd
623 374 121 28 upptagits
767 376 36 19 att
817 375 48 21 hon

103 414 115 22 framfödt
238 408 57 35 fyra
317 414 71 22 oäkta
411 414 64 21 barn.
506 415 37 21 Då
566 421 118 14 assessorn
707 415 28 21 N.
758 415 14 21 å
791 414 74 29 sagda

103 454 71 22 skrift
197 455 131 21 emellertid
352 455 46 21 den
423 457 24 19 12
469 454 103 22 Oktober
590 456 53 20 1892
660 454 153 29 antecknade,
830 456 36 19 att

103 495 47 21 han
164 495 55 21 med
229 494 110 22 afseende
350 495 13 21 å
374 495 74 21 Maria
458 494 108 22 Kristina
579 496 41 20 A:s
630 494 113 29 intygade
753 494 110 29 vanfrejd

103 535 51 21 icke
178 536 73 27 ansåg
274 535 36 28 sig
332 535 81 21 kunna
432 534 108 22 meddela
555 534 77 22 henne
647 534 216 29 anmälningsbevis

104 576 37 21 för
162 575 104 22 idkande
290 576 27 20 af
337 575 155 21 landthandel
511 575 9 21 i
535 578 77 26 öppen
627 575 75 28 butik,
717 575 41 21 vid
773 575 93 22 hvilket

104 616 148 22 förhållande
279 616 97 22 ärendet
405 616 123 22 ankomme
551 616 23 32 å
586 618 160 26 guvernörens
768 616 9 20 i
799 615 65 21 länet

104 656 119 29 pröfning,
240 656 80 22 anhöll
335 656 75 22 Maria
425 656 108 22 Kristina
548 657 28 21 A.
592 656 36 22 uti
644 664 28 13 en
688 655 45 22 den
751 658 24 19 12
784 651 12 38 i
792 655 71 21 sist-

104 696 101 22 nämnde
221 696 86 22 månad
322 696 37 22 till
375 699 148 26 guvernören
539 696 9 22 i
563 696 37 22 W.
615 696 40 21 län
665 696 108 28 ingifven
783 696 81 28 inlaga

104 738 40 26 att,
169 740 56 18 enär
248 744 118 14 assessorn
391 736 28 22 N.
443 736 85 22 endast
542 737 30 27 på
588 736 45 22 den
648 736 78 28 grund
741 738 35 19 att
790 736 74 21 Maria

104 776 109 22 Kristina
227 777 28 21 A.
272 776 116 22 framfödt
403 776 71 22 oäkta
489 776 59 22 barn
564 778 77 19 ansett
656 776 76 21 henne
742 783 56 14 vara
808 782 57 14 van-

104 816 99 29 frejdad,
227 824 119 14 assessorn
369 816 29 22 N.
418 817 73 21 måtte
507 816 97 29 åläggas
620 818 36 20 att
670 818 105 26 upptaga
790 815 75 22 Maria

104 856 107 22 Kristina
226 857 41 21 A:s
278 856 155 22 omförmälda
445 856 109 22 anmälan
565 856 44 22 och
620 856 109 22 deröfver
739 856 37 21 till
787 856 78 21 henne

104 896 95 22 utfärda
222 896 110 29 behörigt
347 897 73 27 bevis,
439 897 57 21 eller
511 899 41 26 att,
575 897 1 21 i
592 897 112 21 händelse
719 900 147 26 guvernören

105 936 121 28 angående
249 937 75 21 Maria
346 937 108 21 Kristina
469 938 41 20 A:s
526 937 63 29 frejd
604 944 55 14 vore
675 937 27 21 af
715 944 88 14 samma
818 944 47 13 me-

104 977 64 28 ning,
185 985 50 14 som
251 985 118 14 assessorn
384 978 35 27 N.,
435 981 149 24 guvernören
594 977 56 21 ville
661 979 103 26 upptaga
775 977 85 28 frågan

105 1017 43 21 och
163 1017 108 22 meddela
286 1017 75 22 Maria
375 1017 108 22 Kristina
498 1018 28 21 A.
538 1019 48 20 rätt
597 1020 35 19 att
642 1017 56 22 idka
708 1016 155 23 förenämnda

105 1057 160 22 landthandel.
281 1058 70 21 Efter
361 1057 40 22 det
411 1065 120 14 assessorn
540 1058 28 21 N.
580 1057 124 22 inkommit
714 1057 53 22 med
778 1057 86 21 honom

105 1097 130 22 affordradt
250 1098 111 29 yttrande
379 1098 44 21 och
439 1098 51 21 deri
505 1098 132 21 framhållit
652 1097 73 22 bland
740 1099 80 26 annat,
832 1099 35 19 att

105 1138 76 21 Maria
203 1138 108 22 Kristina
333 1140 28 20 A.
384 1146 43 14 var
447 1139 80 21 bosatt
544 1139 9 20 i
568 1139 25 21 P.
609 1138 32 29 by
657 1138 42 21 hos
714 1139 63 20 förre
793 1137 74 22 hand-

104 1178 88 22 landen
206 1179 35 28 U.,
258 1186 49 15 som
323 1179 37 22 för
376 1179 238 29 förfalskningsbrott
630 1179 80 22 blifvit
727 1178 70 22 dömd
809 1182 57 17 äran

105 1218 111 28 förlustig
239 1219 50 28 och,
313 1219 74 21 ehuru
411 1219 54 28 gift,
488 1218 64 22 lefde
575 1219 62 21 skild
656 1219 53 21 från
724 1219 36 20 sin
776 1218 91 27 hustru,

106 1260 60 19 samt
191 1260 35 20 att
251 1259 74 21 Maria
350 1259 109 21 Kristina
483 1259 36 28 A.,
546 1259 75 28 enligt
644 1258 62 22 hvad
730 1260 38 26 ett,
793 1257 76 28 sagda

104 1299 111 28 yttrande
240 1299 99 29 bilagdt,
366 1300 27 21 af
416 1300 177 21 vederbörande
618 1302 64 26 prest
706 1299 161 28 uthändigadt

104 1341 69 28 intyg
195 1341 114 28 utvisade,
333 1341 66 21 förde
422 1342 34 20 ett
470 1341 138 28 lättsinnigt
623 1341 111 26 lefverne,
750 1339 62 22 utlät
829 1339 36 28 sig

104 1384 148 25 guvernören
277 1381 98 21 medelst
400 1381 46 21 den
471 1383 13 19 8
507 1381 129 21 December
662 1382 53 20 1892
736 1379 131 28 meddelad,

104 1421 175 28 handlingarna
294 1421 116 22 åtecknad
421 1421 136 28 resolution,
570 1421 43 21 och
625 1421 149 22 alldenstund
785 1420 81 22 utredt
