1089 1745
254 120 26 19 94
591 119 24 20 II

296 181 78 22 Sedan
390 181 154 22 skomakaren
559 181 80 21 Johan
654 181 43 27 W.,
715 181 53 20 frän
783 180 37 21 W.
835 181 93 28 socken,
939 180 43 22 hos

223 224 147 25 guvernören
386 221 8 21 i
408 221 38 22 W.
462 221 40 22 län
517 221 102 22 anhällit
634 223 35 20 att
685 221 45 21 den
741 221 117 28 gvarstad,
870 221 111 22 hvarmed

224 261 228 22 kronolänsmannen
476 262 23 21 C.
523 261 46 22 den
593 264 12 19 5
627 261 63 22 Mars
715 263 54 20 1893
791 261 43 22 hos
849 261 80 22 Johan
944 261 36 22 W.

224 301 80 28 belagt
327 309 29 14 en
376 302 53 21 häst
444 302 37 21 till
496 302 118 28 gäldande
629 302 27 21 af
670 302 77 21 enkan
761 301 155 22 Wilhelmina
932 302 48 27 K:s,

223 342 55 21 frän
300 342 22 21 J.
347 342 92 28 socken,
459 342 42 21 hos
516 342 80 21 Johan
611 342 37 21 W.
665 341 96 29 egande,
777 342 26 21 af
817 342 164 21 häradsrätten

222 382 8 20 i
246 382 164 22 förstnämnda
426 383 96 21 sockens
538 382 105 28 tingslag
659 381 98 22 medelst
773 381 150 22 tredskodom
935 382 45 21 den

225 424 25 19 10
273 422 133 21 November
430 424 53 19 1892
506 422 114 20 utdömda
639 421 104 28 fordran,
759 422 73 20 mätte
848 421 132 28 upphäfvas

223 462 30 28 pä
276 462 46 21 den
337 462 83 28 grund,
441 464 35 19 att
492 462 80 21 Johan
587 462 37 21 W.
641 469 84 21 genom
741 461 73 28 sagda
828 461 152 21 tredskodom

223 502 81 21 blifvit
319 502 70 28 älagd
404 502 279 28 betalningsskyldighet,
700 502 73 21 ehuru
786 502 154 21 Wilhelmina
950 502 30 21 K.

223 542 53 21 icke
290 542 61 21 hade
366 543 73 27 nägot
454 543 26 21 af
493 542 85 22 honom
594 542 107 28 tillgodo,
715 542 44 21 och
771 544 34 19 att
815 542 164 28 utmätningen

223 582 103 29 vidtagit
340 583 26 21 sä
382 586 52 18 sent
448 584 51 21 före
513 583 156 28 vintertinget
684 583 8 21 i
707 583 135 28 tingslaget,
854 584 35 19 att
917 582 61 22 Johan

223 623 37 21 W.
276 623 52 21 icke
343 623 86 21 hunnit
445 623 79 21 dertill
538 623 49 21 låta
602 623 125 21 instämma
738 623 152 21 Wilhelmina
901 623 30 20 K.
943 623 37 21 för

223 663 104 21 sökande
338 664 27 20 af
372 664 149 28 ätervinning
529 664 36 21 uti
573 663 134 21 ännämnda
715 663 156 28 tredskodom,
883 663 96 21 hvarom

222 704 80 22 Johan
324 705 37 21 W.
386 705 151 21 derförinnan
559 706 52 20 icke
634 705 53 21 haft
709 706 138 26 kännedom,
863 705 61 21 hade
938 712 42 20 gu-

222 745 201 21 vernörsembetet
445 746 35 21 uti
497 746 128 21 resolution
641 746 38 21 för
695 745 45 21 den
757 748 10 18 7
784 746 62 20 Mars
864 747 53 19 1893
933 744 47 21 för-

223 784 85 22 ordnat
330 785 72 21 bland
423 787 76 26 annat,
517 788 35 19 att
567 785 53 22 med
635 785 158 22 slutförandet
809 786 25 20 af
849 785 44 21 den
909 784 70 29 päbe-

222 827 75 26 gynta
319 826 165 29 utmätningen
507 826 74 22 skulle
605 826 130 22 tillsvidare
756 826 72 27 anstä,
845 826 78 21 derest
939 826 41 21 Jo-

222 865 48 20 han
284 865 38 21 W.
338 866 64 21 inom
418 868 12 19 8
446 866 73 28 dagar
534 866 103 21 derefter
647 866 75 21 stälde
733 866 97 27 behörig
840 865 89 28 borgen
940 866 39 20 för

222 906 36 19 att
273 905 46 21 den
334 905 8 20 i
357 907 49 19 mät
420 895 73 44 tagna
507 895 140 44 egendomen
669 905 20 29 ej
701 905 185 28 förskingrades;
898 905 80 27 hvarä,

222 944 44 21 och
289 945 61 21 efter
372 945 40 21 det
433 945 152 22 Wilhelmina
603 946 30 21 K.
650 945 44 22 och
709 945 229 22 kronolänsmannen
954 945 24 21 C.

222 984 53 21 med
294 984 53 22 dem
362 985 133 22 affordrade
510 985 159 29 förklaringar
684 986 130 27 inkommit,
830 989 147 24 guvernören

221 1024 88 21 medels
331 1025 129 22 resolution
484 1026 25 21 af
530 1026 45 21 den
600 1028 25 19 10
647 1026 68 28 April
741 1027 52 20 1893
812 1027 29 27 pä
856 1028 122 26 upptagna

222 1064 52 22 skäl
299 1065 117 22 förkastat
441 1066 79 21 Johan
544 1066 49 21 W:s
619 1065 155 22 omförmälda
797 1065 117 27 anhållan,
938 1065 41 21 vid

220 1104 98 22 hvilken
340 1106 130 22 resolution
491 1106 128 28 hofrätten,
643 1106 95 22 hvarest
760 1106 79 22 Johan
861 1106 37 21 W.
916 1106 9 20 i
940 1105 39 21 be-

220 1150 114 24 svärsväg
352 1146 50 21 deri
417 1146 54 22 sökt
487 1147 105 28 ändring,
608 1147 36 21 uti
659 1147 78 28 utslag
753 1146 46 22 den
815 1148 25 20 20
856 1146 51 22 Juli
924 1148 54 19 1893

220 1186 54 22 lätit
296 1186 63 28 bero,
380 1187 73 28 jemte
472 1187 40 21 det
526 1187 173 28 handlingarna
714 1187 36 21 uti
765 1186 213 22 remissresolution

220 1226 28 21 af
269 1234 89 14 samma
380 1226 46 29 dag
450 1227 166 21 öfverlemnats
639 1227 37 21 till
693 1226 286 22 advokatfiskalsembetet

220 1266 38 21 för
281 1266 147 22 anställande
447 1268 27 20 af
487 1267 45 21 den
547 1267 72 28 talan,
635 1267 97 21 hvartill
747 1266 232 28 omständigheterna

220 1306 145 21 föranledde.

292 1347 12 21 I
326 1347 212 22 embetsmemoria!
557 1348 26 21 af
597 1347 46 22 den
659 1349 26 20 24
701 1347 104 22 Oktober
820 1346 118 29 sistsagda
954 1347 25 20 är

218 1386 102 28 yrkades
335 1387 15 21 &
364 1387 299 22 advokatfiskalsembetets
679 1391 89 24 vägnar
784 1387 52 21 med
847 1386 131 27 anledning

219 1427 71 21 häraf
311 1429 41 26 att,
376 1427 98 22 emedan
492 1428 156 28 tredskodom,
665 1429 62 20 emot
742 1427 97 22 hvilken
854 1427 52 21 icke
922 1426 56 21 väd-
