1089 1753
448 121 24 21 I
785 123 26 18 97

83 183 46 22 last
143 185 76 21 såsom
235 184 33 21 fel
284 184 8 21 i
307 184 142 28 utöfningen
465 184 26 21 af
504 184 110 28 tjensten,
626 184 8 20 i
648 183 115 22 anseende
774 184 68 22 hvar-

83 224 37 21 till
143 224 120 22 hofrätten
285 224 114 28 pröfvade
421 224 103 28 rättvist,
547 224 9 20 i
579 224 53 21 stöd
648 224 26 21 af
690 225 24 20 12
731 225 13 25 $
762 226 7 20 1
787 224 54 28 kap.

84 264 27 21 R.
127 264 34 28 B.,
177 264 70 21 döma
261 266 148 26 guvernören
425 264 27 21 G.
468 264 43 21 och
522 264 282 22 vicelandssekreteraren
814 264 27 21 E.

85 305 34 20 att
135 304 62 27 böta,
213 307 147 25 guvernören
376 303 27 22 G.
422 306 25 19 10
463 303 66 21 daler
544 304 53 21 med
616 306 23 19 19
656 304 67 20 mark
734 306 26 19 20
771 304 71 29 penni

85 345 60 20 samt
167 343 282 22 vicelandssekreteraren
472 343 26 21 E.
520 344 37 20 för
580 343 39 21 det
638 343 116 28 felaktiga
770 344 72 21 förfa-

85 384 82 21 randet
182 384 41 21 vid
236 383 176 28 behandlingen
424 384 26 21 af
459 383 79 22 Johan
548 384 50 21 W:s
609 383 233 30 utmätningsärende

87 427 25 19 10
128 424 64 21 daler
215 424 43 21 och
281 425 37 20 för
341 423 173 30 felaktigheten
537 424 40 21 vid
592 424 210 28 handläggningen
818 424 26 21 af

86 464 73 21 Jonas
174 465 38 20 P:s
227 463 235 29 utmätningsklagan
477 466 25 20 10
519 463 70 28 daler,
607 463 56 22 eller
679 463 89 22 således
784 471 59 14 sam-

86 505 122 28 manlagdt
224 507 26 19 20
266 504 65 22 daler
346 504 53 21 med
415 506 26 20 38
457 504 67 22 mark
539 507 27 19 40
577 504 71 28 penni
659 504 37 21 till
707 504 136 28 fördelning

87 545 74 28 enligt
175 545 46 29 lag.

154 585 169 28 Underdäniga
340 585 83 21 besvär
439 585 66 21 öfver
521 585 65 21 detta
601 585 79 28 utslag
697 585 108 21 anfördes
819 585 26 20 af

87 629 146 24 guvernören
249 625 28 22 G.
293 625 43 21 och
352 625 283 21 vicelandssekreteraren
651 624 26 21 E.
692 626 151 27 gemensamt,

87 673 53 14 men
155 665 30 22 dä
200 665 97 22 ärendet
315 665 45 21 den
377 667 26 20 25
418 665 68 28 April
505 667 52 20 1895
574 665 35 22 uti
624 665 133 28 Kejserliga
773 665 71 22 Sena-

87 708 51 19 tens
153 706 260 28 Justitiedepartement
429 706 129 28 föredrogs,
575 706 73 28 ansäg
661 705 134 29 Kejserliga
805 705 39 22 Se-

87 749 71 19 naten
174 746 175 22 besvärandene
369 746 51 21 icke
435 746 74 21 hafva
529 747 80 21 anfört
625 746 51 21 skäl
692 746 37 21 till
745 746 99 28 ändring

87 786 8 21 i
110 786 133 22 hofrättens
263 786 172 21 ofvanberörda
454 786 85 28 utslag,
555 786 41 21 vid
611 786 92 21 hvilket
719 786 65 28 förty
799 785 46 21 fick

88 827 61 21 bero.

157 988 41 21 Uti
214 988 124 21 skrifvelse
349 988 26 20 af
385 988 45 21 den
441 990 12 19 8
464 988 59 21 Juni
535 990 54 20 1893
599 988 98 21 insände
708 987 138 29 fängvärds-

91 1028 113 27 styrelsen
224 1028 8 20 i
248 1027 109 22 afseende
381 1028 13 21 &
411 1027 45 22 den
476 1028 89 28 åtgärd,
589 1028 258 21 Prokuratorsembetet

90 1067 57 21 fann
163 1067 51 21 skäl
229 1067 102 28 vidtaga,
341 1075 28 13 en
386 1067 26 22 af
427 1067 134 22 direktören
577 1068 37 21 för
628 1067 174 30 straffängelset
812 1067 35 22 in-

90 1107 40 21 vid
145 1107 28 21 H.
191 1107 52 22 stad
260 1107 45 21 den
321 1109 11 20 5
348 1107 9 21 i
373 1115 89 14 samma
480 1107 87 22 mänad
582 1108 38 21 till
635 1107 212 30 fängvärdsstyrel-

90 1155 41 13 sen
153 1147 93 28 afläten,
263 1148 26 20 af
303 1147 116 22 särskilda
442 1148 143 28 handlingar
610 1148 85 29 åtföljd
715 1148 131 27 skrifvelse,

90 1187 67 22 hvari
179 1188 106 21 bemälde
308 1188 104 21 direktör
428 1188 42 22 hos
491 1188 245 29 fängvärdsstyrelsen
752 1188 94 27 anmält,

91 1230 40 26 att,
147 1229 30 27 pä
193 1231 46 19 sätt
256 1228 97 22 berörda
369 1228 144 30 handlingar
527 1228 114 29 utvisade,
658 1229 62 21 förre
735 1228 113 22 sadelma-

90 1268 160 30 karegesällen
274 1269 53 21 från
349 1269 25 21 T.
391 1269 53 21 stad
461 1269 31 28 C.,
516 1276 50 15 som
582 1269 45 21 den
644 1272 11 18 2
671 1269 8 21 i
694 1268 154 22 förenämnda

90 1309 58 21 Juni
163 1309 85 21 mänad
264 1309 106 21 insändts
386 1309 38 21 till
439 1309 74 28 sagda
529 1310 106 28 fängelse
651 1310 37 20 för
711 1311 34 19 att
760 1309 88 21 derstä-

91 1349 39 21 des
153 1349 105 28 undergå
281 1349 85 22 honom
391 1350 27 21 af
433 1345 53 26 Åbo
506 1349 91 22 hofrätt
617 1349 98 21 medelst
729 1349 80 28 utslag
824 1349 27 21 af

90 1388 45 21 den
154 1392 23 19 16
194 1390 201 28 derförutgängne
406 1390 47 28 Maj
465 1390 96 21 ädömdt
571 1389 70 22 straff
649 1390 38 21 för
696 1389 75 29 tredje
781 1396 69 14 resan

91 1429 68 27 stöld,
175 1429 72 22 redan
263 1429 154 22 derförinnan
432 1431 31 27 pä
478 1430 77 29 grund
571 1430 27 21 af
611 1430 215 21 rädstufvurättens
842 1429 7 21 i

159 1475 129 18 Prokuratorus
301 1476 94 17 berättelse.
771 1478 9 15 7
