1095 1742
324 140 30 22 U.
370 140 28 22 B.
412 153 28 2 —
455 139 209 29 Postparbanken.
850 138 25 20 1

189 205 74 22 Detta
282 205 92 29 belopp
393 205 63 22 Fmk
475 205 104 26 21,715:
600 204 41 26 37,
665 204 28 22 är
707 204 107 22 sälunda
826 204 50 22 den

121 246 96 16 summa
245 240 221 28 postsparbanken
493 239 80 22 under
598 239 31 22 de
656 238 42 22 nio
717 238 79 23 första
815 238 61 22 ären

122 274 25 22 af
165 274 38 22 sin
225 274 99 22 tillvaro
343 274 85 22 kostat
446 273 188 29 statsvärket*),
655 274 34 21 ett
707 272 105 23 resultat
822 279 53 15 som

121 308 149 29 visserligen
293 308 67 22 nåtts
380 315 90 22 genom
495 308 107 22 influtna
620 307 169 29 fördelaktiga
810 307 66 29 agio-

121 344 93 27 poster,
234 343 33 28 pä
285 343 87 21 hvilka
391 343 63 22 dock
473 342 8 22 i
500 342 134 22 framtiden
653 342 22 29 ej
696 342 28 22 är
736 343 35 21 att
786 342 88 22 räkna.

123 377 95 23 Genom
245 377 42 22 det
314 377 82 22 ökade
420 377 87 27 värde,
533 383 54 16 som
612 376 77 29 eniigt
711 376 69 22 hvad
798 376 77 22 ofvan

123 411 119 29 angifvits
270 412 114 22 bankens
409 411 262 29 obligationsbeständ
695 411 79 29 enligt
798 417 77 16 nuva-

122 446 78 22 rande
219 446 90 22 kurser
327 446 79 22 mäste
426 453 73 15 anses
511 446 56 29 äga,
582 446 29 22 är
622 446 148 22 förenämda
783 445 92 28 belopp

123 480 26 22 af
166 480 70 22 Fmk.
257 480 103 27 21,715:
384 481 42 26 37,
445 481 8 21 i
472 481 43 22 det
533 481 126 21 närmaste
677 480 109 22 betäckt.

194 624 46 22 Vid
269 624 68 22 1894
364 624 41 22 ärs
424 624 123 30 landtdag
568 624 135 22 förordade
723 624 151 25 Ständerna,

123 658 82 22 säsom
224 658 80 22 redan
322 658 157 27 framhällits,
500 666 31 15 en
549 659 146 29 förhöjning
709 658 26 22 af
749 659 126 28 postspar-

123 692 114 23 bankens
264 693 227 29 insättningsränta
518 694 37 22 till
573 693 42 26 3,6
633 694 111 27 procent.
779 692 96 22 Försla-

123 728 42 27 get
193 727 202 23 öfverlämnades
424 728 24 22 af
473 728 68 29 Kejs.
563 728 110 22 Senaten
691 728 36 22 till
745 727 130 28 Postspar-

123 761 219 29 banksstyrelsens
364 762 130 22 utlätande
513 762 46 22 och
577 762 92 22 nämda
689 762 104 28 styrelse
812 762 63 21 utta-

123 795 57 23 lade
190 796 39 29 sig
239 796 90 22 därvid
339 796 39 22 för
391 798 35 21 ett
438 797 156 22 omedelbart
606 796 132 22 införande
750 795 25 23 af
783 796 92 28 ifräga-

123 831 113 22 varande
255 831 153 29 förhöjning,
428 832 129 22 hvarefter
575 831 148 22 hemställan
741 831 46 21 hos
803 830 71 22 Hans

124 864 140 30 Kejserliga
289 865 117 29 Majestät
430 866 96 28 jämväl
547 867 61 20 utan
629 865 112 29 uppskof
757 865 8 22 i
784 864 91 23 sådant

123 898 65 29 syfte
207 899 51 22 blef
276 900 82 28 gjord.
396 899 96 23 Genom
511 900 83 29 Nådig
612 899 151 30 kungörelse
783 899 25 22 af
826 899 49 22 den

123 933 15 22 3
164 933 106 23 oktober
295 934 67 22 1894
384 934 203 23 öfverlämnades
609 934 62 22 härä
689 934 37 22 till
744 933 68 29 Kejs.
833 933 42 22 Se-

123 969 75 21 naten
227 969 35 22 att
289 968 62 23 efter
369 969 120 29 pröfning
509 969 25 22 af
552 969 39 22 för
609 969 68 22 tiden
695 968 113 23 rådande
827 967 48 22 för-

122 1001 135 24 hällariden
276 1003 123 22 fastställa
418 1003 127 22 storleken
565 1003 25 22 af
608 1003 48 22 den
674 1003 81 26 ränta,
775 1009 53 16 som
842 1001 32 29 pä

121 1035 169 31 insättningar
308 1037 8 22 i
334 1038 221 28 postsparbanken
573 1037 79 23 borde
671 1037 124 29 erläggas.
829 1036 46 22 Vid

122 1070 83 23 denna
232 1072 118 28 tidpunkt
377 1072 67 22 hade
464 1073 137 22 emellertid
619 1072 255 29 depositionsräntan,

122 1111 52 16 som
195 1105 28 22 är
243 1106 67 22 1894
329 1107 8 21 i
359 1106 218 29 privatbankerna
595 1107 46 22 och
659 1107 108 22 flertalet
786 1106 26 22 af
823 1105 52 22 lan-

122 1139 54 22 dets
196 1141 157 27 sparbanker
371 1141 97 29 utgjort
487 1142 14 21 5
516 1142 33 25 %,
570 1142 53 21 åter
641 1141 105 29 nedgätt
761 1141 37 22 till
811 1140 15 22 4
838 1141 36 26 %,

121 1173 108 24 hvarvid
249 1175 145 22 densamma
413 1176 144 22 sedermera
575 1175 129 23 förblifvit.
733 1175 86 22 Under
838 1174 37 22 sä-

121 1207 67 23 dana
206 1209 176 23 förhällanden
402 1210 81 29 ansäg
501 1210 69 29 Kejs.
592 1210 109 23 Senaten
717 1210 39 22 för
769 1209 106 22 tillfället

121 1242 55 22 skäl
195 1243 22 29 ej
237 1243 124 30 föreligga
380 1245 36 21 att
434 1244 83 23 införa
535 1245 49 22 den
601 1245 144 28 föreslagna
757 1243 117 29 förhöjda

120 1276 227 31 inläningsräntan,
376 1280 62 21 utan
466 1279 51 22 blef
535 1279 121 29 förslaget
673 1279 130 22 tilsvidare
822 1277 53 22 hvi-

119 1310 83 24 lande.
240 1312 12 23 I
277 1313 107 22 oktober
410 1313 93 23 mänad
530 1313 68 23 1896
616 1313 90 29 gjorde
723 1313 65 22 dock
806 1312 68 23 Post-

177 1417 17 23 *)
206 1417 89 19 Häriäro
307 1418 49 18 dock
370 1418 43 19 icke
425 1419 24 18 de
462 1419 61 18 första
535 1419 271 24 organisationskostnaderna
814 1417 51 20 med-

119 1445 92 20 räknade.

188 1487 139 19 Statsutskottets
339 1488 110 19 betänkande
461 1488 37 19 N:o
511 1489 14 17 1.
