1092 1753
201 139 27 20 46
424 139 29 24 U.
469 140 29 22 B.
514 153 28 2 —
556 140 178 21 1[1[-XXXIII.

199 207 139 27 ningskurser
355 207 92 22 faktiskt
465 209 65 21 hafva
546 211 31 19 ett
591 209 107 28 betydligt
712 209 66 28 högre
794 208 71 27 värde,
881 210 26 19 än
924 207 37 22 det

199 241 32 20 till
247 241 83 22 hvilket
345 241 108 23 desamma
469 243 67 28 enligt
550 243 93 21 fondens
659 243 145 28 räkenskaper
819 243 104 21 bokförts.

270 275 91 28 Fattig-
377 277 46 22 och
438 277 232 28 arbetshusfonden,
686 277 92 27 (XXV).
808 277 64 21 Efter
885 277 38 21 det
937 276 24 21 år

201 310 54 21 1887
277 309 47 22 från
346 310 71 22 denna
432 311 52 21 fond
501 311 33 21 till
550 311 142 22 statsverkets
707 311 165 28 utlåningsfond
887 311 73 22 öfver-

199 343 54 21 förts
270 347 31 18 ett
316 345 80 27 kapital
411 345 23 21 af
449 347 111 24 2,400,000
576 346 68 26 mark,
660 349 54 18 samt
729 346 24 20 är
769 347 55 20 1891
835 345 124 28 ytterligare

200 378 90 26 300,000
313 378 66 26 mark,
401 379 13 21 å
434 379 74 21 hvilka
528 379 78 29 belopp
623 380 81 21 fonden
720 380 7 21 i
742 380 54 28 årlig
811 381 62 19 ränta
888 379 71 27 tillgo-

198 412 125 27 gokommer
345 414 76 25 88,000
444 414 66 26 mark,
534 414 38 20 har
594 414 74 28 fattig-
690 414 41 22 och
752 413 207 22 arbetshusfondens

199 446 160 29 kapitalbelopp
379 448 68 21 under
462 448 172 28 finansperioden
651 448 61 22 ökats
730 448 49 21 från
797 449 48 27 Zr
862 448 97 26 559,818:

199 482 26 20 67
242 480 38 22 vid
297 482 53 20 1892
366 481 33 21 års
416 482 73 28 början
505 482 32 21 till
553 484 42 25 Se
612 484 95 24 742,232:
723 484 27 20 49
767 482 37 22 vid
815 482 109 28 utgången
937 482 23 21 af

199 514 23 22 år
238 516 62 25 1894,
315 515 40 21 och
371 516 83 21 således
471 516 47 21 med
536 517 48 27 ry
600 518 96 25 182,413:
710 518 33 21 82.

269 549 71 21 Sedan
363 550 23 20 är
409 551 55 21 1892
487 550 38 22 har
550 550 71 22 säsom
646 551 89 21 stäende
757 550 66 28 utgift
838 550 35 21 för
888 550 71 21 denna

199 582 53 22 fond
268 584 76 21 införis
361 587 30 18 ett
407 585 74 27 anslag
496 585 22 21 af
534 586 76 26 70,000
628 585 59 21 mark
698 588 31 18 att
740 584 111 22 användas
861 584 33 21 till
908 592 51 13 »un-

199 617 143 22 derstödande
365 619 23 20 af
409 619 69 21 finska
497 619 146 28 medborgare,
659 627 45 13 som
720 621 36 19 äro
772 619 33 21 till
820 618 73 22 arbete
909 618 50 21 full-

199 652 96 28 ständigt
317 652 146 29 oförmögne»,
484 653 92 22 hvarhos
600 654 23 20 af
646 654 123 28 uppkomna
792 654 138 27 besparingar
945 652 13 22 &

199 686 60 21 detta
274 687 73 27 anslag
363 687 68 21 bildas
448 696 25 12 en
489 688 54 20 fond
559 688 35 20 för
610 695 80 13 samma
706 688 105 20 ändamäl.

269 772 99 23 Fonden
385 773 40 22 för
440 773 96 22 inlösen
554 773 27 22 af
594 773 180 28 skogsmarker.
803 773 109 28 Ingäende
922 773 36 21 ba-

198 807 76 21 lansen
295 807 7 20 i
321 807 70 22 denna
413 808 53 21 fond
490 807 42 22 den
558 809 10 20 1
586 808 41 27 jan.
651 809 54 20 1892
728 807 99 29 utgjorde
848 807 40 21 enl.
903 807 54 21 rela-

198 842 74 20 tionen
295 841 115 28 (XXVIII
426 850 15 13 s.
459 843 19 26 2)
493 843 49 27 Frye
559 843 81 20 77.247:
656 843 27 20 49
702 842 40 21 och
758 841 108 28 utgående
881 841 75 21 balans

198 875 36 21 ult.
259 875 45 22 dec.
328 877 54 20 1894
405 876 79 27 (XXX
508 884 15 13 s.
539 877 19 26 3)
575 877 47 26 ny
638 877 83 25 45,535:
737 877 33 20 96.
801 875 156 28 Skogsmarker

197 909 66 21 hafva
279 909 34 21 för
328 911 140 21 statsverkets
484 911 91 27 räkning
591 910 86 29 inköpts

336 984 67 21 under
419 985 55 21 1892
489 984 35 21 för
545 1001 5 4 .
580 1001 4 4 .
614 985 48 28 ry
706 985 69 26 8,463:
792 985 26 21 60

420 1020 55 20 1893
504 1028 8 10 »
545 1035 4 5 .
579 1035 5 5 .
630 1028 8 11 >
705 1020 69 26 4,175:
790 1032 28 3 —

420 1054 55 20 1894
504 1062 9 10 »
545 1069 5 5 .
579 1069 5 5 .
630 1062 9 10 »
663 1048 16 35 =
693 1054 81 24 15,567:
790 1054 28 20 40

510 1104 86 21 Summa
612 1105 48 27 ny:
690 1105 82 25 28,206:
790 1117 34 13 —,

195 1182 42 22 alla
260 1183 90 28 belägna
371 1185 7 19 i
394 1184 33 21 S:t
442 1184 92 21 Michels
551 1184 34 20 län
601 1184 50 20 med
667 1183 109 28 undantag
792 1183 23 21 af
831 1190 25 14 en
872 1183 83 21 mindre

195 1216 127 29 skogsmark
337 1218 6 20 i
359 1218 67 21 Wasa
440 1218 42 21 län.

264 1302 252 23 Landtbruksfonden
545 1302 223 29 (XXVIII-XXX)
796 1304 63 26 utgör
881 1305 74 25 egent-

193 1337 58 27 ligen
275 1339 31 19 ett
327 1337 158 28 separatkonto,
502 1345 77 20 genom
601 1337 85 26 hvilket
702 1336 114 28 ätskilliga,
831 1336 124 28 isynnerhet

192 1371 115 27 tillfälliga,
327 1372 88 27 utgifter
435 1372 32 20 till
483 1371 237 28 landthushällningens
734 1371 93 21 fromma
842 1370 113 22 bestridas.

193 1404 64 22 Dock
279 1405 66 20 finnes
367 1405 7 20 i
393 1405 82 21 fonden
489 1405 65 22 äfven
569 1405 125 21 reserverad
709 1404 97 28 tillgäng,
822 1411 46 14 som
883 1404 42 21 den
942 1405 11 20 1

191 1439 83 28 januari
295 1440 55 20 1892
366 1439 99 28 utgjorde
480 1440 48 27 97
544 1440 96 27 216,959:
657 1441 26 19 52
699 1439 40 21 och
755 1439 36 21 vid
807 1438 109 28 utgången
932 1438 23 21 af

265 1478 141 19 Statsutskottets
419 1479 110 18 betänkande
541 1479 35 17 N:o
589 1479 17 17 2.
