1078 1692
177 146 12 21 6
373 147 29 23 U.
416 147 28 23 B.
459 160 28 3 —
503 147 185 23 Stlnderhuset.

219 209 73 28 Enligt
309 210 119 22 Utskottots
443 210 64 22 ofvan
518 210 75 28 gjorda
607 211 79 27 förslag
700 211 85 22 komme
799 211 34 21 för
843 211 59 22 kom-

147 243 211 28 pletteringsarbeten
374 244 13 21 &
401 244 148 22 ständerhuset
564 247 30 19 att
609 246 114 20 användas:

148 328 33 21 för
196 328 168 22 arkivrummens
379 330 114 28 inredning
516 347 4 5 .
551 346 4 5 .
585 347 4 5 .
654 347 4 4 <
723 348 38 4 00.
791 332 67 27 2,440:
875 344 27 3 —

163 379 10 10 »
196 363 109 27 pristäflan
320 364 34 20 för
368 370 95 22 gruppen
478 365 7 20 i
501 344 175 52 tympanonfältet
688 382 4 4 .
723 382 4 4 +
757 382 4 4 .
792 366 67 27 5,000:
875 378 27 3 —

163 413 11 11 »
197 397 130 27 uppförande
342 398 21 20 af
376 405 29 20 ny
420 399 165 21 friskluftbrunn
619 416 4 4 .
654 416 4 4 .
689 416 4 5 .
723 416 4 5 .
757 401 102 27 .14,000:
875 413 27 3 —

163 448 11 10 »
197 431 101 22 Skvärens
313 432 112 28 planering
440 434 39 20 och
494 434 121 27 plantering
652 450 4 4 .
686 450 4 4 .
722 451 4 4 .
758 451 3 4 .
792 413 67 54 7.000:
875 447 27 3 —

163 482 11 10 »
197 466 121 28 akroterier,
340 467 168 27 synekostnader
529 468 41 21 och
584 468 142 28 fastmurning
741 469 21 21 af

197 500 146 28 öppningarna
358 501 12 21 å
386 502 77 21 vinden
479 519 4 4 .
515 518 4 5 .
549 518 4 5 .
584 518 4 6 .
619 519 4 4 .
661 519 1 4 0
688 519 4 4 .
728 519 1 5 0
757 519 3 5 .
792 504 66 26 1,978
875 504 26 20 12

667 548 93 22 Summa:
777 550 82 26 30,418:
875 550 26 20 12

219 602 34 22 Dä
275 603 151 29 behällningen
450 604 12 22 &
487 605 207 28 byggnadsanslaget
710 606 116 21 emellertid
842 608 61 26 utgör

149 636 75 22 endast
254 638 76 26 20418
356 639 60 21 mark
439 640 27 20 12
488 640 71 26 penni,
579 640 69 20 skulle
670 640 89 21 sålunda
781 640 32 22 för
835 640 65 28 sagda

148 671 86 21 arbeten
266 672 104 22 erfordras
400 675 29 19 ett
457 674 175 27 tillskottsanslag
647 674 22 20 af
688 674 74 27 10,000
778 675 65 26 mark,
862 675 40 21 och

148 705 33 21 fär
196 705 108 22 Utskottet
318 706 70 22 därför
404 708 107 24 vördsamt
524 708 83 21 föreslä:

384 800 33 19 att
447 798 125 22 Ständerna
601 798 51 22 ville
682 799 35 21 till
738 799 117 27 utförande
876 806 25 20 aj

355 832 265 28 kompletteringsarbeten
646 833 15 20 å
682 833 151 21 ständerhuset
858 840 42 13 an-

354 866 34 21 slä
416 867 86 26 10,000
529 867 64 21 mark
617 867 87 28 utöfver
726 867 176 28 behällningen
889 862 16 37 i

356 901 216 28 byggnadsanslaget.

217 1002 10 21 I
243 1003 153 27 sammanhang
416 1003 86 21 härmed
520 1003 39 21 har
573 1003 107 21 Utskottet
695 1005 49 19 trott
759 1003 32 26 sig
806 1002 51 21 böra
871 1003 31 21 till

148 1035 120 26 Ständerna
293 1037 109 21 inkomma
424 1037 49 21 med
494 1037 79 28 förslag
595 1032 137 31 beträffande
746 1037 156 22 ständerhusets

147 1071 132 28 förvaltning
319 1071 40 21 och
396 1071 48 21 dess
481 1072 138 27 användning
652 1071 69 22 under
750 1071 58 21 tiden
839 1071 63 22 emel-

148 1105 37 21 lan
207 1105 177 21 ständermötena.
414 1105 11 21 I
447 1106 39 21 och
508 1106 33 21 för
563 1106 80 21 vården
665 1112 35 15 om
722 1106 62 21 huset
799 1105 59 22 torde
875 1112 27 15 en

149 1139 89 21 särskild
262 1139 91 22 ekonom
376 1139 51 22 böra
450 1140 101 27 tillsättas,
574 1141 63 20 hvars
658 1140 120 27 antagande
798 1139 105 22 måhända

147 1173 116 28 lämpligen
278 1174 72 21 kunde
365 1174 142 21 öfverlemnas
522 1174 21 21 åt
559 1174 163 27 Statsutskottet,
737 1174 40 21 och
792 1180 45 15 som
852 1174 6 20 i
870 1174 32 21 sin

147 1207 136 22 verksamhet
303 1208 91 21 emellan
409 1208 153 28 landtdagarne
577 1209 75 26 skulle,
668 1209 88 21 likasom
772 1208 63 21 äfven
843 1207 59 22 Stän-

147 1241 77 22 dernas
245 1242 153 27 bibliotekarie,
420 1243 33 21 stå
474 1243 68 20 under
559 1243 73 26 tillsyn
654 1243 22 20 af
691 1242 127 21 Ständernas
838 1242 65 21 bank-

147 1276 140 27 fullmäktige,
308 1276 72 21 hvilka
400 1277 79 27 jämväl
495 1277 64 21 borde
576 1277 139 27 bemyndigas
730 1279 35 25 att,
780 1277 7 20 i
802 1276 100 22 händelse

147 1311 22 20 af
177 1311 131 22 ekonomens
320 1311 52 22 eller
380 1311 173 22 bibliotekariens
561 1311 77 28 afgång
646 1311 69 22 under
722 1311 42 22 den
772 1311 30 21 tid
809 1311 94 21 ständer-

146 1347 58 19 möte
211 1345 48 21 icke
270 1345 70 28 pågår,
347 1346 147 27 antagaandra
500 1347 114 26 personer
604 1334 9 44 i
621 1346 61 21 deras
689 1346 65 21 ställe.
777 1338 126 28 ÄtStatsut-

147 1379 79 22 skottet
236 1379 61 22 torde
305 1379 103 22 likaledes
414 1380 74 21 kunna
497 1380 141 21 öfverlemnas
646 1382 30 19 att
683 1379 97 22 utarbeta
788 1379 40 21 och
835 1379 32 21 till
874 1379 29 21 ef-

147 1413 117 21 terrättelse
276 1413 82 22 faställa
365 1414 128 21 instruktion
507 1414 33 21 för
553 1414 245 21 ständerhusekonomen
810 1416 54 18 samt
874 1416 30 19 att

147 1447 27 27 på
185 1454 81 14 samma
274 1448 56 27 gång
345 1448 114 21 verkställa
473 1448 147 28 omarbetning
635 1448 21 21 af
666 1448 42 21 den
719 1447 73 22 hittills
804 1447 98 28 gällande

217 1487 143 18 Statsutskottets
373 1487 110 18 betänkande
496 1489 37 16 N:o
546 1488 19 18 8.
