1078 1692
478 214 165 25 Bondeståndet:

183 260 137 22 Ledamöter:
351 261 190 21 Kommunalrådet
557 262 26 21 A.
601 262 125 21 Meurman.

352 295 134 22 Redaktören
508 296 23 21 V.
550 296 102 28 Löfgren.

185 329 153 28 Suppleanter:
353 330 161 27 Borgmästaren
530 330 21 21 J.
573 330 24 22 G.
617 330 114 22 Sohlman.

353 364 124 21 Professorn
493 365 21 21 J.
532 364 116 22 Forsman.

252 409 76 22 Denna
351 410 89 21 sålunda
459 413 151 19 sammansatta
625 411 124 27 Delegation
766 411 65 21 erhöll
847 411 21 21 af
884 411 54 20 1888

184 444 33 20 års
233 444 89 21 Ständer
337 444 118 28 uppdraget

390 520 32 20 att
438 519 45 21 låta
499 519 75 21 vidare
589 519 99 28 fullfölja
704 520 81 20 arbetet
796 520 50 20 med
858 527 78 14 monu-

321 555 80 19 mentet
424 554 37 20 och
485 554 35 21 till
543 556 52 19 näst
613 554 210 22 sammanträdande
846 554 94 22 Ständer

322 588 113 21 inkomma
449 588 21 28 ej
483 588 87 21 mindre
585 589 50 20 med
649 588 109 22 berättelse
773 596 34 14 om
822 589 37 21 sin
873 589 64 21 värk-

323 622 85 21 samhet
430 624 31 19 än
484 623 48 21 med
553 623 91 27 uppgift
666 623 60 27 öfver
748 623 34 21 det
798 623 79 28 belopp,
892 630 45 14 som

323 656 149 28 tilläfventyrs
485 657 28 21 dä
527 657 44 21 kan
581 664 55 14 vara
647 657 37 27 för
693 657 127 21 ändamålet
831 658 105 27 behöfligt.

254 730 33 22 Dä
301 730 154 28 Delegationen
471 731 31 21 till
518 731 100 27 ätlydnad
634 732 59 20 häraf
704 738 29 14 nu
746 732 36 27 gär
793 734 29 19 att
834 728 105 25 vördsamt

186 765 79 28 afgifva
286 765 134 28 redogörelse
439 766 60 20 öfver
513 766 33 20 sin
562 766 134 21 värksamhet
710 765 70 22 under
794 766 35 21 det
843 766 96 22 tillända-

185 800 67 27 lupna
268 800 103 27 trienniet,
387 799 95 22 anhäller
497 800 154 28 Delegationen
668 802 30 20 att
712 800 74 22 främst
796 800 21 22 fä
828 803 112 19 omnämna

187 834 40 21 den
242 834 129 27 förändring,
386 840 44 15 som
446 834 93 21 inträffat
553 834 6 20 i
575 834 165 28 Delegationens
752 836 188 26 sammansättning

186 875 78 21 genom
273 868 150 27 suppleantens
433 868 34 21 för
477 868 158 21 Prästeständet
645 869 165 21 extraordinarie
821 869 118 28 professorn

186 902 20 21 J.
228 902 85 21 Krohns
336 902 41 21 den
400 903 26 20 28
449 903 84 27 augusti
557 903 54 20 1888
635 903 77 21 timade
735 903 102 21 fränfälle.
867 903 71 22 Säsom

187 937 127 20 ordförande
336 937 38 20 har
396 937 129 20 fortfarande
548 937 144 21 funktionerat
716 937 111 22 statsrädet
841 938 99 27 Pipping-

187 971 67 27 sköld,
276 971 69 20 såsom
370 971 73 20 kassör
466 971 197 21 öfverintendenten
688 971 103 22 Sanmark
814 973 38 20 och
870 972 68 21 såsom

187 1005 185 27 protokollsförare
388 1005 184 21 kommunalrådet
588 1005 117 22 Meurman.

256 1039 10 20 I
282 1039 92 28 enlighet
395 1039 47 21 med
467 1039 128 22 Ständernas
618 1040 95 27 uppdrag
732 1041 38 20 har
787 1040 151 28 Delegationen

188 1074 44 21 låtit
248 1073 72 21 vidare
335 1073 91 28 fullfölja
441 1074 81 21 arbetet
537 1075 48 20 med
601 1076 157 19 monumentets
774 1075 116 27 utförande,
901 1075 38 21 och

187 1109 38 20 har
248 1108 56 21 detta
326 1114 88 14 numera
437 1108 74 21 skridit
537 1108 22 21 så
582 1108 59 28 långt
660 1109 82 27 framåt,
758 1110 34 26 att,
807 1109 71 20 såvida
893 1109 46 21 icke

187 1142 66 27 några
275 1142 135 21 oförutsedda
431 1142 75 21 hinder
523 1143 89 27 inträffa,
630 1143 91 20 arbetets
736 1143 147 21 fullbordande
898 1144 40 20 kan

187 1177 91 20 emotses
294 1177 71 20 senast
380 1175 23 21 år
419 1176 60 21 1896.

256 1210 11 20 I
289 1210 74 27 början
386 1210 21 21 af
428 1210 23 21 år
475 1211 54 20 1889
552 1211 115 21 hemsände
690 1211 123 27 skulptören
828 1211 112 28 Runeberg

187 1244 46 21 från
250 1244 60 21 Paris
326 1251 25 14 en
367 1246 143 26 porträttstaty
522 1245 21 20 af
553 1247 157 19 monumentets
721 1245 136 28 hufvudfigur
867 1245 75 28 Kejsar

188 1278 125 21 Alexander
327 1278 22 21 II
371 1279 5 19 i
400 1279 161 27 kroppsstorlek.
591 1279 75 21 Denna
688 1281 55 26 staty
759 1279 44 21 blef
817 1280 34 20 vid
867 1280 39 21 den
922 1280 22 21 af

188 1313 118 26 respektive
332 1315 98 24 experter
451 1313 112 21 förstärkta
585 1313 164 28 Delegationens
774 1314 166 21 sammanträden

188 1347 42 20 den
253 1347 25 20 27
302 1347 38 20 och
364 1347 26 20 29
413 1353 57 15 mars
493 1347 77 21 nämda
585 1348 23 20 år
623 1348 104 27 granskad
744 1349 38 20 och
798 1348 97 27 godkänd
911 1348 30 21 till

188 1380 118 27 utförande,
329 1381 64 20 sedan
416 1381 54 21 dock
492 1388 26 14 en
535 1381 34 21 del
584 1382 165 27 anmärkningar
764 1383 38 20 och
818 1383 124 27 önsknings-

187 1415 42 20 mål
251 1415 21 20 af
292 1415 65 27 några
382 1415 274 28 delegationsmedlemmar
684 1417 38 21 och
746 1418 97 26 experter
858 1417 84 21 uttalats

186 1449 91 20 rörande
293 1449 137 26 vidtagandet
445 1450 22 20 af
483 1450 56 20 vissa
556 1450 214 27 detaljförändringar
785 1451 10 20 å
811 1452 75 25 statyn.
