1078 1692
228 144 29 23 60

200 208 129 21 derbörande
344 208 131 27 tjenstemän,
491 207 23 21 sä
528 207 39 21 har
582 207 13 21 2
610 213 62 15 mom.
688 206 23 21 af
724 206 12 26 &
750 206 28 21 67
788 205 44 28 (65)
846 205 7 21 i
863 204 92 28 enlighet

199 242 88 20 härmed
307 241 98 26 affattats,
424 241 143 21 hvarförutom
579 240 78 28 jemväl
672 240 46 27 $:ns
735 240 13 21 3
764 246 63 14 mom.
843 238 112 27 undergätt

200 281 26 15 en
241 275 155 28 förtydligande
411 275 148 21 omredaktion.

269 309 47 21 Den
331 309 122 21 förändrade
470 309 137 27 affattningen
623 308 23 22 af
658 309 14 21 2
686 314 62 15 mom.
760 308 12 27 $
783 308 27 21 73
821 306 45 29 (71)
876 308 23 19 är
909 306 45 21 vid-

199 344 65 26 tagen
278 343 48 21 med
341 343 85 27 hänsigt
439 343 33 21 till
487 343 41 21 den
543 343 66 21 under
625 343 11 27 $
652 343 27 21 39
694 342 46 28 (38)
751 342 119 26 föreslagna
880 339 74 22 anord-

200 377 78 27 ningen
293 377 23 21 af
328 377 77 21 värden
421 377 37 21 och
473 377 100 27 tillsynen
588 377 106 21 äfvensom
704 376 117 21 kontrollen
831 375 57 21 öfver
897 374 57 20 Ban-

193 411 57 21 -kens
270 411 63 21 hvalf.
361 411 82 21 Jemväl
460 411 39 21 har
513 410 107 22 befunnits
635 410 73 27 nödigt
723 411 32 20 att
769 410 8 20 i
792 408 133 22 förevarande
941 407 12 27 $

200 446 94 26 upptaga
308 445 154 21 föreskrifterna
476 445 7 21 i
504 446 6 26 8
527 446 41 20 112
583 451 62 15 mom.
660 445 13 21 6
688 444 24 22 af
724 444 97 27 gällande
831 442 122 26 bankregle-

200 480 70 20 mente
293 479 127 21 beträffande
439 486 76 14 ansvar
533 479 35 21 vid
582 479 70 21 förvar
667 478 23 22 af
702 478 99 21 Bankens
823 476 130 22 skuldsedlar

201 513 38 21 och
255 513 178 27 länehandlingar.

370 572 20 20 4.
420 570 36 28 Ny
471 572 44 20 stat
529 570 38 28 för
581 570 112 21 Finlands
709 570 72 20 Bank.

269 616 72 27 Enligt
362 616 76 27 nädiga
459 616 140 27 kungörelsen
614 616 40 21 den
671 616 26 21 12
712 616 59 26 April
788 614 61 26 1886,
864 613 89 22 innefat-

200 650 64 21 tande
284 651 42 20 stat
340 650 32 21 för
386 650 99 21 Finlands
499 650 67 26 Bank,
582 650 51 27 utgå
646 649 133 28 hyresmedel
794 649 38 21 och
847 648 107 27 taffelpen-

200 684 76 27 ningar
298 684 32 21 för
351 684 136 22 ordföranden
507 684 7 21 i
529 684 191 22 Bankdirektionen
738 683 49 21 med
801 683 73 21 inalles
889 682 64 26 6,000

201 718 38 22 och
258 718 32 22 för
307 719 101 21 hvardera
424 719 22 21 af
457 719 146 21 Direktionens
618 718 115 22 ledamöter
748 717 49 21 med
812 717 62 25 4,000
888 716 65 20 uark.

201 752 36 22 Uti
260 752 100 27 förslaget
382 753 32 21 till
432 754 42 20 stat
488 753 32 21 för
535 753 88 21 Banken
638 754 34 20 äro
687 751 120 22 förberörde
822 750 132 28 hyresmedel

201 786 37 21 och
254 786 174 28 taffelpenningar
442 787 153 21 sammanförde
611 787 66 21 under
692 786 41 21 den
749 791 156 22 gemensamma
920 791 34 14 ru-

201 820 73 21 briken
288 821 99 26 varvode»,
403 821 105 26 hvarjente
523 822 133 26 bestämning
670 820 87 27 intagits
768 820 71 21 derom
849 820 30 20 att
888 818 66 22 bank-

201 853 92 22 direktör
315 854 51 21 efter
388 854 42 21 fem
452 855 38 21 och
508 855 29 21 tio
552 855 33 21 ärs
600 855 140 27 tjenstgöring
754 854 126 21 tillkommer
895 858 58 15 arvo-

201 888 155 27 desförhöjning
370 889 48 20 med
433 889 64 26 1,000
511 889 59 21 mark
579 889 103 22 hvardera
692 889 88 27 gängen.
794 887 159 28 Ifrägavarande

200 921 119 28 förhöjning
341 922 23 21 af
383 923 174 21 medlemmarnes
571 923 8 21 i
593 923 192 21 Bankdirektionen
807 922 92 27 aflöning
914 922 38 20 har

201 956 79 21 ansetts
303 956 67 27 skälig
391 957 47 20 med
461 957 81 27 hänsyn
561 957 32 20 till
608 957 40 21 den
662 957 120 27 betydande
798 956 118 27 stegringen
932 955 22 21 af

199 989 101 21 Finlands
318 989 70 22 Banks
407 991 131 20 verksamhet
552 991 67 21 under
634 997 72 15 senare
722 991 28 25 är,
767 991 83 20 hvilken
864 997 29 14 nu
908 996 45 15 mer

200 1024 27 19 än
242 1023 57 21 förut
314 1024 58 26 tager
387 1024 152 21 direktörernes
553 1025 86 21 odelade
654 1025 71 21 arbete
740 1025 7 20 i
762 1025 95 27 anspräk.

268 1057 12 20 I
294 1057 112 27 anledning
421 1058 22 21 af
456 1058 40 21 den
511 1059 38 20 här
564 1059 61 21 ofvan
640 1059 34 21 vid
688 1059 152 26 motiveringen
855 1058 23 21 af
889 1059 25 26 $$
924 1058 29 21 50

199 1091 39 21 och
252 1091 27 21 51
295 1091 8 20 i
317 1091 99 27 förslaget
431 1092 32 21 till
478 1093 181 26 bankreglemente
675 1092 137 22 omförmälda
825 1091 128 28 reorganisa-

198 1124 43 21 tion
258 1125 23 20 af
293 1125 97 21 Bankens
406 1126 213 28 kamrerarepersonal
626 1127 62 21 hafva
696 1126 197 27 Bankfullmäktige,
904 1125 48 22 med

199 1158 97 21 afseende
311 1159 13 21 å
338 1159 36 21 det
388 1160 47 21 med
458 1161 208 21 bankkommissarie-
688 1161 39 21 och
746 1161 63 20 förste
825 1161 127 20 kamrerare-

198 1192 168 27 befattningarne
386 1193 97 22 förenade
503 1201 74 14 ansvar
591 1195 130 21 beträffande
736 1195 98 26 tillsynen
850 1194 38 21 och
902 1194 50 21 kon-

198 1227 76 20 trollen
293 1227 56 21 öfver
363 1227 98 22 Bankens
475 1229 64 26 hvalf,
555 1229 69 21 funnit
639 1229 32 27 sig
685 1229 52 21 böra
752 1229 75 20 föreslä
841 1228 32 21 för
887 1228 65 21 bank-

197 1260 158 22 kommissarien
370 1267 26 15 en
412 1262 91 27 aflöning
518 1263 23 20 af
555 1263 76 25 10,600
645 1263 61 21 mark
720 1263 38 21 och
774 1263 31 20 för
820 1262 63 21 förste
894 1262 58 21 kam-

197 1300 84 15 reraren
305 1295 63 25 7,500
388 1297 65 24 mark,
476 1297 135 26 hvarigenom
625 1297 158 27 ifrägavarande
798 1296 152 21 funktionärers

197 1327 153 22 löneförmäner
371 1329 82 22 komme
475 1331 31 20 att
527 1331 48 20 med
597 1337 53 21 resp.
675 1331 63 25 1,600
756 1331 38 20 och
816 1330 62 25 1,000
891 1330 60 21 mark

197 1361 127 28 Ofverskjuta
346 1363 53 25 dem,
422 1370 45 15 som
489 1365 66 26 enligt
576 1371 29 15 nu
625 1365 97 27 gällande
741 1365 43 20 stat
801 1364 71 27 åtfölja
886 1364 64 20 förste

196 1395 39 21 och
256 1396 63 21 andre
334 1397 291 28 kamrerarehefattningarne.
654 1399 101 21 Deremot
769 1399 38 20 har
823 1398 63 21 andre
894 1398 57 20 kam-

196 1435 95 16 rerarens
314 1430 92 28 aflöning
427 1432 118 21 bibehällits
567 1433 34 20 vid
617 1433 35 21 det
666 1433 82 27 belopp,
764 1439 44 14 som
824 1433 7 20 i
848 1431 53 22 1889
918 1432 32 21 ärs

195 1463 129 27 tilläggsstat
347 1465 23 20 är
392 1465 32 21 för
438 1472 26 15 en
486 1466 65 27 tredje
570 1467 118 21 kamrerare
704 1467 101 26 anslaget,
821 1467 50 20 eller
886 1466 65 25 6,500
