1078 1692
230 135 27 20 26
578 136 9 20 I

271 204 41 21 2:0.
343 204 60 21 Efter
419 204 36 21 det
475 204 120 22 Ständerna
611 205 6 21 i
633 205 115 27 anledning
764 205 23 21 af
801 206 61 20 väckt
878 206 80 20 motion

203 238 84 26 antagit
309 240 31 19 ett
364 238 81 28 förslag
465 239 33 21 till
513 239 132 27 förordning,
662 240 110 26 angående
788 240 88 27 qvinnas
892 240 66 20 inväl-

199 271 65 27 jande
289 272 31 21 till
343 273 94 21 ledamot
452 273 23 21 af
489 273 228 28 fattigvårdsstyrelse,
734 276 54 19 samt
805 274 6 20 i
827 274 132 27 underdånig

202 306 111 22 skrifvelse
330 307 22 21 af
367 308 39 20 den
422 309 12 19 9
450 308 62 26 April
530 309 53 20 1888
599 308 74 22 härom
690 309 86 27 anmält,
789 309 38 20 har
837 308 58 22 Hans
908 308 50 27 Kej-

203 340 78 27 serliga
296 341 100 27 Majestät
412 342 71 21 täckts
499 342 6 21 i
521 342 68 21 nåder
605 342 107 22 stadfästa
729 344 66 26 sagda
811 342 147 26 författnings-

201 374 86 28 förslag,
311 376 7 20 i
341 376 92 27 enlighet
456 376 102 22 hvarmed
582 377 65 27 nådig
662 377 126 27 förordning
804 377 68 21 blifvit
888 378 40 20 den
946 378 11 20 6

202 409 91 27 Augusti
310 411 54 20 1889
380 410 106 22 utfärdad.

271 446 40 19 3:0.
332 445 42 21 Det
390 444 22 22 af
426 445 122 21 Ständerna
564 446 5 20 i
586 446 115 27 anledning
718 446 22 21 af
753 447 63 20 väckt
827 446 80 21 motion
920 452 38 15 an-

202 480 66 25 tagna
279 479 80 27 förslag
370 480 33 20 till
414 479 126 29 förordning
552 481 110 27 angående
672 482 66 20 sättet
748 481 37 21 och
796 481 117 27 ordningen
923 481 34 20 vid

200 513 165 27 borgmästare-,
388 514 112 22 rädmans-
523 515 39 21 och
582 515 294 27 magistratssekreterareval
891 515 7 21 i
913 517 44 19 stä-

201 547 67 22 derna
290 548 40 21 har
354 549 60 21 Hans
439 550 119 26 Kejserliga
583 550 101 27 Majestät
709 550 7 21 i
741 550 67 21 näder
833 549 123 27 stadfästat,

201 581 37 21 och
263 584 24 19 är
310 583 64 27 nädig
394 583 126 27 förordning
535 584 6 21 i
559 584 92 27 enlighet
668 584 86 22 dermed
771 584 100 21 utfärdad
887 584 40 20 den
944 585 12 20 6

201 616 92 27 Augusti
312 618 59 21 1889.

269 652 41 20 4:0.
341 652 35 21 Uti
401 652 109 22 skrifvelse
533 652 23 22 af
577 653 40 21 den
639 654 24 20 31
684 653 42 27 Maj
746 654 53 20 1888
815 653 62 21 hafva
893 652 63 22 Stän-

201 685 66 21 derna
290 686 32 20 till
344 686 60 22 Hans
428 687 117 27 Kejserliga
568 687 112 27 Majestäts
702 687 78 27 nådiga
799 687 157 27 godkännande

201 719 139 22 öfverlemnat
363 722 31 20 ett
418 721 22 21 af
461 721 122 22 Ständerna
598 722 6 20 i
621 722 115 26 anledning
756 722 22 20 af
796 722 63 20 väckt
874 721 82 21 motion

201 756 87 25 antaget
312 754 80 28 förslag
415 756 32 20 till
469 755 127 28 förordning
619 756 111 27 angående
746 756 120 26 ersättning
883 755 22 21 af
918 755 38 21 all-

199 790 79 20 männa
294 790 68 20 medel
378 790 22 21 åt
416 790 83 21 vittnen
515 791 6 20 i
537 790 109 27 brottmål,
660 791 67 27 jemte
737 790 135 26 underdånig
882 790 74 20 anhål-

199 823 35 20 lan
251 824 33 19 att
299 824 61 21 Hans
375 824 118 27 Kejserliga
509 825 102 27 Majestät
622 826 90 25 täcktes,
727 826 3 19 i
741 825 101 20 händelse
853 824 102 27 förslaget

199 863 71 15 vunne
293 858 65 27 nådig
380 858 144 27 fastställelse,
547 859 46 21 låta
615 860 87 27 vidtaga
718 859 26 21 de
760 859 106 27 åtgärder,
883 858 73 21 hvilka

199 891 32 22 för
241 892 120 27 bringande
372 893 32 21 till
414 894 162 27 verkställighet
588 894 22 21 af
618 893 164 28 förordningens
794 893 161 26 bestämningar

199 926 72 21 kunde
286 926 70 23 finnas
372 928 85 27 nödiga.

266 961 47 22 Den
330 962 32 21 till
378 963 68 26 grund
463 963 33 20 för
511 963 133 21 Ständernas
664 963 94 21 nämnda
772 962 183 27 författningsför-

198 995 46 27 slag
258 995 64 27 lagda
338 997 90 26 princip,
443 999 32 19 att
485 997 36 21 det
530 997 60 27 ålåge
599 997 131 21 statsverket
738 998 83 19 ersätta
833 997 25 20 de
866 997 88 20 kostna-

200 1029 42 26 der,
264 1036 46 15 som
329 1037 77 20 genom
421 1031 118 22 inställelse
554 1031 32 22 till
602 1032 92 21 domstol
709 1031 138 27 tillskyndats
863 1031 91 25 vittnen,

197 1063 72 22 hvilka
292 1065 23 21 af
336 1065 77 22 allmän
438 1066 101 28 åklagare
554 1067 7 20 i
577 1066 70 27 gröfre
666 1066 103 21 brottmål
786 1065 114 27 påkallats,
915 1065 40 20 har

198 1101 83 19 ansetts
304 1100 105 21 innebära
432 1107 26 14 en
482 1101 59 21 såväl
555 1103 7 19 i
578 1101 149 21 rättsvårdens
750 1101 99 25 intresse,
868 1106 45 15 som
928 1105 27 15 ur

197 1133 219 28 billighetssynpunkt
439 1135 84 27 önsklig
546 1135 122 27 utveckling
688 1135 24 21 af
726 1135 39 21 den
781 1135 7 20 i
804 1136 12 19 5
833 1133 12 29 &
864 1135 24 19 17
904 1134 50 26 kap.

198 1167 24 21 R.
239 1168 24 21 B.
280 1169 98 21 uttalade
397 1170 123 26 grundsats,
537 1171 33 20 att
586 1170 40 21 den
643 1176 45 15 som
704 1169 97 27 påkallat
816 1169 69 20 vittne
900 1167 55 22 skall

197 1204 83 19 ersätta
304 1203 48 22 dess
374 1204 127 26 kostnader;
522 1211 48 14 men
587 1205 6 20 i
608 1204 52 27 följd
676 1203 22 22 af
711 1202 244 27 författningsförslaget

196 1237 129 22 vidlådande
347 1238 80 21 brister
450 1239 38 20 och
504 1239 6 20 i
526 1239 107 21 anseende
656 1239 31 20 till
707 1239 26 20 de
750 1237 142 28 olägenheter,
909 1243 45 14 som

196 1271 190 28 verkställigheten
406 1273 22 21 af
445 1273 48 22 dess
516 1273 161 27 bestämningar
692 1272 70 22 skulle
776 1271 64 22 hafva
855 1271 98 26 medfört,

195 1305 40 21 har
246 1305 120 22 detsamma
379 1307 47 21 icke
439 1309 82 20 ansetts
533 1307 80 27 egnadt
624 1309 32 20 att
667 1307 32 22 till
712 1306 126 22 efterlefnad
849 1305 105 22 utfärdas.

265 1340 47 21 Den
327 1341 7 20 i
353 1342 8 20 1
379 1341 13 28 &
409 1341 22 21 af
445 1342 93 21 nämnda
561 1341 80 28 förslag
663 1341 118 27 uppstälda
799 1340 58 27 regel
871 1340 6 21 i
893 1340 62 26 fråga

197 1380 33 15 om
245 1375 81 21 vittnes
341 1375 150 27 godtgörande
501 1375 33 22 för
544 1376 148 26 resekostnad,
706 1375 66 27 enligt
782 1375 84 21 hvilken
877 1374 77 26 rättig-

196 1408 36 21 het
252 1409 33 21 till
305 1410 122 27 ersättning
442 1409 34 22 för
491 1410 118 27 skjutslega
625 1410 69 21 skulle
709 1409 64 22 hafva
788 1409 84 21 inträdt
887 1408 67 21 redan
