1078 1692
838 126 28 21 39

135 189 123 26 befattning,
274 189 39 21 har
328 188 84 21 Stenius
427 188 38 21 hos
480 188 192 27 Bankfullmäktige
688 188 76 21 ansökt
778 189 31 20 att
819 188 32 22 för
862 188 32 21 sin

135 222 130 22 återstående
280 222 66 22 lifstid
360 222 83 21 komma
458 222 8 21 i
477 222 122 27 åtnjutande
612 222 23 21 af
643 222 93 27 pension,
748 222 145 22 motsvarande

135 257 81 21 hälften
231 257 23 21 af
267 257 41 21 den
322 256 32 21 för
370 256 146 27 befattningen
531 256 12 21 å
558 257 43 20 stat
616 256 102 27 anslagna
732 256 42 21 lön.
799 256 49 22 Med
862 256 32 21 bi-

134 291 37 21 fall
191 291 31 21 till
238 291 69 21 denna
323 290 116 27 ansökning
453 290 111 21 utfärdade
579 290 193 27 Bankfullmäktige
788 290 41 21 den
843 291 27 21 27
886 290 7 20 i

134 325 121 21 förberörda
273 324 77 22 månad
368 324 147 28 pensionsbref
531 324 21 21 ät
567 324 219 21 Bankkommissarien
801 324 100 22 Stenius.
893 319 12 37 .

202 359 37 21 Uti
262 365 26 15 en
311 358 32 21 till
362 358 193 27 Bankfullmäktige
575 358 120 21 inkommen
711 358 59 21 skrift
785 358 38 22 har
837 358 54 22 förre

134 393 106 21 Kassören
255 393 35 21 vid
304 393 100 21 Finlands
420 392 71 21 Banks
505 392 75 22 kontor
594 393 7 20 i
616 392 82 28 Kuopio
712 392 53 22 Karl
776 393 116 21 Alexander

134 426 80 27 Girsén,
238 434 45 14 som
306 427 90 27 antagits
415 426 32 21 till
466 432 17 15 e.
499 433 17 15 o.
536 426 202 21 Kammarskrifvare
754 427 7 20 i
776 426 116 28 Kejserliga

134 461 90 21 Senaten
240 460 41 22 den
298 461 29 21 20
340 461 52 21 Juni
408 460 61 26 1858,
485 461 110 21 utnämnts
610 460 33 21 till
658 460 79 22 Kassör
748 460 35 22 vid
793 460 97 22 Bankens

133 495 137 21 förenämnda
284 495 74 21 kontor
373 495 40 21 den
428 495 28 21 29
471 494 92 22 Oktober
579 495 54 21 1861
649 495 39 21 och
704 494 90 22 derifrån
809 494 82 22 erhållit

133 529 72 21 afsked
227 529 40 21 den
286 530 29 20 30
334 529 122 27 Septemher
472 528 55 22 1873
543 529 49 21 med
607 535 26 15 en
648 529 77 21 honom
740 529 22 21 af
775 529 115 27 Kejserliga

133 563 92 21 Senaten
244 563 74 27 tillagd
337 563 52 27 årlig
408 563 86 27 pension
509 563 24 21 af
545 563 43 22 650
602 563 66 26 mark,
683 563 27 27 på
724 564 107 27 upptagna
846 563 44 21 skäl

133 597 93 26 anhällit,
242 598 32 20 att
295 597 53 21 hans
370 597 88 21 berörda
480 597 86 27 pension
585 597 65 21 måtte
668 597 90 27 förhöjas
777 598 55 20 samt
850 597 40 21 den

132 631 75 21 eskade
234 631 145 27 förhöjningen
401 631 102 21 beräknas
526 632 45 20 frän
595 631 41 21 den
658 631 36 26 tid,
714 632 126 26 rättigheten
859 632 31 20 att

131 666 117 20 bestämma
270 666 136 27 pensionerna
429 665 31 21 för
482 665 99 21 Bankens
600 666 93 27 embets-,
708 666 37 20 och
765 666 125 26 tjenstemän

131 699 79 27 tillagts
221 699 101 21 Finlands
331 699 99 21 Ständers
438 699 199 27 Bankfullmäktige.
651 699 47 21 Den
711 700 11 20 7
734 699 88 21 Januari
835 699 54 22 1889

131 733 106 27 föredrogs
260 733 157 27 ifrägavarande
437 734 118 26 ansökning
569 733 199 27 Bankfullmäktige,
784 740 44 14 som
843 734 46 20 der-

130 768 34 20 vid
181 768 76 26 ansägo
273 768 32 26 sig
319 768 44 20 icke
380 774 49 14 vara
444 768 100 26 befogade
560 768 32 20 att
606 768 33 21 till
654 768 122 21 densamma
791 768 75 20 bifalla.

479 826 11 25 g
507 826 34 25 21.

199 870 73 27 Enligt
286 871 12 26 &
313 870 28 21 90
355 871 8 20 i
379 870 96 27 gällande
490 870 185 27 bankreglemente
691 870 78 27 äligger
780 870 108 21 Bankfull-
900 871 138 41 Donna

129 905 91 26 mäktige
242 905 38 26 att,
296 905 26 26 pä
336 904 154 21 vederbörande
505 904 238 21 kontorsföreständares
759 904 77 27 förslag
850 904 38 21 och

130 939 51 20 efter
204 939 84 20 samräd
310 939 48 20 med
381 939 197 25 Bankdirektionen,
597 939 32 20 för
648 939 30 20 ett
693 939 23 21 är
729 939 7 20 i
752 938 74 21 sender
841 940 45 19 utse

129 973 115 20 ledamöter
267 973 38 20 och
325 973 133 27 suppleanter
477 973 32 20 för
528 973 59 21 desse
605 973 8 20 i
628 973 211 21 diskontkomitberna
853 973 34 20 vid

129 1007 97 20 Bankens
249 1007 73 20 kontor
344 1007 7 20 i
370 1007 126 21 landsorten.
527 1007 94 21 Sälunda
639 1007 84 27 utsägos
741 1007 32 21 för
790 1007 23 21 år
832 1007 54 21 1888

129 1047 76 20 genom
219 1041 70 20 beslut
304 1041 23 21 af
340 1041 40 20 den
395 1041 28 22 26
438 1041 118 21 November
573 1041 54 22 1887
642 1041 8 20 i
665 1041 61 21 dessa
740 1041 110 21 komitöer:

198 1075 33 20 vid
254 1075 95 20 kontoret
371 1075 7 20 i
396 1069 45 27 Åbo
459 1075 184 21 Kommerserädet
658 1075 77 22 Gustaf
747 1075 65 21 Adolf
823 1075 64 21 Lind-

129 1109 56 20 blom
207 1109 38 20 och
270 1109 140 21 Handlanden
433 1109 78 21 Gustaf
527 1109 106 22 Hoffstedt
651 1109 33 21 till
702 1109 114 21 ledamöter
831 1110 55 20 samt

128 1142 141 21 Handlanden
284 1143 64 21 Ernst
363 1141 122 24 Dahlström
501 1144 38 21 och
555 1143 244 22 Vicelandskamreraren
813 1143 73 22 Albert

127 1177 86 20 Fredrik
229 1176 95 22 Gerhard
340 1177 106 22 Savander
461 1178 32 21 till
509 1178 142 27 suppleanter;

197 1211 34 20 vid
250 1211 94 21 kontoret
362 1212 8 20 i
384 1212 129 27 Björneborg
528 1212 141 21 Handlanden
684 1213 69 20 Johan
767 1212 119 21 Ferdinand

127 1245 103 26 Lojander
249 1245 38 21 och
306 1245 139 22 Vicekonsuln
463 1246 67 21 Frans
549 1246 80 21 Henrik
644 1247 66 20 Malin
725 1247 32 20 till
771 1246 115 21 ledamöter

127 1279 56 21 samt
197 1278 183 23 Kommerserädet
392 1280 99 21 Wilhelm
502 1281 109 20 Rosenlew
622 1281 38 21 och
670 1281 216 21 Justitieräämannen

127 1313 69 20 Johan
211 1313 65 21 Arvid
291 1313 60 28 Hjort
367 1313 32 22 till
415 1315 143 26 suppleanter;

196 1347 34 20 vid
246 1347 95 22 kontoret
356 1348 7 21 i
378 1348 140 21 Tammerfors
533 1349 153 21 Handlandene
702 1349 48 21 Carl
761 1349 69 20 Johan
841 1347 46 21 Hil-

127 1381 41 21 d6n
183 1381 38 21 och
237 1381 24 22 G.
270 1382 25 20 D.
304 1382 104 21 Sumelius
424 1383 32 20 till
471 1383 116 22 ledamöter
602 1384 55 20 samt
671 1382 216 22 Justitierädmannen

127 1415 78 21 Gustaf
218 1415 72 22 Viktor
305 1416 90 27 Cajanus
415 1417 38 20 och
469 1417 167 27 Stabskaptenen
650 1417 86 21 Fredrik
751 1416 136 26 Mörtengr6n

126 1449 33 20 till
174 1449 144 27 suppleanter;
