1078 1692
410 147 25 21 U.
449 147 24 21 B.
489 146 123 22 III-XXV.
833 147 24 20 17

133 210 46 21 tolk
194 210 108 26 verkligen
318 211 24 19 är
357 210 78 20 nämda
451 209 64 27 språk
530 209 87 27 mäktig.
655 209 67 21 Bland
739 209 149 21 omkostnader

132 244 34 20 för
181 245 65 25 vägar
263 243 61 27 ingår
338 243 34 21 för
387 244 25 20 år
428 244 53 20 1887
497 243 56 21 Fmk
563 243 83 27 40,357:
659 244 25 20 75
700 243 33 21 för
743 243 145 27 militärvägen

133 277 48 22 från
203 278 116 21 Munksnäs
344 277 32 21 till
399 278 98 20 Drumsö.
529 277 157 21 Omkostnader
702 277 32 21 för
755 278 133 25 inventarier,

134 312 71 22 möbel
227 318 27 15 m.
280 318 27 14 m.
330 311 71 21 utvisa
422 311 35 21 för
480 311 23 21 år
520 311 55 21 1888
592 312 31 20 ett
639 312 93 26 ovanligt
747 311 51 27 högt
813 312 77 26 belopp

133 346 107 21 beroende
256 345 74 27 därpå,
346 346 33 20 att
397 345 92 21 nämnda
505 345 23 21 år
549 345 34 21 för
597 345 129 21 inventarier
752 345 31 21 till
799 346 35 20 det
849 352 40 20 nya

134 380 123 27 kirurgiska
272 379 112 27 sjukhuset
399 380 7 20 i
411 379 144 26 Helsingfors
570 379 96 26 utgifvits
682 380 77 23 82,000
774 380 66 20 mark.

202 414 72 21 Under
286 414 86 20 ättonde
388 412 146 23 hufvudtiteln
542 413 124 21 observeras
674 413 28 21 bl.
712 420 18 14 a.
740 414 150 21 omkostnader

133 448 34 21 för
189 443 111 26 särskilda
317 448 164 26 vägbyggnader
503 454 26 14 m.
553 447 20 21 fl.
589 448 108 20 allmänna
718 448 93 20 arbeten.
841 448 49 20 Med

133 482 115 26 anledning
270 482 62 20 häraf
353 482 39 20 har
414 482 111 20 Utskottet
548 483 53 19 trott
623 482 31 26 sig
675 482 54 20 böra
745 482 54 21 fästa
822 482 68 26 Rege-

133 517 85 26 ringens
240 516 189 26 uppmärksamhet
450 516 34 20 vid
507 516 171 20 önskvärdheten
702 516 22 20 af
738 518 32 18 att
785 516 104 26 vägbygg-

133 550 150 26 nadsarbeten,
310 550 101 21 särskildt
432 550 31 21 uti
487 550 26 20 de
535 550 97 27 nordliga
658 550 88 21 delarna
768 550 22 21 af
810 550 79 26 landet,

133 591 77 20 genom
232 584 117 21 understöd
372 584 22 20 af
415 584 108 20 allmänna
539 584 69 21 medel
624 584 120 26 befrämjas,
761 584 32 21 för
808 585 33 20 att
856 584 34 21 sä-

134 618 66 21 lunda
222 618 5 21 i
252 618 25 21 de
300 618 84 27 bygder,
408 618 71 21 hvilka
501 618 47 21 icke
564 618 81 21 erhälla
653 618 237 27 järnvägsförbindelse,

135 652 122 21 underlätta
282 653 39 21 den
344 652 33 21 för
402 652 61 21 dessa
488 652 133 21 landsdelars
646 652 138 21 ekonomiska
806 652 85 21 utveck-

135 686 44 26 ling
203 686 77 26 nödiga
307 686 146 21 samfärdseln.
490 686 100 21 Rörande
613 686 26 21 de
662 687 66 21 under
752 687 67 20 denna
842 686 48 21 huf-

135 720 90 21 vudtite]
249 722 109 24 upptagna
380 720 105 21 särskilda
505 721 75 26 anslag
603 720 38 21 bör
660 720 120 26 anmärkas,
796 722 33 19 att
843 720 48 21 hela

135 754 97 26 anslaget
254 754 33 21 för
308 755 128 26 jordbruket
460 754 39 21 och
521 755 47 21 dess
587 755 133 26 binäringars
735 754 156 27 upphjelpande

136 790 55 19 samt
207 789 26 20 de
249 789 155 25 odisponerade
420 788 123 26 beloppen
534 784 12 36 i
561 789 101 26 anslagen
677 788 33 22 för
716 789 126 27 jordbruks-
853 788 38 21 och

137 822 153 27 mejeriskolor,
313 822 33 21 för
362 822 256 27 landtbrukssällskapen,
634 822 34 21 för
683 823 209 26 slöjäkunnighetens

137 856 146 27 befrämjande
307 856 39 21 och
375 857 31 20 till
429 856 119 21 hästafveln
574 856 116 21 öfverföras
715 857 32 20 till
771 857 39 20 den
834 863 15 14 s.
870 856 21 21 k.

135 890 202 27 jordbruksfonden,
360 891 84 20 hvilken
459 890 104 21 förvaltas
579 890 39 21 och
634 891 98 20 bokföres
749 891 34 20 vid
799 890 93 27 Nylands

137 925 46 20 läns
199 925 85 20 ränteri.
309 924 175 27 Oegentligheten
500 925 7 20 i
523 931 25 14 en
565 924 66 21 sädan
646 925 118 26 anordning
779 924 66 27 ligger
860 924 33 21 för

137 961 70 24 öppen
229 959 47 26 dag,
300 959 86 20 hvarför
409 958 118 26 Utskottet,
544 958 27 21 dä
587 958 177 21 Statsutskottets
779 958 113 21 framställ-

137 993 51 26 ning
199 993 34 20 vid
249 994 85 19 senaste
345 992 102 26 landtdag
463 998 34 15 om
513 993 48 20 hela
572 993 69 20 denna
654 993 61 20 fonds
726 992 137 27 upphörande
874 992 18 26 ej

138 1033 55 14 vann
215 1026 132 21 Ständernas
371 1026 162 27 godkännande,
549 1033 29 14 nu
598 1026 97 26 föreslär,
716 1027 35 20 det
769 1026 124 27 jordbruks-

137 1061 77 20 fonden
239 1060 67 21 mätte
330 1060 140 21 sammansläs
491 1061 49 20 med
556 1061 40 21 den
612 1061 30 20 uti
657 1060 236 27 generalhufvudboken

139 1095 59 21 öfver
219 1095 141 21 statsverkets
384 1095 75 20 fonder
474 1095 104 26 ingäende
593 1094 205 21 landtbruksfonden
814 1094 33 20 för
862 1096 32 19 att

138 1129 34 20 för
187 1129 115 20 framtiden
318 1128 102 21 förvaltas
435 1129 23 20 af
471 1129 161 21 statskontoret.

209 1230 74 21 Säsom
299 1231 133 20 slutresultat
447 1230 24 21 af
484 1231 158 27 granskningen
654 1231 48 21 utaf
715 1232 106 20 allmänna
831 1232 63 19 stats-

140 1264 89 21 fondens
252 1265 146 26 räkenskaper
421 1265 32 20 fär
468 1265 112 21 Utskottet
595 1266 76 25 uttala,
688 1266 35 20 det
738 1265 155 26 förvaltningen

139 1297 117 22 handhafts
273 1299 39 20 och
328 1298 84 21 medlen
429 1299 104 20 användts
551 1299 48 20 med
625 1299 100 21 omtanke
744 1299 33 21 för
802 1299 92 20 kronans

140 1332 41 21 och
195 1332 84 21 landets
287 1333 69 24 bästa,
366 1339 48 14 men
423 1335 32 18 att
469 1333 96 21 däremot
575 1334 173 26 räkenskaperna
755 1333 29 27 pä
798 1333 68 27 grund
874 1332 23 20 af

141 1367 36 20 det
203 1365 67 28 följda
296 1368 107 25 systemet,
424 1368 59 19 utom
511 1369 32 19 att
566 1367 25 20 de
614 1367 83 21 sentida
720 1367 95 26 afslutas,
839 1368 55 19 ännu

141 1401 71 20 lemna
238 1401 84 26 mycket
345 1400 65 27 öfrigt
433 1402 32 19 att
490 1401 67 20 önska
579 1401 56 21 hvad
656 1401 104 27 redighet,
784 1400 112 27 öfversigt-

142 1434 67 27 lighet
228 1434 38 21 och
289 1434 100 21 inbördes
412 1434 221 21 öfverensstämmelse
654 1435 107 26 beträffar,
778 1435 67 26 jämte
861 1434 35 21 det

212 1473 139 17 Statsutskottets
364 1473 110 17 betänkande
486 1473 37 17 N:o
537 1474 18 16 3.
826 1473 11 17 2
