1078 1692
220 150 26 20 14
468 150 23 21 U.
509 150 24 21 B.
550 150 119 21 11I-XXV

190 212 70 26 lingen
276 211 32 21 för
323 212 77 21 nämda
415 212 108 21 läroverks
539 212 44 27 hus,
599 212 85 22 hvilken
700 212 141 27 köpeskilling
856 212 22 22 af
892 213 53 21 läro-

190 246 84 20 verkets
296 246 81 21 stiftare
400 246 102 26 anslagits
524 247 33 21 till
580 253 25 15 en
627 247 157 26 stipendiefond
806 247 33 21 för
861 247 84 21 skolans

190 280 69 21 elever
275 280 38 21 och
330 282 66 20 under
406 280 133 22 förestäende
551 281 128 27 benämning
696 281 100 21 förvaltas
811 281 22 21 af
845 281 101 21 Finlands

190 314 131 22 statskontor.
358 314 40 22 Till
422 315 39 21 den
477 321 16 15 s.
510 315 19 21 k.
547 308 92 28 Åminne
655 314 235 28 fideikommissfonden,
901 322 44 14 som

187 348 79 27 jämväl
282 349 100 21 förvaltas
398 349 22 21 af
433 350 160 23 statskontoret,
610 350 37 20 har
663 350 99 26 slutligen
778 350 112 20 öfverförts
906 350 39 20 den

190 383 22 21 af
232 384 128 20 statsverket
383 384 86 26 erlagda
492 384 228 26 expropriationslösen
743 384 33 20 för
792 384 47 21 Salo
856 384 88 26 köpings

189 424 25 14 ur
229 418 92 20 nämnda
331 418 150 21 fideikommiss
491 418 103 21 utbrutna
609 418 66 21 mark.
706 418 103 21 Närmare
824 418 120 27 upplysnin-

188 458 38 20 gar
241 452 109 26 angående
366 452 25 21 de
406 452 35 21 två
458 452 131 21 sistnämnda
605 452 102 21 fonderna
722 452 112 26 ingå
774 448 12 35 i
790 452 39 26 den
843 452 101 21 utskotts-

189 486 144 21 betänkandet
348 486 115 26 åtföljande
478 486 85 27 bilagan
579 486 50 21 Litt.
646 486 24 21 E.

258 520 266 27 Siatsutgifterna
540 520 67 21 förete
623 521 67 21 under
702 521 25 20 de
740 521 24 20 år
774 521 117 21 relationen
902 527 42 14 om-

188 554 65 21 fattar
269 555 12 20 &
295 554 91 22 flertalet
397 555 140 21 hufvudtitlar
550 561 25 15 en
586 555 105 21 successiv
700 555 98 26 stegring.
830 555 114 26 Angående

189 588 129 28 afkortning
335 590 55 20 samt
400 588 75 27 första
491 589 39 21 och
546 589 72 20 andra
631 589 142 21 hufvudtiteln
784 589 38 20 har
835 588 109 22 Utskottet

187 623 54 21 intet
264 625 32 19 att
318 623 74 25 erinra,
412 623 91 21 förutom
520 623 55 21 hvad
591 629 44 15 som
652 624 64 20 redan
733 625 84 19 nämnts
833 623 34 21 vid
884 623 58 26 fräga

188 663 33 15 om
243 657 309 27 tingsgästningsspannmälen.
586 657 78 27 7edje
680 657 141 21 hufvudtiteln
837 657 54 21 skall
906 657 37 21 be-

187 693 59 19 röras
262 692 72 26 längre
351 692 52 20 fram
419 692 33 20 vid
469 692 130 26 granskning
614 692 23 20 af
650 692 158 20 militiekassan.

255 726 11 20 I
278 726 74 27 fjerde
368 726 147 27 hufvudtiteln
531 726 70 20 utvisa
612 726 179 26 utgiftsbeloppen
800 725 33 21 för
843 726 50 20 lots-
903 725 39 21 och

187 760 176 26 fyrinrättningen
383 766 25 15 en
424 760 96 21 starkare
535 760 100 26 stegring,
652 760 86 26 hvilken
754 760 44 21 stär
813 760 7 20 i
841 760 101 20 samband

187 796 45 19 med
257 794 39 21 den
319 794 63 21 raska
404 794 120 27 utveckling
546 794 28 26 pä
590 794 58 21 detta
664 794 92 26 omräde,
774 800 43 15 som
834 794 66 21 under
916 794 26 21 de

187 834 74 15 senare
284 829 49 20 ären
355 830 35 25 egt
412 835 52 14 rum.
495 828 110 27 Därjämte
627 828 39 21 har
689 829 40 20 den
754 830 10 19 3
782 828 40 26 maj
841 828 53 21 1888
910 828 32 20 för

186 862 117 21 lotsverket
325 862 105 21 utfärdats
450 869 28 20 ny
500 862 152 27 aflöningsstat,
675 862 75 21 främst
766 862 73 21 afsedd
855 864 31 19 att
900 862 42 21 för-

186 897 72 20 bättra
274 897 102 20 lotsarnes
392 897 39 20 och
447 897 67 26 öfriga
529 897 104 26 betjentes
649 896 161 21 löneförmoner.

255 930 121 27 Utgifterna
391 930 32 21 för
438 931 124 26 postverket
577 933 37 18 äro
630 931 66 20 redan
711 931 39 20 här
766 930 62 21 ofvan
844 930 97 21 berörda.

255 965 43 20 För
313 965 113 21 tullverket
441 965 62 20 hafva
518 964 117 27 utgifterna
650 965 104 26 betydligt
770 965 97 24 varierat,
884 965 7 20 i
907 965 35 20 det

187 999 25 20 de
227 999 33 20 för
278 999 49 21 åren
340 999 139 21 1886—18%9
491 999 81 27 utgjort
581 999 38 21 enl.
629 999 117 20 relationen
758 1005 53 20 resp.
825 999 116 26 1,274,847:

188 1034 32 25 17,
234 1034 118 25 1,123,837:
370 1034 32 25 92,
420 1034 119 25 1,350,542:
559 1034 23 20 15
599 1033 40 21 och
656 1033 118 26 1,465,568:
791 1033 32 20 62.
845 1032 95 25 (Finans-

186 1067 158 26 expeditionens
372 1067 113 21 berättelse
511 1068 105 25 upptager
638 1073 80 15 samma
742 1069 72 24 poster
837 1066 31 21 för
892 1066 50 21 ären

187 1102 53 21 1887
255 1114 6 1 —
267 1102 60 21 1889
356 1101 32 21 till
413 1107 54 21 resp.
495 1101 118 27 1,226,751:
640 1102 35 24 48,
702 1101 119 26 1.242,347:
848 1101 26 20 93
903 1100 39 21 och

187 1135 118 26 1,355,514:
336 1136 42 21 56.)
409 1135 126 27 Stegringen
565 1135 24 21 är
620 1135 54 21 1888
705 1135 45 24 har,
781 1135 69 20 såsom
877 1135 65 20 redan

185 1171 92 22 nämnts,
301 1169 115 22 föranledts
437 1169 66 24 däraf,
525 1171 32 19 att
577 1168 251 27 expeditionsafgifterna,
844 1174 45 15 som
905 1175 37 14 un-

186 1203 36 21 der
253 1203 26 21 de
308 1203 36 21 två
373 1203 128 27 föregående
529 1203 50 21 åren
603 1203 39 21 alls
667 1203 47 20 icke
736 1202 108 27 upptagits
866 1202 7 20 i
895 1202 47 21 kro-

185 1243 52 15 nans
259 1237 149 27 räkenskaper,
430 1237 33 21 för
486 1237 59 21 detta
567 1237 24 21 år
605 1237 49 26 ingå
669 1237 7 20 i
692 1236 178 27 utgiftssumman.
900 1236 43 21 För

185 1271 64 26 öfrigt
270 1271 42 21 kan
335 1271 134 27 ojämnheten
490 1271 7 21 i
519 1271 117 26 utgifterna
661 1271 32 20 för
709 1271 27 20 de
751 1270 69 21 skilda
835 1270 51 21 åren
901 1270 41 21 för-

185 1305 71 22 klaras
273 1306 127 27 därigenom,
416 1307 31 20 att
466 1306 3 20 i
485 1305 108 21 desamma
607 1305 51 27 ingå
674 1305 18 26 ej
708 1305 56 20 blott
779 1303 116 27 aflöningar
903 1304 40 21 och

185 1339 66 22 andra
274 1339 106 22 ordinarie
402 1339 87 27 utgifter
513 1345 34 15 s.s.
571 1339 113 21 underhåll
700 1338 23 22 af
735 1338 152 27 patrullslupar
902 1337 40 21 och

184 1373 151 28 tullångbåtar,
358 1373 33 21 för
412 1373 83 22 hvilkas
516 1373 90 27 räkning
627 1375 16 19 t.
667 1379 31 15 ex.
714 1373 36 20 kol
766 1372 67 21 under
848 1371 56 22 olika
920 1371 23 21 år

184 1408 112 26 uppköpas
318 1407 32 21 till
373 1407 57 22 olika
453 1407 83 27 belopp,
559 1409 84 19 remont
664 1407 23 21 af
700 1407 93 21 kronans
808 1405 80 22 tullhus
903 1405 40 21 och

184 1442 123 27 byggnader
325 1449 27 14 m.
369 1448 34 20 m.,
420 1444 51 19 utan
486 1441 61 22 äfven
563 1442 80 21 sådana
659 1443 60 20 extra
734 1441 107 21 ordinarie
855 1439 88 27 utgifter

255 1481 140 18 Statsutskottets
407 1481 110 18 betänkande
529 1481 38 17 N:o
580 1481 16 17 3.
