1078 1692
235 127 27 23 66

555 192 48 27 89.

273 240 98 24 Bankens
389 242 196 28 afdelningskontor
603 243 91 22 förestås
714 243 24 22 af
756 250 25 15 en
797 244 156 23 bankkommis-

205 275 62 22 sarie.

273 310 324 29 Bankkommissarietjensterna
612 312 60 22 skola
685 312 36 22 vid
730 312 99 22 inträffad
839 312 94 27 ledighet
945 313 7 21 i

205 344 71 26 vanlig
294 345 88 27 ordning
400 346 69 22 anslås
488 346 39 22 och
541 346 107 28 kungöras
667 349 31 19 att
717 347 57 21 inom
790 346 109 22 femtiosex
914 347 37 21 da-

206 384 38 21 gar
262 379 90 22 ansökas
370 380 38 22 hos
426 380 138 27 direktionen,
584 388 44 14 som
647 381 27 27 på
692 381 81 27 förslag
792 382 75 26 uppför
881 383 33 20 tre
928 381 24 22 af

207 412 25 22 de
247 412 93 23 sökande
355 414 7 21 i
378 414 40 22 den
430 415 94 27 ordning,
536 415 132 22 direktionen
680 416 68 20 finner
760 416 46 21 dem
815 416 32 21 till
858 416 91 26 tjensten

205 447 106 27 lämpliga.
340 448 116 28 Förslaget,
471 449 114 22 hvaröfver
599 450 77 21 besvär
692 450 19 26 ej
728 456 40 20 ega
783 456 52 21 rum,
850 450 98 22 insändes

203 481 66 27 jemte
284 483 98 27 samtliga
396 484 254 27 ansökningshandlingar
662 484 23 21 af
694 484 134 22 direktionen
839 484 33 21 till
883 484 68 21 bank-

205 515 138 29 fullmäktige,
370 518 70 22 hvilka
465 518 51 22 derå
539 519 66 26 jemte
628 520 48 25 eget
698 518 99 28 yttrande
821 519 127 21 öfverlemna

205 551 88 21 ärendet
310 552 34 21 till
362 552 101 22 Senatens
481 553 118 21 Ekonomie
614 554 159 26 Departement,
790 559 44 15 som
849 553 33 21 till
897 553 54 27 tjen-

205 587 46 20 sten
266 588 111 19 utnämner
392 593 25 15 en
432 587 23 21 af
468 588 25 21 de
508 588 29 26 på
551 587 104 27 förslaget
669 587 111 27 uppförde.

547 663 12 27 8
576 664 33 20 10.

270 714 41 21 Vid
330 714 220 27 afdelningskontoren
565 715 57 21 inom
641 714 74 22 landet
734 714 60 22 skola
809 714 35 21 två
858 714 90 22 komite-

203 748 50 21 rade
260 748 65 27 jemte
333 749 134 27 suppleanter
479 749 32 21 till
523 749 43 21 lika
578 749 58 21 antal
648 749 81 27 årligen
742 751 57 19 utses
811 748 24 22 af
843 748 106 22 bankfull-

204 782 98 27 mäktige,
325 782 54 22 efter
401 784 34 20 det
457 783 158 21 vederbörande
638 783 204 21 bankkommissarie
857 783 91 21 lemnats

203 816 85 22 tillfälle
302 819 32 19 att
348 820 56 23 yttra
419 818 31 26 sig
465 820 55 19 samt
534 818 133 21 direktionen
682 818 49 20 med
743 817 155 26 framställning
910 816 39 22 och

203 850 79 27 förslag
297 851 7 21 i
319 851 87 22 ärendet
420 852 117 21 inkommit.

270 885 136 22 Komiterade
427 885 57 22 bilda
497 886 65 27 jemte
577 885 220 22 bankkommissarien
813 892 24 15 en
854 885 94 21 diskont-

202 919 78 21 komité
292 919 33 21 för
335 919 154 28 handläggning
499 920 23 21 af
531 921 99 26 samtliga
640 920 93 21 ärenden
746 919 108 27 angående
865 919 84 21 diskon-

201 953 69 26 tering
286 953 23 22 af
322 954 30 21 in-
368 954 37 21 och
421 954 110 21 utländska
547 955 72 20 vexlar
635 954 39 21 och
690 954 135 27 anvisningar
840 953 107 22 äfvensom

201 987 119 27 beviljande
336 988 22 21 af
372 988 34 21 lån
422 989 38 20 och
475 989 163 20 kassakreditiv.

548 1057 11 28 $
577 1058 32 20 11.

268 1108 99 22 Bankens
383 1109 76 21 böcker
475 1109 38 21 och
528 1109 144 26 räkenskaper
686 1108 62 21 skola
762 1107 57 22 föras
831 1109 55 20 samt
896 1107 52 20 ban-

201 1142 52 22 kens
272 1143 86 21 bokslut
375 1145 104 25 uppgöras
499 1143 66 26 enligt
583 1143 26 21 de
628 1143 100 26 grunder,
746 1148 46 15 som
807 1141 23 21 af
843 1141 105 21 bankfull-

201 1177 99 26 mäktige,
315 1177 31 26 pä
358 1177 141 22 direktionens
513 1177 87 27 förslag,
616 1177 124 21 fastställas.

268 1211 98 22 Bankens
381 1212 141 26 räkenskaper
537 1212 89 21 afslutas
642 1212 48 21 med
704 1211 157 21 kalenderåret.

269 1245 43 22 För
326 1246 72 27 hvarje
413 1246 75 21 månad
504 1245 54 22 skall
573 1246 132 21 direktionen
721 1245 44 21 låta
780 1245 59 20 öfver
853 1244 94 21 bankens

199 1279 99 27 ställning
312 1282 95 25 uppgöra
420 1280 76 26 bilans,
512 1286 45 15 som
573 1280 38 21 bör
627 1280 101 21 insändas
742 1279 34 21 till
791 1278 155 22 bankfullmäk-

199 1314 43 27 tige
257 1317 55 18 samt
327 1314 79 21 införas
420 1315 7 20 i
442 1314 82 21 landets
540 1313 99 22 officiella
654 1313 114 27 tidningar.

266 1349 139 21 Direktionen
419 1349 54 21 skall
489 1349 80 26 årligen
584 1349 56 20 inom
656 1349 58 20 Mars
730 1347 76 22 månad
821 1347 79 26 afgifva
910 1347 36 20 be-

199 1383 88 22 rättelse
306 1389 33 15 om
358 1383 93 21 bankens
470 1383 102 26 tillstånd,
587 1383 80 21 rörelse
682 1382 40 21 och
737 1381 128 26 förvaltning
879 1381 68 20 under

198 1417 176 27 nästföregående
396 1417 30 21 är.
455 1412 172 27 Årsberättelsen
653 1417 55 21 skall
731 1416 7 21 i
760 1416 59 27 tryck
842 1415 104 26 offentlig-

198 1457 69 20 göras.
