1078 1692
823 141 26 19 83

123 202 52 19 läses
195 202 7 18 i
223 201 107 20 fristående
353 202 57 19 skrift
433 202 79 20 sedelns
528 202 59 23 valör,
605 202 30 20 till
650 205 82 17 venster
747 202 26 25 på
788 203 91 24 svenska,

124 230 29 19 till
174 230 60 25 höger
253 230 27 25 på
296 230 62 24 ryska
378 230 36 20 och
429 230 6 19 i
450 230 77 20 midten
542 231 5 19 i
563 237 24 13 en
603 230 85 26 båglinie
703 230 27 26 på
745 231 63 19 finska
823 230 55 26 språ-

123 258 40 20 ket.
193 258 67 20 Under
278 258 163 20 fruktkransarne
461 261 34 17 äro
514 259 55 20 hvita
584 259 36 19 fält
635 260 108 24 utsparade
758 259 29 19 för
801 262 77 17 vatten-

123 287 99 19 märkena.

194 316 76 24 Längst
291 316 39 18 ned
353 317 41 18 mot
409 322 68 13 ramen
493 316 32 19 stå
539 316 26 25 på
580 316 69 25 finska,
665 316 87 20 svenska
767 316 36 19 och
817 316 62 24 ryska

125 344 86 25 språken
233 344 134 25 påminnelser
384 350 31 13 om
431 344 6 19 i
452 344 58 25 lagen
526 345 95 25 stadgade
637 345 57 19 straff
707 345 29 19 för
750 344 129 24 förfalskning

125 373 36 19 och
177 372 129 26 utprångling
321 372 19 19 af
355 372 51 20 falsk
421 373 59 24 sedel,
496 373 78 25 tryckta
589 374 45 18 med
649 373 107 25 perlskrift.

194 401 58 19 Såväl
266 401 78 25 figuren
359 401 6 19 i
380 401 75 19 midten
471 407 44 13 som
530 402 164 19 fruktkransarne
708 402 45 18 med
764 400 115 20 tillhörande

125 429 133 25 medaljonger
272 430 104 19 äfvensom
391 431 70 18 texten
477 432 33 17 äro
526 430 79 25 tryckta
619 430 6 20 i
642 432 56 18 svart
712 430 48 25 färg.

145 566 164 25 Beskrifning
324 566 30 25 på
370 565 123 21 Finlands
509 567 80 19 Banks
605 567 149 19 förändrade
770 566 91 20 sedlar

424 600 11 20 å
451 600 42 20 Tio
509 601 72 19 Mark.

195 651 71 20 Sedeln
287 651 25 25 på
331 651 35 19 Tio
386 652 59 22 Mark,
465 652 60 19 hvars
547 652 59 19 bredd
628 654 59 22 utgör
708 652 39 19 130
763 658 25 12 m.
803 657 25 13 m.
844 651 37 19 och

125 680 47 24 höjd
193 680 25 19 72
239 686 25 12 m.
284 686 24 12 m.
330 682 21 17 är
366 680 78 19 försedd
459 680 45 19 med
519 680 79 20 sedelns
614 680 108 20 siffervalör
737 680 37 19 och
788 680 93 19 märkena

127 708 30 24 »F.
179 708 32 19 B.*
232 708 30 24 ,S.
284 708 32 19 P.
337 708 6 19 i
359 708 160 26 vattenstämpel.
549 709 36 19 För
606 709 24 19 de
650 709 63 24 begge
733 708 92 19 märkena
845 709 34 18 äro

126 737 55 19 hvita
197 736 35 20 fält
246 737 107 24 utsparade
369 737 28 19 uti
413 737 80 19 sedelns
509 737 80 25 färgade
603 737 134 24 bottentryck.

195 765 114 19 Framsidan
323 766 22 18 är
360 765 78 19 betäckt
458 766 46 18 med
519 767 28 17 ett
562 765 145 25 pantografiskt
722 766 87 18 mönster
825 764 55 25 (Litt.

126 793 31 26 A)
172 794 6 19 i
194 793 107 25 orangegul
322 793 48 25 färg,
393 794 64 19 deruti
480 794 61 19 orden
561 809 4 9 ,
567 794 99 24 Finlands
681 793 67 19 Bank*
763 792 118 20 afvexlande

126 822 45 19 med
187 822 98 24 ,Suomen
300 822 86 19 Pankki
401 822 88 19 omsluta
505 822 68 19 10:tal.

196 850 72 20 Sedeln
284 850 96 25 omgifves
396 850 19 19 af
429 856 24 13 en
469 851 58 19 enkel
542 857 41 12 ram
598 851 5 18 i
621 852 54 17 svart
690 850 59 24 tryck
764 849 44 19 med
818 849 7 19 i
835 849 45 19 hör-

126 885 39 13 nen
186 879 95 24 anbragta
296 878 44 20 smä
355 879 127 24 gvadratiska
497 879 84 24 sköldar,
596 878 139 20 innehällande
751 877 78 20 sedelns
846 877 34 19 sif-

126 907 90 20 fervalör.

196 935 82 20 Sedelns
299 935 49 19 midt
363 935 76 25 intages
455 936 19 18 af
489 936 157 19 hufvudtexten:
664 935 70 24 ,Emot
748 935 65 18 denna
827 933 55 20 sedel

126 964 75 19 betalar
220 964 93 19 Finlands
329 963 56 19 Bank
400 964 32 19 vid
447 964 107 19 anfordran
570 964 35 19 Tio
620 964 55 19 Mark
689 963 7 19 i
710 963 60 25 guld"
786 962 35 19 och
836 962 44 19 här-

128 992 63 19 under
207 992 70 25 ,Tästä
292 992 88 19 setelistä
395 993 80 18 maksaa
491 992 86 20 Suomen
593 993 75 18 Pankki
680 991 129 20 vaadittaissa
819 990 62 25 Kym-

127 1027 72 13 menen
214 1021 92 19 Markkaa
315 1020 105 19 kullassa'.
442 1021 100 19 Nedanför
552 1023 69 17 texten
632 1021 64 18 finnes
707 1020 53 25 plats
773 1020 28 19 för
811 1025 70 13 namn-

128 1049 128 20 underskrift.

197 1077 28 20 På
244 1078 48 19 hvar
308 1077 31 19 sin
354 1077 43 19 sida
412 1084 31 13 om
459 1080 69 17 texten
545 1083 62 20 synes
623 1083 24 13 en
663 1076 186 26 vapendekoration,
863 1075 20 19 af

127 1106 68 19 hvilka
216 1106 39 19 den
274 1107 81 18 venstra
375 1106 66 19 består
462 1107 20 18 af
496 1107 117 24 riksvapnet
628 1106 44 19 med
688 1105 93 19 Finlands
797 1109 64 20 vapen
876 1103 5 19 i

127 1135 144 24 hjertskölden;
287 1134 38 19 den
340 1133 61 26 högra
415 1136 78 25 uppbär
507 1141 26 14 en
547 1135 53 19 rund
615 1134 56 19 sköld
681 1133 46 20 med
737 1133 102 20 siffertalet
851 1132 31 23 10,

127 1163 54 19 hvitt
201 1163 25 25 på
241 1162 173 26 guillochegrund.
444 1163 65 20 Ofvan
524 1166 74 23 vapnet
612 1163 88 19 befinner
715 1162 31 25 sig
761 1163 74 18 tvenne
849 1166 33 13 en-

127 1192 42 19 kelt
184 1193 94 19 ornerade
292 1193 79 24 aflånga
390 1193 83 24 sköldar,
488 1191 139 20 innehållande
641 1191 5 19 i
662 1192 56 18 svart
732 1190 58 19 skrift
804 1189 26 26 på
841 1188 44 19 hvit

127 1221 72 19 botten
221 1222 79 19 sedelns
322 1222 59 25 valör,
395 1222 31 19 till
441 1223 82 18 venster
542 1220 26 26 på
586 1219 87 20 svenska
688 1219 36 19 och
739 1218 30 19 till
784 1219 59 24 höger
858 1216 26 25 på

129 1249 69 20 finska.

197 1279 67 19 Under
284 1281 74 24 vapnet
380 1285 32 14 ses
433 1278 27 25 på
479 1277 96 20 hvardera
591 1276 57 20 sidan
662 1277 30 18 ett
707 1275 53 19 hvitt
780 1274 35 19 fält
829 1274 54 19 inom

129 1313 25 14 en
169 1307 57 20 enkel
241 1314 47 18 ram,
302 1307 70 20 afsedd
386 1309 29 17 att
430 1306 102 19 innesluta
546 1305 151 23 vattenmärket,
708 1303 36 20 och
757 1303 64 19 under
831 1302 54 19 detta

130 1335 35 20 fält
181 1336 79 19 sedelns
275 1342 92 13 nummer
381 1336 6 19 i
402 1335 43 19 fritt
461 1334 83 19 stående
560 1335 55 18 svart
630 1333 63 24 tryck.

199 1364 73 19 Nedtill
287 1365 7 18 i
309 1364 79 19 sedelns
406 1362 112 20 medellinie
533 1362 37 19 och
585 1359 195 26 sammanhängande
794 1359 45 18 med
854 1364 30 13 ra-

130 1398 45 14 men
191 1393 88 19 befinner
294 1393 31 24 sig
340 1391 145 20 årtalsskölden
500 1390 45 20 med
561 1392 67 17 svarta
640 1389 64 19 siffror
714 1388 26 25 på
750 1387 53 20 hvitt
813 1386 72 25 grund.

197 1421 119 20 Frånsidans
332 1421 69 19 botten
416 1421 81 23 utgöres
513 1419 19 18 af
541 1420 29 17 ett
581 1417 143 26 guillocheradt
734 1417 88 18 mönster
831 1414 55 25 (Litt.

130 1450 36 25 B.),
181 1451 6 18 i
203 1455 75 14 samma
292 1449 43 24 färg
350 1454 43 13 som
408 1447 125 20 framsidans.
