1078 1692
218 152 13 21 6
459 152 24 22 U.
500 152 23 22 B.
538 166 29 2 —
582 152 92 22 XXXVI.

189 220 76 22 tandet
288 220 23 22 af
332 223 30 19 ett
384 222 88 26 utskott,
495 222 120 21 bestäende
637 222 24 20 af
674 222 46 27 fyra
739 221 147 27 medlemmar,
905 221 42 21 och

189 249 59 21 valdt
264 248 23 22 af
300 250 42 21 och
357 250 59 21 inom
431 250 198 28 bankfullmäktige.

258 278 73 22 Under
354 279 140 21 erkännande
518 279 23 21 af
555 280 36 21 det
607 279 98 27 önskliga
720 279 7 21 i
742 281 32 19 att
788 278 160 22 bankfullmäk-

189 306 179 28 tiginstitutionen
393 308 66 21 mätte
483 308 89 21 tillföras
592 310 31 19 ett
639 308 66 22 ökadt
721 308 54 21 mätt
790 308 24 20 af
826 308 64 27 insigt
905 307 43 21 och

189 335 123 22 erfarenhet
335 336 6 20 i
363 336 164 22 bankväsendet
550 336 104 28 afstyrkte
676 336 65 22 likväl
756 336 192 26 bankfullmäktige

189 364 109 22 komitens
312 364 87 28 förslag,
415 366 92 21 emedan
523 366 37 21 det
575 366 65 26 enligt
655 365 143 27 fullmäktiges
814 366 56 26 äsigt
885 364 63 22 stode

189 393 7 21 i
211 393 54 21 strid
282 394 49 22 med
346 394 257 28 Landtdagsordningens
619 394 138 27 bestämning
773 394 7 21 i
796 394 11 28 $
823 394 34 26 68,
869 394 78 21 liksom

191 422 41 21 ock
248 422 134 22 Ständernas
397 423 130 27 befogenhet
543 426 32 18 att
588 423 84 27 jemlikt
690 429 86 15 samma
794 425 12 25 $
822 423 36 21 vid
873 422 75 27 hvarje

190 451 90 27 lagtima
296 452 102 27 landtdag
413 452 57 27 välja
485 452 132 27 fullmäktige
633 452 49 22 med
698 452 78 21 endast
791 452 42 21 den
843 452 105 26 begräns-

189 480 59 27 ning,
266 482 32 19 att
320 480 26 22 de
362 481 89 27 utsägos
469 481 30 21 till
517 481 43 21 lika
579 481 59 21 antal
653 480 33 22 för
701 481 75 27 hvarje
792 480 70 27 ständ,
879 480 69 22 blefve

189 509 113 21 inskränkt
318 516 79 20 genom
412 510 35 21 det
463 509 23 21 af
499 509 97 22 komiten
612 510 7 20 i
633 510 141 27 reglementet
789 509 84 21 införda
888 509 60 21 stad-

190 538 82 27 gandet
287 544 37 15 om
334 538 201 28 bankfullmäktiges
546 539 66 21 antal.
631 538 195 27 Bankfullmäktige
835 538 113 22 anmärkte

189 567 81 26 vidare,
287 569 31 19 att
334 567 27 21 dä
377 567 35 22 det
428 567 23 21 af
463 567 98 21 komiten
576 567 123 27 föreslagna
710 568 116 20 utskottets
836 567 112 21 verksam-

189 596 37 21 het
242 595 70 22 blefve
328 596 6 20 i
349 596 121 21 hufvudsak
484 596 121 22 reducerad
620 596 30 21 till
666 596 42 22 den
719 596 23 21 af
754 602 26 16 en
791 595 157 22 förberedande

191 624 132 28 myndighet,
339 625 7 20 i
361 625 36 22 det
412 625 105 21 utskottet
531 625 49 21 icke
596 625 138 21 tillerkändes
749 626 43 20 rätt
808 627 31 19 att
855 625 5 20 i
876 624 72 27 frägor

190 653 94 21 rörande
299 653 98 22 bankens
412 654 133 27 förvaltning
560 654 98 22 meddela
669 655 69 26 nägra
749 653 137 26 föreskrifter,
898 653 50 21 dess

190 682 104 22 inseende
310 682 60 22 öfver
385 682 159 28 förvaltningen
559 683 48 21 icke
622 683 72 21 kunde
709 682 65 22 blifva
790 682 23 21 af
826 682 71 27 nägon
909 682 38 20 be-

189 710 89 28 tydelse.

259 739 167 22 Bankutskottet
441 740 103 22 förenade
563 740 32 27 sig
610 740 102 27 enhälligt
728 746 36 15 om
779 738 109 23 komitens
903 738 44 22 för-

191 768 53 27 slag,
261 768 56 22 dock
333 768 49 22 med
398 769 41 21 den
455 769 97 27 ändring,
563 771 32 19 att
605 769 117 21 utskottets
731 768 141 22 medlemmar
880 768 68 21 skulle

189 797 69 27 väljas
274 797 24 21 af
311 803 55 21 resp.
382 798 70 26 ständ,
471 804 50 15 men
540 798 64 21 äfven
619 798 73 21 denna
707 798 57 26 gäng
779 803 55 15 vans
849 797 47 21 icke
913 802 34 16 er-

189 825 103 28 forderlig
307 826 108 27 pluralitet
430 826 33 21 för
477 826 160 21 ständerbeslut
652 827 6 20 i
674 826 74 21 saken.

258 854 8 21 I
282 854 36 21 sitt
334 861 29 14 nu
378 854 147 28 föreliggande
540 855 81 27 förslag
635 855 30 21 till
679 857 48 25 nytt
740 855 132 26 reglemente
882 853 65 22 hafva

189 882 199 28 bankfullmäktige,
404 883 29 27 pä
447 885 44 20 sätt
506 884 109 21 Utskottet
632 884 68 21 redan
721 883 100 27 påpekat,
837 881 111 22 bibehållit

188 911 101 27 gällande
304 912 164 27 bestämningar
483 913 113 26 angående
616 912 192 27 bankfullmäktige
827 911 40 22 och
884 911 64 21 deras

189 939 137 28 befogenhet.

258 969 108 22 Utskottet
389 969 43 21 kan
455 969 32 22 för
509 970 34 21 sin
566 970 34 21 del
623 970 17 26 ej
663 971 69 20 annat
747 969 64 26 finna,
831 970 28 19 än
875 970 31 19 att
922 968 26 21 de

190 997 53 27 skäl,
260 1004 48 15 som
323 999 5 20 i
345 998 64 21 ofvän
425 998 122 22 refererade
563 999 115 27 yttranden
693 997 68 22 blifvit
777 997 129 22 framhällna
917 997 31 20 till

188 1026 88 21 förmon
298 1027 34 21 för
354 1029 30 19 ett
403 1027 152 22 förstärkande
571 1027 23 21 af
611 1025 337 28 banktfullmäktiginstitutionen,

188 1054 134 23 fortfarande
346 1062 39 21 ega
408 1056 43 28 sin,
464 1055 50 22 fulla
529 1056 52 21 halt.
611 1056 74 21 Dertill
703 1056 105 25 kommer,
826 1057 31 19 att
872 1054 76 21 affärs-

188 1084 180 22 verksamhetens
392 1084 123 28 betydande
539 1085 83 20 tillväxt
646 1085 70 20 under
737 1084 26 21 de
786 1085 86 20 senaste
895 1083 53 21 ären

188 1112 125 22 framkallat
328 1113 100 27 stegrade
444 1113 95 28 anspräk
555 1114 28 27 pä
598 1113 102 22 Finlands
716 1113 73 20 Banks
808 1112 99 27 förmäga
917 1113 32 19 att

188 1141 52 27 fylla
264 1142 33 21 sin
320 1141 82 28 uppgift
424 1142 6 20 i
454 1142 84 21 landets
563 1142 81 21 kredit-
669 1142 43 21 och
737 1140 211 28 penningeväsende.

188 1169 78 22 Denna
282 1170 98 28 förmäga
395 1170 65 22 beror
480 1171 136 27 naturligtvis
635 1171 47 21 icke
699 1170 78 22 endast
792 1170 29 27 pä
835 1170 77 20 mättet
928 1168 24 21 af

188 1198 99 22 bankens
311 1199 112 22 materiela
445 1200 120 27 tillgängar,
588 1202 53 19 utan
661 1199 43 22 ock
718 1199 24 21 af
755 1199 43 21 den
813 1199 70 20 större
898 1197 52 22 eller

188 1227 86 22 mindre
289 1228 107 26 säkerhet,
412 1228 104 21 hvarmed
532 1229 41 21 den
589 1228 91 22 ledande
697 1227 154 28 myndigheten
866 1229 36 18 vet
918 1228 32 19 att

189 1256 64 21 träffa
269 1257 36 20 det
320 1259 57 19 rätta
393 1256 128 27 afgörandet
536 1257 42 22 och
593 1257 88 27 vidtaga
692 1257 27 20 de
730 1256 135 27 lämpligaste
876 1256 73 26 ätgär-

189 1285 75 27 derna,
281 1285 61 22 säväl
357 1285 69 22 under
441 1286 100 21 normala
560 1286 151 21 förhällanden
729 1291 48 15 som
793 1284 42 21 ock
850 1284 99 27 isynner-

189 1313 36 22 het
240 1314 70 21 under
332 1314 90 21 kritiska
445 1315 78 20 skiften
546 1315 6 20 i
576 1315 84 20 landets
683 1313 144 22 ekonomiska
849 1312 27 21 lif
906 1312 44 21 För

188 1343 60 21 detta
272 1343 102 21 ändamål
397 1343 42 21 och
457 1343 28 27 pä
504 1343 36 21 det
556 1345 32 19 att
603 1343 177 27 bankstyrelsens
796 1341 95 27 hållning
907 1341 42 21 och

187 1371 72 21 beslut
282 1372 36 21 mä
340 1372 75 21 kunna
439 1372 84 27 ätnjuta
545 1372 100 27 tillbörlig
664 1371 119 22 auktoritet
798 1371 58 20 inom
872 1369 78 22 affärs-

187 1400 96 26 verlden,
308 1402 24 19 är
354 1401 36 21 det
413 1401 134 26 nödvändigt
570 1403 31 18 att
621 1400 136 21 omfattande
776 1399 116 26 fackinsigt
907 1398 43 21 och

187 1428 190 22 affärserfarenhet
408 1431 39 19 äro
477 1429 40 21 hos
546 1429 193 26 hbankfullmäktige
765 1427 184 28 representerade.

187 1457 65 22 Detta
273 1458 47 21 äter
340 1458 43 21 kan
402 1458 18 27 ej
444 1457 64 22 ernäs
527 1459 28 26 pä
574 1461 67 18 annat
662 1459 43 20 sätt
724 1459 28 19 än
769 1463 79 21 genom
864 1462 27 15 en
907 1455 43 21 för-

257 1497 149 18 Bankutskottets
418 1496 111 19 betänkande
541 1497 34 17 N:o
588 1497 18 17 2.
