1078 1692
826 140 12 20 5

112 208 87 21 rättelse
224 214 32 14 om
282 208 31 20 sin
329 207 220 27 embetsförvaltning,
565 214 25 14 en
607 207 129 27 skyldighet,
753 213 45 15 som
815 207 53 21 dock

112 254 76 20 genom
204 248 122 20 införandet
341 247 23 21 af
379 248 54 20 1772
449 247 34 21 års
498 247 167 27 regeringsform
681 247 111 27 upphörde
801 247 28 25 *).

184 288 49 21 Med
249 288 110 26 undantag
374 287 22 21 af
411 287 78 27 nådiga
503 288 84 20 brefvet
603 288 39 20 den
659 288 26 20 27
697 287 103 21 Februari
815 288 51 20 1811

113 328 107 27 angående
245 328 211 26 landshöfdingarnes
476 328 144 26 förpligtande
636 329 32 19 att
684 327 80 27 afgifva
779 327 89 27 redogö-

112 369 67 20 relser
194 368 32 21 för
242 369 26 20 de
284 369 46 20 dem
348 368 128 21 tillhörande
492 368 42 20 mål
551 368 40 21 och
606 368 100 26 ärenden,
722 367 99 27 vidtogos
837 367 29 21 ef-

113 411 32 18 ter
170 409 53 21 1809
245 408 6 20 i
267 409 48 20 vårt
330 408 49 20 land
395 408 50 26 inga
462 408 100 26 åtgärder
578 407 33 21 för
627 408 39 20 den
680 407 112 27 judiciella
806 407 62 21 stati-

113 448 80 21 stikens
209 448 141 26 bearbetning
365 448 72 20 förrän
455 448 23 21 år
495 449 60 25 1841,
573 448 26 20 då
614 448 31 21 uti
655 447 120 27 Kejserliga
787 447 81 21 brefvet

113 488 23 20 af
158 488 39 20 den
221 489 27 20 20
264 488 119 21 December
398 488 124 26 föreskrefs,
539 490 32 19 att
587 488 99 26 samtliga
702 488 24 20 så
741 488 66 26 högre
823 494 44 14 som

114 528 58 26 lägre
196 528 116 21 domstolar
336 528 108 21 äfvensom
467 530 156 25 guvernörerne
640 528 6 20 i
663 528 72 21 landet
750 528 69 20 skulle
835 528 32 20 till

112 568 148 20 Prokuratorn
283 568 89 21 insända
396 568 66 27 enligt
485 568 129 27 upprättade
637 568 103 21 formulär
763 568 103 21 affattade

113 608 159 26 förteckningar
295 608 59 21 öfver
378 608 81 21 antalet
482 608 39 22 och
545 608 174 21 beskaffenheten
734 608 23 20 af
771 608 44 20 alla
829 608 39 20 hos

113 648 48 20 dem
185 648 119 26 anhängiga
326 648 50 26 mål,
392 648 107 21 hvarefter
514 654 76 21 genom
606 648 80 26 nådiga
701 647 83 22 brefvet
799 648 41 20 den
855 648 12 20 6

113 689 57 20 Mars
186 688 66 26 några
267 689 124 26 ytterligare
407 688 134 22 föreskrifter
557 688 5 21 i
579 690 72 19 ämnet
667 688 144 26 meddelades;
827 688 39 21 och

113 728 140 21 förordnades
274 728 31 20 uti
321 728 127 21 förberörda
463 728 77 27 nådiga
556 729 47 21 bref
617 728 77 26 tillika,
712 730 32 20 att
759 728 107 21 Prokura-

113 770 54 25 torn,
191 768 27 26 på
241 768 69 26 grund
333 768 23 20 af
374 768 24 21 de
418 768 91 21 sålunda
524 768 34 22 till
573 768 77 21 honom
667 768 102 21 inkomna
784 768 83 27 uppgif-

112 810 68 25 terna,
203 808 81 26 årligen
308 808 68 21 skulle
400 808 32 21 till
455 808 60 21 Hans
535 808 121 27 Kejserliga
670 808 102 27 Majestät
788 808 80 27 afgifva

112 847 133 27 underdånig
260 847 117 22 berättelse
394 848 111 26 angående
521 849 43 20 alla
580 848 58 21 såväl
653 848 105 21 brottmål
774 854 45 15 som
840 848 28 21 ci-

113 888 42 21 vila
177 888 227 27 rättegångsärenden.
434 889 68 20 Dessa
525 889 23 20 af
570 889 146 21 Prokuratorn
732 889 82 27 afgifna
829 895 39 14 un-

113 928 117 27 derdåniga
249 929 133 26 berättelser,
399 935 45 14 som
461 929 122 21 sedermera
599 929 108 22 oafbrutet
723 929 90 27 fortgått
829 929 38 20 och

113 969 47 20 från
185 969 38 20 och
243 969 48 20 med
308 969 40 21 den
364 969 32 21 för
412 969 24 21 år
454 971 53 20 1880
523 969 120 22 afiemnade
656 969 79 27 jemväl
751 969 47 21 från
813 971 55 25 tryc-

112 1009 37 20 ket
165 1009 119 26 utkommit,
301 1011 76 25 utgöra
392 1009 71 25 alltsä,
477 1009 65 27 jemte
559 1010 25 21 de
595 1009 22 22 af
626 1009 97 22 bemälde
735 1009 132 22 embetsman

113 1049 121 21 sedermera
248 1049 32 21 till
292 1049 154 27 landtdagarne
457 1049 80 27 afgifna
548 1050 216 25 embetsberättelser,
777 1050 25 21 de
813 1049 55 22 enda

112 1095 59 15 mera
194 1089 139 26 omfattande,
354 1089 38 21 hos
408 1096 34 15 oss
458 1090 134 27 tillgängliga
607 1089 121 22 statistiska
743 1089 125 27 redogörel-

112 1136 39 19 ser,
169 1135 44 15 som
228 1129 72 22 kunde
316 1129 89 29 erbjuda
425 1131 98 20 material
540 1130 33 21 för
589 1131 132 20 bedömande
737 1129 24 22 af
774 1130 94 27 lagskip-

112 1169 87 27 ningens
214 1170 99 29 tillständ
330 1170 6 21 i
352 1171 74 20 landet
441 1171 66 21 under
529 1171 25 21 de
570 1171 41 21 fem
627 1173 72 19 senast
714 1170 102 22 förflutna
832 1170 35 21 de-

113 1209 121 22 cennierna.

181 1283 18 22 +)
218 1282 63 19 Såsom
302 1284 58 17 kändt
378 1284 71 23 åligger
467 1284 31 18 det
517 1284 83 18 deremot
612 1289 77 13 numera
702 1284 134 17 innehafvaren
849 1283 21 18 af

112 1318 34 17 den
166 1318 5 17 i
191 1318 75 22 Sverige
286 1324 65 12 senare
370 1319 93 17 inrättade
475 1319 353 22 justitieombudsmannabefattningen
841 1319 28 16 att

111 1353 30 16 vid
160 1352 64 22 hvarje
244 1353 77 22 riksdag
340 1353 78 17 aflemna
431 1358 21 12 en
466 1353 119 22 redogörelse
597 1353 30 18 för
639 1353 28 18 sin
680 1353 114 22 förvaltning
806 1353 20 17 af
837 1352 32 17 det

112 1388 66 16 honom
198 1387 123 18 anförtrodda
340 1388 80 17 embetet
433 1389 48 16 samt
494 1388 61 17 deruti
568 1389 53 16 äfven
636 1387 66 18 utreda
714 1387 154 22 lagskipningens

112 1421 84 17 tillstånd
209 1421 5 17 i
228 1421 53 21 riket,
295 1423 85 15 anmärka
393 1422 80 22 lagarnes
487 1422 29 17 och
528 1423 159 22 författningarnes
700 1422 64 17 brister
772 1422 44 16 samt
825 1426 43 17 upp-

109 1455 49 22 gifva
171 1455 67 22 förslag
251 1455 29 17 till
292 1457 52 15 deras
355 1456 112 21 förbättring.
