1078 1692
803 132 26 21 87

112 202 47 14 rare
175 196 39 25 art,
226 195 54 21 skall
296 195 40 21 den
352 195 97 27 skyldige
463 194 90 22 tilltalas
569 195 55 24 inför
639 195 49 26 laga
704 195 90 21 domstol
805 196 55 20 samt

113 228 125 27 emellertid,
256 229 54 21 intill
330 230 49 20 dess
398 228 90 22 ärendet
506 228 71 22 blifvit
596 229 100 27 slutligen
716 228 97 27 afgjordt,
829 228 31 22 af-

112 264 67 20 hållas
194 263 46 21 från
256 263 145 27 tjenstgöring.

180 298 45 21 Den
242 304 44 14 som
302 297 70 21 blifvit
386 297 54 21 skild
457 297 46 21 från
515 297 102 27 tjenstens
629 297 97 27 utöfning
740 297 28 27 på
777 297 42 21 viss
829 296 32 21 tid

114 332 47 22 med
177 332 52 21 eller
243 334 50 18 utan
308 331 77 21 förlust
400 332 22 20 af
436 332 43 26 lön,
495 332 76 20 stånde
586 334 63 24 öppet
664 333 31 19 att
705 332 71 20 innom
788 331 71 21 trettio

115 367 65 26 dagar
195 366 53 21 efter
264 366 34 21 det
313 366 41 20 han
370 366 22 20 af
406 365 92 22 beslutet
514 366 85 21 erhållit
610 366 33 21 del
655 366 45 20 deri
712 366 51 20 söka
773 366 88 26 ändring

113 402 7 20 i
135 400 85 22 hofrätt.

454 457 12 27 8
483 458 34 20 73.

181 504 57 20 Brist
257 503 7 21 i
282 503 87 21 kassörs
387 502 122 22 handkassa
525 505 24 19 är
565 503 46 26 den,
627 508 45 16 som
687 502 118 21 förvaltade
814 502 48 21 kas-

115 544 44 20 san,
175 538 26 20 dä
216 538 80 20 bristen
314 537 131 27 upptäcktes,
463 537 84 27 skyldig
558 539 32 19 att
601 539 80 19 ersätta
691 537 90 26 banken,
792 537 70 21 derest

114 573 35 21 det
160 572 47 21 icke
220 572 142 26 ådagalägges
374 573 31 19 att
416 572 81 20 bristen
510 572 133 26 uppkommit
653 578 75 20 genom
740 571 122 27 olyckshän-

116 607 58 21 delse
190 607 52 21 eller
256 607 100 26 tillgrepp
371 608 50 19 utan
437 606 65 26 något
517 606 52 21 hans
585 606 139 21 förvållande.

181 641 151 21 Förekommer
348 640 54 21 brist
416 641 7 20 i
438 640 96 21 bankens
549 640 65 27 hvalf,
630 646 50 15 vare
696 641 32 25 sig
742 640 55 21 hvad
811 640 51 20 ban-

114 675 53 21 kens
186 675 138 21 redbarheter
345 675 38 21 och
403 674 182 22 sedelblanketter
604 675 52 21 eller
674 675 7 20 i
700 674 94 22 bankens
811 673 52 21 vård

116 710 69 20 såsom
204 711 51 25 pant
275 709 52 21 eller
348 709 117 27 deposition
486 709 158 21 öfverlemnade
659 708 153 22 värdeföremål
828 708 35 21 be-

115 744 80 26 träffar,
215 746 35 18 äro
271 744 32 26 de,
323 749 44 15 som
388 743 181 21 omhänderhafva
591 744 120 26 nycklarne,
734 744 129 25 gemensamt

118 778 110 26 ansvarige
254 777 33 21 för
314 777 92 21 bristens
432 777 54 22 eller
509 777 116 21 förlustens
648 777 140 26 betäckande;
811 776 53 21 dock

117 812 88 21 sålunda
224 814 31 19 att
270 812 47 26 den,
332 812 67 20 under
414 812 63 21 hvars
497 812 106 21 särskilda
621 812 71 26 tillsyn
708 812 39 20 och
762 811 51 21 vård
829 811 35 21 det

116 846 93 21 saknade
224 846 50 26 stär,
290 846 80 27 äligger
386 852 71 15 ensam
474 852 91 15 ansvara
579 846 34 21 för
624 845 138 27 fullständiga
772 845 93 21 innehäl-

113 880 31 21 let
162 880 23 21 af
202 880 73 27 hvarje
293 880 60 27 bunt,
372 881 57 26 päse,
445 880 47 21 kärl
509 880 53 21 eller
577 880 108 27 konvolut,
702 882 54 19 samt
771 878 93 22 innehaf-

115 921 62 14 varen
194 915 22 20 af
230 915 40 21 den
286 915 66 20 andra
367 915 89 26 nyckeln
472 915 77 20 endast
563 915 34 20 för
612 915 62 20 deras
690 914 78 26 riktiga
782 913 63 22 antal.

182 944 29 26 Är
230 949 35 21 det
284 949 66 26 vexel,
367 949 122 20 skuldsedel
510 949 52 21 eller
581 951 64 18 annat
660 948 122 26 dokument,
798 953 44 16 som
857 947 7 20 i

114 983 93 22 hvalfvet
226 983 82 27 saknas,
328 985 36 19 äro
380 983 32 26 de,
428 989 45 24 som
493 983 180 21 omhänderhafva
690 983 120 27 nycklarne,
829 987 35 21 ge-

115 1018 210 27 mensamt:skyldige
338 1019 31 20 att
380 1017 99 27 antingen
490 1017 160 22 tillrättaskaffa
662 1017 36 21 det
708 1016 93 22 saknade
813 1016 51 21 eller

117 1053 80 20 ersätta
212 1052 48 21 dess
275 1051 53 22 fulla
342 1052 72 21 värde.

182 1087 47 20 Den
247 1086 85 21 hvilken
351 1087 36 20 det
406 1087 83 26 äligger
508 1086 64 27 tillse,
591 1088 32 19 att
640 1086 87 21 kassörs
746 1085 118 21 handkassa

116 1121 47 20 icke
179 1121 141 26 öfverskjuter
335 1121 48 20 dess
399 1120 76 27 högsta
494 1120 85 21 tillätna
595 1121 83 26 belopp,
694 1121 30 25 är,
739 1120 71 21 derest
825 1119 39 20 han

115 1155 58 20 detta
192 1155 37 20 sitt
248 1155 111 26 äliggande
380 1155 105 20 åsidosatt
503 1157 56 18 samt
578 1155 54 20 brist
650 1155 6 20 i
676 1155 78 20 kassan
772 1153 92 27 uppstår,

115 1189 84 26 skyldig
218 1191 32 19 att
265 1189 65 27 jemte
350 1189 100 21 kassören
469 1189 35 20 för
520 1189 91 21 bristens
626 1189 121 20 ersättande
770 1193 94 20 ansvara,

115 1223 54 21 dock
191 1223 46 21 icke
259 1223 33 21 till
314 1223 66 27 högre
398 1223 77 27 belopp
492 1225 27 19 än
536 1223 41 26 det,
594 1229 45 15 som
654 1223 140 20 öfverskottet
809 1221 56 22 visas

114 1257 63 21 hafva
192 1257 86 26 utgjort.

182 1291 45 20 Har
243 1291 142 22 föreskrifven
401 1291 134 27 inventering
549 1291 129 26 uraktlåtits,
694 1297 50 15 vare
760 1291 46 26 den,
821 1296 44 15 som

116 1325 32 22 sin
167 1325 266 28 inventeringsskyldighet
453 1325 133 27 försummat,
605 1326 75 26 pligtig
703 1327 31 19 att
751 1325 65 27 jemte
831 1330 35 15 ve-

116 1360 132 21 derbörande
271 1361 127 26 redogörare
421 1362 81 19 ersätta
528 1360 59 27 brist,
611 1366 45 15 som
675 1360 34 21 vid
725 1358 141 23 nästskeende

116 1394 132 26 inventering
264 1395 39 20 kan
319 1400 73 21 yppas,
408 1400 48 15 men
472 1401 51 14 vare
539 1395 119 26 berättigad
674 1396 32 19 att
720 1393 23 22 af
757 1393 66 20 denne
837 1392 29 21 el-

115 1429 38 25 ler,
169 1429 38 20 der
221 1429 36 20 två
272 1429 52 20 eller
339 1428 51 21 flere
406 1430 36 19 äro
459 1428 33 21 för
508 1429 81 20 bristen
605 1428 118 26 ansvarige,
738 1427 23 22 af
775 1427 47 20 dem
835 1432 29 15 er-

113 1462 58 21 hålla
183 1463 117 26 ersättning
311 1463 33 20 för
355 1462 55 21 hvad
422 1462 41 21 han
475 1463 7 20 i
491 1462 54 27 följd
559 1462 61 21 häraf
630 1462 88 21 kommit
732 1463 32 20 att
779 1460 87 27 utgifva.
