1078 1692
811 122 28 22 23

135 179 166 29 delegationens
320 179 185 29 föranstaltande,
521 180 79 22 blifvit
618 181 78 21 utförd
711 182 26 21 af
750 182 130 28 skulptören

133 214 24 21 O.
173 215 26 21 E.
216 214 124 29 Sjöstrand,
358 223 48 14 som
420 215 74 22 utfäst
509 216 36 28 sig
561 218 40 26 att,
618 219 61 19 emot
694 224 27 14 en
736 217 143 29 godtgörelse

133 250 26 21 af
171 250 82 28 26,000
268 251 69 28 mark,
354 251 76 21 utföra
446 252 44 21 den
508 251 158 29 projekterade
682 260 103 22 gruppen
800 253 8 21 i
823 260 17 14 s.
857 253 21 21 k.

132 286 87 22 härdad
234 286 57 30 gips.

203 323 20 21 2.
254 322 142 29 Figurfrisen
418 323 72 21 under
512 323 158 22 hufvudlisten
695 326 13 19 &
731 324 148 28 byggnadens

132 358 147 29 hörnpartier.

202 394 54 21 Icke
271 394 69 22 heller
355 394 42 22 här
412 394 41 22 har
468 394 39 22 det
522 394 61 22 varit
597 394 93 30 möjligt
706 397 34 19 att
755 395 71 21 under
835 395 43 21 den

131 429 67 22 korta
217 430 184 28 byggnadstiden
421 430 102 21 anskaffa
543 438 28 13 en
590 430 82 22 enkom
690 430 36 22 för
742 430 136 29 byggnaden

132 465 111 29 afpassad,
265 466 153 28 konstnärligt
437 466 78 21 utförd
533 466 160 28 komposition.
724 466 38 21 Då
776 466 102 29 byggna-

132 501 54 21 dens
206 501 89 22 fasader
314 502 72 21 likväl
408 502 151 28 ovilkorligen
581 502 100 21 erfordra
704 510 28 14 en
752 502 42 22 fris
814 504 14 20 å
847 510 31 14 nu

132 536 173 30 ifrågavarande
327 537 67 29 plats,
418 538 33 20 lät
475 537 233 29 byggnadsstyrelsen
730 538 148 28 provisionelt

131 573 36 21 för
187 580 28 14 en
236 573 66 29 ringa
323 580 87 14 summa
428 572 77 22 utföra
525 573 44 21 den
591 581 31 13 nu
645 573 138 29 förefintliga
801 573 75 28 frisen,

131 608 72 22 under
220 608 154 29 förhoppning
392 616 37 14 om
447 610 35 20 att
500 608 127 22 Ständerna
645 609 8 21 i
669 608 122 22 framtiden
806 609 72 21 skulle

131 644 48 21 låta
193 646 84 20 ersätta
292 644 73 22 denna
380 644 51 22 med
447 652 28 14 en
490 652 75 14 annan
580 644 26 22 af
619 647 70 19 större
704 644 76 22 värde.
811 644 66 29 Sjelf-

131 680 64 21 fallet
211 680 69 21 borde
295 680 73 21 denna
383 680 126 21 framställa
525 682 33 19 ett
573 680 161 22 fosterländskt
750 684 65 18 ämne
835 680 43 22 och

131 722 55 15 vara
203 715 78 22 utförd
299 715 9 21 i
326 716 93 28 mycket
433 716 40 28 låg
487 715 68 22 relief
568 715 36 21 för
619 718 35 19 att
669 716 141 21 harmoniera
826 716 52 21 med

132 751 43 21 den
190 751 96 21 emellan
300 751 210 29 pilasterkapitälen
525 753 31 27 på
571 751 149 29 byggnadens
734 751 144 29 framsprång

131 786 129 22 anordnade
280 786 120 30 platstiska
421 787 140 28 orneringen.
593 781 103 27 Äfvenså
716 786 69 22 borde
803 787 8 21 i
834 786 44 22 den

130 830 46 20 nya
191 822 70 21 frisen
276 830 28 13 en
319 822 58 21 efter
391 822 149 29 byggnadens
557 822 38 21 stil
611 824 25 19 så
650 822 92 29 mycket
758 830 48 13 som
821 822 56 28 möj-

129 857 45 29 ligt
189 857 104 30 afpassad
308 857 198 29 formbehandling
521 857 26 22 af
553 857 114 29 figurerna
682 858 123 22 användas:

201 894 20 21 3.
252 893 214 22 Friskluftbrunnen
494 895 31 27 på
553 896 95 25 sqvären
671 893 83 22 bakom
778 893 99 22 ständer-

129 929 73 22 huset.

200 965 81 21 Denna
298 965 110 28 byggnad
427 967 24 20 är
469 965 51 21 icke
535 965 8 22 i
559 965 230 28 hufvudritningarne
804 964 73 29 angif-

129 1007 50 21 ven,
204 1001 42 21 och
269 1000 41 22 har
332 1001 238 28 byggnadsstyrelsen,
591 1001 8 21 i
623 1001 110 22 afsaknad
758 1000 26 22 af
800 1000 77 22 härför

129 1036 86 29 nödiga
238 1036 80 28 medel,
344 1036 50 21 icke
420 1036 88 21 kunnat
532 1036 66 29 gifva
621 1037 131 21 densamma
775 1043 27 14 en
825 1036 51 21 med

128 1071 150 29 byggnadens
292 1072 169 21 monumentala
476 1072 141 29 anläggning
633 1071 243 23 öfverensstämmande

129 1107 64 22 form.
217 1107 236 29 Byggnadsstyrelsen
468 1107 42 22 har
525 1107 67 22 tänkt
607 1107 41 29 sig,
666 1109 34 20 att
716 1107 73 22 denna
803 1107 72 29 bygg-

128 1143 45 21 nad
196 1143 9 21 i
231 1143 122 22 framtiden
375 1143 76 21 kunde
473 1143 77 28 gifvas
573 1143 113 29 gestalten
710 1143 26 21 af
753 1150 29 14 en
796 1143 79 27 brunn,

129 1178 116 29 omgifven
260 1178 26 22 af
298 1186 28 14 en
341 1178 85 22 barrier
444 1179 43 21 och
503 1179 8 21 i
525 1179 88 21 midten
628 1179 67 21 krönt
710 1179 26 21 af
752 1180 34 20 ett
800 1178 75 29 skulp-

128 1215 99 22 turverk.
259 1214 78 22 Skulle
358 1215 63 21 detta
441 1214 140 22 sistnämnda
600 1217 67 26 göras
686 1216 74 20 såsom
780 1221 28 14 en
827 1213 48 22 fon-

127 1252 40 19 tän
193 1250 42 21 och
258 1250 170 29 anläggningen
451 1249 114 30 omgifvas
587 1249 26 22 af
630 1252 85 25 växter,
731 1249 76 23 blefve
823 1249 52 21 den-

127 1293 86 14 samma
236 1293 28 14 en
287 1285 104 29 prydnad
412 1285 35 22 för
468 1288 102 26 sqvären,
595 1287 30 27 på
645 1293 86 14 samma
750 1287 63 27 gång
832 1284 43 21 den

127 1328 84 21 genom
232 1321 103 22 brunnen
358 1321 95 28 intagna
475 1321 80 28 luften,
582 1328 82 21 genom
686 1322 121 20 växternas
833 1319 42 22 och

127 1357 175 21 vattenstrålens
317 1356 99 22 renande
431 1357 116 27 inverkan,
563 1356 77 22 blefve
659 1356 144 29 synnerligen
818 1355 57 22 frisk

127 1392 43 21 och
189 1395 116 26 angenäm.
340 1391 121 29 Sjelffallet
476 1391 93 22 komma
584 1392 27 21 de
630 1391 195 22 transformatorer
840 1390 35 21 för

127 1427 43 21 den
193 1427 122 22 elektriska
337 1426 175 29 ljusledningen,
536 1434 49 14 som
611 1427 35 21 för
670 1426 140 22 närvarande
836 1429 38 18 äro
