1078 1692
218 164 40 20 110

543 234 13 28 8
577 232 22 25 9.

259 284 72 24 Utom
356 284 26 24 de
406 284 9 23 i
434 285 13 29 $
467 284 32 24 89
519 284 26 23 af
561 283 161 32 reglementet,
741 284 75 23 sådan
835 284 77 23 denna
932 284 13 29 $

189 319 70 31 lyder
285 318 8 24 i
316 318 90 32 nådiga
423 318 171 32 förordningen
613 318 44 24 den
676 318 32 24 22
727 318 127 24 December
874 318 72 30 1882,

190 353 156 32 uppräknade
372 353 91 30 kontor,
489 353 79 23 håller
591 352 102 24 Banken
720 352 85 24 kontor
827 352 88 32 jemväl
938 352 8 23 i

190 388 113 24 Joensuu.
328 387 70 24 Detta
416 388 85 23 kontor
519 387 102 24 förestås
641 387 24 23 af
683 395 29 15 en
731 386 215 25 Bankkommissa-

191 422 35 24 rie
245 422 52 24 med
315 422 91 24 biträde
425 422 24 24 af
467 430 30 16 en
515 422 86 24 kassör
621 422 43 23 och
682 422 46 23 har
746 422 7 22 i
773 421 72 32 öfrigt
856 429 91 16 samma

192 456 166 32 organisation
377 456 42 24 och
437 456 96 32 uppgift
552 464 49 16 som
621 456 155 24 förenämnda
794 456 90 24 kontor.

538 515 13 29 $
572 514 37 24 10.

261 559 55 24 Med
334 559 104 32 ändring
456 560 25 23 af
500 561 30 29 $$
551 560 38 30 79,
610 560 54 31 107,
690 560 48 24 109
766 560 42 23 och
837 559 47 23 112
912 559 36 23 uti

191 593 155 32 reglementet
364 594 110 32 stadgas:

260 630 35 22 att
317 630 77 30 öppna
421 628 42 24 och
487 629 83 23 slutna
591 629 163 31 depositioner,
776 636 50 16 som
847 627 101 25 Banken

192 663 7 23 i
217 662 83 24 förvar
327 663 128 31 emottagit,
483 665 37 22 stå
546 664 75 24 under
648 666 121 21 närmaste
796 663 88 31 tillsyn
906 662 42 23 och

192 697 59 23 vård
270 697 25 23 af
311 692 85 41 förste
403 697 156 25 kamreraren
577 698 43 24 och
639 698 109 24 förvaras
773 698 36 23 uti
832 696 116 25 särskildt

192 731 77 31 hvalf,
295 732 102 23 hvartill
424 732 44 24 den
495 740 46 16 ena
562 730 106 34 nyckeln
690 732 214 24 omhänderhafves
924 731 24 23 af

192 766 84 24 honom
296 766 43 24 och
358 766 44 23 den
421 767 75 23 andra
515 767 25 23 af
558 767 195 30 öfverkassören
743 762 14 39 ;

262 802 34 22 att
314 800 102 24 Banken
434 801 126 32 tillhöriga
578 802 86 23 vexlar
681 802 76 22 under
779 800 168 24 Direktionens

192 835 122 23 särskilda
332 835 59 23 vård
410 835 109 24 förvaras
538 836 8 23 i
563 836 53 23 dess
636 835 151 30 kassahvalt,
799 835 38 23 till
854 834 94 23 hvilket

192 869 157 24 ordföranden
376 869 43 24 och
445 877 30 16 en
502 870 25 23 af
553 870 158 23 ledamöterne
736 869 132 24 innehafva
886 869 62 23 hvar

192 903 39 24 sin
250 903 94 31 nyckel,
362 911 54 16 men
435 906 35 21 att
487 904 116 24 Bankens
622 904 158 30 skuldsedlar,
798 905 86 30 panter
904 903 44 23 och

192 937 274 33 säkerhetshandlingar
485 939 123 23 äfvensom
627 938 198 25 sedelblanketter
844 939 38 22 stä
902 945 46 16 un-

192 972 40 23 der
250 972 73 23 andre
342 972 167 25 kamrerarens
528 973 61 24 värd
608 973 42 24 och
668 973 88 30 tillsyn
780 974 61 22 samt
867 971 81 24 förva-

191 1014 40 16 ras
251 1006 9 23 i
279 1007 75 23 skildt
371 1007 76 30 hvalf,
471 1007 104 24 hvartill
602 1015 44 16 ena
673 1007 106 31 nyckeln
808 1006 140 24 omhänder-

191 1041 86 24 hafves
305 1041 25 24 af
352 1041 86 24 honom
462 1042 42 23 och
528 1042 44 23 den
597 1042 75 24 andra
691 1042 25 23 af
734 1042 73 23 förste
825 1041 123 24 kamrera-

191 1083 54 22 ren;
266 1078 63 21 samt

261 1111 35 22 att
314 1110 44 23 den
377 1110 158 32 ansvarighet
553 1110 37 23 för
607 1109 115 25 Bankens
745 1109 66 24 läne-
839 1109 43 24 och
910 1111 38 22 sä-

191 1143 252 33 kerhetshandlingar,
462 1145 52 23 med
531 1145 126 31 undantag
675 1144 25 24 af
718 1144 91 30 vexlar,
828 1145 62 22 samt
912 1143 37 24 för

192 1178 95 24 nedsatt
304 1179 65 31 gods,
387 1179 102 24 hvilken
506 1179 126 24 härintills
651 1179 80 32 älegat
749 1179 44 23 den
811 1177 101 24 medlem
924 1177 25 24 af

191 1212 164 30 Direktionen,
373 1213 102 24 hvilken
492 1216 122 21 närmaste
632 1213 123 24 inseendet
774 1213 65 23 öfver
857 1212 92 24 kamre-

191 1247 164 24 rarekontoret
377 1247 154 31 tillkommer,
554 1247 150 32 öfverflyttas
726 1249 32 30 pä
781 1247 73 24 förste
880 1246 68 24 kam-

191 1289 105 16 reraren.

537 1317 14 29 8
572 1316 37 24 11.

260 1366 112 24 Förutom
390 1367 27 23 de
434 1367 9 22 i
463 1368 30 29 $$
514 1367 47 24 111
582 1367 25 24 af
627 1367 155 32 reglementet
803 1366 148 24 föreskrifna

191 1401 190 32 inventeringar,
399 1401 42 24 bör
459 1401 155 32 inventering
633 1401 25 24 af
680 1401 116 24 Bankens
819 1401 67 23 läne-
908 1400 43 24 och

192 1435 276 32 säkerhetshandlingar
487 1438 63 21 samt
568 1435 158 32 depositioner
744 1435 75 24 minst
837 1437 41 21 tvä
890 1436 60 30 gän-

191 1477 42 24 ger
252 1477 37 16 om
309 1471 50 22 äret
377 1470 148 24 verkställas
544 1470 25 24 af
595 1471 80 31 nägon
702 1470 53 23 utaf
781 1469 169 24 Direktionens
