1078 1692
400 132 26 28 (U.
441 132 24 22 B.
480 144 29 4 —
523 132 91 22 XXXVI.
843 132 13 22 5

479 201 12 27 8
507 202 33 20 40.

200 246 186 28 Borgareständet
399 247 40 21 har
454 247 48 21 från
517 248 14 21 3
545 254 64 14 mom.
625 246 103 22 utstrukit
745 248 60 20 ordet
820 247 66 28 ,lika=

131 281 78 22 ledes*.

199 316 33 22 Då
256 316 35 22 det
313 316 63 22 beror
398 316 30 28 pä
448 318 31 19 ett
494 316 135 21 förbiseende
645 318 32 19 att
693 316 59 21 detta
768 316 39 21 ord
822 316 40 21 fått
877 316 8 21 i

132 350 121 22 Utskottets
275 350 81 28 förslag
380 351 93 27 qvarstå,
495 350 33 21 får
548 350 109 22 Utskottet
676 350 38 22 hos
730 350 156 28 Ridderskapet

132 384 37 22 och
189 384 71 22 Adeln
276 387 55 19 samt
346 384 84 22 Preste-
445 384 40 22 och
501 384 171 22 Bondestånden
687 384 78 22 föreslå

406 438 33 20 att
450 437 63 21 ordet
521 436 127 29 likaledes”
656 437 77 21 varder
743 436 47 22 från
799 437 13 21 3
821 443 63 16 mom,

336 471 111 21 uteslutet.

477 523 12 27 $
504 523 34 22 45.

201 563 184 29 Borgareståndet
400 563 39 21 har
455 563 106 27 anmärkt,
578 564 32 20 att
625 563 7 21 i
648 564 41 20 den
705 563 69 22 finska
790 565 72 20 texten
877 562 7 22 i

133 598 67 21 första
215 598 66 21 raden
298 598 61 21 ordet
375 597 183 28 ,johtokuntaan*
574 597 40 21 bör
635 604 51 15 vara
704 597 180 29 ,johtokunnan*.

201 632 146 21 Erkännande
370 632 159 27 behöfligheten
552 632 24 21 af
595 632 71 21 denna
686 632 96 26 rättelse,
798 632 33 21 fär
847 631 37 22 Ut-

133 666 81 22 skottet
229 666 74 28 längre
319 666 54 22 fram
388 668 59 26 yttra
462 666 33 28 sig
511 667 112 27 angäende
639 667 25 21 de
680 666 7 21 i
703 667 42 21 den
760 666 69 22 finska
840 668 44 20 tex-

134 703 36 19 ten
186 700 138 28 erforderliga
340 700 103 22 rättelser.

479 759 12 27 s
507 759 34 21 49.

201 804 162 22 Presteständet
384 804 40 22 har
445 804 48 22 från
510 806 10 20 1
537 812 64 14 mom.
617 804 99 22 uteslutit
727 805 46 21 den
789 805 12 21 &
816 804 68 22 andra

133 840 67 20 raden
216 838 121 28 äberopade
354 839 11 27 $
382 840 33 21 33.

203 873 39 21 Vid
266 873 120 21 Utskottets
410 873 23 21 af
453 875 33 20 tre
505 873 69 22 Ständ
594 873 116 28 godkända
727 873 81 26 förslag
823 873 61 20 torde

133 907 21 21 fä
168 906 59 23 bero.

480 948 12 27 8
507 948 35 21 53.

201 993 163 22 Presteständet
386 994 40 21 har
448 994 6 21 i
469 993 64 28 öfrigt
549 993 97 28 godkänt
662 994 19 27 8,
697 1000 48 15 men
762 994 63 20 derur
840 995 46 19 ute-

133 1027 60 22 slutit
215 1029 66 20 orden
304 1028 18 28 ,i
345 1029 42 20 den
410 1028 129 27 omfattning
560 1028 107 27 tjenstens
686 1028 147 21 beskaffenhet
848 1028 38 27 pä-

135 1061 87 22 kallar",

201 1096 163 23 Bondeståndet
386 1097 39 21 har
445 1097 7 20 i
472 1097 73 22 stället
560 1097 34 21 för
610 1097 120 21 Utskottets
747 1096 80 27 förslag
842 1103 44 14 om-

136 1130 65 22 fattat
217 1132 41 21 den
273 1131 121 28 redaktion,
412 1138 44 15 som
472 1131 63 28 ingår
549 1131 7 21 i
571 1131 53 22 sista
635 1126 62 27 mom,
708 1131 44 28 af
744 1122 11 42 $
763 1131 27 22 52
801 1131 7 21 i
818 1130 68 22 bank-

133 1164 147 29 fullmäktiges
295 1165 86 28 förslag.

201 1199 35 22 Då
250 1199 158 28 Ridderskapet
424 1201 40 20 och
480 1200 71 21 Adeln
568 1203 56 18 samt
640 1200 180 27 Borgareståndet
835 1200 52 27 god-

136 1233 53 22 känt
208 1234 120 22 Utskottets
348 1235 79 27 förslag
447 1235 148 26 oförändradt,
610 1235 41 21 och
665 1235 172 21 Presteståndets
851 1233 35 22 be-

134 1267 49 28 slut,
207 1275 45 15 som
275 1269 77 21 endast
372 1271 24 19 är
411 1276 26 15 en
453 1269 148 22 modifikation
617 1269 24 22 af
654 1270 67 27 sagda
736 1269 85 26 förslag,
839 1269 48 20 när-

135 1309 59 15 mare
217 1303 201 22 öfverensstämmer
440 1305 49 20 med
511 1303 53 22 först
584 1303 99 22 bemälda
703 1305 37 20 två
756 1304 86 27 Ständs,
859 1304 27 20 än

135 1338 49 20 med
207 1337 173 22 Bondeståndets
402 1338 77 27 beslut,
503 1345 63 14 anser
587 1338 110 21 Utskottet
713 1338 32 27 sig
761 1338 52 21 böra
829 1337 57 22 hem-

135 1371 64 22 ställa

408 1409 32 19 att
456 1407 87 22 Preste-
557 1407 40 21 och
609 1407 171 22 Bondeständen
790 1407 49 22 ville
849 1413 36 15 an-

339 1443 52 25 taga
408 1441 122 22 Utskottets
540 1441 81 28 förslag
635 1442 32 21 till
678 1442 11 28 $
700 1443 28 21 53
740 1441 146 22 oförändradt.

202 1480 148 18 Bankutskottets
362 1480 109 19 betänkande
483 1482 36 18 N:o
531 1482 18 17 2.
