1078 1692
214 114 12 20 6
396 112 82 22 Ständ.
495 111 54 22 Skr.
566 124 27 3 —
610 111 113 21 XXXVI.

185 172 115 26 skjutning
315 171 25 21 af
353 172 71 21 denna
439 173 68 25 gräns
523 171 156 21 underkastats
696 177 114 21 noggrann
825 170 108 28 pröfning.

183 207 87 21 Härvid
292 207 40 21 har
355 207 67 27 tagits
445 207 7 21 i
468 206 154 28 betraktande,
639 207 13 21 å
668 212 41 16 ena
725 206 69 28 sidan,
810 208 33 20 att
859 206 74 22 affärs-

184 242 183 22 verksamhetens
388 242 100 27 stegring
510 242 70 21 under
595 242 28 21 de
639 243 88 20 senaste
743 242 53 22 åren
811 242 50 21 icke
876 242 58 21 med-

185 278 45 21 fört
253 278 57 21 ökad
333 276 95 29 tillgång
450 278 28 26 på
503 277 105 22 utländsk
623 278 81 27 valuta,
722 278 89 21 emedan
827 278 107 26 importen

186 313 63 27 stigit
272 313 132 21 åtminstone
418 313 8 21 i
449 318 82 16 samma
546 313 126 26 proportion
689 319 45 15 som
751 315 111 25 exporten,
879 314 56 20 samt

185 350 33 20 att
242 348 37 22 det
302 350 26 20 är
351 348 168 22 affärsrörelsen
542 348 59 21 inom
617 348 81 28 landet,
715 355 46 15 som
774 348 160 28 jemförelsevis

186 384 99 22 starkast
300 384 113 22 utvecklat
429 384 34 26 sig
479 384 40 21 och
535 383 127 22 framkallat
678 386 32 19 ett
725 384 98 27 verkligt
833 383 67 22 behof
914 382 24 22 af

187 420 57 20 ökad
258 419 97 27 tillgång
371 420 27 26 på
414 419 246 27 cirkulationsmedel,
653 415 12 36 å
676 420 68 20 andra
760 419 62 21 sidan
838 420 54 26 åter,
903 420 33 20 att

186 460 28 16 en
230 454 162 28 framflyttning
400 454 25 22 af
433 456 97 26 gränsen
541 454 36 21 för
587 454 265 28 sedelutgifningsrätten,
867 454 69 27 enligt

187 489 113 28 förslaget,
317 490 49 21 icke
390 490 43 21 kan
455 489 98 22 medföra
569 490 72 27 någon
656 490 63 28 våda,
736 492 54 20 enär
805 490 38 22 det
857 490 78 26 belopp

188 525 79 27 sedlar,
290 532 46 14 som
357 525 69 22 under
446 526 44 21 alla
506 525 154 22 förhållanden
675 526 49 21 med
740 526 85 21 visshet
840 526 44 20 kan
899 532 36 14 an-

190 563 63 24 tagas
264 566 54 16 vara
328 561 8 20 i
348 561 42 21 den
401 561 110 21 allmänna
521 562 99 20 rörelsen
636 562 88 26 bundet,
741 568 89 14 numera
845 560 91 22 otvifvel

187 596 74 26 aktigt
271 595 86 22 komme
368 598 33 19 att
415 596 59 21 hålla
486 596 34 27 sig
531 596 110 28 betydligt
651 597 68 27 högre
736 599 28 19 än
780 598 26 20 35
823 597 113 21 millioner.

260 630 76 22 Såsom
360 632 32 20 ett
415 632 49 20 skäl
487 631 34 21 för
544 631 169 27 ifrågavarande
737 632 82 27 ökning
837 632 44 21 kan
896 632 40 21 ock

188 666 95 27 anföras,
300 668 33 20 att
356 666 42 22 den
422 666 232 28 sedelutgifningsrätt
677 668 13 20 å
712 668 41 28 1'/,
770 668 82 20 million
867 668 68 26 mark,

189 702 213 26 Föreningsbanken
425 703 7 20 i
455 702 95 21 Finland
574 704 58 20 ännu
655 703 97 26 innehar,
776 705 62 19 snart
853 703 83 26 upphör

189 737 40 21 och
252 738 34 20 att
308 737 43 21 den
375 738 63 27 plats,
463 738 50 21 dess
539 738 74 21 sedlar
635 738 48 22 haft
698 739 33 21 uti
746 739 105 27 rörelsen,
868 738 68 22 mäste

190 771 66 27 fyllas
273 772 24 20 af
310 772 108 22 Finlands
434 773 75 21 Banks
526 773 78 21 sedlar.

260 807 46 21 För
330 807 67 27 öfrigt
420 808 65 22 hafva
507 808 124 22 Ständerna
645 809 49 21 med
710 808 227 28 sedelutgifningsrät-

189 844 49 20 tens
263 842 111 27 vidgande
390 843 91 22 alldeles
497 844 48 21 icke
561 843 84 28 äsyftat
660 845 72 26 någon
747 844 153 27 utsträckning
916 843 24 22 af

190 877 100 22 bankens
308 878 101 27 utläning
424 878 87 22 utöfver
528 879 58 21 hvad
603 879 82 28 skäligt
700 880 40 21 och
755 880 113 27 gagneligt
884 879 54 22 eller

189 913 138 27 nödvändigt
348 915 30 20 är.
409 907 115 34 Åtgärden
546 915 60 22 afser
627 915 92 22 framför
734 916 46 26 allt,
797 917 32 19 att
844 915 93 27 banken,

189 955 35 14 om
239 949 41 20 ock
296 948 167 23 förhållandena
479 950 72 21 skulle
567 950 75 22 fordra
657 953 33 19 att
704 951 99 21 bankens
818 951 119 26 utlånings-

189 984 85 21 rörelse
290 983 66 23 äfven
373 984 117 23 framdeles
507 986 85 21 komme
608 988 33 19 att
656 986 66 22 hafva
738 993 27 14 en
778 985 160 28 jemförelsevis

189 1019 101 27 betydlig
306 1019 137 28 omfattning,
460 1021 70 21 likväl
547 1021 34 21 må
597 1021 74 21 kunna
686 1021 118 22 innehafva
820 1027 27 16 en
863 1022 24 21 så
902 1022 36 21 be-

189 1054 73 27 tydlig
272 1055 146 28 sedelreserv,
435 1057 33 20 att
484 1057 111 26 trångmål
611 1057 37 21 vid
664 1057 101 27 ovanliga
780 1057 159 26 konjunkturer

192 1089 20 27 ej
228 1090 35 20 må
280 1090 81 26 uppstå
377 1091 54 21 eller
449 1097 38 16 ens
503 1091 94 22 befaras.

261 1125 122 26 Angående
400 1126 149 27 stadgandena
564 1127 8 21 i
590 1129 25 19 19
633 1127 12 29 $
662 1133 34 16 om
706 1127 99 22 bankens
817 1127 123 21 metalliska

190 1159 66 22 kassa
279 1160 63 21 torde
366 1161 53 21 böra
443 1162 104 27 påpekas,
568 1164 33 20 att
616 1163 40 20 här
671 1163 113 21 uteslutits
800 1163 43 21 den
859 1163 6 20 i
884 1164 55 19 1878

189 1195 38 21 års
251 1195 135 27 reglemente
411 1199 11 18 7
447 1197 12 28 &
484 1197 109 28 ingående
616 1199 174 26 bestämningen,
814 1200 32 19 att
870 1198 70 21 såsom

190 1231 113 21 metallisk
326 1231 66 22 kassa
416 1231 35 22 får
473 1233 124 22 tillsvidare
621 1234 39 21 och
683 1234 59 21 intill
764 1234 50 21 dess
830 1233 73 22 derom
918 1233 25 21 af

190 1265 88 22 landets
295 1267 96 26 styrelse
407 1268 28 26 på
446 1267 166 29 framställning
623 1269 23 21 af
655 1269 198 26 bankfullmäktige
864 1275 76 15 annor-

190 1301 67 21 lunda
274 1301 117 22 förordnas
407 1302 66 22 äfven
489 1309 64 16 anses
570 1303 78 22 silfver
662 1304 8 21 i
686 1304 79 27 plants.
791 1303 99 28 Behöflig
904 1303 38 22 vid

191 1335 152 28 öfvergången
359 1338 35 21 till
405 1338 154 28 guldmyntfot,
579 1341 25 19 är
623 1339 71 22 denna
704 1340 139 27 bestämning
853 1345 89 16 numera

191 1371 49 21 icke
257 1372 107 27 sakenlig.
