1078 1692
232 131 26 20 14

57 192 16 21 b)
87 191 97 23 Tryckning
258 192 20 27 b)
292 192 11 21 I
311 192 89 23 Oktober
409 194 75 20 månad
497 194 54 21 1889
559 194 90 22 anmälte
657 194 188 21 Bankdirektionen
853 195 31 21 att
893 194 56 22 Ban-

54 214 18 18 af
83 220 21 12 en
115 220 23 17 ny
147 220 12 12 uy

79 238 40 22 laga

171 221 18 17 ?
201 227 50 21 kens
268 226 69 22 förråd
355 228 23 21 af
393 228 115 21 blanketter
526 228 32 21 till
575 229 141 21 sedelvalören
731 229 42 21 500
788 229 58 21 mark
860 229 87 27 nedgått

53 261 58 17 marks
122 261 61 17 sedlar.
202 261 22 21 så
242 261 107 27 betydligt,
365 262 31 21 att
413 262 51 21 brist
482 263 25 27 på
526 263 68 21 sedlar
613 263 22 21 af
650 263 92 21 nämnda
764 264 57 20 valör
843 264 105 26 snarligen

201 302 47 14 vore
264 296 31 20 att
309 296 76 21 befara.
408 296 68 22 Sedan
490 296 190 29 Bankfullmäktige
695 298 7 20 i
718 297 112 27 anledning
839 297 62 21 häraf
908 298 40 20 den

202 330 11 20 7
228 330 7 20 i
251 336 79 14 samma
344 330 76 21 månad
435 331 134 27 bemyndigat
583 332 134 21 Direktionen
732 333 32 20 att
774 332 47 21 med
831 331 118 28 Litografen

201 364 111 26 Tilgmann
333 366 93 26 uppgöra
447 365 50 21 aftal
519 372 34 14 om
571 366 159 27 tillverkningen
749 366 23 21 af
788 366 160 27 tjugufemtusen

201 398 117 22 blanketter
334 399 32 20 till
381 400 41 21 500
436 400 69 20 marks
521 400 70 21 sedeln
607 401 55 20 samt
676 401 31 21 att
722 400 45 21 frän
785 401 79 21 Tumba
878 400 70 21 bruki

202 432 84 28 Sverige
308 433 87 21 beställa
416 434 68 20 dertill
502 434 73 27 nödigt
593 441 77 21 papper
688 434 22 22 af
726 435 109 21 enahanda
857 434 91 28 gvalitet,

202 474 44 14 som
260 467 106 21 derstädes
382 468 86 27 tidigare
482 468 115 22 tillverkats
609 469 31 21 för
651 469 39 21 den
706 469 2 21 i
719 469 138 27 Köpenhamn
868 469 81 27 tryckta

201 502 105 27 upplagan
326 502 23 21 af
365 502 118 22 förberörda
501 503 119 26 sedelvalör,
636 504 22 21 sä
672 504 38 21 har
726 504 35 20 det
774 504 8 20 i
798 504 90 27 enlighet
901 504 48 20 här-

201 536 48 21 med
264 536 129 27 regvirerade
408 538 169 26 papperspartiet,
593 538 75 25 14,500
682 538 42 26 ark,
739 538 56 21 inom
805 538 54 21 ärets
869 538 80 26 utgäng

201 570 23 20 af
246 570 74 21 bruket
344 571 116 26 levererats,
478 572 103 21 hvarefter
603 573 137 27 tryckningen
759 572 23 21 af
793 572 155 28 ifrägavarande

201 604 147 28 sedelupplaga
367 605 68 27 vidtog
453 606 41 21 den
514 607 26 21 14
557 606 57 22 Mars
635 607 54 21 1890
707 607 38 21 och
760 607 86 27 fortgick
860 607 32 21 till
906 606 41 21 den

202 639 26 21 14
243 638 125 28 derpäföljde
383 640 49 21 Juli.
460 640 77 21 Dervid
551 640 149 28 förfärdigades
715 641 74 21 inalles
804 642 76 24 23,600
895 640 53 28 goda

199 673 121 25 blanketter,
340 675 143 21 motsvarande
504 676 76 24 11,800
595 676 36 20 ark
645 682 83 21 papper,
742 676 107 21 hvaremot
862 674 86 22 äterstä-

200 708 51 20 ende
272 708 61 25 2,700
351 709 36 20 ark
405 709 66 21 mäste
485 709 100 21 kasseras.
615 710 71 21 Säsom
702 710 59 21 orsak
776 710 31 21 till
822 710 39 21 den
876 710 72 27 betyd-

199 742 43 27 liga
259 742 224 27 makulaturförlusten,
502 744 115 26 utgörande
633 744 64 27 enligt
712 744 36 21 det
762 744 127 22 förestäende
905 751 43 15 om-

199 776 60 28 kring
276 777 46 28 184
337 778 89 26 procent,
440 778 107 27 uppgifves
558 779 31 20 att
600 778 35 21 det
645 778 31 21 för
686 778 57 21 hand
753 779 119 21 tillverkade
882 785 66 21 papp-

200 811 42 20 rets
266 811 125 27 krympning
416 812 37 20 och
479 812 120 27 sträckning
625 812 43 21 icke
694 813 80 21 kunnat
799 813 146 27 erforderligen

200 845 79 21 fixeras.

58 879 15 22 €)
83 879 98 22 Tryckning
268 879 19 28 c)
302 879 93 22 Emedan
416 880 67 21 afsedt
502 887 35 14 var
555 881 31 20 att
603 881 12 20 &
630 881 173 26 sedeltryckeriet,
818 881 80 21 säsnart
913 887 33 15 ar-

60 903 18 16 af
88 908 21 12 en
121 908 23 17 ny
155 902 25 18 tio

60 925 58 18 marks
131 925 50 18 sedel.

200 914 56 21 betet
274 914 47 21 med
339 914 41 21 den
398 921 40 20 nya
453 915 70 21 sedeln
539 915 22 20 af
573 915 42 21 fem
630 915 68 21 marks
714 915 58 21 valör
786 915 73 21 hunnit
873 915 74 21 slutfö-

200 955 39 18 ras,
261 949 127 20 omedelbart
406 949 82 27 vidtaga
506 949 48 21 med
573 949 159 27 tillverkningen
747 949 23 21 af
782 955 25 14 en
821 956 28 20 ny
864 949 56 21 sedel
934 949 13 21 &

200 982 28 21 tio
245 983 70 20 marks
330 983 62 23 valör,
407 983 43 21 blef
462 983 31 21 för
509 983 57 21 detta
581 983 96 21 ändamäl
691 983 93 21 Artisten
799 984 22 20 E.
835 983 89 27 Doepler
938 983 7 21 i

199 1016 72 21 Berlin
286 1017 66 20 under
367 1023 115 15 sommaren
499 1017 53 22 1888
568 1017 101 22 anmodad
684 1018 32 20 att
730 1019 92 26 uppgöra
837 1018 29 21 ett
876 1018 71 20 utkast

200 1050 32 21 till
247 1051 138 21 nästnämnda
400 1051 60 26 sedel,
475 1051 103 21 hvarefter
592 1051 119 27 Litografen
724 1051 109 27 Tilgmann
843 1052 25 27 pä
878 1051 68 28 grund

200 1085 23 20 af
238 1085 120 21 förberörda
376 1085 70 21 utkast
463 1086 38 21 och
518 1086 8 20 i
544 1086 91 26 enlighet
653 1086 48 21 med
720 1085 23 22 af
758 1086 187 27 Bankfullmäktige

199 1119 122 21 meddelade
336 1120 132 26 anvisningar
482 1120 96 27 uppgjort
593 1120 103 21 definitiva
711 1120 101 27 ritningar
827 1120 31 21 till
870 1120 75 27 ifräga-

200 1153 90 21 varande
305 1153 63 22 sedel.
397 1154 68 21 Sedan
479 1154 60 21 dessa
553 1154 101 27 ritningar
669 1154 40 21 den
724 1154 13 21 6
752 1154 56 21 Mars
827 1154 53 21 1889
894 1154 8 21 i
916 1154 30 21 af-

200 1187 76 21 seende
298 1188 12 21 ä
331 1188 131 21 fastställelse
481 1188 32 21 till
531 1188 114 27 Kejserliga
664 1188 92 21 Senaten
774 1188 99 25 insändts,
891 1189 55 20 samt

201 1221 91 22 Senaten
310 1228 74 21 genom
402 1223 63 26 nädig
481 1223 122 26 kungörelse
623 1222 22 21 af
658 1223 39 20 den
713 1223 26 20 27
755 1222 8 21 i
778 1229 78 14 samma
870 1222 76 21 mänad

199 1255 70 22 funnit
291 1256 49 27 godt
361 1256 102 21 fastställa
483 1256 40 21 den
544 1256 122 21 förändrade
688 1256 86 27 lydelse,
791 1256 97 21 utseende
907 1257 39 21 och

200 1289 53 21 form
267 1289 33 22 för
313 1290 99 21 Finlands
426 1290 70 21 Banks
511 1290 68 21 sedlar
593 1291 12 20 &
619 1290 29 21 tio
662 1291 70 20 marks
747 1291 62 25 valör,
825 1296 43 15 som
879 1290 66 22 finnes

201 1324 95 27 angifven
314 1324 32 21 uti
360 1324 40 21 den
414 1325 137 26 kungörelsen
566 1325 93 26 bifogade
674 1325 133 27 beskrifning,
822 1325 37 20 har
874 1331 72 20 grave-

200 1358 74 27 ringen
293 1358 23 21 af
332 1358 185 28 originalplätarne,
533 1359 48 20 med
600 1359 200 26 Bankfullmäktiges
819 1359 68 21 dertill
905 1359 40 20 den

201 1392 26 21 17
246 1393 59 27 April
323 1393 94 20 lemnade
438 1393 171 27 bemyndigande,
631 1393 121 27 uppdragits
774 1393 22 20 ät
813 1389 132 25 Österrikisk-

201 1426 109 27 Ungerska
325 1427 134 21 riksbankens
475 1427 196 27 graveringsanstalt
689 1427 3 20 i
707 1427 67 26 Wien,
785 1433 43 15 som
841 1427 56 20 inom
912 1427 33 20 ut-

201 1460 41 21 fäst
260 1461 76 21 termin
353 1461 8 20 i
378 1461 87 21 Jannari
482 1461 76 21 månad
577 1461 54 21 1890
648 1461 118 21 levererade
787 1461 158 27 beställningen;
