1078 1692
220 133 72 22 Ständ.
307 132 51 22 und.
374 132 48 22 Skr.
439 144 26 2 —
480 130 131 22 Bankfullm.
626 130 39 22 och
679 130 127 22 Bankrevis.
850 130 11 19 3

137 203 132 22 Alexanders
284 202 158 25 Universitetet,
458 201 99 21 Filosofie
572 200 96 22 Doktorn
684 200 50 22 Otto
751 200 87 22 Donner
849 200 40 21 och

137 243 182 23 Industriidkaren
330 243 6 20 i
347 241 113 27 Uleåborg,
473 241 189 22 Kommerserådet
672 241 115 27 Hemming
796 234 95 32 Åström;

206 284 30 21 till
251 283 67 21 förste
332 282 315 27 Bankfullmäktigssuppleant:
664 281 128 22 Professorn
806 281 36 21 vid
854 281 37 21 be-

139 325 72 21 mälda
232 324 136 26 Universitet,
391 322 56 22 Juris
470 322 115 27 Utriusque
607 322 97 21 Doktorn
726 321 70 22 Jakob
823 321 69 22 Oskar

139 365 113 25 Forsman;

207 405 31 21 till
267 404 66 22 andre
363 402 315 28 Bankfullmäktigssuppleant:
706 402 127 22 Professorn
857 402 36 21 vid

139 445 95 22 nämnda
256 445 136 25 Universitet,
414 444 99 21 Filosofie
533 444 97 21 Doktorn
648 443 72 21 Johan
740 443 93 21 Richard
849 442 43 22 Da-

140 486 92 26 nielson;

209 526 29 20 till
264 526 68 26 tredje
356 524 315 27 Bankfullmäktigssuppleant:
702 524 155 28 Kyrkoherden
886 523 7 21 i

140 566 177 22 Willmanstrand
340 566 41 21 och
404 565 104 27 Lappvesi
527 564 132 27 församling,
679 564 98 27 Prosten,
793 563 99 22 Filosofie

140 607 116 27 Magistern
272 606 76 22 Gustaf
362 605 69 22 Oskar
446 605 100 21 Theodor
561 605 137 27 Nordström;

209 647 30 20 till
258 646 150 22 Bankrevisor:
428 645 113 22 Professor
557 646 107 26 emeritus,
680 644 142 28 Kanslirädet,
838 644 54 22 Filo-

141 687 52 22 sofie
208 687 96 21 Doktorn
320 686 116 22 Zacharias
451 686 100 21 Joachim
567 686 72 26 Cleve;

209 728 30 20 till
262 727 66 22 förste
349 726 278 28 Bankrevisorssuppleant:
646 726 96 22 Rektorn
758 726 41 22 och
815 719 77 28 Öfver-

141 768 85 22 läraren
240 768 36 21 vid
291 767 93 22 svenska
399 767 154 27 normallyceet
569 766 76 22 Alfred
660 766 110 26 Kihlman;

210 808 30 21 till
254 808 66 21 andre
335 807 279 28 Bankrevisorssuppleant:
630 807 156 28 Kyrkoherden
801 806 6 21 i
823 806 70 21 Tava-

142 849 74 22 stehus
238 849 41 20 och
299 847 71 22 Wänä
392 847 132 28 församling,
544 847 208 28 Kontraktsprosten
772 847 68 21 Josua
858 846 36 21 Jo-

141 889 106 26 hansson;

211 929 29 20 till
254 929 68 27 tredje
330 928 279 27 Bankrevisorssuppleant:
621 922 150 27 Öfverläraren
781 927 35 21 vid
827 927 69 21 finska

141 969 161 27 normallyceet,
318 968 133 26 Professorn,
462 968 99 22 Filosofie
572 968 96 21 Doktorn
679 968 63 21 Ernst
754 967 69 22 Jakob
834 967 60 22 Wal-

143 1009 73 22 demar
231 1009 121 26 Bonsdorff;

388 1073 55 20 inom
459 1072 191 27 Borgareständet:

210 1125 30 20 till
263 1124 201 27 Bankfullmäktige:
488 1119 188 26 Öfverdirektören
697 1124 7 21 i
725 1119 170 32 Öfverstyrelsen

141 1164 34 21 för
191 1164 160 27 Skolväsendet,
373 1164 99 27 Verklige
487 1163 128 28 Statsrädet,
635 1164 97 22 Doktorn
752 1165 7 20 i
774 1164 27 21 de
816 1164 77 27 fysisk-

142 1205 152 21 matematiska
311 1205 172 26 vetenskaperna
504 1205 92 21 Lorentz
614 1205 114 21 Leonhard
743 1204 98 22 Lindelöf
854 1205 42 21 och

142 1244 142 23 Handlanden
304 1245 6 21 i
330 1245 139 27 Björneborg,
490 1245 190 22 Kommerserädet
698 1245 89 21 Fredrik
805 1244 91 22 Vilhelm

142 1284 124 27 Rosenlew
257 1280 13 35 ;

211 1325 30 21 till
256 1324 66 22 förste
336 1325 316 27 Bankfullmäktigssuppleant:
668 1325 143 21 Handlanden
826 1325 7 20 i
848 1317 47 28 Åbo

142 1364 63 21 Ernst
220 1364 132 27 Dahlström;

211 1405 30 20 till
257 1405 65 21 andre
338 1404 315 28 Bankfullmäktigssuppleant:
669 1405 143 22 Handlanden
827 1404 6 21 i
848 1404 50 22 Hel-

143 1444 91 27 singfors
249 1445 89 21 Mauritz
355 1444 53 21 Emil
423 1445 89 22 Fredrik
528 1445 110 27 Hallberg;
