1078 1692
199 156 32 24 46

183 225 97 31 vidtaga
306 224 45 24 den
379 225 90 31 åtgärd,
493 232 50 16 som
565 224 156 24 Direktionen
746 232 71 16 anser
836 232 59 15 vara
913 224 25 23 af

181 259 235 32 omständigheterna
435 259 122 31 påkallad.
593 259 13 23 I
624 259 86 24 sådant
728 258 134 24 hänseende
881 261 56 29 äger

181 293 155 25 Direktionen
363 293 126 24 enahanda
510 294 146 32 befogenhet.
680 301 50 16 som
748 293 36 23 uti
803 293 33 24 80
856 294 12 28 $
888 300 48 16 om-

181 324 117 39 förmäles.
785 351 2 3 :

249 362 113 24 Beträdes
381 362 240 24 Bankkommissarie
639 362 52 24 med
709 362 33 23 fel
760 362 59 23 eller
834 362 102 23 försum-

181 396 73 24 melse
272 396 9 24 i
298 397 110 31 tjensten,
426 397 41 23 bör
484 396 157 24 Direktionen
654 397 78 23 derom
745 399 86 29 genast
841 395 95 25 anmäla

180 431 43 23 hos
242 430 225 32 Bankfullmäktige
487 433 62 22 samt
568 431 68 24 deras
655 431 83 23 vidare
756 430 155 24 förordnande
927 430 9 23 i

181 465 75 24 saken
279 466 110 30 afvakta;
412 466 91 31 ägande
526 465 156 24 Direktionen
704 465 137 30 emellertid;
864 465 6 23 i
890 464 45 24 fall

181 500 81 32 skälig
280 500 131 32 anledning
429 500 81 24 dertill
528 500 162 30 förekommer,
702 500 53 23 tills
768 500 83 23 vidare
861 498 74 32 skilja

180 534 85 24 honom
284 534 55 24 frän
356 535 116 31 tjenstens
486 534 113 32 utöfning
611 534 43 24 och
667 534 38 24 till
719 534 54 24 dess
786 534 149 24 bestridande

180 569 112 23 förordna
310 577 81 16 annan
409 569 102 32 lämplig
529 576 92 24 person.

523 662 13 28 s
557 660 38 24 98.

248 716 36 24 Pä
302 717 86 23 hvilka
405 717 61 23 tider
484 717 115 23 kontoren
618 716 68 24 skola
704 716 80 24 hällas
801 718 76 29 öppna
890 715 43 24 och

180 751 36 23 för
243 751 161 24 allmänheten
426 751 165 33 tillgängliga,
613 752 141 23 bestämmes
778 758 83 24 genom
880 750 26 24 de
924 750 9 23 i

181 786 32 23 94
232 786 14 30 &
266 786 142 24 omnämnda
426 786 181 24 instruktioner.

524 878 13 29 $
559 877 38 24 99.

248 928 185 32 Tjenstledighet
451 929 56 30 kan,
525 930 32 30 på
574 927 235 24 Bankdirektionens
828 927 106 30 förord,
923 923 13 41 i

179 962 45 24 fall
243 962 26 24 af
286 963 74 30 behof,
378 963 101 31 beviljas
497 962 239 25 Bankkommissarie
759 963 31 30 på
807 961 71 32 högst
893 962 41 23 två

179 997 113 24 månader
320 997 24 24 af
370 997 233 32 Bankfullmäktige,
630 997 87 23 hvilka
739 997 30 23 då
786 995 82 24 tillika
886 995 48 23 för-

179 1031 73 24 ordna
280 1039 81 16 annan
387 1039 86 24 person
493 1031 40 24 till
551 1032 117 31 tjenstens
687 1030 156 25 bestridande.
878 1029 57 24 Men

179 1066 69 23 sökes
267 1066 105 32 ledighet
390 1066 36 23 för
444 1066 85 32 längre
547 1066 42 30 tid,
608 1065 64 24 skall
691 1065 97 24 ärendet
803 1065 70 30 jemte
887 1063 47 24 för-

179 1100 55 32 slag
252 1108 37 16 om
306 1101 100 30 vikarie,
425 1108 84 25 genom
528 1099 228 33 Bankfullmäktige
775 1098 159 24 öfverlemnas

178 1135 40 23 till
238 1134 115 25 Senatens
372 1135 129 24 Ekonomie
519 1135 174 31 Departement.

248 1169 73 24 Söker
343 1177 81 16 annan
442 1170 145 31 tjensteman
605 1169 41 23 vid
664 1168 116 24 Bankens
799 1167 85 24 kontor
902 1166 33 24 le-

179 1203 81 32 dighet
278 1203 55 24 frän
351 1204 109 31 tjensten,
480 1203 64 24 skall
563 1203 96 24 ärendet
671 1202 132 24 behandlas
817 1201 43 24 och
872 1200 63 32 pröf-

178 1245 44 16 vas
242 1237 77 32 enligt
337 1238 27 23 de
382 1239 111 30 grunder,
513 1245 50 16 som
581 1237 9 24 i
609 1237 32 24 86
661 1238 13 29 &
694 1236 114 32 stadgade
827 1238 45 21 äro.

515 1330 14 29 $
550 1329 55 23 100.

246 1380 117 23 Inträffar
381 1380 9 23 i
408 1380 110 24 afseende
537 1381 14 22 ä
568 1378 241 25 Bankkommissarie
826 1379 73 30 något
913 1377 25 22 af

178 1414 27 23 de
223 1414 174 31 förhållanden,
416 1422 50 16 som
485 1417 140 21 omnämnas
643 1414 9 23 i
671 1414 61 23 sista
750 1420 68 16 mom.
831 1411 25 24 af
870 1411 30 24 77
917 1411 20 30 $,

178 1448 65 24 skall
263 1449 221 24 Bankdirektionen
503 1449 79 23 derom
594 1450 86 30 genast
692 1447 98 24 anmäla
799 1447 44 23 hos
853 1445 84 24 Bank-
