1078 1692
853 162 30 24 59

216 231 108 32 Uppstår
348 232 82 23 dervid
447 231 145 32 skiljaktiga
609 231 135 32 meningar,
761 232 140 23 bestämmes

148 266 101 24 beslutet
266 266 25 24 af
309 265 69 25 flesta
395 268 120 28 rösterna;
535 274 54 16 men
607 268 41 22 äro
659 268 110 22 rösterna
779 266 57 30 lika,
849 266 52 31 gäl-

148 300 35 24 ler
205 301 44 23 den
267 300 104 32 mening,
390 308 50 16 som
459 300 25 24 af
502 300 163 24 Ordföranden
684 300 119 31 omfattas,
824 302 78 22 såsom

148 335 170 24 Revisorernes
336 334 84 25 beslut.
447 334 58 24 Alla
524 335 178 32 omröstningar
715 335 57 24 böra
784 336 117 30 upptagas

148 370 9 23 i
175 369 170 25 Revisorernes
364 368 123 33 protokoll.

483 467 14 29 8
519 466 54 24 117.

217 529 67 24 Efter
302 529 102 24 slutförd
421 529 155 32 granskning
588 530 95 32 afgifva
695 529 157 24 Revisorerne
864 528 40 24 till

149 563 231 32 Bankfullmäktige,
406 564 70 31 jemte
503 564 141 31 protokollet
666 564 66 24 öfver
754 564 67 24 deras
840 570 63 17 sam-

150 598 145 31 manträden,
314 598 110 32 skriftlig
441 598 126 24 berättelse
586 606 37 16 om
641 598 151 24 revisionens
805 597 98 31 förlopp,

150 640 37 16 om
204 632 114 24 Bankens
338 632 125 32 ställning,
481 633 76 23 sådan
575 633 159 24 Revisorerne
752 632 83 24 funnit
847 632 56 23 den-

151 675 97 22 samma,
271 667 43 24 och
337 674 37 16 om
396 667 90 24 sådana
505 667 168 24 förhållanden
692 667 8 24 i
718 666 186 32 förvaltningen,

150 708 51 17 som
227 703 70 29 synts
324 701 157 24 Revisorerne
503 710 60 16 vara
585 702 25 24 af
631 702 165 24 beskaffenhet
819 703 34 21 att
871 700 33 31 de,

150 738 60 21 utan
232 738 35 21 att
287 736 123 23 föranleda
427 736 39 23 till
490 736 170 32 anmärkning,
678 736 79 24 likväl
775 735 129 32 förtjenade

151 772 34 22 att
203 770 230 31 uppmärksammas.

218 804 58 24 Men
292 804 45 24 har
355 805 9 23 i
382 804 180 32 förvaltningen
581 804 149 24 förekommit
749 804 84 32 åtgärd
847 804 57 24 eller

151 838 171 31 försummelse,
349 847 50 16 som
425 839 159 24 Revisorerne
611 847 57 16 anse
692 839 99 31 påkalla
808 838 97 24 rättelse

151 873 58 23 eller
227 873 99 31 beifran,
345 873 93 32 åligger
455 873 159 24 Revisorerne
633 875 35 22 att
685 873 79 24 derom
782 872 122 25 anmärka.

150 907 76 24 Dessa
244 907 190 32 anmärkningar
453 907 70 24 skola
534 908 83 23 tillika
629 908 51 24 med
693 907 148 30 berättelsen,
851 914 54 16 men

151 941 116 24 särskildt
290 942 118 31 affattade,
429 942 119 24 meddelas
571 942 169 32 Fullmäktige,
763 941 86 24 hvilka
866 941 38 23 in-

150 975 81 24 fordra
250 976 235 25 Bankdirektionens
499 976 126 33 skriftliga
637 977 137 31 förklaring
786 975 69 25 såväl
870 975 34 24 öf-

151 1018 42 15 ver
220 1011 51 23 dem
298 1019 50 16 som
375 1011 65 24 öfver
467 1011 28 24 de
523 1011 137 32 erinringar
684 1011 43 24 och
749 1011 155 31 önskningar,

151 1045 87 23 hvilka
260 1045 113 32 möjligen
397 1046 102 31 intagits
522 1045 9 23 i
549 1046 154 30 berättelsen;
722 1045 122 24 hvarefter
862 1045 43 23 och

152 1079 72 24 sedan
242 1079 166 32 förklaringen
426 1079 134 32 inkommit,
572 1080 162 32 Fullmäktige
747 1080 106 31 företaga
865 1087 39 16 sa-

151 1113 47 24 ken
224 1114 40 23 till
290 1114 86 32 slutlig
399 1115 115 32 pröfning
536 1117 62 22 samt
621 1115 82 24 tillika
721 1115 36 23 uti
775 1114 129 24 revisions-

151 1148 96 23 ärendet
269 1148 40 23 till
332 1148 49 24 alla
402 1149 52 24 dess
473 1149 68 24 delar
558 1149 99 32 vidtaga
675 1149 27 24 de
721 1149 115 32 åtgärder,
856 1156 49 16 som

151 1181 162 33 Fullmäktige
340 1183 84 24 kunna
453 1183 70 24 finna
550 1184 25 23 af
601 1183 236 32 omständigheterna
863 1184 41 30 på-

151 1216 101 25 kallade.

218 1251 14 23 I
250 1251 176 32 sammanhang
444 1252 53 23 med
511 1252 143 24 berättelsen
667 1252 69 24 skola
748 1251 158 24 Revisorerne

151 1284 44 24 ock
220 1285 78 24 utlåta
320 1286 39 32 sig
380 1293 37 16 om
435 1286 44 24 och
497 1287 9 22 i
525 1286 87 24 hvilka
629 1287 66 23 delar
713 1286 116 31 decharge
848 1285 58 24 eller

152 1319 109 24 befrielse
279 1320 55 23 från
354 1320 80 24 vidare
453 1321 160 31 ansvarighet
631 1321 37 23 för
681 1320 114 24 Bankens
805 1319 100 24 förvalt-

151 1353 61 32 ning
234 1355 75 23 under
331 1355 222 31 redovisningsåret
573 1355 49 24 kan
640 1355 161 24 tillerkännas
821 1353 84 24 Direk-

151 1387 85 25 tionen.
273 1389 49 23 Och
349 1389 138 24 ankommer
515 1389 38 24 det
579 1391 14 22 å
619 1389 163 32 Fullmäktige
809 1390 40 28 att,
876 1389 31 30 på

151 1421 147 25 Ständernas
316 1426 99 29 vägnar,
433 1423 108 24 meddela
558 1423 156 24 Direktionen
732 1423 45 24 den
786 1422 120 31 decharge,

152 1464 45 16 som
209 1459 3 3 '
220 1456 163 33 Fullmäktige
401 1457 69 24 finna
489 1457 92 32 skälig;
601 1458 59 23 dock
677 1458 52 23 med
744 1457 162 32 iakttagande,
