1078 1692
403 141 23 22 U.
441 141 23 21 B.
481 154 26 1 —
523 141 92 21 XXXVI.
846 141 11 20 7

130 211 110 27 stärkning
261 210 23 21 af
300 210 204 28 bankfullmäktiges
525 210 64 21 antal.
619 210 37 21 Att
675 210 63 21 äfven
754 210 134 26 omständig-

130 240 61 21 heter
206 239 23 21 af
242 246 74 14 annan
331 242 65 18 natur
411 239 32 21 för
459 239 137 21 närvarande
606 239 44 21 tala
661 239 33 21 för
705 245 27 15 en
742 238 146 27 förstärkning

130 268 23 21 af
171 268 41 22 den
232 269 13 20 å
264 268 134 22 Ständernas
414 268 35 21 val
464 268 161 21 ankommande
641 268 106 27 styrelsen
763 267 59 21 öfver
837 267 50 21 Fin-

131 297 60 21 lands
207 297 67 26 Bank,
290 297 61 21 torde
367 298 40 20 här
422 298 18 26 ej
457 297 87 27 päkalla
559 298 102 20 närmare
676 296 132 27 utläggning.

199 331 108 22 Utskottet
322 344 27 2 —
365 331 48 21 frän
435 332 66 20 hvars
524 330 80 28 äsigter
624 332 7 20 i
649 331 72 21 denna
736 330 40 22 sak
791 330 54 22 blott
860 336 28 15 en

131 360 98 26 medlem,
248 366 48 15 som
317 360 56 21 dock
394 360 18 27 ej
433 360 58 22 velat
507 360 79 27 afgifva
601 360 142 26 reservation,
759 360 55 20 varit
829 358 59 28 skilj-

131 389 58 27 aktig
200 402 26 2 —
237 389 39 20 har
292 389 6 20 i
313 388 83 28 frägan,
412 389 28 27 pä
455 389 58 21 hvad
529 391 43 19 sätt
587 388 93 22 berörda.
691 388 145 27 förstärkning
846 387 40 22 bör

131 418 115 26 anordnas,
269 419 98 19 närmast
389 418 53 27 tagit
465 418 6 20 i
487 418 166 26 öfvervägande,
669 418 34 21 för
717 417 72 21 hvilka
803 417 46 27 slag
864 416 23 21 af

131 446 95 22 ärenden
241 448 30 19 ett
286 446 103 22 förstärkt
404 447 59 21 antal
478 446 191 28 bankfullmäktige
684 447 71 21 mäste
770 452 64 15 anses
846 445 38 22 be-

131 475 80 27 höfligt.
240 475 68 21 Dessa
331 475 96 21 ärenden
447 475 74 21 kunna
537 475 103 21 hänföras
655 476 69 20 under
739 474 145 22 hufvudsakli-

131 510 42 21 gen
188 504 94 27 följande
297 504 131 27 kategorier:

200 538 203 28 decharge-frägan;

200 567 174 22 bestämmandet
396 567 24 21 af
439 569 135 20 räntesatser
597 568 42 21 och
654 567 69 27 öfriga
738 566 148 22 hufvudvilkor

132 596 33 21 för
180 596 96 21 diskont-
292 596 41 21 och
348 596 157 27 länerörelsen;

201 625 25 21 de
249 625 114 27 vigtigaste
386 625 181 27 personalfrågor,
590 625 110 27 nämligen
722 624 128 22 hbesättande
865 623 23 21 af

133 654 187 26 direktörsplatser
336 654 42 21 och
393 654 36 21 val
443 654 24 21 af
481 654 232 25 diskontkomiterade;

200 682 84 22 sädana
306 683 102 26 ärenden,
424 690 48 14 som
491 683 62 21 skola
568 682 144 22 underställas
727 682 104 27 Kejsaren
846 680 42 22 och

133 710 131 22 Storfursten
279 712 41 20 och
336 712 6 20 i
357 712 72 21 hvilka
444 712 193 26 bankfullmäktige
656 710 156 22 interimistiskt
831 710 56 21 före-

133 740 62 20 träda
209 740 84 21 landets
308 740 98 22 Ständer.

201 774 61 21 Hvad
285 774 98 22 deremot
406 775 136 21 vidkommer
564 774 127 22 utöfvandet
706 774 24 21 af
742 774 71 26 tillsyn
829 772 59 22 öfver

133 802 97 22 bankens
246 803 130 27 förvaltning
391 810 79 20 genom
487 804 135 21 anställande
638 803 23 21 af
674 802 166 27 inventeringar,
851 807 38 21 ge-

133 832 136 26 nomgäende
284 832 24 21 af
320 835 121 24 rapporter,
457 832 180 27 länehandlingar
652 832 42 21 och
710 831 107 28 protokoll
832 832 57 19 samt

135 860 159 21 verkställande
309 860 23 21 af
345 861 204 27 inspektionsresor,
566 862 24 19 är
601 861 36 21 det
646 860 82 28 tydligt,
740 862 32 19 att
783 861 30 20 ett
823 859 67 21 ökadt

133 889 59 20 anta]
207 889 191 27 bankfullmäktige
413 890 18 27 ej
448 890 72 21 härtill
535 891 25 20 är
575 889 24 22 af
612 889 78 26 nöden,
707 889 77 21 liksom
795 888 17 27 ej
825 887 65 22 heller

134 917 33 21 för
190 918 95 21 ärenden
306 919 95 20 rörande
418 919 161 26 tjenstledighet
605 919 42 20 och
668 918 94 21 vikariat
784 919 57 18 samt
863 922 28 15 en

135 946 33 21 del
184 947 152 27 utnämningar
352 947 59 21 inom
427 947 99 22 bankens
542 947 107 27 personal,
669 947 73 26 frägor
757 945 134 22 beträffande

135 974 169 28 förfärdigandet
327 975 24 22 af
370 976 99 21 bankens
486 976 78 26 sedlar,
584 975 168 28 ackordsfrägor
767 975 41 21 och
823 974 69 21 andra

135 1003 72 28 dylika
222 1005 140 26 uppgörelser
378 1005 50 21 med
443 1005 135 26 gäldenärer,
595 1011 27 14 m.
638 1011 27 14 m.

205 1038 45 22 Den
263 1039 158 27 jemförelsevis
435 1039 66 27 enkla
517 1041 93 25 utvägen
627 1041 31 19 att
673 1039 109 21 förstärka
797 1038 26 21 de
833 1037 58 21 ordi-

136 1067 59 22 narie
211 1067 191 28 bankfullmäktige
421 1068 91 21 medelst
533 1068 123 21 inkallande
672 1067 24 22 af
709 1067 27 22 de
751 1066 37 22 tvä
803 1066 89 21 främsta

136 1096 167 27 suppleanterna
318 1096 48 21 frän
381 1097 74 27 hvarje
471 1096 66 22 ständ
551 1096 34 22 för
598 1097 189 26 handläggningen
798 1095 22 21 af
829 1094 65 22 ofvan

136 1124 91 22 anförda
242 1125 104 27 vigtigare
362 1125 102 27 ärenden,
481 1126 40 21 har
536 1125 41 22 hos
592 1125 109 22 Utskottet
716 1125 6 21 i
732 1125 78 26 början
820 1123 23 21 af
851 1123 43 21 frä-

136 1159 54 22 gans
205 1153 130 28 behandling
350 1154 46 21 haft
412 1155 48 20 sina
478 1154 159 27 förespräkare,
656 1160 51 15 men
727 1155 61 20 snart
802 1153 92 21 lemnats

137 1182 68 27 åsido,
220 1183 65 20 bland
302 1185 67 19 annat
384 1183 24 21 af
421 1183 36 22 det
473 1183 54 27 skäl,
543 1185 31 19 att
590 1183 35 21 det
640 1183 103 27 möjligen
753 1182 67 21 skulle
831 1187 64 15 anses

137 1211 48 21 icke
205 1211 126 28 fullkomligt
350 1211 240 22 öfverensstämmande
605 1212 50 21 med
670 1212 97 27 lydelsen
782 1210 23 21 af
818 1210 12 27 $
845 1210 27 21 68
889 1209 7 21 i

137 1239 21 21 L.
175 1239 23 21 0.
215 1246 35 15 om
274 1241 144 26 suppleanter,
441 1241 73 20 hvilka
534 1241 68 27 väljas
627 1240 44 21 »för
690 1243 31 18 att
735 1240 37 21 vid
787 1238 109 22 inträffadt

138 1267 70 22 förfall
222 1269 74 27 intaga
311 1269 206 27 bankfullmäktiges
527 1269 78 27 plats»,
615 1269 70 21 blefve
696 1267 158 29 bemyndigade
864 1269 32 19 att

133 1297 66 26 jemte
217 1297 192 28 bankfullmäktige
428 1298 42 21 och
489 1298 6 21 i
512 1298 117 21 enahanda
644 1298 110 27 egenskap
770 1303 46 15 som
832 1296 64 21 dessa

138 1327 52 26 taga
205 1326 33 21 del
253 1327 7 20 i
275 1327 189 27 handläggningen
481 1327 23 20 af
518 1333 27 15 en
561 1327 32 21 del
611 1327 100 21 ärenden.

208 1361 107 21 Utskottet
338 1361 40 21 har
401 1361 72 21 derför
495 1363 88 19 stannat
606 1361 35 21 vid
658 1361 35 22 det
711 1361 87 26 förslag,
814 1361 31 19 att
859 1358 41 21 tolf

139 1389 199 28 bankfullmäktige,
362 1389 52 22 eller
435 1392 33 19 tre
491 1390 34 21 för
547 1390 63 21 hvart
633 1390 64 21 stånd
712 1389 68 22 borde
796 1391 64 23 utses,
877 1387 23 21 af

140 1418 72 21 hvilka
226 1418 53 27 fyra,
296 1419 51 20 eller
362 1425 27 14 en
404 1418 34 21 för
453 1419 64 20 hvart
533 1418 70 27 ständ,
619 1418 69 21 blefve
704 1418 64 21 valda
783 1419 32 19 att
825 1417 74 21 säsom

141 1447 107 21 ordinarie
266 1447 197 26 bankfullmäktige,
485 1447 50 21 med
557 1447 115 21 enahanda
690 1447 82 21 arvode
788 1452 47 15 som
850 1445 48 21 här-

209 1486 149 17 Bankutskottets
371 1486 112 17 betänkande
495 1487 38 17 N:o
545 1487 19 16 2.
