1078 1692
851 155 30 23 31

144 222 21 30 d,
183 230 11 15 €
213 222 43 24 och
282 222 10 23 f
310 222 25 24 af
363 222 31 24 55
414 224 29 28 SS
466 225 63 21 samt
555 230 68 17 mom.
643 231 20 22 a,
682 224 14 22 b
716 223 43 23 och
778 231 12 16 c
807 224 8 22 i
835 224 31 24 56
886 225 14 28 &

144 256 128 24 ankomma
289 258 31 30 på
337 256 177 32 Fullmäktiges
532 257 114 32 pröfning
664 258 42 23 och
720 257 85 31 beslut;
817 258 82 24 äfven-

144 298 50 17 som
213 291 63 23 inom
304 299 92 15 samma
415 291 34 24 tid
467 292 44 23 hos
529 292 164 31 Fullmäktige
712 292 88 24 föreslå
817 292 27 24 de
859 300 40 16 en-

143 325 47 32 ligt
207 333 68 16 mom.
293 333 16 24 g
327 325 8 23 i
355 326 31 23 56
400 327 14 29 8
430 326 222 32 ifrägakommande
665 326 179 32 afskrifningar
858 326 42 24 och

143 360 9 22 i
170 368 68 16 mom.
264 360 10 23 i
300 360 127 24 omnämnd
453 360 138 32 fördelning
611 360 26 24 af
654 360 246 31 diskretionsmedlen,

143 394 135 31 beviljande
297 394 25 23 af
340 396 68 22 extra
426 395 104 23 arvoden
548 403 29 15 m.
596 403 30 15 m.

212 428 32 24 Sä
271 428 49 24 ofta
346 429 75 23 under
439 430 64 23 ärets
521 430 55 31 lopp
595 429 132 32 anledning
745 428 155 25 förekommer

144 462 39 24 till
201 464 35 22 att
254 462 88 24 föreslä
360 463 104 32 ändring
482 464 9 22 i
509 472 29 15 en
557 464 58 23 eller
637 471 82 16 annan
738 464 26 24 af
782 464 67 23 dessa
861 464 38 23 be-

144 497 158 31 stämningar,
320 497 59 24 eller
397 498 85 31 ätgärd
500 498 69 31 eljest
589 498 106 24 befinnes
708 498 115 32 päkallad
835 498 9 23 i
856 500 43 21 nä-

144 533 40 29 got
202 531 24 23 af
244 532 27 23 de
290 532 78 31 öfriga
386 532 36 23 uti
434 532 203 32 ofvanäberopade
650 534 30 28 $$
693 535 124 29 upptagna
831 535 68 21 ären-

144 566 51 29 den,
213 566 93 32 äligger
324 566 38 24 det
379 566 157 24 Direktionen
550 569 35 21 att
597 567 169 32 ofördröjligen
779 567 42 23 hos
832 567 67 23 Full-

144 600 105 32 mäktige
267 602 58 30 göra
343 600 184 33 framställning
545 602 8 22 i
575 604 85 21 ämnet.

503 677 13 29 8
537 676 38 23 75.

212 726 220 24 Bankdirektionen
458 728 48 29 bör,
532 727 42 23 vid
600 727 159 24 insändandet
778 727 24 23 af
819 726 81 32 gälde-

143 762 57 22 närs
220 760 136 32 ansökning
375 768 37 16 om
430 761 86 24 ackord
542 762 59 23 eller
619 762 104 23 anständ
742 761 57 24 eller
818 768 81 16 annan

143 794 100 31 lättnad,
263 795 78 31 bifoga
358 796 70 30 jemte
447 798 52 29 eget
517 796 113 30 yttrande
647 796 9 23 i
675 796 82 30 saken,
776 796 18 31 ej
809 795 91 24 mindre

143 829 45 23 den
214 829 36 23 för
277 830 108 23 ärendets
407 830 115 31 pröfning
541 830 156 31 erforderliga
714 830 137 31 utredning,
869 832 31 20 än

143 863 98 32 behörig
258 863 96 32 uppgift
372 871 37 16 om
427 864 195 24 beskaffenheten
641 864 42 24 och
701 864 107 31 beloppet
827 864 24 23 af
863 865 37 22 sö-

143 897 108 24 kandens
270 898 114 32 samtliga
401 899 278 31 penningeförbindelser
696 899 41 24 till
754 898 108 24 Banken.

489 979 13 28 8
523 979 38 23 76.

212 1034 222 25 Bankdirektionen
453 1036 191 23 sammanträder
661 1035 86 31 hvarje
766 1035 134 30 söcknedag

143 1069 54 23 frän
216 1068 101 24 klockan
338 1069 32 24 tio
389 1069 39 24 till
449 1071 42 22 tvä
509 1072 31 29 pä
558 1070 76 31 dagen
653 1072 69 27 samt,
740 1069 9 23 i
767 1069 46 24 fall
831 1071 68 21 ären-

143 1103 71 24 denas
232 1103 88 32 mängd
338 1103 59 24 eller
417 1104 163 24 beskaffenhet
601 1105 38 22 det
656 1103 104 30 kräfver,
780 1103 71 24 äfven
869 1104 31 30 pä

142 1138 75 23 andra
235 1137 67 30 tider,
320 1138 58 23 efter
396 1138 177 24 Ordförandens
593 1138 182 24 bestämmande.

210 1171 58 24 Alla
286 1171 168 25 Direktionens
473 1173 154 24 medlemmar
645 1173 57 23 böra
718 1173 9 22 i
740 1173 159 22 sammanträ-

141 1206 61 23 dena
220 1206 49 30 och,
288 1206 39 23 der
345 1206 57 32 laga
420 1207 35 31 jäf
473 1207 52 24 icke
544 1207 106 30 hindrar,
673 1207 7 22 i
702 1206 82 24 dervid
801 1205 97 24 förefal-

140 1240 71 24 lande
229 1240 214 33 öfverläggningar
462 1241 107 32 deltaga;
588 1243 87 30 uppstä
694 1241 64 23 olika
774 1240 126 31 meningar

141 1275 8 23 i
167 1276 72 30 nägot
258 1275 91 29 ärende,
367 1275 143 24 bestämmes
529 1275 170 24 Direktionens
719 1275 79 23 beslut
813 1274 48 23 deri
875 1273 25 24 af

140 1309 70 24 festa
227 1311 115 22 rösterna.

209 1343 49 24 Vid
286 1343 125 24 inträffadt
437 1344 36 31 jäf
499 1344 59 24 eller
579 1346 75 21 annat
672 1343 123 32 tillfälligt
815 1342 85 23 hinder

139 1377 37 24 för
193 1379 80 30 någon
291 1377 170 24 Direktionens
480 1379 107 30 medlem,
607 1378 84 23 kunna
709 1377 8 24 i
735 1377 45 24 den
800 1376 100 32 dagliga

139 1411 170 24 bankrörelsen
327 1412 192 24 förekommande
539 1413 103 23 ärenden
658 1412 96 31 afgöras
773 1411 25 24 af
817 1411 27 24 de
857 1411 42 23 två

139 1446 81 31 öfrige,
241 1446 9 23 i
268 1446 45 23 fall
340 1447 27 22 de
394 1449 40 21 äro
454 1454 37 16 om
509 1447 103 24 beslutet
630 1454 66 23 ense;
716 1454 54 15 men
788 1446 9 23 i
817 1452 82 17 annan
