<?xml version="1.0" encoding="UTF-8"?>
<alto xmlns="http://www.loc.gov/standards/alto/ns-v3#" xmlns:xlink="http://www.w3.org/1999/xlink" xmlns:xsi="http://www.w3.org/2001/XMLSchema-instance" xsi:schemaLocation="http://www.loc.gov/standards/alto/ns-v3# http://www.loc.gov/alto/v3/alto-3-0.xsd">
	<Description>
		<MeasurementUnit>pixel</MeasurementUnit>
		<sourceImageInformation>
			<fileName>/tmp/tess_8ul9v9jz_input.PNG</fileName>
		</sourceImageInformation>
		<OCRProcessing ID="OCR_0">
			<ocrProcessingStep>
				<processingSoftware>
					<softwareName>tesseract 5.3.4</softwareName>
				</processingSoftware>
			</ocrProcessingStep>
		</OCRProcessing>
	</Description>
	<Layout>
		<Page WIDTH="1078" HEIGHT="1692" PHYSICAL_IMG_NR="0" ID="page_0">
			<PrintSpace HPOS="0" VPOS="0" WIDTH="1078" HEIGHT="1692">
				<ComposedBlock ID="cblock_0" HPOS="196" VPOS="140" WIDTH="456" HEIGHT="22">
					<TextBlock ID="block_0" HPOS="196" VPOS="140" WIDTH="456" HEIGHT="22">
						<TextLine ID="line_0" HPOS="196" VPOS="140" WIDTH="456" HEIGHT="22">
							<String ID="string_0" HPOS="196" VPOS="140" WIDTH="28" HEIGHT="21" WC="0.96" CONTENT="24"/><SP WIDTH="213" VPOS="140" HPOS="224"/>
							<String ID="string_1" HPOS="437" VPOS="140" WIDTH="24" HEIGHT="22" WC="0.93" CONTENT="U."/><SP WIDTH="15" VPOS="140" HPOS="461"/>
							<String ID="string_2" HPOS="476" VPOS="140" WIDTH="24" HEIGHT="22" WC="0.90" CONTENT="B."/><SP WIDTH="17" VPOS="140" HPOS="500"/>
							<String ID="string_3" HPOS="517" VPOS="152" WIDTH="27" HEIGHT="4" WC="0.93" CONTENT="—"/><SP WIDTH="15" VPOS="152" HPOS="544"/>
							<String ID="string_4" HPOS="559" VPOS="140" WIDTH="93" HEIGHT="21" WC="0.96" CONTENT="XXXVI."/>
						</TextLine>
					</TextBlock>
				</ComposedBlock>
				<ComposedBlock ID="cblock_1" HPOS="164" VPOS="207" WIDTH="759" HEIGHT="369">
					<TextBlock ID="block_1" HPOS="165" VPOS="207" WIDTH="758" HEIGHT="115">
						<TextLine ID="line_1" HPOS="234" VPOS="207" WIDTH="689" HEIGHT="29">
							<String ID="string_5" HPOS="234" VPOS="208" WIDTH="40" HEIGHT="20" WC="0.92" CONTENT="Till"/><SP WIDTH="21" VPOS="208" HPOS="274"/>
							<String ID="string_6" HPOS="295" VPOS="208" WIDTH="51" HEIGHT="27" WC="0.93" CONTENT="följd"/><SP WIDTH="19" VPOS="208" HPOS="346"/>
							<String ID="string_7" HPOS="365" VPOS="208" WIDTH="64" HEIGHT="22" WC="0.96" CONTENT="häraf"/><SP WIDTH="13" VPOS="208" HPOS="429"/>
							<String ID="string_8" HPOS="442" VPOS="208" WIDTH="81" HEIGHT="22" WC="0.93" CONTENT="ändras"/><SP WIDTH="20" VPOS="208" HPOS="523"/>
							<String ID="string_9" HPOS="543" VPOS="208" WIDTH="180" HEIGHT="28" WC="0.74" CONTENT="nummerföljden"/><SP WIDTH="16" VPOS="208" HPOS="723"/>
							<String ID="string_10" HPOS="739" VPOS="208" WIDTH="33" HEIGHT="21" WC="0.97" CONTENT="för"/><SP WIDTH="16" VPOS="208" HPOS="772"/>
							<String ID="string_11" HPOS="788" VPOS="208" WIDTH="26" HEIGHT="21" WC="0.97" CONTENT="de"/><SP WIDTH="15" VPOS="208" HPOS="814"/>
							<String ID="string_12" HPOS="829" VPOS="207" WIDTH="94" HEIGHT="29" WC="0.96" CONTENT="följande"/>
						</TextLine>
						<TextLine ID="line_2" HPOS="167" VPOS="236" WIDTH="755" HEIGHT="28">
							<String ID="string_13" HPOS="167" VPOS="236" WIDTH="203" HEIGHT="28" WC="0.90" CONTENT="anmärkningarna,"/><SP WIDTH="23" VPOS="236" HPOS="370"/>
							<String ID="string_14" HPOS="393" VPOS="236" WIDTH="24" HEIGHT="22" WC="0.93" CONTENT="af"/><SP WIDTH="19" VPOS="236" HPOS="417"/>
							<String ID="string_15" HPOS="436" VPOS="237" WIDTH="73" HEIGHT="21" WC="0.91" CONTENT="hvilka"/><SP WIDTH="24" VPOS="237" HPOS="509"/>
							<String ID="string_16" HPOS="533" VPOS="237" WIDTH="41" HEIGHT="21" WC="0.92" CONTENT="den"/><SP WIDTH="22" VPOS="237" HPOS="574"/>
							<String ID="string_17" HPOS="596" VPOS="237" WIDTH="96" HEIGHT="26" WC="0.92" CONTENT="främsta,"/><SP WIDTH="24" VPOS="237" HPOS="692"/>
							<String ID="string_18" HPOS="716" VPOS="236" WIDTH="152" HEIGHT="22" WC="0.88" CONTENT="innehällande"/><SP WIDTH="15" VPOS="236" HPOS="868"/>
							<String ID="string_19" HPOS="883" VPOS="237" WIDTH="39" HEIGHT="21" WC="0.91" CONTENT="be-"/>
						</TextLine>
						<TextLine ID="line_3" HPOS="166" VPOS="265" WIDTH="756" HEIGHT="28">
							<String ID="string_20" HPOS="166" VPOS="265" WIDTH="110" HEIGHT="27" WC="0.92" CONTENT="stämning"/><SP WIDTH="15" VPOS="265" HPOS="276"/>
							<String ID="string_21" HPOS="291" VPOS="272" WIDTH="36" HEIGHT="15" WC="0.93" CONTENT="om"/><SP WIDTH="15" VPOS="272" HPOS="327"/>
							<String ID="string_22" HPOS="342" VPOS="266" WIDTH="181" HEIGHT="27" WC="0.91" CONTENT="tilläggsarvoden"/><SP WIDTH="16" VPOS="266" HPOS="523"/>
							<String ID="string_23" HPOS="539" VPOS="266" WIDTH="22" HEIGHT="21" WC="0.93" CONTENT="ät"/><SP WIDTH="16" VPOS="266" HPOS="561"/>
							<String ID="string_24" HPOS="577" VPOS="266" WIDTH="147" HEIGHT="21" WC="0.93" CONTENT="direktionens"/><SP WIDTH="16" VPOS="266" HPOS="724"/>
							<String ID="string_25" HPOS="740" VPOS="265" WIDTH="129" HEIGHT="23" WC="0.96" CONTENT="ordförande"/><SP WIDTH="11" VPOS="265" HPOS="869"/>
							<String ID="string_26" HPOS="880" VPOS="266" WIDTH="42" HEIGHT="21" WC="0.97" CONTENT="och"/>
						</TextLine>
						<TextLine ID="line_4" HPOS="165" VPOS="294" WIDTH="651" HEIGHT="28">
							<String ID="string_27" HPOS="165" VPOS="294" WIDTH="127" HEIGHT="27" WC="0.92" CONTENT="ledamöter,"/><SP WIDTH="14" VPOS="294" HPOS="292"/>
							<String ID="string_28" HPOS="306" VPOS="294" WIDTH="69" HEIGHT="22" WC="0.96" CONTENT="redan"/><SP WIDTH="13" VPOS="294" HPOS="375"/>
							<String ID="string_29" HPOS="388" VPOS="295" WIDTH="8" HEIGHT="20" WC="0.96" CONTENT="i"/><SP WIDTH="14" VPOS="295" HPOS="396"/>
							<String ID="string_30" HPOS="410" VPOS="294" WIDTH="36" HEIGHT="22" WC="0.93" CONTENT="det"/><SP WIDTH="15" VPOS="294" HPOS="446"/>
							<String ID="string_31" HPOS="461" VPOS="294" WIDTH="131" HEIGHT="28" WC="0.91" CONTENT="föregäende"/><SP WIDTH="15" VPOS="294" HPOS="592"/>
							<String ID="string_32" HPOS="607" VPOS="294" WIDTH="68" HEIGHT="22" WC="0.91" CONTENT="blifvit"/><SP WIDTH="15" VPOS="294" HPOS="675"/>
							<String ID="string_33" HPOS="690" VPOS="294" WIDTH="126" HEIGHT="22" WC="0.92" CONTENT="motiverad."/>
						</TextLine>
					</TextBlock>
					<TextBlock ID="block_2" HPOS="165" VPOS="322" WIDTH="757" HEIGHT="115">
						<TextLine ID="line_5" HPOS="234" VPOS="322" WIDTH="688" HEIGHT="29">
							<String ID="string_34" HPOS="234" VPOS="322" WIDTH="34" HEIGHT="22" WC="0.88" CONTENT="Dä"/><SP WIDTH="14" VPOS="322" HPOS="268"/>
							<String ID="string_35" HPOS="282" VPOS="324" WIDTH="108" HEIGHT="27" WC="0.91" CONTENT="uttrycket"/><SP WIDTH="14" VPOS="324" HPOS="390"/>
							<String ID="string_36" HPOS="404" VPOS="323" WIDTH="159" HEIGHT="28" WC="0.91" CONTENT="dyrtidstillägg"/><SP WIDTH="15" VPOS="323" HPOS="563"/>
							<String ID="string_37" HPOS="578" VPOS="323" WIDTH="34" HEIGHT="22" WC="0.93" CONTENT="för"/><SP WIDTH="14" VPOS="323" HPOS="612"/>
							<String ID="string_38" HPOS="626" VPOS="324" WIDTH="175" HEIGHT="27" WC="0.91" CONTENT="tjenstemännen"/><SP WIDTH="15" VPOS="324" HPOS="801"/>
							<String ID="string_39" HPOS="816" VPOS="323" WIDTH="37" HEIGHT="21" WC="0.93" CONTENT="vid"/><SP WIDTH="14" VPOS="323" HPOS="853"/>
							<String ID="string_40" HPOS="867" VPOS="323" WIDTH="55" HEIGHT="21" WC="0.91" CONTENT="kon-"/>
						</TextLine>
						<TextLine ID="line_6" HPOS="165" VPOS="351" WIDTH="756" HEIGHT="29">
							<String ID="string_41" HPOS="165" VPOS="353" WIDTH="56" HEIGHT="20" WC="0.93" CONTENT="toret"/><SP WIDTH="15" VPOS="353" HPOS="221"/>
							<String ID="string_42" HPOS="236" VPOS="352" WIDTH="7" HEIGHT="20" WC="0.96" CONTENT="i"/><SP WIDTH="16" VPOS="352" HPOS="243"/>
							<String ID="string_43" HPOS="259" VPOS="351" WIDTH="30" HEIGHT="22" WC="0.96" CONTENT="S:t"/><SP WIDTH="14" VPOS="351" HPOS="289"/>
							<String ID="string_44" HPOS="303" VPOS="352" WIDTH="130" HEIGHT="27" WC="0.93" CONTENT="Petersburg"/><SP WIDTH="15" VPOS="352" HPOS="433"/>
							<String ID="string_45" HPOS="448" VPOS="354" WIDTH="61" HEIGHT="26" WC="0.92" CONTENT="synts"/><SP WIDTH="15" VPOS="354" HPOS="509"/>
							<String ID="string_46" HPOS="524" VPOS="352" WIDTH="109" HEIGHT="22" WC="0.91" CONTENT="Utskottet"/><SP WIDTH="15" VPOS="352" HPOS="633"/>
							<String ID="string_47" HPOS="648" VPOS="352" WIDTH="122" HEIGHT="27" WC="0.92" CONTENT="oegentligt,"/><SP WIDTH="14" VPOS="352" HPOS="770"/>
							<String ID="string_48" HPOS="784" VPOS="352" WIDTH="39" HEIGHT="21" WC="0.93" CONTENT="har"/><SP WIDTH="10" VPOS="352" HPOS="823"/>
							<String ID="string_49" HPOS="833" VPOS="352" WIDTH="88" HEIGHT="21" WC="0.92" CONTENT="Utskot-"/>
						</TextLine>
						<TextLine ID="line_7" HPOS="165" VPOS="380" WIDTH="757" HEIGHT="29">
							<String ID="string_50" HPOS="165" VPOS="383" WIDTH="37" HEIGHT="23" WC="0.95" CONTENT="tet,"/><SP WIDTH="23" VPOS="383" HPOS="202"/>
							<String ID="string_51" HPOS="225" VPOS="386" WIDTH="49" HEIGHT="16" WC="0.95" CONTENT="som"/><SP WIDTH="22" VPOS="386" HPOS="274"/>
							<String ID="string_52" HPOS="296" VPOS="381" WIDTH="6" HEIGHT="20" WC="0.94" CONTENT="i"/><SP WIDTH="23" VPOS="381" HPOS="302"/>
							<String ID="string_53" HPOS="325" VPOS="381" WIDTH="39" HEIGHT="21" WC="0.93" CONTENT="sak"/><SP WIDTH="22" VPOS="381" HPOS="364"/>
							<String ID="string_54" HPOS="386" VPOS="381" WIDTH="115" HEIGHT="27" WC="0.91" CONTENT="tillstyrker"/><SP WIDTH="22" VPOS="381" HPOS="501"/>
							<String ID="string_55" HPOS="523" VPOS="380" WIDTH="102" HEIGHT="28" WC="0.91" CONTENT="förslaget"/><SP WIDTH="21" VPOS="380" HPOS="625"/>
							<String ID="string_56" HPOS="646" VPOS="382" WIDTH="6" HEIGHT="20" WC="0.93" CONTENT="i"/><SP WIDTH="16" VPOS="382" HPOS="652"/>
							<String ID="string_57" HPOS="668" VPOS="381" WIDTH="172" HEIGHT="27" WC="0.92" CONTENT="anmärkningen"/><SP WIDTH="8" VPOS="381" HPOS="840"/>
							<String ID="string_58" HPOS="848" VPOS="376" WIDTH="13" HEIGHT="37" WC="0.96" CONTENT="4"/><SP WIDTH="23" VPOS="376" HPOS="861"/>
							<String ID="string_59" HPOS="884" VPOS="380" WIDTH="38" HEIGHT="29" WC="0.96" CONTENT="(3),"/>
						</TextLine>
						<TextLine ID="line_8" HPOS="165" VPOS="409" WIDTH="444" HEIGHT="28">
							<String ID="string_60" HPOS="165" VPOS="409" WIDTH="77" HEIGHT="21" WC="0.93" CONTENT="ändrat"/><SP WIDTH="16" VPOS="409" HPOS="242"/>
							<String ID="string_61" HPOS="258" VPOS="409" WIDTH="122" HEIGHT="22" WC="0.92" CONTENT="detsamma"/><SP WIDTH="14" VPOS="409" HPOS="380"/>
							<String ID="string_62" HPOS="394" VPOS="410" WIDTH="31" HEIGHT="21" WC="0.93" CONTENT="till"/><SP WIDTH="14" VPOS="410" HPOS="425"/>
							<String ID="string_63" HPOS="439" VPOS="409" WIDTH="170" HEIGHT="28" WC="0.90" CONTENT="arvodestillägg."/>
						</TextLine>
					</TextBlock>
					<TextBlock ID="block_3" HPOS="165" VPOS="438" WIDTH="757" HEIGHT="85">
						<TextLine ID="line_9" HPOS="234" VPOS="438" WIDTH="688" HEIGHT="28">
							<String ID="string_64" HPOS="234" VPOS="438" WIDTH="97" HEIGHT="22" WC="0.93" CONTENT="Derefter"/><SP WIDTH="15" VPOS="438" HPOS="331"/>
							<String ID="string_65" HPOS="346" VPOS="439" WIDTH="40" HEIGHT="21" WC="0.96" CONTENT="har"/><SP WIDTH="14" VPOS="439" HPOS="386"/>
							<String ID="string_66" HPOS="400" VPOS="444" WIDTH="28" HEIGHT="16" WC="0.96" CONTENT="en"/><SP WIDTH="15" VPOS="444" HPOS="428"/>
							<String ID="string_67" HPOS="443" VPOS="445" WIDTH="29" HEIGHT="21" WC="0.93" CONTENT="ny"/><SP WIDTH="15" VPOS="445" HPOS="472"/>
							<String ID="string_68" HPOS="487" VPOS="438" WIDTH="74" HEIGHT="28" WC="0.92" CONTENT="punkt,"/><SP WIDTH="17" VPOS="438" HPOS="561"/>
							<String ID="string_69" HPOS="578" VPOS="438" WIDTH="93" HEIGHT="22" WC="0.92" CONTENT="rörande"/><SP WIDTH="16" VPOS="438" HPOS="671"/>
							<String ID="string_70" HPOS="687" VPOS="438" WIDTH="235" HEIGHT="22" WC="0.91" CONTENT="diskontkomiterades"/>
						</TextLine>
						<TextLine ID="line_10" HPOS="165" VPOS="466" WIDTH="757" HEIGHT="28">
							<String ID="string_71" HPOS="165" VPOS="466" WIDTH="101" HEIGHT="28" WC="0.96" CONTENT="arvoden,"/><SP WIDTH="24" VPOS="466" HPOS="266"/>
							<String ID="string_72" HPOS="290" VPOS="467" WIDTH="66" HEIGHT="21" WC="0.95" CONTENT="blifvit"/><SP WIDTH="23" VPOS="467" HPOS="356"/>
							<String ID="string_73" HPOS="379" VPOS="466" WIDTH="73" HEIGHT="22" WC="0.96" CONTENT="såsom"/><SP WIDTH="21" VPOS="466" HPOS="452"/>
							<String ID="string_74" HPOS="473" VPOS="468" WIDTH="144" HEIGHT="26" WC="0.96" CONTENT="anmärkning"/><SP WIDTH="23" VPOS="468" HPOS="617"/>
							<String ID="string_75" HPOS="640" VPOS="468" WIDTH="13" HEIGHT="21" WC="0.95" CONTENT="5"/><SP WIDTH="21" VPOS="468" HPOS="653"/>
							<String ID="string_76" HPOS="674" VPOS="467" WIDTH="78" HEIGHT="27" WC="0.94" CONTENT="införd,"/><SP WIDTH="16" VPOS="467" HPOS="752"/>
							<String ID="string_77" HPOS="768" VPOS="467" WIDTH="24" HEIGHT="21" WC="0.93" CONTENT="af"/><SP WIDTH="13" VPOS="467" HPOS="792"/>
							<String ID="string_78" HPOS="805" VPOS="467" WIDTH="117" HEIGHT="22" WC="0.96" CONTENT="enahanda"/>
						</TextLine>
						<TextLine ID="line_11" HPOS="165" VPOS="496" WIDTH="539" HEIGHT="27">
							<String ID="string_79" HPOS="165" VPOS="496" WIDTH="46" HEIGHT="21" WC="0.96" CONTENT="skäl"/><SP WIDTH="14" VPOS="496" HPOS="211"/>
							<String ID="string_80" HPOS="225" VPOS="502" WIDTH="49" HEIGHT="15" WC="0.96" CONTENT="som"/><SP WIDTH="16" VPOS="502" HPOS="274"/>
							<String ID="string_81" HPOS="290" VPOS="496" WIDTH="26" HEIGHT="21" WC="0.96" CONTENT="de"/><SP WIDTH="15" VPOS="496" HPOS="316"/>
							<String ID="string_82" HPOS="331" VPOS="496" WIDTH="36" HEIGHT="21" WC="0.96" CONTENT="vid"/><SP WIDTH="15" VPOS="496" HPOS="367"/>
							<String ID="string_83" HPOS="382" VPOS="496" WIDTH="144" HEIGHT="27" WC="0.96" CONTENT="anmärkning"/><SP WIDTH="17" VPOS="496" HPOS="526"/>
							<String ID="string_84" HPOS="543" VPOS="497" WIDTH="10" HEIGHT="20" WC="0.93" CONTENT="1"/><SP WIDTH="17" VPOS="497" HPOS="553"/>
							<String ID="string_85" HPOS="570" VPOS="496" WIDTH="134" HEIGHT="22" WC="0.92" CONTENT="framhållna."/>
						</TextLine>
					</TextBlock>
					<TextBlock ID="block_4" HPOS="164" VPOS="524" WIDTH="752" HEIGHT="52">
						<TextLine ID="line_12" HPOS="232" VPOS="524" WIDTH="684" HEIGHT="28">
							<String ID="string_86" HPOS="232" VPOS="524" WIDTH="32" HEIGHT="22" WC="0.96" CONTENT="På"/><SP WIDTH="15" VPOS="524" HPOS="264"/>
							<String ID="string_87" HPOS="279" VPOS="525" WIDTH="68" HEIGHT="27" WC="0.96" CONTENT="grund"/><SP WIDTH="16" VPOS="525" HPOS="347"/>
							<String ID="string_88" HPOS="363" VPOS="525" WIDTH="23" HEIGHT="21" WC="0.95" CONTENT="af"/><SP WIDTH="12" VPOS="525" HPOS="386"/>
							<String ID="string_89" HPOS="398" VPOS="525" WIDTH="57" HEIGHT="21" WC="0.95" CONTENT="hvad"/><SP WIDTH="20" VPOS="525" HPOS="455"/>
							<String ID="string_90" HPOS="475" VPOS="525" WIDTH="109" HEIGHT="21" WC="0.96" CONTENT="Utskottet"/><SP WIDTH="15" VPOS="525" HPOS="584"/>
							<String ID="string_91" HPOS="599" VPOS="524" WIDTH="91" HEIGHT="22" WC="0.96" CONTENT="sålunda"/><SP WIDTH="16" VPOS="524" HPOS="690"/>
							<String ID="string_92" HPOS="706" VPOS="524" WIDTH="45" HEIGHT="22" WC="0.96" CONTENT="haft"/><SP WIDTH="16" VPOS="524" HPOS="751"/>
							<String ID="string_93" HPOS="767" VPOS="526" WIDTH="53" HEIGHT="20" WC="0.96" CONTENT="äran"/><SP WIDTH="15" VPOS="526" HPOS="820"/>
							<String ID="string_94" HPOS="835" VPOS="524" WIDTH="81" HEIGHT="28" WC="0.96" CONTENT="anföra,"/>
						</TextLine>
						<TextLine ID="line_13" HPOS="164" VPOS="553" WIDTH="411" HEIGHT="23">
							<String ID="string_95" HPOS="164" VPOS="553" WIDTH="33" HEIGHT="21" WC="0.96" CONTENT="får"/><SP WIDTH="14" VPOS="553" HPOS="197"/>
							<String ID="string_96" HPOS="211" VPOS="553" WIDTH="108" HEIGHT="23" WC="0.93" CONTENT="Utskottet"/><SP WIDTH="15" VPOS="553" HPOS="319"/>
							<String ID="string_97" HPOS="334" VPOS="554" WIDTH="111" HEIGHT="21" WC="0.92" CONTENT="vördsamt"/><SP WIDTH="14" VPOS="554" HPOS="445"/>
							<String ID="string_98" HPOS="459" VPOS="554" WIDTH="116" HEIGHT="22" WC="0.92" CONTENT="hemställa"/>
						</TextLine>
					</TextBlock>
				</ComposedBlock>
				<ComposedBlock ID="cblock_2" HPOS="365" VPOS="611" WIDTH="555" HEIGHT="201">
					<TextBlock ID="block_5" HPOS="365" VPOS="611" WIDTH="555" HEIGHT="201">
						<TextLine ID="line_14" HPOS="439" VPOS="611" WIDTH="480" HEIGHT="27">
							<String ID="string_99" HPOS="439" VPOS="614" WIDTH="31" HEIGHT="18" WC="0.92" CONTENT="att"/><SP WIDTH="21" VPOS="614" HPOS="470"/>
							<String ID="string_100" HPOS="491" VPOS="611" WIDTH="121" HEIGHT="21" WC="0.90" CONTENT="Ständerna"/><SP WIDTH="23" VPOS="611" HPOS="612"/>
							<String ID="string_101" HPOS="635" VPOS="612" WIDTH="47" HEIGHT="20" WC="0.96" CONTENT="ville"/><SP WIDTH="15" VPOS="612" HPOS="682"/>
							<String ID="string_102" HPOS="697" VPOS="614" WIDTH="81" HEIGHT="24" WC="0.95" CONTENT="antaga"/><SP WIDTH="15" VPOS="614" HPOS="778"/>
							<String ID="string_103" HPOS="793" VPOS="611" WIDTH="67" HEIGHT="21" WC="0.91" CONTENT="nedan"/><SP WIDTH="12" VPOS="611" HPOS="860"/>
							<String ID="string_104" HPOS="872" VPOS="611" WIDTH="47" HEIGHT="27" WC="0.90" CONTENT="föl-"/>
						</TextLine>
						<TextLine ID="line_15" HPOS="365" VPOS="640" WIDTH="555" HEIGHT="28">
							<String ID="string_105" HPOS="365" VPOS="640" WIDTH="69" HEIGHT="27" WC="0.89" CONTENT="jande"/><SP WIDTH="15" VPOS="640" HPOS="434"/>
							<String ID="string_106" HPOS="449" VPOS="641" WIDTH="122" HEIGHT="26" WC="0.96" CONTENT="reglemente"/><SP WIDTH="7" VPOS="641" HPOS="571"/>
							<String ID="string_107" HPOS="578" VPOS="640" WIDTH="42" HEIGHT="28" WC="0.96" CONTENT="för"/><SP WIDTH="10" VPOS="640" HPOS="620"/>
							<String ID="string_108" HPOS="630" VPOS="640" WIDTH="108" HEIGHT="21" WC="0.96" CONTENT="Finlands"/><SP WIDTH="12" VPOS="640" HPOS="738"/>
							<String ID="string_109" HPOS="750" VPOS="640" WIDTH="61" HEIGHT="21" WC="0.96" CONTENT="Bank"/><SP WIDTH="10" VPOS="640" HPOS="811"/>
							<String ID="string_110" HPOS="821" VPOS="640" WIDTH="37" HEIGHT="20" WC="0.93" CONTENT="och"/><SP WIDTH="9" VPOS="640" HPOS="858"/>
							<String ID="string_111" HPOS="867" VPOS="640" WIDTH="53" HEIGHT="27" WC="0.92" CONTENT="god-"/>
						</TextLine>
						<TextLine ID="line_16" HPOS="370" VPOS="668" WIDTH="548" HEIGHT="28">
							<String ID="string_112" HPOS="370" VPOS="668" WIDTH="72" HEIGHT="22" WC="0.95" CONTENT="känna"/><SP WIDTH="22" VPOS="668" HPOS="442"/>
							<String ID="string_113" HPOS="464" VPOS="670" WIDTH="39" HEIGHT="20" WC="0.93" CONTENT="den"/><SP WIDTH="19" VPOS="670" HPOS="503"/>
							<String ID="string_114" HPOS="522" VPOS="669" WIDTH="72" HEIGHT="21" WC="0.92" CONTENT="dertill"/><SP WIDTH="11" VPOS="669" HPOS="594"/>
							<String ID="string_115" HPOS="605" VPOS="669" WIDTH="83" HEIGHT="27" WC="0.96" CONTENT="fogade"/><SP WIDTH="14" VPOS="669" HPOS="688"/>
							<String ID="string_116" HPOS="702" VPOS="671" WIDTH="69" HEIGHT="19" WC="0.96" CONTENT="staten"/><SP WIDTH="11" VPOS="671" HPOS="771"/>
							<String ID="string_117" HPOS="782" VPOS="669" WIDTH="41" HEIGHT="27" WC="0.96" CONTENT="för"/><SP WIDTH="15" VPOS="669" HPOS="823"/>
							<String ID="string_118" HPOS="838" VPOS="668" WIDTH="80" HEIGHT="21" WC="0.95" CONTENT="banken"/>
						</TextLine>
						<TextLine ID="line_17" HPOS="370" VPOS="696" WIDTH="548" HEIGHT="30">
							<String ID="string_119" HPOS="370" VPOS="700" WIDTH="54" HEIGHT="18" WC="0.95" CONTENT="samt"/><SP WIDTH="13" VPOS="700" HPOS="424"/>
							<String ID="string_120" HPOS="437" VPOS="698" WIDTH="9" HEIGHT="20" WC="0.93" CONTENT="i"/><SP WIDTH="15" VPOS="698" HPOS="446"/>
							<String ID="string_121" HPOS="461" VPOS="698" WIDTH="135" HEIGHT="28" WC="0.91" CONTENT="underdånig"/><SP WIDTH="15" VPOS="698" HPOS="596"/>
							<String ID="string_122" HPOS="611" VPOS="698" WIDTH="114" HEIGHT="27" WC="0.96" CONTENT="skrifvelse"/><SP WIDTH="15" VPOS="698" HPOS="725"/>
							<String ID="string_123" HPOS="740" VPOS="698" WIDTH="33" HEIGHT="20" WC="0.92" CONTENT="till"/><SP WIDTH="15" VPOS="698" HPOS="773"/>
							<String ID="string_124" HPOS="788" VPOS="697" WIDTH="62" HEIGHT="21" WC="0.93" CONTENT="Hans"/><SP WIDTH="12" VPOS="697" HPOS="850"/>
							<String ID="string_125" HPOS="862" VPOS="696" WIDTH="56" HEIGHT="28" WC="0.92" CONTENT="Kej-"/>
						</TextLine>
						<TextLine ID="line_18" HPOS="370" VPOS="726" WIDTH="547" HEIGHT="28">
							<String ID="string_126" HPOS="370" VPOS="727" WIDTH="79" HEIGHT="27" WC="0.91" CONTENT="serliga"/><SP WIDTH="24" VPOS="727" HPOS="449"/>
							<String ID="string_127" HPOS="473" VPOS="726" WIDTH="103" HEIGHT="27" WC="0.87" CONTENT="Majestät"/><SP WIDTH="22" VPOS="726" HPOS="576"/>
							<String ID="string_128" HPOS="598" VPOS="726" WIDTH="87" HEIGHT="21" WC="0.93" CONTENT="anhålla"/><SP WIDTH="21" VPOS="726" HPOS="685"/>
							<String ID="string_129" HPOS="706" VPOS="728" WIDTH="32" HEIGHT="19" WC="0.96" CONTENT="att"/><SP WIDTH="14" VPOS="728" HPOS="738"/>
							<String ID="string_130" HPOS="752" VPOS="726" WIDTH="88" HEIGHT="21" WC="0.93" CONTENT="berörda"/><SP WIDTH="15" VPOS="726" HPOS="840"/>
							<String ID="string_131" HPOS="855" VPOS="726" WIDTH="62" HEIGHT="28" WC="0.91" CONTENT="regle-"/>
						</TextLine>
						<TextLine ID="line_19" HPOS="370" VPOS="755" WIDTH="547" HEIGHT="27">
							<String ID="string_132" HPOS="370" VPOS="758" WIDTH="65" HEIGHT="18" WC="0.96" CONTENT="mente"/><SP WIDTH="18" VPOS="758" HPOS="435"/>
							<String ID="string_133" HPOS="453" VPOS="755" WIDTH="36" HEIGHT="21" WC="0.96" CONTENT="och"/><SP WIDTH="19" VPOS="755" HPOS="489"/>
							<String ID="string_134" HPOS="508" VPOS="758" WIDTH="42" HEIGHT="18" WC="0.95" CONTENT="stat"/><SP WIDTH="18" VPOS="758" HPOS="550"/>
							<String ID="string_135" HPOS="568" VPOS="756" WIDTH="63" HEIGHT="20" WC="0.93" CONTENT="måtte"/><SP WIDTH="14" VPOS="756" HPOS="631"/>
							<String ID="string_136" HPOS="645" VPOS="756" WIDTH="67" HEIGHT="20" WC="0.91" CONTENT="varda"/><SP WIDTH="16" VPOS="756" HPOS="712"/>
							<String ID="string_137" HPOS="728" VPOS="756" WIDTH="8" HEIGHT="20" WC="0.95" CONTENT="i"/><SP WIDTH="15" VPOS="756" HPOS="736"/>
							<String ID="string_138" HPOS="751" VPOS="755" WIDTH="67" HEIGHT="21" WC="0.93" CONTENT="nåder"/><SP WIDTH="14" VPOS="755" HPOS="818"/>
							<String ID="string_139" HPOS="832" VPOS="755" WIDTH="85" HEIGHT="27" WC="0.90" CONTENT="stadfä-"/>
						</TextLine>
						<TextLine ID="line_20" HPOS="368" VPOS="784" WIDTH="453" HEIGHT="28">
							<String ID="string_140" HPOS="368" VPOS="784" WIDTH="59" HEIGHT="21" WC="0.92" CONTENT="stade"/><SP WIDTH="14" VPOS="784" HPOS="427"/>
							<String ID="string_141" HPOS="441" VPOS="784" WIDTH="37" HEIGHT="21" WC="0.96" CONTENT="och"/><SP WIDTH="15" VPOS="784" HPOS="478"/>
							<String ID="string_142" HPOS="493" VPOS="784" WIDTH="34" HEIGHT="21" WC="0.92" CONTENT="till"/><SP WIDTH="14" VPOS="784" HPOS="527"/>
							<String ID="string_143" HPOS="541" VPOS="784" WIDTH="140" HEIGHT="28" WC="0.92" CONTENT="efterrättelse"/><SP WIDTH="15" VPOS="784" HPOS="681"/>
							<String ID="string_144" HPOS="696" VPOS="784" WIDTH="125" HEIGHT="21" WC="0.96" CONTENT="utfärdade."/>
						</TextLine>
					</TextBlock>
				</ComposedBlock>
				<ComposedBlock ID="cblock_3" HPOS="230" VPOS="1485" WIDTH="345" HEIGHT="19">
					<TextBlock ID="block_6" HPOS="230" VPOS="1485" WIDTH="345" HEIGHT="19">
						<TextLine ID="line_21" HPOS="230" VPOS="1485" WIDTH="345" HEIGHT="19">
							<String ID="string_145" HPOS="230" VPOS="1485" WIDTH="150" HEIGHT="19" WC="0.87" CONTENT="Bankutskottets"/><SP WIDTH="11" VPOS="1485" HPOS="380"/>
							<String ID="string_146" HPOS="391" VPOS="1486" WIDTH="108" HEIGHT="18" WC="0.96" CONTENT="betänkande"/><SP WIDTH="12" VPOS="1486" HPOS="499"/>
							<String ID="string_147" HPOS="511" VPOS="1486" WIDTH="34" HEIGHT="18" WC="0.96" CONTENT="N:o"/><SP WIDTH="13" VPOS="1486" HPOS="545"/>
							<String ID="string_148" HPOS="558" VPOS="1487" WIDTH="17" HEIGHT="16" WC="0.96" CONTENT="2."/>
						</TextLine>
					</TextBlock>
				</ComposedBlock>
			</PrintSpace>
		</Page>
	</Layout>
</alto>
