1078 1692
485 131 21 36 Vv
836 135 13 21 5

117 176 126 59 —
308 176 86 59 ÄR
121 196 758 35 NN

124 244 1 14 i
592 238 104 23 Transport
708 233 11 32 |
730 238 105 23 24,047,419i
844 238 21 16 95

184 326 21 20 B.
236 324 58 22 Extra
310 324 90 27 utgifter,
416 330 45 16 som
477 331 5 15 i
499 325 160 27 statsförslaget

360 365 44 21 icke
421 364 57 28 ingå:

125 432 1 9 |
145 422 38 17 För
201 422 57 22 inköp
277 421 20 18 af
314 421 86 18 enskilda
418 426 91 18 personer
523 422 97 22 tillhöriga
633 422 63 23 skogs-

169 456 79 21 marker,
258 454 24 24 på
290 456 60 22 grund
359 455 20 18 af
386 455 65 23 nådigt
459 456 128 18 förordnande
594 456 35 18 och
637 456 60 18 Stats-

169 490 140 18 sekretariatets
328 490 99 18 skrifvelse
446 490 36 18 den
501 491 10 17 6
528 490 38 22 Maj
586 491 30 21 (24
635 490 62 22 April)
877 483 2 18 |

171 520 60 32 1876,
249 538 3 4 .
279 538 2 4 <
306 525 391 21 L
593 520 78 32 50,000:
684 520 17 32 —

145 559 79 17 Jemlikt
236 559 65 23 nädigt
312 559 84 22 reskript
408 558 20 18 af
437 559 37 17 den
486 560 20 16 18
515 560 26 22 (6)

169 594 50 17 Mars
239 594 43 17 1886
302 596 20 15 är
340 594 30 18 för
388 594 82 18 revision
487 594 21 18 af
519 594 23 18 de

169 628 62 18 finska
249 628 182 23 öfversättningarna
449 628 21 18 af
488 629 54 23 vigti-

169 668 44 17 gare
225 662 53 23 lagar
290 663 35 17 och
338 662 133 24 författningar
484 663 58 18 bevil-

168 696 42 23 jadt
222 696 45 18 ända
282 685 41 39 till
335 711 3 3 .
363 710 4 4 .
392 712 3 3 .
421 711 32 4 so.
479 712 2 3 .
537 711 4 4 0.
570 685 14 39 =
594 698 104 22 20,000:
684 685 17 39 —
879 691 2 15 |

147 731 37 17 För
193 731 121 17 anskaffande
322 731 20 18 af
350 731 68 23 nödiga
427 732 115 18 inventarier

126 773 1 6 |
171 766 34 17 och
224 765 95 23 persedlar
338 766 28 17 till
386 766 32 18 det
432 771 37 17 nya
482 766 61 18 kirur-

126 801 2 17 |
150 795 14 31 —
171 799 53 23 giska
242 800 100 22 sjukhuset
361 800 5 16 i
384 800 120 22 Helsingfors
517 802 26 20 är,
713 807 2 14 |
840 823 1 3 |

171 834 58 22 enligt
241 833 65 23 nädigt
317 834 84 22 reskript
413 834 20 17 af
441 834 36 17 den
487 836 21 15 21
519 835 25 21 (9)
713 845 2 3 |
840 829 2 15 |

170 867 39 18 Juli
223 868 49 21 1887,
284 867 84 23 anslaget
378 869 72 20 101,677
459 868 55 18 mark
523 869 22 17 60

171 902 61 22 penni,
245 902 67 18 hvaraf
322 901 81 19 äterstär
416 904 27 16 att
455 903 89 17 utanord-

171 941 53 14 ÄR:
250 950 31 4 oo
307 951 31 3 sm
392 951 61 4 jsx
481 951 34 3 kw
527 932 16 30 os
598 938 67 21 19,677:
679 938 22 17 60
881 937 2 12 |

148 971 27 17 Af
191 971 32 18 det
235 971 65 23 anslag
312 972 63 21 32,000
388 971 57 21 mark,
461 976 40 13 som
515 977 31 12 en-

171 1005 34 23 ligt
220 1005 64 23 nädigt
297 1006 83 22 reskript
392 1006 20 17 af
423 1006 35 17 den
472 1007 23 16 24
508 1007 37 21 (12)

172 1039 108 23 September
300 1041 44 16 1887
362 1040 88 23 beviljats
468 1040 30 18 för
514 1046 31 12 an-

171 1074 96 18 skaffande
278 1074 20 18 af
305 1074 71 18 möbler
386 1075 34 17 och
429 1075 117 18 inventarier

170 1109 29 17 till
213 1109 35 17 den
257 1109 5 17 i
272 1109 118 22 Helsingfors
400 1109 40 18 stad
450 1109 96 22 uppförda

171 1143 85 23 byggnad
276 1143 28 18 för
316 1143 179 23 konstföreningens
509 1144 35 17 och

171 1177 119 23 föreningens
309 1177 29 18 för
355 1177 109 18 konstfliten
480 1178 66 17 skolor

171 1212 35 17 och
224 1212 104 23 samlingar,
348 1211 80 19 äterstär
441 1212 29 17 till
485 1212 62 23 dispo-

172 1242 59 30 VILTODM
252 1260 3 4 s
280 1260 4 4 k
309 1259 3 4 s
337 1260 3 3 a
366 1259 32 4 sa
433 1260 23 3 R
483 1242 10 30 RK
507 1242 9 30 KR
543 1260 2 3 s
610 1247 90 20 7,704:
688 1242 15 29 —

127 1279 1 30 |
148 1281 65 22 Enligt
231 1281 65 22 nådigt
314 1281 125 17 förordnande
453 1281 36 17 och
503 1281 44 22 Kej-
715 1289 1 14 |

171 1315 69 22 serliga
252 1315 91 18 Senatens
356 1315 63 18 beslut
431 1315 37 18 den
481 1317 11 15 7
506 1315 40 18 Juli
715 1307 1 26 |

126 1358 1 7 i
172 1349 44 18 1886
229 1351 20 16 är
262 1349 29 18 för
303 1349 113 23 anläggning
428 1349 21 18 af
460 1355 23 12 en
495 1349 50 18 flott-
715 1358 2 6 |

171 1384 113 22 ningsränna
298 1383 24 24 pä
334 1386 76 15 venstra
423 1384 92 17 stranden
529 1384 20 17 af
716 1388 1 13 |

170 1418 121 18 Taivalkoski
304 1419 39 17 fors
355 1419 6 16 i
370 1418 54 17 Kemi
434 1418 72 18 socken
515 1423 32 12 an-

438 1454 107 31 Transport
598 1459 68 20 97,381:
680 1459 22 16 60
714 1453 11 32 |
736 1457 105 22 24,047,419j
854 1457 22 17 95
