1078 1692
326 144 29 22 U.
370 144 28 22 B.
410 156 25 4 —
451 144 217 28 Postsparbanken
836 144 11 21 7

190 206 52 21 Den
256 206 122 21 försäkran
393 206 80 29 Kejsar
489 206 134 22 Alexander
632 206 12 21 I
654 206 71 28 afgaf,
742 206 43 22 har
799 205 82 23 blifvit

121 240 26 22 af
155 240 107 28 samtlige
277 240 65 21 Hans
358 240 67 29 Höge
439 240 160 22 Efterträdare
606 240 126 29 upprepad.
747 240 131 22 Erinrande

120 274 80 22 härom
215 274 43 22 har
272 274 65 22 Hans
352 274 109 27 Majestät
475 274 84 29 Kejsar
573 274 131 22 Alexander
718 274 35 22 III
768 274 8 21 i
796 274 83 28 nådigt

120 308 100 32 reskript
242 308 38 22 till
309 308 99 22 General
437 308 151 22 Guvernören
613 308 65 22 öfver
707 308 101 22 Finland
832 308 45 21 den

127 337 91 37 100
240 342 156 22 innevarande
421 342 25 22 år
465 342 138 29 ytterligare
624 342 120 28 förklarat,
768 344 34 20 att
822 342 59 22 Han

121 377 151 22 oförändradt
286 376 59 22 skall
367 377 85 21 bevara
475 376 28 22 de
517 376 138 29 rättigheter
677 377 43 21 och
734 376 142 30 iprivilegier,

122 419 48 15 som
186 411 79 22 blifvit
280 411 39 21 det
332 410 76 22 finska
430 411 75 21 folket
519 410 121 22 förlänade
654 411 26 22 af
692 411 80 28 Ryske
786 411 95 21 Monar-.

121 446 48 27 ker,
193 446 42 22 och
258 447 34 20 att
314 445 40 22 det
375 445 20 29 ej
418 445 68 29 ingår
510 446 9 21 i
543 446 65 21 Hans
633 445 97 29 afsigter
752 447 34 20 att
807 446 72 21 ändra.

121 480 147 29 principerna
283 480 36 22 för
334 480 44 21 den
393 480 9 21 i
416 479 82 22 landet
512 480 109 28 gällande
637 480 129 28 ordningen
781 480 36 21 för
832 479 46 21 den

121 515 50 21 inre
201 514 120 29 styrelsen,
350 514 12 22 I
384 514 64 22 detta
469 514 145 29 högsinnade
638 514 95 28 uttryck
759 514 27 21 af
811 514 69 21 Hans

121 548 120 30 Majestäts
263 548 86 29 nädiga
364 548 96 29 välvilja
475 548 36 22 för
526 549 51 21 sina
591 548 75 22 finske
683 548 136 22 undersätar
841 556 40 14 ser

121 582 121 23 Utskottet
258 583 38 21 det
307 583 103 21 säkraste
426 583 69 27 bevis,
512 585 35 19 att
563 582 38 22 det
616 583 51 21 icke
675 583 61 21 varit
744 582 74 29 enligt
825 582 56 22 med.

121 617 66 31 Hans
212 616 118 30 Majestäts
353 617 102 29 afsigter,
481 620 34 18 att
536 617 9 21 i
567 616 87 30 nädiga
675 617 133 21 manifestet
832 616 47 22 den

127 646 64 40 TI
209 652 54 22 1890
287 651 87 21 influtit
398 651 151 29 stadganden,
573 658 48 15 som
644 651 20 29 ej
681 652 36 21 stä
738 651 9 21 i
762 650 112 22 öfverens-

123 686 131 21 stämmelse
269 686 53 21 med
336 685 90 23 landets
441 686 147 28 författning.

191 720 121 22 Utskottet
326 727 66 15 anser
407 720 35 29 sig
457 720 83 22 härvid
555 720 56 22 böra
625 720 129 28 framhälla,
773 722 35 20 att
832 719 49 23 den

123 754 160 28 likformighet
305 754 35 22 uti
358 754 166 29 postväsendet
545 755 64 21 inom
632 754 54 22 hela
705 754 81 29 Ryska
809 754 71 27 riket,

123 795 50 15 som
188 788 65 22 Hans
268 788 131 29 Kejserliga
413 788 110 29 Majestät
536 788 115 22 förklarat
672 789 36 28 sig
723 788 57 29 vilja
794 788 83 26 införa,

123 822 47 21 kan
199 822 92 21 komma
320 822 37 21 till
386 823 74 24 ständ,
491 825 56 19 utan
563 825 35 19 att
612 822 113 22 Finlands
740 823 50 21 inre
813 824 68 19 auto-

123 857 64 21 nomi
201 856 151 22 underkastas
363 857 122 28 rubbning.
516 857 83 28 Enligt
613 857 114 21 Finlands
742 857 66 28 lagar
823 863 58 22 eger

123 890 128 22 Monarken
286 891 136 29 obestridlig
457 893 47 20 rätt
540 893 35 20 att
613 898 84 22 genom
727 891 51 22 sina
803 891 79 21 finska

123 925 197 29 styrelseorganer
341 925 42 22 och
400 925 53 22 med
472 925 130 22 beaktande
614 925 27 22 af
652 925 9 22 i
675 925 81 22 landet
770 925 108 29 gällande

123 961 145 26 myntväsen,
276 960 31 28 pä
321 961 47 20 sätt
380 959 86 22 honom
481 959 90 29 nyttigt
585 967 75 21 synes,
676 959 115 22 fastställa
805 959 73 29 regle-

123 995 93 20 menten
232 993 43 22 och
290 996 68 19 taxor
372 994 36 22 för
422 994 141 29 postverket,
578 993 96 22 hvarför
687 995 73 28 något
774 993 104 29 rättsligt

123 1027 83 22 hinder
220 1030 50 19 mot
284 1028 132 22 införandet
430 1028 120 22 härstädes
565 1028 27 22 af
599 1028 127 29 postaliska
747 1027 134 23 förordnin-

123 1069 49 21 gar,
187 1069 49 14 som
258 1062 205 22 öfverensstämma
477 1062 52 22 med
545 1062 28 22 de
588 1063 76 28 ryska,
680 1063 52 21 icke
746 1062 131 29 föreligger.

123 1096 66 21 Dock
204 1098 48 20 tror
267 1097 36 28 sig
316 1097 121 22 Utskottet
452 1095 83 24 härvid
549 1096 56 22 böra
616 1097 74 22 uttala
698 1097 44 22 den
750 1097 131 28 tillförsigt,

123 1132 36 19 att
178 1130 66 22 Hans
266 1130 131 29 Kejserliga
411 1131 110 29 Majestät
541 1131 61 22 skall
621 1131 63 22 finna
706 1131 40 22 det
767 1130 116 29 förenligt.

122 1164 53 21 med
197 1165 71 21 rikets
291 1165 116 22 allmänna
436 1165 97 22 intresse
563 1167 35 20 att
627 1165 69 22 äfven
725 1165 9 22 i
756 1165 65 28 fråga
841 1171 36 15 om

122 1199 176 27 postväsendets
321 1199 148 22 anordnande
499 1199 61 22 fästa
589 1199 83 28 nådigt
701 1199 108 22 afseende
837 1198 45 23 vid

122 1232 9 21 i
160 1233 102 22 Finland
290 1233 108 26 rådande,
428 1233 52 22 från
516 1233 187 29 Kejsaredömets
731 1233 147 28 väsentligen

123 1266 126 23 afvikande
270 1267 169 22 förhållanden.
469 1267 92 22 Endast
589 1275 85 21 genom
704 1270 34 19 ett
762 1269 117 26 noggrant

123 1300 130 23 beaktande
280 1301 26 22 af
324 1301 67 22 dessa
412 1301 168 26 förhållanden,
605 1301 88 22 sådana
715 1301 28 22 de
768 1301 111 29 gestaltat

123 1335 37 28 sig
189 1336 8 21 i
226 1335 63 22 olika
318 1335 64 22 delar
412 1335 25 24 af
464 1336 87 27 landet,
582 1336 43 22 och
664 1343 84 22 genom
785 1335 94 28 «ständig

123 1370 138 21 samverkan
290 1369 85 22 mellan
402 1370 135 29 postverket
552 1370 43 22 och
611 1370 75 29 öfriga
707 1370 122 21 inhemska
843 1369 35 22 in-

123 1403 133 22 stitutioner
271 1403 42 23 har
328 1404 44 21 den
386 1404 187 29 uppblomstring
591 1404 26 22 af
631 1404 165 29 postväsendet
817 1404 62 21 varit

123 1437 88 29 möjlig,
240 1445 48 14 som
318 1438 45 21 den
392 1441 91 18 senaste
513 1438 64 22 tiden
606 1438 52 22 haft
673 1441 35 19 att
722 1438 98 29 uppvisa
835 1437 44 22 och

193 1477 139 18 Statsutskottets
345 1477 110 18 betänkande
467 1479 36 16 N:o
519 1478 15 18 7.
