<?xml version="1.0" encoding="UTF-8"?>
<alto xmlns="http://www.loc.gov/standards/alto/ns-v3#" xmlns:xlink="http://www.w3.org/1999/xlink" xmlns:xsi="http://www.w3.org/2001/XMLSchema-instance" xsi:schemaLocation="http://www.loc.gov/standards/alto/ns-v3# http://www.loc.gov/alto/v3/alto-3-0.xsd">
	<Description>
		<MeasurementUnit>pixel</MeasurementUnit>
		<sourceImageInformation>
			<fileName>/tmp/tess_p_cxx7k3_input.PNG</fileName>
		</sourceImageInformation>
		<OCRProcessing ID="OCR_0">
			<ocrProcessingStep>
				<processingSoftware>
					<softwareName>tesseract 5.3.4</softwareName>
				</processingSoftware>
			</ocrProcessingStep>
		</OCRProcessing>
	</Description>
	<Layout>
		<Page WIDTH="1078" HEIGHT="1692" PHYSICAL_IMG_NR="0" ID="page_0">
			<PrintSpace HPOS="0" VPOS="0" WIDTH="1078" HEIGHT="1692">
				<ComposedBlock ID="cblock_0" HPOS="219" VPOS="133" WIDTH="358" HEIGHT="21">
					<TextBlock ID="block_0" HPOS="219" VPOS="133" WIDTH="358" HEIGHT="21">
						<TextLine ID="line_0" HPOS="219" VPOS="133" WIDTH="358" HEIGHT="21">
							<String ID="string_0" HPOS="219" VPOS="134" WIDTH="27" HEIGHT="20" WC="0.96" CONTENT="20"/><SP WIDTH="321" VPOS="134" HPOS="246"/>
							<String ID="string_1" HPOS="567" VPOS="133" WIDTH="10" HEIGHT="21" WC="0.96" CONTENT="I"/>
						</TextLine>
					</TextBlock>
				</ComposedBlock>
				<ComposedBlock ID="cblock_1" HPOS="191" VPOS="202" WIDTH="764" HEIGHT="1263">
					<TextBlock ID="block_1" HPOS="191" VPOS="202" WIDTH="758" HEIGHT="96">
						<TextLine ID="line_1" HPOS="193" VPOS="202" WIDTH="756" HEIGHT="27">
							<String ID="string_2" HPOS="193" VPOS="202" WIDTH="54" HEIGHT="21" WC="0.96" CONTENT="dock"/><SP WIDTH="23" VPOS="202" HPOS="247"/>
							<String ID="string_3" HPOS="270" VPOS="202" WIDTH="90" HEIGHT="21" WC="0.96" CONTENT="sålunda"/><SP WIDTH="16" VPOS="202" HPOS="360"/>
							<String ID="string_4" HPOS="376" VPOS="204" WIDTH="32" HEIGHT="19" WC="0.96" CONTENT="att"/><SP WIDTH="16" VPOS="204" HPOS="408"/>
							<String ID="string_5" HPOS="424" VPOS="202" WIDTH="60" HEIGHT="21" WC="0.96" CONTENT="detta"/><SP WIDTH="15" VPOS="202" HPOS="484"/>
							<String ID="string_6" HPOS="499" VPOS="202" WIDTH="76" HEIGHT="27" WC="0.96" CONTENT="bidrag"/><SP WIDTH="16" VPOS="202" HPOS="575"/>
							<String ID="string_7" HPOS="591" VPOS="202" WIDTH="65" HEIGHT="21" WC="0.93" CONTENT="redan"/><SP WIDTH="17" VPOS="202" HPOS="656"/>
							<String ID="string_8" HPOS="673" VPOS="202" WIDTH="138" HEIGHT="21" WC="0.91" CONTENT="derförinnan"/><SP WIDTH="16" VPOS="202" HPOS="811"/>
							<String ID="string_9" HPOS="827" VPOS="202" WIDTH="54" HEIGHT="20" WC="0.91" CONTENT="skall"/><SP WIDTH="16" VPOS="202" HPOS="881"/>
							<String ID="string_10" HPOS="897" VPOS="208" WIDTH="52" HEIGHT="20" WC="0.91" CONTENT="upp-"/>
						</TextLine>
						<TextLine ID="line_2" HPOS="192" VPOS="236" WIDTH="757" HEIGHT="27">
							<String ID="string_11" HPOS="192" VPOS="237" WIDTH="54" HEIGHT="20" WC="0.96" CONTENT="höra"/><SP WIDTH="24" VPOS="237" HPOS="246"/>
							<String ID="string_12" HPOS="270" VPOS="236" WIDTH="24" HEIGHT="21" WC="0.96" CONTENT="så"/><SP WIDTH="22" VPOS="236" HPOS="294"/>
							<String ID="string_13" HPOS="316" VPOS="239" WIDTH="60" HEIGHT="19" WC="0.96" CONTENT="snart"/><SP WIDTH="14" VPOS="239" HPOS="376"/>
							<String ID="string_14" HPOS="390" VPOS="237" WIDTH="72" HEIGHT="20" WC="0.93" CONTENT="banan"/><SP WIDTH="15" VPOS="237" HPOS="462"/>
							<String ID="string_15" HPOS="477" VPOS="236" WIDTH="100" HEIGHT="21" WC="0.89" CONTENT="lemnade"/><SP WIDTH="17" VPOS="236" HPOS="577"/>
							<String ID="string_16" HPOS="594" VPOS="237" WIDTH="41" HEIGHT="21" WC="0.95" CONTENT="den"/><SP WIDTH="15" VPOS="237" HPOS="635"/>
							<String ID="string_17" HPOS="650" VPOS="238" WIDTH="69" HEIGHT="24" WC="0.96" CONTENT="ränta,"/><SP WIDTH="17" VPOS="238" HPOS="719"/>
							<String ID="string_18" HPOS="736" VPOS="236" WIDTH="132" HEIGHT="27" WC="0.93" CONTENT="Regeringen"/><SP WIDTH="17" VPOS="236" HPOS="868"/>
							<String ID="string_19" HPOS="885" VPOS="236" WIDTH="64" HEIGHT="20" WC="0.90" CONTENT="funne"/>
						</TextLine>
						<TextLine ID="line_3" HPOS="191" VPOS="270" WIDTH="437" HEIGHT="28">
							<String ID="string_20" HPOS="191" VPOS="270" WIDTH="52" HEIGHT="22" WC="0.96" CONTENT="böra"/><SP WIDTH="15" VPOS="270" HPOS="243"/>
							<String ID="string_21" HPOS="258" VPOS="271" WIDTH="105" HEIGHT="21" WC="0.93" CONTENT="beräknas"/><SP WIDTH="16" VPOS="271" HPOS="363"/>
							<String ID="string_22" HPOS="379" VPOS="270" WIDTH="13" HEIGHT="22" WC="0.87" CONTENT="å"/><SP WIDTH="16" VPOS="270" HPOS="392"/>
							<String ID="string_23" HPOS="408" VPOS="273" WIDTH="82" HEIGHT="19" WC="0.93" CONTENT="statens"/><SP WIDTH="13" VPOS="273" HPOS="490"/>
							<String ID="string_24" HPOS="503" VPOS="271" WIDTH="125" HEIGHT="27" WC="0.92" CONTENT="jernvägar;"/>
						</TextLine>
					</TextBlock>
					<TextBlock ID="block_2" HPOS="191" VPOS="304" WIDTH="760" HEIGHT="132">
						<TextLine ID="line_4" HPOS="264" VPOS="304" WIDTH="685" HEIGHT="28">
							<String ID="string_25" HPOS="264" VPOS="306" WIDTH="22" HEIGHT="25" WC="0.96" CONTENT="5)"/><SP WIDTH="25" VPOS="306" HPOS="286"/>
							<String ID="string_26" HPOS="311" VPOS="307" WIDTH="32" HEIGHT="19" WC="0.96" CONTENT="att"/><SP WIDTH="23" VPOS="307" HPOS="343"/>
							<String ID="string_27" HPOS="366" VPOS="312" WIDTH="26" HEIGHT="14" WC="0.96" CONTENT="en"/><SP WIDTH="24" VPOS="312" HPOS="392"/>
							<String ID="string_28" HPOS="416" VPOS="305" WIDTH="79" HEIGHT="21" WC="0.96" CONTENT="bibana"/><SP WIDTH="16" VPOS="305" HPOS="495"/>
							<String ID="string_29" HPOS="511" VPOS="306" WIDTH="56" HEIGHT="20" WC="0.96" CONTENT="skall"/><SP WIDTH="16" VPOS="306" HPOS="567"/>
							<String ID="string_30" HPOS="583" VPOS="305" WIDTH="82" HEIGHT="21" WC="0.96" CONTENT="utföras"/><SP WIDTH="16" VPOS="305" HPOS="665"/>
							<String ID="string_31" HPOS="681" VPOS="305" WIDTH="47" HEIGHT="21" WC="0.96" CONTENT="från"/><SP WIDTH="17" VPOS="305" HPOS="728"/>
							<String ID="string_32" HPOS="745" VPOS="304" WIDTH="122" HEIGHT="28" WC="0.96" CONTENT="bangården"/><SP WIDTH="16" VPOS="304" HPOS="867"/>
							<String ID="string_33" HPOS="883" VPOS="304" WIDTH="7" HEIGHT="21" WC="0.93" CONTENT="i"/><SP WIDTH="15" VPOS="304" HPOS="890"/>
							<String ID="string_34" HPOS="905" VPOS="304" WIDTH="44" HEIGHT="20" WC="0.90" CONTENT="Wi-"/>
						</TextLine>
						<TextLine ID="line_5" HPOS="192" VPOS="338" WIDTH="759" HEIGHT="28">
							<String ID="string_35" HPOS="192" VPOS="340" WIDTH="63" HEIGHT="26" WC="0.95" CONTENT="borgs"/><SP WIDTH="24" VPOS="340" HPOS="255"/>
							<String ID="string_36" HPOS="279" VPOS="340" WIDTH="48" HEIGHT="20" WC="0.96" CONTENT="stad"/><SP WIDTH="24" VPOS="340" HPOS="327"/>
							<String ID="string_37" HPOS="351" VPOS="340" WIDTH="33" HEIGHT="21" WC="0.96" CONTENT="till"/><SP WIDTH="23" VPOS="340" HPOS="384"/>
							<String ID="string_38" HPOS="407" VPOS="340" WIDTH="87" HEIGHT="21" WC="0.96" CONTENT="stadens"/><SP WIDTH="20" VPOS="340" HPOS="494"/>
							<String ID="string_39" HPOS="514" VPOS="340" WIDTH="64" HEIGHT="21" WC="0.96" CONTENT="södra"/><SP WIDTH="16" VPOS="340" HPOS="578"/>
							<String ID="string_40" HPOS="594" VPOS="340" WIDTH="63" HEIGHT="21" WC="0.96" CONTENT="hamn"/><SP WIDTH="16" VPOS="340" HPOS="657"/>
							<String ID="string_41" HPOS="673" VPOS="340" WIDTH="41" HEIGHT="21" WC="0.95" CONTENT="och"/><SP WIDTH="15" VPOS="340" HPOS="714"/>
							<String ID="string_42" HPOS="729" VPOS="340" WIDTH="33" HEIGHT="20" WC="0.93" CONTENT="till"/><SP WIDTH="17" VPOS="340" HPOS="762"/>
							<String ID="string_43" HPOS="779" VPOS="338" WIDTH="133" HEIGHT="22" WC="0.92" CONTENT="betäckande"/><SP WIDTH="16" VPOS="338" HPOS="912"/>
							<String ID="string_44" HPOS="928" VPOS="338" WIDTH="23" HEIGHT="21" WC="0.96" CONTENT="af"/>
						</TextLine>
						<TextLine ID="line_6" HPOS="192" VPOS="372" WIDTH="758" HEIGHT="29">
							<String ID="string_45" HPOS="192" VPOS="374" WIDTH="119" HEIGHT="22" WC="0.96" CONTENT="kostnaden"/><SP WIDTH="16" VPOS="374" HPOS="311"/>
							<String ID="string_46" HPOS="327" VPOS="374" WIDTH="34" HEIGHT="21" WC="0.96" CONTENT="för"/><SP WIDTH="16" VPOS="374" HPOS="361"/>
							<String ID="string_47" HPOS="377" VPOS="375" WIDTH="69" HEIGHT="21" WC="0.95" CONTENT="denna"/><SP WIDTH="16" VPOS="375" HPOS="446"/>
							<String ID="string_48" HPOS="462" VPOS="375" WIDTH="55" HEIGHT="21" WC="0.95" CONTENT="bana"/><SP WIDTH="15" VPOS="375" HPOS="517"/>
							<String ID="string_49" HPOS="532" VPOS="375" WIDTH="77" HEIGHT="21" WC="0.93" CONTENT="anlitas"/><SP WIDTH="9" VPOS="375" HPOS="609"/>
							<String ID="string_50" HPOS="618" VPOS="375" WIDTH="79" HEIGHT="26" WC="0.92" CONTENT="jemväl"/><SP WIDTH="13" VPOS="375" HPOS="697"/>
							<String ID="string_51" HPOS="710" VPOS="375" WIDTH="36" HEIGHT="20" WC="0.96" CONTENT="det"/><SP WIDTH="12" VPOS="375" HPOS="746"/>
							<String ID="string_52" HPOS="758" VPOS="374" WIDTH="22" HEIGHT="21" WC="0.93" CONTENT="af"/><SP WIDTH="10" VPOS="374" HPOS="780"/>
							<String ID="string_53" HPOS="790" VPOS="374" WIDTH="100" HEIGHT="26" WC="0.93" CONTENT="Wiborgs"/><SP WIDTH="11" VPOS="374" HPOS="890"/>
							<String ID="string_54" HPOS="901" VPOS="372" WIDTH="49" HEIGHT="22" WC="0.96" CONTENT="stad"/>
						</TextLine>
						<TextLine ID="line_7" HPOS="191" VPOS="408" WIDTH="370" HEIGHT="28">
							<String ID="string_55" HPOS="191" VPOS="408" WIDTH="33" HEIGHT="21" WC="0.96" CONTENT="för"/><SP WIDTH="16" VPOS="408" HPOS="224"/>
							<String ID="string_56" HPOS="240" VPOS="409" WIDTH="122" HEIGHT="21" WC="0.90" CONTENT="ändamålet"/><SP WIDTH="16" VPOS="409" HPOS="362"/>
							<String ID="string_57" HPOS="378" VPOS="408" WIDTH="80" HEIGHT="22" WC="0.90" CONTENT="utfästa"/><SP WIDTH="17" VPOS="408" HPOS="458"/>
							<String ID="string_58" HPOS="475" VPOS="410" WIDTH="86" HEIGHT="26" WC="0.96" CONTENT="bidrag;"/>
						</TextLine>
					</TextBlock>
					<TextBlock ID="block_3" HPOS="191" VPOS="442" WIDTH="759" HEIGHT="131">
						<TextLine ID="line_8" HPOS="264" VPOS="442" WIDTH="685" HEIGHT="28">
							<String ID="string_59" HPOS="264" VPOS="444" WIDTH="21" HEIGHT="26" WC="0.96" CONTENT="6)"/><SP WIDTH="17" VPOS="444" HPOS="285"/>
							<String ID="string_60" HPOS="302" VPOS="446" WIDTH="32" HEIGHT="18" WC="0.96" CONTENT="att"/><SP WIDTH="10" VPOS="446" HPOS="334"/>
							<String ID="string_61" HPOS="344" VPOS="443" WIDTH="145" HEIGHT="21" WC="0.96" CONTENT="kostnaderna"/><SP WIDTH="11" VPOS="443" HPOS="489"/>
							<String ID="string_62" HPOS="500" VPOS="443" WIDTH="33" HEIGHT="21" WC="0.96" CONTENT="för"/><SP WIDTH="10" VPOS="443" HPOS="533"/>
							<String ID="string_63" HPOS="543" VPOS="443" WIDTH="165" HEIGHT="27" WC="0.13" CONTENT="ifrågavarande"/><SP WIDTH="10" VPOS="443" HPOS="708"/>
							<String ID="string_64" HPOS="718" VPOS="442" WIDTH="231" HEIGHT="28" WC="0.92" CONTENT="jernvägsbyggnader,"/>
						</TextLine>
						<TextLine ID="line_9" HPOS="191" VPOS="477" WIDTH="759" HEIGHT="27">
							<String ID="string_65" HPOS="191" VPOS="478" WIDTH="134" HEIGHT="20" WC="0.92" CONTENT="oberäknadt"/><SP WIDTH="24" VPOS="478" HPOS="325"/>
							<String ID="string_66" HPOS="349" VPOS="478" WIDTH="25" HEIGHT="20" WC="0.95" CONTENT="de"/><SP WIDTH="24" VPOS="478" HPOS="374"/>
							<String ID="string_67" HPOS="398" VPOS="478" WIDTH="38" HEIGHT="20" WC="0.95" CONTENT="här"/><SP WIDTH="17" VPOS="478" HPOS="436"/>
							<String ID="string_68" HPOS="453" VPOS="478" WIDTH="63" HEIGHT="21" WC="0.93" CONTENT="ofvan"/><SP WIDTH="17" VPOS="478" HPOS="516"/>
							<String ID="string_69" HPOS="533" VPOS="478" WIDTH="141" HEIGHT="20" WC="0.90" CONTENT="omförmälda"/><SP WIDTH="16" VPOS="478" HPOS="674"/>
							<String ID="string_70" HPOS="690" VPOS="478" WIDTH="82" HEIGHT="26" WC="0.96" CONTENT="bidrag,"/><SP WIDTH="18" VPOS="478" HPOS="772"/>
							<String ID="string_71" HPOS="790" VPOS="478" WIDTH="68" HEIGHT="20" WC="0.93" CONTENT="skulle"/><SP WIDTH="15" VPOS="478" HPOS="858"/>
							<String ID="string_72" HPOS="873" VPOS="477" WIDTH="77" HEIGHT="21" WC="0.92" CONTENT="bestri-"/>
						</TextLine>
						<TextLine ID="line_10" HPOS="193" VPOS="511" WIDTH="757" HEIGHT="28">
							<String ID="string_73" HPOS="193" VPOS="512" WIDTH="37" HEIGHT="20" WC="0.96" CONTENT="das"/><SP WIDTH="16" VPOS="512" HPOS="230"/>
							<String ID="string_74" HPOS="246" VPOS="512" WIDTH="6" HEIGHT="20" WC="0.95" CONTENT="i"/><SP WIDTH="17" VPOS="512" HPOS="252"/>
							<String ID="string_75" HPOS="269" VPOS="512" WIDTH="94" HEIGHT="27" WC="0.96" CONTENT="enlighet"/><SP WIDTH="15" VPOS="512" HPOS="363"/>
							<String ID="string_76" HPOS="378" VPOS="513" WIDTH="47" HEIGHT="20" WC="0.93" CONTENT="med"/><SP WIDTH="18" VPOS="513" HPOS="425"/>
							<String ID="string_77" HPOS="443" VPOS="512" WIDTH="130" HEIGHT="21" WC="0.92" CONTENT="Ständernas"/><SP WIDTH="16" VPOS="512" HPOS="573"/>
							<String ID="string_78" HPOS="589" VPOS="512" WIDTH="107" HEIGHT="21" WC="0.96" CONTENT="särskilda"/><SP WIDTH="16" VPOS="512" HPOS="696"/>
							<String ID="string_79" HPOS="712" VPOS="512" WIDTH="6" HEIGHT="20" WC="0.96" CONTENT="i"/><SP WIDTH="16" VPOS="512" HPOS="718"/>
							<String ID="string_80" HPOS="734" VPOS="512" WIDTH="66" HEIGHT="20" WC="0.93" CONTENT="nåder"/><SP WIDTH="17" VPOS="512" HPOS="800"/>
							<String ID="string_81" HPOS="817" VPOS="511" WIDTH="133" HEIGHT="21" WC="0.90" CONTENT="stadfästade"/>
						</TextLine>
						<TextLine ID="line_11" HPOS="192" VPOS="545" WIDTH="756" HEIGHT="28">
							<String ID="string_82" HPOS="192" VPOS="545" WIDTH="183" HEIGHT="28" WC="0.96" CONTENT="framställningar"/><SP WIDTH="9" VPOS="545" HPOS="375"/>
							<String ID="string_83" HPOS="384" VPOS="546" WIDTH="110" HEIGHT="27" WC="0.93" CONTENT="angående"/><SP WIDTH="9" VPOS="546" HPOS="494"/>
							<String ID="string_84" HPOS="503" VPOS="547" WIDTH="116" HEIGHT="20" WC="0.91" CONTENT="anvisande"/><SP WIDTH="10" VPOS="547" HPOS="619"/>
							<String ID="string_85" HPOS="629" VPOS="546" WIDTH="21" HEIGHT="21" WC="0.96" CONTENT="af"/><SP WIDTH="5" VPOS="546" HPOS="650"/>
							<String ID="string_86" HPOS="655" VPOS="546" WIDTH="68" HEIGHT="21" WC="0.96" CONTENT="medel"/><SP WIDTH="9" VPOS="546" HPOS="723"/>
							<String ID="string_87" HPOS="732" VPOS="546" WIDTH="33" HEIGHT="21" WC="0.96" CONTENT="till"/><SP WIDTH="10" VPOS="546" HPOS="765"/>
							<String ID="string_88" HPOS="775" VPOS="546" WIDTH="62" HEIGHT="20" WC="0.94" CONTENT="dessa"/><SP WIDTH="6" VPOS="546" HPOS="837"/>
							<String ID="string_89" HPOS="843" VPOS="545" WIDTH="105" HEIGHT="21" WC="0.94" CONTENT="ändamål."/>
						</TextLine>
					</TextBlock>
					<TextBlock ID="block_4" HPOS="191" VPOS="580" WIDTH="763" HEIGHT="645">
						<TextLine ID="line_12" HPOS="265" VPOS="580" WIDTH="684" HEIGHT="27">
							<String ID="string_90" HPOS="265" VPOS="580" WIDTH="10" HEIGHT="21" WC="0.95" CONTENT="I"/><SP WIDTH="23" VPOS="580" HPOS="275"/>
							<String ID="string_91" HPOS="298" VPOS="581" WIDTH="116" HEIGHT="26" WC="0.95" CONTENT="anledning"/><SP WIDTH="24" VPOS="581" HPOS="414"/>
							<String ID="string_92" HPOS="438" VPOS="581" WIDTH="23" HEIGHT="21" WC="0.96" CONTENT="af"/><SP WIDTH="13" VPOS="581" HPOS="461"/>
							<String ID="string_93" HPOS="474" VPOS="581" WIDTH="60" HEIGHT="21" WC="0.96" CONTENT="Hans"/><SP WIDTH="16" VPOS="581" HPOS="534"/>
							<String ID="string_94" HPOS="550" VPOS="581" WIDTH="120" HEIGHT="26" WC="0.96" CONTENT="Kejserliga"/><SP WIDTH="16" VPOS="581" HPOS="670"/>
							<String ID="string_95" HPOS="686" VPOS="580" WIDTH="111" HEIGHT="27" WC="0.96" CONTENT="Majestäts"/><SP WIDTH="17" VPOS="580" HPOS="797"/>
							<String ID="string_96" HPOS="814" VPOS="580" WIDTH="78" HEIGHT="26" WC="0.93" CONTENT="nådiga"/><SP WIDTH="16" VPOS="580" HPOS="892"/>
							<String ID="string_97" HPOS="908" VPOS="580" WIDTH="41" HEIGHT="21" WC="0.93" CONTENT="för-"/>
						</TextLine>
						<TextLine ID="line_13" HPOS="191" VPOS="614" WIDTH="759" HEIGHT="28">
							<String ID="string_98" HPOS="191" VPOS="615" WIDTH="111" HEIGHT="21" WC="0.57" CONTENT="ordnande"/><SP WIDTH="23" VPOS="615" HPOS="302"/>
							<String ID="string_99" HPOS="325" VPOS="615" WIDTH="66" HEIGHT="21" WC="0.95" CONTENT="hafva"/><SP WIDTH="23" VPOS="615" HPOS="391"/>
							<String ID="string_100" HPOS="414" VPOS="616" WIDTH="122" HEIGHT="20" WC="0.96" CONTENT="sedermera"/><SP WIDTH="23" VPOS="616" HPOS="536"/>
							<String ID="string_101" HPOS="559" VPOS="615" WIDTH="110" HEIGHT="21" WC="0.93" CONTENT="definitiva"/><SP WIDTH="23" VPOS="615" HPOS="669"/>
							<String ID="string_102" HPOS="692" VPOS="615" WIDTH="129" HEIGHT="27" WC="0.92" CONTENT="banprojekt"/><SP WIDTH="16" VPOS="615" HPOS="821"/>
							<String ID="string_103" HPOS="837" VPOS="615" WIDTH="39" HEIGHT="21" WC="0.93" CONTENT="och"/><SP WIDTH="16" VPOS="615" HPOS="876"/>
							<String ID="string_104" HPOS="892" VPOS="614" WIDTH="58" HEIGHT="21" WC="0.93" CONTENT="kost-"/>
						</TextLine>
						<TextLine ID="line_14" HPOS="192" VPOS="649" WIDTH="757" HEIGHT="27">
							<String ID="string_105" HPOS="192" VPOS="649" WIDTH="134" HEIGHT="27" WC="0.90" CONTENT="nadsförslag"/><SP WIDTH="25" VPOS="649" HPOS="326"/>
							<String ID="string_106" HPOS="351" VPOS="650" WIDTH="32" HEIGHT="20" WC="0.96" CONTENT="för"/><SP WIDTH="24" VPOS="650" HPOS="383"/>
							<String ID="string_107" HPOS="407" VPOS="650" WIDTH="40" HEIGHT="20" WC="0.96" CONTENT="den"/><SP WIDTH="19" VPOS="650" HPOS="447"/>
							<String ID="string_108" HPOS="466" VPOS="650" WIDTH="106" HEIGHT="20" WC="0.93" CONTENT="Karelska"/><SP WIDTH="13" VPOS="650" HPOS="572"/>
							<String ID="string_109" HPOS="585" VPOS="650" WIDTH="117" HEIGHT="26" WC="0.91" CONTENT="jernvägen"/><SP WIDTH="14" VPOS="650" HPOS="702"/>
							<String ID="string_110" HPOS="716" VPOS="650" WIDTH="66" HEIGHT="26" WC="0.93" CONTENT="jemte"/><SP WIDTH="15" VPOS="650" HPOS="782"/>
							<String ID="string_111" HPOS="797" VPOS="649" WIDTH="95" HEIGHT="23" WC="0.92" CONTENT="bibanor,"/><SP WIDTH="17" VPOS="649" HPOS="892"/>
							<String ID="string_112" HPOS="909" VPOS="649" WIDTH="40" HEIGHT="20" WC="0.96" CONTENT="den"/>
						</TextLine>
						<TextLine ID="line_15" HPOS="192" VPOS="682" WIDTH="759" HEIGHT="28">
							<String ID="string_113" HPOS="192" VPOS="684" WIDTH="172" HEIGHT="26" WC="0.92" CONTENT="Björneborgska"/><SP WIDTH="12" VPOS="684" HPOS="364"/>
							<String ID="string_114" HPOS="376" VPOS="684" WIDTH="115" HEIGHT="26" WC="0.91" CONTENT="jernvägen"/><SP WIDTH="16" VPOS="684" HPOS="491"/>
							<String ID="string_115" HPOS="507" VPOS="687" WIDTH="56" HEIGHT="17" WC="0.93" CONTENT="samt"/><SP WIDTH="16" VPOS="687" HPOS="563"/>
							<String ID="string_116" HPOS="579" VPOS="684" WIDTH="201" HEIGHT="20" WC="0.84" CONTENT="Kouvola—Kotka"/><SP WIDTH="16" VPOS="684" HPOS="780"/>
							<String ID="string_117" HPOS="796" VPOS="684" WIDTH="69" HEIGHT="20" WC="0.95" CONTENT="banan"/><SP WIDTH="16" VPOS="684" HPOS="865"/>
							<String ID="string_118" HPOS="881" VPOS="682" WIDTH="70" HEIGHT="22" WC="0.95" CONTENT="blifvit"/>
						</TextLine>
						<TextLine ID="line_16" HPOS="192" VPOS="717" WIDTH="758" HEIGHT="27">
							<String ID="string_119" HPOS="192" VPOS="718" WIDTH="126" HEIGHT="26" WC="0.96" CONTENT="uppgjorda."/><SP WIDTH="16" VPOS="718" HPOS="318"/>
							<String ID="string_120" HPOS="334" VPOS="718" WIDTH="70" HEIGHT="20" WC="0.95" CONTENT="Sedan"/><SP WIDTH="18" VPOS="718" HPOS="404"/>
							<String ID="string_121" HPOS="422" VPOS="718" WIDTH="61" HEIGHT="20" WC="0.93" CONTENT="dessa"/><SP WIDTH="16" VPOS="718" HPOS="483"/>
							<String ID="string_122" HPOS="499" VPOS="718" WIDTH="127" HEIGHT="26" WC="0.91" CONTENT="banprojekt"/><SP WIDTH="10" VPOS="718" HPOS="626"/>
							<String ID="string_123" HPOS="636" VPOS="718" WIDTH="48" HEIGHT="21" WC="0.96" CONTENT="med"/><SP WIDTH="10" VPOS="718" HPOS="684"/>
							<String ID="string_124" HPOS="694" VPOS="719" WIDTH="66" HEIGHT="25" WC="0.96" CONTENT="några"/><SP WIDTH="11" VPOS="719" HPOS="760"/>
							<String ID="string_125" HPOS="771" VPOS="718" WIDTH="82" HEIGHT="20" WC="0.93" CONTENT="mindre"/><SP WIDTH="12" VPOS="718" HPOS="853"/>
							<String ID="string_126" HPOS="865" VPOS="717" WIDTH="85" HEIGHT="21" WC="0.91" CONTENT="ändrin-"/>
						</TextLine>
						<TextLine ID="line_17" HPOS="193" VPOS="752" WIDTH="757" HEIGHT="27">
							<String ID="string_127" HPOS="193" VPOS="758" WIDTH="39" HEIGHT="20" WC="0.96" CONTENT="gar"/><SP WIDTH="16" VPOS="758" HPOS="232"/>
							<String ID="string_128" HPOS="248" VPOS="752" WIDTH="24" HEIGHT="20" WC="0.96" CONTENT="af"/><SP WIDTH="13" VPOS="752" HPOS="272"/>
							<String ID="string_129" HPOS="285" VPOS="752" WIDTH="59" HEIGHT="21" WC="0.96" CONTENT="Hans"/><SP WIDTH="16" VPOS="752" HPOS="344"/>
							<String ID="string_130" HPOS="360" VPOS="752" WIDTH="121" HEIGHT="27" WC="0.96" CONTENT="Kejserliga"/><SP WIDTH="16" VPOS="752" HPOS="481"/>
							<String ID="string_131" HPOS="497" VPOS="752" WIDTH="102" HEIGHT="27" WC="0.95" CONTENT="Majestät"/><SP WIDTH="16" VPOS="752" HPOS="599"/>
							<String ID="string_132" HPOS="615" VPOS="753" WIDTH="6" HEIGHT="20" WC="0.96" CONTENT="i"/><SP WIDTH="17" VPOS="753" HPOS="621"/>
							<String ID="string_133" HPOS="638" VPOS="752" WIDTH="66" HEIGHT="21" WC="0.92" CONTENT="nåder"/><SP WIDTH="14" VPOS="752" HPOS="704"/>
							<String ID="string_134" HPOS="718" VPOS="752" WIDTH="113" HEIGHT="25" WC="0.92" CONTENT="faststälts,"/><SP WIDTH="12" VPOS="752" HPOS="831"/>
							<String ID="string_135" HPOS="843" VPOS="752" WIDTH="64" HEIGHT="20" WC="0.93" CONTENT="hafva"/><SP WIDTH="9" VPOS="752" HPOS="907"/>
							<String ID="string_136" HPOS="916" VPOS="758" WIDTH="34" HEIGHT="14" WC="0.90" CONTENT="ar-"/>
						</TextLine>
						<TextLine ID="line_18" HPOS="194" VPOS="782" WIDTH="757" HEIGHT="31">
							<String ID="string_137" HPOS="194" VPOS="786" WIDTH="78" HEIGHT="21" WC="0.92" CONTENT="betena"/><SP WIDTH="26" VPOS="786" HPOS="272"/>
							<String ID="string_138" HPOS="298" VPOS="786" WIDTH="12" HEIGHT="20" WC="0.89" CONTENT="å"/><SP WIDTH="23" VPOS="786" HPOS="310"/>
							<String ID="string_139" HPOS="333" VPOS="786" WIDTH="140" HEIGHT="21" WC="0.89" CONTENT="förenämnda"/><SP WIDTH="23" VPOS="786" HPOS="473"/>
							<String ID="string_140" HPOS="496" VPOS="789" WIDTH="33" HEIGHT="18" WC="0.96" CONTENT="tre"/><SP WIDTH="24" VPOS="789" HPOS="529"/>
							<String ID="string_141" HPOS="553" VPOS="786" WIDTH="68" HEIGHT="22" WC="0.96" CONTENT="banor"/><SP WIDTH="16" VPOS="786" HPOS="621"/>
							<String ID="string_142" HPOS="637" VPOS="786" WIDTH="68" HEIGHT="21" WC="0.93" CONTENT="under"/><SP WIDTH="15" VPOS="786" HPOS="705"/>
							<String ID="string_143" HPOS="720" VPOS="782" WIDTH="182" HEIGHT="31" WC="0.91" CONTENT="Öfverstyrelsens"/><SP WIDTH="16" VPOS="782" HPOS="902"/>
							<String ID="string_144" HPOS="918" VPOS="786" WIDTH="33" HEIGHT="20" WC="0.96" CONTENT="för"/>
						</TextLine>
						<TextLine ID="line_19" HPOS="194" VPOS="820" WIDTH="756" HEIGHT="27">
							<String ID="string_145" HPOS="194" VPOS="823" WIDTH="49" HEIGHT="24" WC="0.91" CONTENT="väg-"/><SP WIDTH="24" VPOS="823" HPOS="243"/>
							<String ID="string_146" HPOS="267" VPOS="821" WIDTH="40" HEIGHT="20" WC="0.93" CONTENT="och"/><SP WIDTH="23" VPOS="821" HPOS="307"/>
							<String ID="string_147" HPOS="330" VPOS="821" WIDTH="226" HEIGHT="26" WC="0.92" CONTENT="vattenbyggnaderna"/><SP WIDTH="24" VPOS="821" HPOS="556"/>
							<String ID="string_148" HPOS="580" VPOS="821" WIDTH="85" HEIGHT="26" WC="0.95" CONTENT="ledning"/><SP WIDTH="15" VPOS="821" HPOS="665"/>
							<String ID="string_149" HPOS="680" VPOS="821" WIDTH="111" HEIGHT="26" WC="0.96" CONTENT="påbörjats"/><SP WIDTH="16" VPOS="821" HPOS="791"/>
							<String ID="string_150" HPOS="807" VPOS="821" WIDTH="39" HEIGHT="20" WC="0.93" CONTENT="och"/><SP WIDTH="16" VPOS="821" HPOS="846"/>
							<String ID="string_151" HPOS="862" VPOS="820" WIDTH="88" HEIGHT="27" WC="0.88" CONTENT="fortgåtti"/>
						</TextLine>
						<TextLine ID="line_20" HPOS="194" VPOS="854" WIDTH="756" HEIGHT="28">
							<String ID="string_152" HPOS="194" VPOS="857" WIDTH="56" HEIGHT="18" WC="0.96" CONTENT="samt"/><SP WIDTH="16" VPOS="857" HPOS="250"/>
							<String ID="string_153" HPOS="266" VPOS="855" WIDTH="55" HEIGHT="20" WC="0.96" CONTENT="hvad"/><SP WIDTH="16" VPOS="855" HPOS="321"/>
							<String ID="string_154" HPOS="337" VPOS="855" WIDTH="103" HEIGHT="21" WC="0.93" CONTENT="beträffar"/><SP WIDTH="15" VPOS="855" HPOS="440"/>
							<String ID="string_155" HPOS="455" VPOS="855" WIDTH="200" HEIGHT="21" WC="0.86" CONTENT="Kouvola—Kotka"/><SP WIDTH="14" VPOS="855" HPOS="655"/>
							<String ID="string_156" HPOS="669" VPOS="855" WIDTH="88" HEIGHT="27" WC="0.92" CONTENT="jernväg"/><SP WIDTH="16" VPOS="855" HPOS="757"/>
							<String ID="string_157" HPOS="773" VPOS="855" WIDTH="105" HEIGHT="21" WC="0.93" CONTENT="slutförts."/><SP WIDTH="30" VPOS="855" HPOS="878"/>
							<String ID="string_158" HPOS="908" VPOS="854" WIDTH="42" HEIGHT="21" WC="0.83" CONTENT="En-"/>
						</TextLine>
						<TextLine ID="line_21" HPOS="193" VPOS="889" WIDTH="759" HEIGHT="27">
							<String ID="string_159" HPOS="193" VPOS="889" WIDTH="40" HEIGHT="26" WC="0.95" CONTENT="ligt"/><SP WIDTH="17" VPOS="889" HPOS="233"/>
							<String ID="string_160" HPOS="250" VPOS="889" WIDTH="25" HEIGHT="20" WC="0.95" CONTENT="de"/><SP WIDTH="17" VPOS="889" HPOS="275"/>
							<String ID="string_161" HPOS="292" VPOS="889" WIDTH="34" HEIGHT="21" WC="0.96" CONTENT="för"/><SP WIDTH="15" VPOS="889" HPOS="326"/>
							<String ID="string_162" HPOS="341" VPOS="890" WIDTH="92" HEIGHT="20" WC="0.95" CONTENT="nämnda"/><SP WIDTH="17" VPOS="890" HPOS="433"/>
							<String ID="string_163" HPOS="450" VPOS="892" WIDTH="33" HEIGHT="19" WC="0.93" CONTENT="tre"/><SP WIDTH="12" VPOS="892" HPOS="483"/>
							<String ID="string_164" HPOS="495" VPOS="889" WIDTH="116" HEIGHT="27" WC="0.93" CONTENT="jernvägar"/><SP WIDTH="17" VPOS="889" HPOS="611"/>
							<String ID="string_165" HPOS="628" VPOS="889" WIDTH="114" HEIGHT="21" WC="0.92" CONTENT="faststälda"/><SP WIDTH="11" VPOS="889" HPOS="742"/>
							<String ID="string_166" HPOS="753" VPOS="889" WIDTH="111" HEIGHT="27" WC="0.96" CONTENT="projekten"/><SP WIDTH="12" VPOS="889" HPOS="864"/>
							<String ID="string_167" HPOS="876" VPOS="891" WIDTH="76" HEIGHT="24" WC="0.96" CONTENT="utgöra"/>
						</TextLine>
						<TextLine ID="line_22" HPOS="194" VPOS="923" WIDTH="758" HEIGHT="27">
							<String ID="string_168" HPOS="194" VPOS="923" WIDTH="62" HEIGHT="21" WC="0.89" CONTENT="dessa"/><SP WIDTH="21" VPOS="923" HPOS="256"/>
							<String ID="string_169" HPOS="277" VPOS="923" WIDTH="164" HEIGHT="27" WC="0.86" CONTENT="jernvägslinier"/><SP WIDTH="23" VPOS="923" HPOS="441"/>
							<String ID="string_170" HPOS="464" VPOS="924" WIDTH="6" HEIGHT="21" WC="0.97" CONTENT="i"/><SP WIDTH="17" VPOS="924" HPOS="470"/>
							<String ID="string_171" HPOS="487" VPOS="924" WIDTH="70" HEIGHT="26" WC="0.96" CONTENT="längd,"/><SP WIDTH="19" VPOS="924" HPOS="557"/>
							<String ID="string_172" HPOS="576" VPOS="925" WIDTH="40" HEIGHT="20" WC="0.96" CONTENT="den"/><SP WIDTH="17" VPOS="925" HPOS="616"/>
							<String ID="string_173" HPOS="633" VPOS="924" WIDTH="106" HEIGHT="21" WC="0.96" CONTENT="Karelska"/><SP WIDTH="17" VPOS="924" HPOS="739"/>
							<String ID="string_174" HPOS="756" VPOS="924" WIDTH="70" HEIGHT="21" WC="0.96" CONTENT="banan"/><SP WIDTH="13" VPOS="924" HPOS="826"/>
							<String ID="string_175" HPOS="839" VPOS="924" WIDTH="67" HEIGHT="26" WC="0.93" CONTENT="jemte"/><SP WIDTH="14" VPOS="924" HPOS="906"/>
							<String ID="string_176" HPOS="920" VPOS="923" WIDTH="32" HEIGHT="21" WC="0.92" CONTENT="bi-"/>
						</TextLine>
						<TextLine ID="line_23" HPOS="194" VPOS="957" WIDTH="759" HEIGHT="26">
							<String ID="string_177" HPOS="194" VPOS="958" WIDTH="96" HEIGHT="20" WC="0.94" CONTENT="banorna"/><SP WIDTH="26" VPOS="958" HPOS="290"/>
							<String ID="string_178" HPOS="316" VPOS="958" WIDTH="32" HEIGHT="21" WC="0.92" CONTENT="till"/><SP WIDTH="24" VPOS="958" HPOS="348"/>
							<String ID="string_179" HPOS="372" VPOS="958" WIDTH="83" HEIGHT="21" WC="0.92" CONTENT="Imatra"/><SP WIDTH="23" VPOS="958" HPOS="455"/>
							<String ID="string_180" HPOS="478" VPOS="959" WIDTH="39" HEIGHT="20" WC="0.96" CONTENT="och"/><SP WIDTH="24" VPOS="959" HPOS="517"/>
							<String ID="string_181" HPOS="541" VPOS="959" WIDTH="102" HEIGHT="20" WC="0.85" CONTENT="Wärtsilä"/><SP WIDTH="27" VPOS="959" HPOS="643"/>
							<String ID="string_182" HPOS="670" VPOS="959" WIDTH="73" HEIGHT="24" WC="0.96" CONTENT="345,91"/><SP WIDTH="27" VPOS="959" HPOS="743"/>
							<String ID="string_183" HPOS="770" VPOS="958" WIDTH="118" HEIGHT="25" WC="0.96" CONTENT="kilometer,"/><SP WIDTH="24" VPOS="958" HPOS="888"/>
							<String ID="string_184" HPOS="912" VPOS="957" WIDTH="41" HEIGHT="20" WC="0.96" CONTENT="den"/>
						</TextLine>
						<TextLine ID="line_24" HPOS="193" VPOS="991" WIDTH="759" HEIGHT="28">
							<String ID="string_185" HPOS="193" VPOS="992" WIDTH="174" HEIGHT="27" WC="0.91" CONTENT="Björneborgska"/><SP WIDTH="15" VPOS="992" HPOS="367"/>
							<String ID="string_186" HPOS="382" VPOS="993" WIDTH="71" HEIGHT="20" WC="0.96" CONTENT="banan"/><SP WIDTH="19" VPOS="993" HPOS="453"/>
							<String ID="string_187" HPOS="472" VPOS="993" WIDTH="73" HEIGHT="26" WC="0.95" CONTENT="135,76"/><SP WIDTH="18" VPOS="993" HPOS="545"/>
							<String ID="string_188" HPOS="563" VPOS="992" WIDTH="113" HEIGHT="21" WC="0.96" CONTENT="kilometer"/><SP WIDTH="11" VPOS="992" HPOS="676"/>
							<String ID="string_189" HPOS="687" VPOS="994" WIDTH="55" HEIGHT="19" WC="0.96" CONTENT="samt"/><SP WIDTH="10" VPOS="994" HPOS="742"/>
							<String ID="string_190" HPOS="752" VPOS="991" WIDTH="200" HEIGHT="22" WC="0.90" CONTENT="Kouvola"/><SP WIDTH="-82" VPOS="991" HPOS="952"/>
							<String ID="string_191" HPOS="870" VPOS="987" WIDTH="9" HEIGHT="36" WC="0.41" CONTENT="—-"/><SP WIDTH="6" VPOS="987" HPOS="879"/>
							<String ID="string_192" HPOS="885" VPOS="991" WIDTH="67" HEIGHT="22" WC="0.41" CONTENT="Kotka"/>
						</TextLine>
						<TextLine ID="line_25" HPOS="191" VPOS="1027" WIDTH="761" HEIGHT="27">
							<String ID="string_193" HPOS="191" VPOS="1027" WIDTH="91" HEIGHT="26" WC="0.93" CONTENT="jernväg"/><SP WIDTH="19" VPOS="1027" HPOS="282"/>
							<String ID="string_194" HPOS="301" VPOS="1028" WIDTH="61" HEIGHT="26" WC="0.96" CONTENT="51,72"/><SP WIDTH="26" VPOS="1028" HPOS="362"/>
							<String ID="string_195" HPOS="388" VPOS="1027" WIDTH="119" HEIGHT="21" WC="0.92" CONTENT="kilometer."/><SP WIDTH="32" VPOS="1027" HPOS="507"/>
							<String ID="string_196" HPOS="539" VPOS="1027" WIDTH="151" HEIGHT="21" WC="0.92" CONTENT="Kostnaderna"/><SP WIDTH="22" VPOS="1027" HPOS="690"/>
							<String ID="string_197" HPOS="712" VPOS="1029" WIDTH="38" HEIGHT="19" WC="0.90" CONTENT="äro"/><SP WIDTH="24" VPOS="1029" HPOS="750"/>
							<String ID="string_198" HPOS="774" VPOS="1027" WIDTH="5" HEIGHT="20" WC="0.96" CONTENT="i"/><SP WIDTH="17" VPOS="1027" HPOS="779"/>
							<String ID="string_199" HPOS="796" VPOS="1027" WIDTH="92" HEIGHT="20" WC="0.93" CONTENT="nämnda"/><SP WIDTH="16" VPOS="1027" HPOS="888"/>
							<String ID="string_200" HPOS="904" VPOS="1032" WIDTH="48" HEIGHT="21" WC="0.92" CONTENT="pro-"/>
						</TextLine>
						<TextLine ID="line_26" HPOS="192" VPOS="1060" WIDTH="760" HEIGHT="27">
							<String ID="string_201" HPOS="192" VPOS="1061" WIDTH="46" HEIGHT="26" WC="0.91" CONTENT="jekt"/><SP WIDTH="28" VPOS="1061" HPOS="238"/>
							<String ID="string_202" HPOS="266" VPOS="1061" WIDTH="132" HEIGHT="21" WC="0.89" CONTENT="beräknade:"/><SP WIDTH="20" VPOS="1061" HPOS="398"/>
							<String ID="string_203" HPOS="418" VPOS="1061" WIDTH="33" HEIGHT="21" WC="0.96" CONTENT="för"/><SP WIDTH="21" VPOS="1061" HPOS="451"/>
							<String ID="string_204" HPOS="472" VPOS="1062" WIDTH="39" HEIGHT="20" WC="0.93" CONTENT="den"/><SP WIDTH="17" VPOS="1062" HPOS="511"/>
							<String ID="string_205" HPOS="528" VPOS="1061" WIDTH="105" HEIGHT="21" WC="0.92" CONTENT="Karelska"/><SP WIDTH="16" VPOS="1061" HPOS="633"/>
							<String ID="string_206" HPOS="649" VPOS="1061" WIDTH="70" HEIGHT="21" WC="0.93" CONTENT="banan"/><SP WIDTH="13" VPOS="1061" HPOS="719"/>
							<String ID="string_207" HPOS="732" VPOS="1061" WIDTH="67" HEIGHT="26" WC="0.92" CONTENT="jemte"/><SP WIDTH="16" VPOS="1061" HPOS="799"/>
							<String ID="string_208" HPOS="815" VPOS="1061" WIDTH="90" HEIGHT="20" WC="0.92" CONTENT="bibanor"/><SP WIDTH="14" VPOS="1061" HPOS="905"/>
							<String ID="string_209" HPOS="919" VPOS="1060" WIDTH="33" HEIGHT="21" WC="0.96" CONTENT="till"/>
						</TextLine>
						<TextLine ID="line_27" HPOS="193" VPOS="1095" WIDTH="761" HEIGHT="27">
							<String ID="string_210" HPOS="193" VPOS="1096" WIDTH="129" HEIGHT="25" WC="0.92" CONTENT="24,615,000"/><SP WIDTH="26" VPOS="1096" HPOS="322"/>
							<String ID="string_211" HPOS="348" VPOS="1096" WIDTH="60" HEIGHT="20" WC="0.96" CONTENT="mark"/><SP WIDTH="26" VPOS="1096" HPOS="408"/>
							<String ID="string_212" HPOS="434" VPOS="1096" WIDTH="45" HEIGHT="26" WC="0.93" CONTENT="och,"/><SP WIDTH="26" VPOS="1096" HPOS="479"/>
							<String ID="string_213" HPOS="505" VPOS="1096" WIDTH="133" HEIGHT="21" WC="0.92" CONTENT="inberäknad"/><SP WIDTH="26" VPOS="1096" HPOS="638"/>
							<String ID="string_214" HPOS="664" VPOS="1101" WIDTH="26" HEIGHT="15" WC="0.92" CONTENT="en"/><SP WIDTH="24" VPOS="1101" HPOS="690"/>
							<String ID="string_215" HPOS="714" VPOS="1095" WIDTH="109" HEIGHT="21" WC="0.92" CONTENT="eventuelt"/><SP WIDTH="16" VPOS="1095" HPOS="823"/>
							<String ID="string_216" HPOS="839" VPOS="1095" WIDTH="115" HEIGHT="26" WC="0.92" CONTENT="ifrägasatt"/>
						</TextLine>
						<TextLine ID="line_28" HPOS="193" VPOS="1129" WIDTH="759" HEIGHT="28">
							<String ID="string_217" HPOS="193" VPOS="1129" WIDTH="150" HEIGHT="27" WC="0.92" CONTENT="godsbangärd"/><SP WIDTH="18" VPOS="1129" HPOS="343"/>
							<String ID="string_218" HPOS="361" VPOS="1130" WIDTH="35" HEIGHT="20" WC="0.93" CONTENT="vid"/><SP WIDTH="16" VPOS="1130" HPOS="396"/>
							<String ID="string_219" HPOS="412" VPOS="1129" WIDTH="139" HEIGHT="28" WC="0.92" CONTENT="hamnspäret"/><SP WIDTH="10" VPOS="1129" HPOS="551"/>
							<String ID="string_220" HPOS="561" VPOS="1130" WIDTH="7" HEIGHT="20" WC="0.93" CONTENT="i"/><SP WIDTH="11" VPOS="1130" HPOS="568"/>
							<String ID="string_221" HPOS="579" VPOS="1130" WIDTH="94" HEIGHT="26" WC="0.93" CONTENT="Wiborg,"/><SP WIDTH="19" VPOS="1130" HPOS="673"/>
							<String ID="string_222" HPOS="692" VPOS="1129" WIDTH="33" HEIGHT="21" WC="0.93" CONTENT="till"/><SP WIDTH="20" VPOS="1129" HPOS="725"/>
							<String ID="string_223" HPOS="745" VPOS="1130" WIDTH="129" HEIGHT="25" WC="0.92" CONTENT="24,755,000"/><SP WIDTH="11" VPOS="1130" HPOS="874"/>
							<String ID="string_224" HPOS="885" VPOS="1129" WIDTH="67" HEIGHT="26" WC="0.96" CONTENT="mark,"/>
						</TextLine>
						<TextLine ID="line_29" HPOS="194" VPOS="1163" WIDTH="760" HEIGHT="28">
							<String ID="string_225" HPOS="194" VPOS="1163" WIDTH="33" HEIGHT="21" WC="0.95" CONTENT="för"/><SP WIDTH="24" VPOS="1163" HPOS="227"/>
							<String ID="string_226" HPOS="251" VPOS="1164" WIDTH="39" HEIGHT="21" WC="0.93" CONTENT="den"/><SP WIDTH="22" VPOS="1164" HPOS="290"/>
							<String ID="string_227" HPOS="312" VPOS="1164" WIDTH="172" HEIGHT="27" WC="0.87" CONTENT="Björneborgska"/><SP WIDTH="23" VPOS="1164" HPOS="484"/>
							<String ID="string_228" HPOS="507" VPOS="1165" WIDTH="70" HEIGHT="20" WC="0.92" CONTENT="banan"/><SP WIDTH="17" VPOS="1165" HPOS="577"/>
							<String ID="string_229" HPOS="594" VPOS="1165" WIDTH="32" HEIGHT="20" WC="0.92" CONTENT="till"/><SP WIDTH="18" VPOS="1165" HPOS="626"/>
							<String ID="string_230" HPOS="644" VPOS="1165" WIDTH="112" HEIGHT="25" WC="0.92" CONTENT="9,660,000"/><SP WIDTH="17" VPOS="1165" HPOS="756"/>
							<String ID="string_231" HPOS="773" VPOS="1164" WIDTH="61" HEIGHT="20" WC="0.96" CONTENT="mark"/><SP WIDTH="16" VPOS="1164" HPOS="834"/>
							<String ID="string_232" HPOS="850" VPOS="1166" WIDTH="55" HEIGHT="18" WC="0.96" CONTENT="samt"/><SP WIDTH="15" VPOS="1166" HPOS="905"/>
							<String ID="string_233" HPOS="920" VPOS="1163" WIDTH="34" HEIGHT="20" WC="0.96" CONTENT="för"/>
						</TextLine>
						<TextLine ID="line_30" HPOS="194" VPOS="1197" WIDTH="568" HEIGHT="28">
							<String ID="string_234" HPOS="194" VPOS="1197" WIDTH="119" HEIGHT="21" WC="0.88" CONTENT="Kouvola—"/><SP WIDTH="9" VPOS="1197" HPOS="313"/>
							<String ID="string_235" HPOS="322" VPOS="1193" WIDTH="69" HEIGHT="36" WC="0.93" CONTENT="Kotka"/><SP WIDTH="19" VPOS="1193" HPOS="391"/>
							<String ID="string_236" HPOS="410" VPOS="1198" WIDTH="89" HEIGHT="27" WC="0.91" CONTENT="jernväg"/><SP WIDTH="15" VPOS="1198" HPOS="499"/>
							<String ID="string_237" HPOS="514" VPOS="1198" WIDTH="33" HEIGHT="21" WC="0.93" CONTENT="till"/><SP WIDTH="18" VPOS="1198" HPOS="547"/>
							<String ID="string_238" HPOS="565" VPOS="1199" WIDTH="115" HEIGHT="26" WC="0.93" CONTENT="3,002,920"/><SP WIDTH="16" VPOS="1199" HPOS="680"/>
							<String ID="string_239" HPOS="696" VPOS="1198" WIDTH="66" HEIGHT="21" WC="0.96" CONTENT="mark."/>
						</TextLine>
					</TextBlock>
					<TextBlock ID="block_5" HPOS="194" VPOS="1232" WIDTH="761" HEIGHT="233">
						<TextLine ID="line_31" HPOS="267" VPOS="1232" WIDTH="686" HEIGHT="27">
							<String ID="string_240" HPOS="267" VPOS="1233" WIDTH="41" HEIGHT="20" WC="0.96" CONTENT="Vid"/><SP WIDTH="17" VPOS="1233" HPOS="308"/>
							<String ID="string_241" HPOS="325" VPOS="1233" WIDTH="59" HEIGHT="20" WC="0.96" CONTENT="tiden"/><SP WIDTH="16" VPOS="1233" HPOS="384"/>
							<String ID="string_242" HPOS="400" VPOS="1232" WIDTH="33" HEIGHT="21" WC="0.93" CONTENT="för"/><SP WIDTH="18" VPOS="1232" HPOS="433"/>
							<String ID="string_243" HPOS="451" VPOS="1235" WIDTH="85" HEIGHT="18" WC="0.92" CONTENT="senaste"/><SP WIDTH="11" VPOS="1235" HPOS="536"/>
							<String ID="string_244" HPOS="547" VPOS="1233" WIDTH="105" HEIGHT="26" WC="0.91" CONTENT="landtdag"/><SP WIDTH="11" VPOS="1233" HPOS="652"/>
							<String ID="string_245" HPOS="663" VPOS="1233" WIDTH="133" HEIGHT="20" WC="0.91" CONTENT="beräknades"/><SP WIDTH="11" VPOS="1233" HPOS="796"/>
							<String ID="string_246" HPOS="807" VPOS="1233" WIDTH="146" HEIGHT="20" WC="0.96" CONTENT="kostnaderna"/>
						</TextLine>
						<TextLine ID="line_32" HPOS="194" VPOS="1266" WIDTH="758" HEIGHT="27">
							<String ID="string_247" HPOS="194" VPOS="1266" WIDTH="33" HEIGHT="21" WC="0.96" CONTENT="för"/><SP WIDTH="23" VPOS="1266" HPOS="227"/>
							<String ID="string_248" HPOS="250" VPOS="1267" WIDTH="41" HEIGHT="20" WC="0.93" CONTENT="den"/><SP WIDTH="24" VPOS="1267" HPOS="291"/>
							<String ID="string_249" HPOS="315" VPOS="1267" WIDTH="106" HEIGHT="20" WC="0.92" CONTENT="Karelska"/><SP WIDTH="16" VPOS="1267" HPOS="421"/>
							<String ID="string_250" HPOS="437" VPOS="1267" WIDTH="69" HEIGHT="21" WC="0.92" CONTENT="banan"/><SP WIDTH="17" VPOS="1267" HPOS="506"/>
							<String ID="string_251" HPOS="523" VPOS="1267" WIDTH="48" HEIGHT="21" WC="0.93" CONTENT="med"/><SP WIDTH="16" VPOS="1267" HPOS="571"/>
							<String ID="string_252" HPOS="587" VPOS="1267" WIDTH="89" HEIGHT="21" WC="0.90" CONTENT="bibanor"/><SP WIDTH="16" VPOS="1267" HPOS="676"/>
							<String ID="string_253" HPOS="692" VPOS="1267" WIDTH="34" HEIGHT="20" WC="0.93" CONTENT="till"/><SP WIDTH="16" VPOS="1267" HPOS="726"/>
							<String ID="string_254" HPOS="742" VPOS="1267" WIDTH="128" HEIGHT="25" WC="0.91" CONTENT="22,870,000"/><SP WIDTH="15" VPOS="1267" HPOS="870"/>
							<String ID="string_255" HPOS="885" VPOS="1267" WIDTH="67" HEIGHT="26" WC="0.96" CONTENT="mark,"/>
						</TextLine>
						<TextLine ID="line_33" HPOS="194" VPOS="1301" WIDTH="760" HEIGHT="27">
							<String ID="string_256" HPOS="194" VPOS="1301" WIDTH="34" HEIGHT="20" WC="0.96" CONTENT="för"/><SP WIDTH="16" VPOS="1301" HPOS="228"/>
							<String ID="string_257" HPOS="244" VPOS="1301" WIDTH="41" HEIGHT="20" WC="0.93" CONTENT="den"/><SP WIDTH="15" VPOS="1301" HPOS="285"/>
							<String ID="string_258" HPOS="300" VPOS="1301" WIDTH="171" HEIGHT="26" WC="0.91" CONTENT="Björneborgska"/><SP WIDTH="14" VPOS="1301" HPOS="471"/>
							<String ID="string_259" HPOS="485" VPOS="1302" WIDTH="115" HEIGHT="26" WC="0.92" CONTENT="jernvägen"/><SP WIDTH="17" VPOS="1302" HPOS="600"/>
							<String ID="string_260" HPOS="617" VPOS="1302" WIDTH="33" HEIGHT="20" WC="0.93" CONTENT="till"/><SP WIDTH="17" VPOS="1302" HPOS="650"/>
							<String ID="string_261" HPOS="667" VPOS="1303" WIDTH="113" HEIGHT="24" WC="0.77" CONTENT="7,370.000"/><SP WIDTH="15" VPOS="1303" HPOS="780"/>
							<String ID="string_262" HPOS="795" VPOS="1301" WIDTH="61" HEIGHT="21" WC="0.96" CONTENT="mark"/><SP WIDTH="16" VPOS="1301" HPOS="856"/>
							<String ID="string_263" HPOS="872" VPOS="1301" WIDTH="37" HEIGHT="21" WC="0.96" CONTENT="och"/><SP WIDTH="12" VPOS="1301" HPOS="909"/>
							<String ID="string_264" HPOS="921" VPOS="1301" WIDTH="33" HEIGHT="21" WC="0.97" CONTENT="för"/>
						</TextLine>
						<TextLine ID="line_34" HPOS="195" VPOS="1335" WIDTH="759" HEIGHT="27">
							<String ID="string_265" HPOS="195" VPOS="1335" WIDTH="74" HEIGHT="20" WC="0.92" CONTENT="Kotka"/><SP WIDTH="23" VPOS="1335" HPOS="269"/>
							<String ID="string_266" HPOS="292" VPOS="1335" WIDTH="68" HEIGHT="20" WC="0.88" CONTENT="banan"/><SP WIDTH="25" VPOS="1335" HPOS="360"/>
							<String ID="string_267" HPOS="385" VPOS="1336" WIDTH="32" HEIGHT="20" WC="0.93" CONTENT="till"/><SP WIDTH="24" VPOS="1336" HPOS="417"/>
							<String ID="string_268" HPOS="441" VPOS="1337" WIDTH="114" HEIGHT="24" WC="0.92" CONTENT="2,647,000"/><SP WIDTH="24" VPOS="1337" HPOS="555"/>
							<String ID="string_269" HPOS="579" VPOS="1336" WIDTH="67" HEIGHT="21" WC="0.95" CONTENT="mark."/><SP WIDTH="30" VPOS="1336" HPOS="646"/>
							<String ID="string_270" HPOS="676" VPOS="1336" WIDTH="74" HEIGHT="26" WC="0.93" CONTENT="Enligt"/><SP WIDTH="20" VPOS="1336" HPOS="750"/>
							<String ID="string_271" HPOS="770" VPOS="1335" WIDTH="138" HEIGHT="21" WC="0.92" CONTENT="omförmälda"/><SP WIDTH="18" VPOS="1335" HPOS="908"/>
							<String ID="string_272" HPOS="926" VPOS="1336" WIDTH="28" HEIGHT="26" WC="0.97" CONTENT="pä"/>
						</TextLine>
						<TextLine ID="line_35" HPOS="195" VPOS="1369" WIDTH="760" HEIGHT="30">
							<String ID="string_273" HPOS="195" VPOS="1369" WIDTH="69" HEIGHT="30" WC="0.96" CONTENT="grund"/><SP WIDTH="12" VPOS="1369" HPOS="264"/>
							<String ID="string_274" HPOS="276" VPOS="1369" WIDTH="23" HEIGHT="20" WC="0.93" CONTENT="af"/><SP WIDTH="6" VPOS="1369" HPOS="299"/>
							<String ID="string_275" HPOS="305" VPOS="1369" WIDTH="123" HEIGHT="21" WC="0.92" CONTENT="verkstälda"/><SP WIDTH="11" VPOS="1369" HPOS="428"/>
							<String ID="string_276" HPOS="439" VPOS="1376" WIDTH="124" HEIGHT="21" WC="0.96" CONTENT="noggranna"/><SP WIDTH="10" VPOS="1376" HPOS="563"/>
							<String ID="string_277" HPOS="573" VPOS="1370" WIDTH="185" HEIGHT="26" WC="0.96" CONTENT="undersökningar"/><SP WIDTH="12" VPOS="1370" HPOS="758"/>
							<String ID="string_278" HPOS="770" VPOS="1370" WIDTH="118" HEIGHT="26" WC="0.91" CONTENT="uppgjorda"/><SP WIDTH="8" VPOS="1370" HPOS="888"/>
							<String ID="string_279" HPOS="896" VPOS="1370" WIDTH="59" HEIGHT="20" WC="0.92" CONTENT="kost-"/>
						</TextLine>
						<TextLine ID="line_36" HPOS="195" VPOS="1403" WIDTH="759" HEIGHT="28">
							<String ID="string_280" HPOS="195" VPOS="1403" WIDTH="137" HEIGHT="26" WC="0.90" CONTENT="nadsförslag"/><SP WIDTH="18" VPOS="1403" HPOS="332"/>
							<String ID="string_281" HPOS="350" VPOS="1403" WIDTH="115" HEIGHT="28" WC="0.91" CONTENT="öfverstiga"/><SP WIDTH="20" VPOS="1403" HPOS="465"/>
							<String ID="string_282" HPOS="485" VPOS="1404" WIDTH="83" HEIGHT="21" WC="0.96" CONTENT="således"/><SP WIDTH="20" VPOS="1404" HPOS="568"/>
							<String ID="string_283" HPOS="588" VPOS="1405" WIDTH="25" HEIGHT="20" WC="0.93" CONTENT="de"/><SP WIDTH="16" VPOS="1405" HPOS="613"/>
							<String ID="string_284" HPOS="629" VPOS="1404" WIDTH="138" HEIGHT="26" WC="0.91" CONTENT="kalkylerade"/><SP WIDTH="12" VPOS="1404" HPOS="767"/>
							<String ID="string_285" HPOS="779" VPOS="1403" WIDTH="116" HEIGHT="27" WC="0.96" CONTENT="utgifterna"/><SP WIDTH="11" VPOS="1403" HPOS="895"/>
							<String ID="string_286" HPOS="906" VPOS="1403" WIDTH="48" HEIGHT="20" WC="0.96" CONTENT="med"/>
						</TextLine>
						<TextLine ID="line_37" HPOS="195" VPOS="1438" WIDTH="759" HEIGHT="27">
							<String ID="string_287" HPOS="195" VPOS="1438" WIDTH="47" HEIGHT="21" WC="0.96" CONTENT="icke"/><SP WIDTH="20" VPOS="1438" HPOS="242"/>
							<String ID="string_288" HPOS="262" VPOS="1439" WIDTH="60" HEIGHT="26" WC="0.96" CONTENT="ringa"/><SP WIDTH="18" VPOS="1439" HPOS="322"/>
							<String ID="string_289" HPOS="340" VPOS="1438" WIDTH="78" HEIGHT="27" WC="0.96" CONTENT="belopp"/><SP WIDTH="15" VPOS="1438" HPOS="418"/>
							<String ID="string_290" HPOS="433" VPOS="1439" WIDTH="141" HEIGHT="26" WC="0.96" CONTENT="nyssnämnda"/><SP WIDTH="11" VPOS="1439" HPOS="574"/>
							<String ID="string_291" HPOS="585" VPOS="1439" WIDTH="150" HEIGHT="26" WC="0.96" CONTENT="beräkningar."/><SP WIDTH="24" VPOS="1439" HPOS="735"/>
							<String ID="string_292" HPOS="759" VPOS="1439" WIDTH="65" HEIGHT="20" WC="0.95" CONTENT="Detta"/><SP WIDTH="12" VPOS="1439" HPOS="824"/>
							<String ID="string_293" HPOS="836" VPOS="1438" WIDTH="61" HEIGHT="21" WC="0.96" CONTENT="beror"/><SP WIDTH="11" VPOS="1438" HPOS="897"/>
							<String ID="string_294" HPOS="908" VPOS="1438" WIDTH="46" HEIGHT="20" WC="0.96" CONTENT="dels"/>
						</TextLine>
					</TextBlock>
				</ComposedBlock>
			</PrintSpace>
		</Page>
	</Layout>
</alto>
