1078 1692
483 135 10 20 1
809 134 26 20 27

107 205 36 21 vid
159 206 32 20 ett
207 204 87 22 afständ
310 204 22 20 af
346 204 76 20 endast
438 204 30 20 tio
483 203 114 21 kilometer
612 202 77 21 mellan
705 202 91 21 vittnets
809 201 57 21 hem-

107 240 42 20 vist
166 239 39 21 och
221 238 130 22 domstolens
367 238 136 25 sessionsort,
517 238 56 20 hade
584 237 112 27 nemligen,
708 236 48 21 med
768 236 98 21 afseende

109 274 51 21 derä
180 275 33 20 att
233 273 104 26 allmogen
353 273 7 20 i
375 273 49 20 värt
438 272 50 21 land
506 274 24 18 är
545 278 42 14 van
603 273 33 19 att
651 271 33 21 till
699 270 43 22 fots
758 270 108 27 tillrygga-

107 308 63 27 lägga
186 308 64 26 länga
265 307 146 27 vägsträckor,
433 306 157 27 otvitvelaktigt
609 306 45 20 ledt
670 305 72 21 dertill
757 306 33 20 att
805 304 61 27 godt-

109 342 109 28 görelsens
241 341 77 27 belopp
336 342 5 20 i
359 341 116 21 allmänhet
497 341 61 20 blivit
580 340 106 26 betydligt
708 340 72 26 högre,
798 341 27 19 än
841 338 25 21 de

109 377 119 21 kostnader
246 377 80 20 vittnet
341 376 6 20 i
364 375 73 28 sjelfva
456 376 75 20 verket
546 375 43 21 fätt
603 375 127 25 vidkännas,
747 375 56 20 samt
817 374 49 20 kro-

109 418 54 15 nans
181 411 89 27 utgifter
284 410 34 22 för
333 411 95 21 vittnens
444 410 125 21 ersättande
585 410 91 20 sälunda
691 410 77 24 större,
785 410 26 19 än
822 408 44 26 lag-

111 446 228 26 stiftningsätgärdens
362 445 55 27 syfte
439 444 82 22 kräfde.
553 444 44 21 Och
621 450 39 18 om,
684 444 29 26 pä
736 445 44 19 sätt
799 443 5 21 i
829 444 8 20 3
855 442 11 28 &

108 480 130 27 föreslagits,
263 480 22 20 ät
307 480 69 20 vittne
399 478 120 28 medgifvits
539 479 105 27 rättighet
660 480 32 20 att
708 478 33 21 för
756 484 63 14 resan
835 476 33 22 till

111 514 130 22 domstolens
260 514 129 21 sessionsort
412 513 80 21 erhälla
515 513 94 21 förskott
630 512 22 22 af
668 512 108 21 allmänna
791 511 74 26 medel,

110 549 69 21 skulle
203 549 70 20 denna
295 548 142 26 bestämning,
459 548 86 20 hvilken
564 548 47 20 icke
626 553 49 21 eger
690 546 155 27 motsvarighet
860 545 7 21 i

109 584 109 20 allmänna
234 583 74 26 lagens
324 582 134 27 stadganden
474 588 33 15 om
523 582 76 24 vittne,
615 588 46 14 som
676 581 102 21 inkallats
795 580 22 21 af
831 586 35 15 en-

109 618 56 21 skild
187 619 56 25 part,
267 617 170 27 uppenbarligen
459 616 64 21 hafva
537 617 7 20 i
559 616 107 27 väsentlig
689 616 49 20 män
761 615 106 26 förringat

108 652 124 26 betydelsen
250 651 22 21 af
287 652 41 20 den
344 653 44 19 rätt
404 651 33 21 till
455 651 102 27 pröfning
572 650 49 22 utaf
635 650 75 28 gjorda
726 650 141 26 ersättnings-

109 687 102 26 anspråk,
228 692 44 15 som
290 686 4 20 i
311 685 253 27 författningsförslagets
578 687 9 19 1
600 684 13 29 &
624 685 126 21 välbetänkt
760 690 38 15 var
809 684 58 20 dom-

109 721 70 21 stolen
196 720 141 26 förbehällen;
358 720 113 21 hvarutom
488 720 36 21 det
540 720 45 21 ofta
601 726 42 20 nog
658 720 84 20 kunnat
758 719 7 20 i
780 718 51 27 följd
847 717 23 21 af

109 756 50 26 trög
182 756 108 26 postgäng
312 754 92 27 inträffa,
429 756 32 20 att
482 754 158 22 underrättelse
656 760 34 15 om
705 752 91 28 utgifvet
811 758 56 15 rese-

110 789 94 21 förskott
226 790 47 20 icke
289 790 89 20 kommit
402 789 119 21 domstolen
541 789 105 21 tillhanda
660 788 8 21 i
683 789 25 20 sä
722 788 42 26 god
780 787 37 26 tid,
835 787 33 21 att

109 823 117 21 förskottet
241 824 85 20 kunnat
344 825 61 25 tagas
421 824 6 19 i
443 824 120 25 beräkning
578 823 35 20 vid
629 822 150 21 utbetalandet
795 820 22 22 af
831 822 35 19 ut-

110 858 65 20 dömd
191 858 127 27 ersättning.

179 892 43 21 För
238 893 33 20 att
287 892 129 27 stadgandet
433 898 34 15 om
483 891 142 22 reseförskott
641 891 67 21 skulle
724 890 95 22 medföra
830 890 36 21 det

109 933 56 20 gagn
189 925 122 22 Ständerna
335 926 86 21 dermed
444 925 71 27 afsett,
540 926 55 21 hade
614 926 36 21 det
670 925 33 21 för
718 925 65 27 öfrigt
798 923 68 22 blifvit

110 961 132 26 nödvändigt
262 962 32 19 att
312 961 57 21 förse
384 960 152 27 kronofogdar,
552 960 105 26 länsmän,
674 960 138 27 magistrater
828 958 38 21 och

111 995 154 26 ordningsmän
285 995 49 21 med
349 995 96 26 ständigt
460 994 138 27 fortlöpande
613 995 93 20 förskott
723 994 22 21 af
759 994 108 21 allmänna

110 1029 74 26 medel,
208 1036 26 14 ur
256 1029 72 21 hvilka
350 1029 141 22 reseförskott
514 1030 85 21 kunnat
619 1030 22 20 ät
659 1029 109 21 instämda
782 1028 84 21 vittnen

111 1064 133 21 omedelbart
271 1064 107 21 utbetalas
401 1065 36 20 vid
463 1065 100 20 anmälan
587 1071 34 14 om
646 1063 64 22 behof
734 1062 67 27 deraf;
828 1061 39 22 och

110 1099 69 21 skulle
200 1099 92 20 sålunda
311 1099 104 26 betydligt
433 1100 71 20 större
521 1105 100 20 summor,
639 1100 26 19 än
682 1099 25 20 de
722 1097 95 27 verkliga
833 1097 34 20 ut-

109 1133 94 27 gifterna
226 1133 122 27 antagligen
368 1133 89 21 kommit
477 1135 33 19 att
526 1135 84 25 utgöra,
626 1133 68 21 blifvit
710 1132 158 26 undandragna

112 1167 69 21 andra
197 1167 163 22 statsändamål.

179 1201 61 22 Hans
255 1201 119 28 Kejserliga
389 1202 102 26 Majestät
506 1202 40 21 har
561 1203 28 25 på
602 1201 70 27 grund
682 1201 64 21 häraf
754 1201 46 20 icke
810 1200 58 21 velat

109 1235 74 21 bifalla
198 1235 134 22 Ständernas
347 1236 149 27 underdåniga
516 1235 100 22 anhållan
634 1242 32 14 om
682 1235 75 27 nådigt
772 1234 96 21 faststäl-

109 1269 64 21 lande
197 1269 23 21 af
240 1269 92 22 berörda
354 1269 227 28 författningsförslag,
602 1271 53 20 utan
670 1269 50 21 låtit
735 1269 133 21 Ständernas

110 1303 164 27 ifrågavarande
291 1304 81 21 motion
388 1303 90 22 förfalla.

179 1337 59 21 Enär
256 1338 119 21 emellertid
392 1338 227 27 lagstiftningsåtgärd
634 1339 7 20 i
656 1339 72 20 denna
744 1337 61 27 fråga
821 1337 48 21 fun-

111 1372 42 21 nits
169 1378 53 14 vara
238 1371 23 21 af
274 1372 99 21 behofvet
389 1373 107 26 påkallad,
512 1373 40 21 har
567 1373 62 21 Hans
639 1372 118 28 Kejserliga
768 1372 101 27 Majestät

110 1406 55 27 låtit,
189 1407 49 20 med
260 1407 141 27 iakttagande
417 1407 23 21 af
453 1407 64 21 ofvan
541 1408 96 27 antydda
659 1408 141 26 synpunkter,
821 1412 48 15 men
