1078 1692
833 128 14 20 5

127 189 44 21 den
192 188 64 21 enkla
277 188 149 27 delegationen
447 190 66 26 göras
536 188 85 21 sådana
641 187 87 21 mindre
751 186 125 28 väsentliga

127 224 122 28 ändringar
264 223 43 21 och
318 223 187 27 modifikationer,
518 230 48 14 som
576 223 72 21 under
657 222 219 29 byggnadsarbetets

127 260 109 28 fortgång
261 259 76 21 kunde
362 258 101 22 befinnas
489 259 90 28 nödiga,
606 261 56 19 utan
686 260 34 19 att
743 257 133 22 hemställan

127 294 137 22 härutinnan
287 294 98 22 behöfde
409 294 39 22 ske
469 294 36 21 till
527 295 43 21 den
584 294 121 27 förstärkta
722 293 153 27 delegationen,

127 332 24 20 så
167 330 59 21 hade
240 330 94 21 härmed
351 330 169 28 delegationens
535 330 144 21 verksamhet
695 330 7 20 i
718 329 109 21 förstärkt
839 336 37 14 an-

126 366 33 21 tal
175 366 145 21 medlemmar
335 366 105 28 upphört.

199 401 75 21 Sedan
300 401 231 28 hufvudritningarna
555 401 26 21 af
601 401 158 28 delegationen
782 399 94 22 sålunda

127 437 106 28 antagits,
255 444 41 14 var
316 436 233 29 byggnadsstyrelsen
571 444 91 14 numera
678 436 50 21 icke
744 434 131 23 förhindrad

127 475 34 19 att
187 472 95 28 vidtaga
308 472 106 28 åtgärder
436 472 140 21 beträffande
599 471 219 29 grundningsarbete
841 470 35 21 för

126 508 73 21 huset.
232 508 238 28 Byggnadsstyrelsen
493 508 122 21 utfärdade
639 507 75 21 derför
738 506 138 22 omedelbart

126 544 136 28 kungörelse
286 543 116 29 angående
427 543 224 29 entreprenadanbud
676 545 13 19 å
716 543 62 21 detta
800 542 75 21 arbete

126 584 59 16 samt
201 579 131 21 alternativt
349 581 13 19 å
377 579 153 28 uppförandet
546 579 26 21 af
584 579 51 21 hela
649 578 144 29 byggnaden,
805 578 71 21 under

125 614 113 22 förbehåll
254 614 26 22 af
292 614 152 28 ritningarnas
460 614 150 22 fastställelse.

198 650 65 21 Inom
287 650 43 21 den
351 652 86 19 utsatta
458 650 68 27 tiden,
547 650 43 21 den
606 650 29 21 30
650 650 134 26 November,
801 648 74 29 ingafs

125 685 36 21 till
177 686 232 28 byggnadsstyrelsen
425 688 34 18 tre
475 686 109 20 särskilda
599 686 74 20 anbud
684 688 30 26 på
724 684 151 30 grundnings-

127 721 112 27 arbetena,
269 721 113 28 nemligen
406 721 25 21 af
451 722 183 28 Byggmästaren
658 722 28 20 K.
712 721 26 21 G.
764 720 109 27 Sivenius,

125 756 196 28 Byggmästarene
336 756 104 22 Lohman
457 757 43 21 och
515 757 65 21 Ahde
591 760 139 25 gemensamt
742 759 57 19 samt
810 756 64 21 Sten-

125 792 119 28 huggaren
255 792 118 26 Willandt,
386 792 118 21 äfvensom
513 794 40 20 tvä
562 792 75 22 anbud
640 788 12 36 ä
666 792 52 21 hela
726 792 148 28 byggnadens

124 827 128 27 utförande,
275 827 112 28 nemligen
410 827 26 21 af
448 828 29 20 K.
495 828 26 21 G.
538 828 105 21 Sivenius
658 831 59 18 samt
733 828 26 21 af
771 828 104 20 Lohman

125 862 44 21 och
189 862 66 21 Ahde
274 865 147 26 gemensamt.
453 863 75 21 Sedan
545 863 64 22 dessa
624 863 75 22 anbud
715 863 78 22 blifvit
808 870 66 21 gran-

125 898 70 21 skade
216 898 26 21 af
260 898 239 29 byggnadsstyrelsen,
519 899 98 28 föreslog
633 899 110 28 styrelsen
759 899 40 20 hos
816 898 58 21 dele-

125 933 113 28 gationen,
256 934 71 21 under
343 934 165 29 förutsättning
524 937 34 18 att
573 935 139 28 ritningarne
728 933 146 23 oförändradt

125 969 72 21 skulle
214 969 129 28 fastställas,
360 972 34 19 att
411 972 84 27 antaga
510 971 182 28 Byggmästaren
708 969 110 22 Sivenius'
836 977 37 13 an-

124 1004 47 21 bud
187 1007 34 18 att
237 1005 35 21 för
288 1013 28 13 en
332 1013 87 14 summa
435 1005 26 22 af
468 1006 96 27 817,686
575 1006 65 21 mark
650 1006 76 21 utföra
736 1005 138 29 byggnaden

123 1039 8 21 i
155 1040 50 21 dess
228 1041 78 21 helhet
329 1041 52 21 med
404 1042 117 28 undantag
545 1042 26 21 af
589 1042 162 28 gipsarbetena,
768 1041 47 21 inre
831 1040 43 21 och

123 1077 62 26 yttre
208 1076 103 29 mälning
334 1079 58 19 samt
412 1077 179 29 vattenledning,
613 1081 86 18 värme-
720 1077 43 22 och
778 1076 94 22 ventila-

123 1110 218 30 tionsinrättningar,
366 1113 43 20 och
432 1121 61 13 vann
515 1113 63 22 detta
599 1113 85 28 förslag
705 1113 168 28 delegationens

123 1146 173 27 godkännande.

194 1182 60 21 Kort
269 1183 99 21 härefter
384 1184 53 21 eller
453 1185 43 20 den
513 1185 11 20 1
539 1185 123 20 December
674 1185 57 20 1888
742 1184 130 29 päbegynte

122 1217 155 28 Byggmästar
300 1218 106 22 Sivenius
427 1220 249 29 grundningsarbetena
696 1222 14 19 &
728 1219 144 22 ständerhus-

121 1254 94 26 tomten,
233 1254 43 21 och
292 1254 58 21 efter
366 1255 38 21 det
420 1255 128 29 Kejserliga
563 1255 98 22 Senaten
675 1256 43 21 den
729 1256 29 21 20
768 1255 9 21 i
788 1262 84 14 samma

121 1289 82 20 månad
235 1289 100 22 faststält
361 1291 268 29 byggnadsritningarna,
656 1291 147 29 upprättades
829 1290 43 21 och

120 1323 145 23 underskrefs
289 1325 43 21 den
357 1326 28 21 14
405 1326 131 29 päföljande
557 1327 94 21 Januari
667 1327 204 28 entreprenadkon-

120 1359 63 21 trakt
199 1360 51 21 med
266 1360 90 21 honom.

192 1395 81 28 Enligt
293 1395 63 22 detta
377 1397 109 21 kontrakt
507 1397 58 22 hade
586 1397 102 22 bemälde
709 1398 161 28 byggmästare

119 1427 118 24 förbundit
258 1430 35 29 sig
314 1433 34 19 att
367 1431 70 22 hafva
454 1433 43 20 alla
514 1433 27 21 de
557 1433 97 27 arbeten,
672 1440 47 14 som
736 1433 35 21 till
787 1433 83 21 honom
