1078 1692
330 122 82 22 Ständ.
430 121 52 23 Skr.
499 134 30 2 —
544 120 108 22 XXXVI
809 121 25 19 11

115 182 93 22 medlem
224 182 25 21 af
263 182 124 21 densamma
402 180 100 28 tillfällig
517 180 52 22 kort
579 180 174 26 tjenstledighet,
764 178 100 28 hvarige-

115 224 50 16 nom
180 218 116 26 praktiska
312 217 148 27 olägenheter,
473 222 45 15 som
529 216 50 21 icke
590 216 71 20 sällan
671 215 115 27 försports,
798 214 67 22 varda

115 253 131 27 aflägsnade.

187 294 75 21 Andra
285 300 61 14 mom.
370 293 25 21 af
416 295 27 19 60
468 292 12 29 &
504 292 59 22 afser
580 292 54 28 dels,
650 294 34 20 att
699 292 35 22 för
750 292 116 21 framtiden

116 329 122 27 förebygga
261 329 59 21 olika
342 328 143 28 uppfattning
503 329 8 21 i
526 328 65 27 fräga
607 334 34 15 om
656 328 160 27 befogenheten
832 327 34 21 för

117 364 107 23 Senatens
248 364 275 26 Ekonomiedepartement
545 366 34 19 att
604 364 111 21 fastställa
740 364 96 21 vikaries
859 363 7 21 i

116 401 86 21 banken
228 400 80 21 arvode
332 400 8 20 i
356 400 81 21 sådana
452 399 46 28 fall,
515 400 29 20 dä
559 400 62 21 detta
637 400 105 21 inverkar
758 400 28 26 pä
801 398 65 22 Civil-

119 438 84 20 statens
219 436 66 21 enke-
302 435 40 21 och
356 435 149 26 pupillkassas
521 437 52 25 rätt,
591 435 48 21 dels
655 437 33 19 att
699 434 35 22 för
745 435 74 27 dylika
828 434 38 22 fall

117 472 111 26 berättiga
242 470 200 28 bankfullmäktige
458 472 33 20 att
507 470 24 22 af
545 470 101 22 bankens
662 470 71 22 medel
749 471 23 21 ät
782 470 85 22 vikarie

116 508 82 26 bevilja
221 507 78 21 sädant
322 506 193 28 tillskottsanslag,
540 513 46 15 som
601 506 153 27 tilläfventyrs
770 506 96 21 befinnes

117 542 77 28 nödigt
209 542 35 22 för
259 542 108 27 tjenstens
383 542 199 26 upprätthällande.

189 578 33 21 De
237 578 8 20 i
260 577 70 21 första
346 583 60 15 mom.
423 577 24 21 af
462 578 27 20 63
506 577 12 28 &
535 577 109 27 ingäende
658 577 165 27 bestämningar
833 583 34 15 om

118 614 151 26 pensionsrätt
284 612 35 22 för
334 612 99 22 bankens
449 612 133 27 tjenstemän
598 612 196 22 öfverensstämma
804 612 6 21 i
819 612 47 22 huf-

118 648 85 22 vudsak
226 648 49 22 med
299 648 27 21 de
342 648 34 21 för
392 648 65 21 civile
473 648 201 27 statstjenstemäns
690 648 155 27 pensionering
860 648 7 21 i

120 684 120 21 allmänhet
255 683 103 27 gällande
374 683 142 27 stadganden.
540 683 35 21 En
592 683 122 21 nämnvärd
724 684 84 20 olikhet
816 690 52 20 eger

119 720 56 20 dock
191 719 130 21 derutinnan
339 725 55 20 rum,
410 720 33 19 att
459 718 136 27 rättigheten
610 718 35 21 för
661 718 42 22 den
718 718 149 28 banktjenste-

119 761 56 21 man,
198 761 44 15 som
261 754 63 27 afgär
340 754 66 21 innan
422 754 43 20 han
481 754 74 21 blifvit
571 754 126 26 berättigad
712 754 35 21 till
762 754 36 22 hel
816 760 51 20 pen-

119 790 54 27 sion,
191 792 33 19 att
242 790 85 21 erhälla
344 795 27 15 en
386 789 59 21 efter
461 789 62 21 älder
539 790 39 20 och
594 789 108 27 tjensteär
717 790 100 21 bestämd
833 790 35 21 del

121 824 69 28 deraf,
207 825 49 20 icke
272 824 69 27 gjorts
357 824 110 21 beroende
483 824 24 21 af
522 824 134 27 ,sjuklighet
672 825 55 21 eller
742 831 72 14 annan
829 825 39 26 gil-

121 860 34 27 tig
171 859 84 22 orsak."

192 895 84 21 Samma
292 895 13 28 &
321 895 124 21 innehåller
460 895 8 20 i
484 895 55 21 sista
554 896 118 20 momentet
686 901 27 16 en
723 895 144 27 bestämning,

121 937 46 15 som
189 930 60 21 afser
272 932 34 19 att
328 930 82 21 bereda
432 930 38 21 vid
490 930 88 21 banken
594 930 32 21 uti
642 932 63 20 extra
720 931 150 26 befattningar

121 965 101 22 anstälda
237 971 112 21 personer,
366 965 67 22 äfven
449 965 144 28 fruntimmer,
612 966 113 27 möjlighet
743 968 33 19 att
786 966 84 21 erhälla

121 1003 33 20 ett
169 1001 119 21 understöd
304 1001 8 20 i
327 1001 159 27 motsvarighet
496 1001 35 21 till
542 1001 43 22 den
593 1002 97 26 pension,
700 1002 91 21 hvilken
799 1002 71 21 säsom

120 1037 70 26 laglig
212 1036 108 27 rättighet
340 1035 101 22 tillfaller
456 1036 145 22 innehafvare
617 1036 24 21 af
655 1037 109 21 ordinarie
780 1037 67 27 tjenst
862 1037 8 20 i

120 1072 96 21 banken.
240 1071 123 22 Ständerna
378 1071 67 22 hafva
461 1073 73 20 ansett
541 1072 164 26 billighetsskäl
716 1073 45 20 tala
769 1072 34 21 för
811 1072 59 21 detta

121 1107 80 27 tillägg
217 1107 34 21 till
267 1107 102 27 gällande
384 1108 142 26 reglemente.

191 1143 12 20 I
218 1143 27 21 de
261 1142 140 22 återstående
412 1143 100 26 kapitlen
532 1142 118 21 VII—TX
663 1143 146 22 förekommer
822 1142 48 21 icke

121 1178 72 27 någon
220 1177 68 22 sådan
315 1178 94 27 ändring
432 1177 25 22 af
478 1185 29 14 nu
530 1178 102 27 gällande
655 1178 143 27 stadganden,
826 1184 44 15 som

121 1213 75 21 kunde
213 1213 87 26 påkalla
317 1213 97 22 särskild
430 1214 137 27 motivering.

408 1295 115 22 Bankens
539 1295 53 22 stat.

193 1348 35 21 Då
252 1348 108 21 Finlands
381 1349 76 20 Banks
473 1349 84 21 rörelse
573 1349 40 21 och
629 1349 8 20 i
653 1349 155 26 sammanhang
824 1348 47 21 der-

123 1383 49 22 med
188 1383 149 22 direktionens
354 1384 76 21 arbete
445 1384 63 21 vuxit
523 1384 66 27 högst
599 1384 110 27 betydligt
717 1384 69 21 under
795 1389 77 16 senare
