1078 1692
219 127 13 21 2
458 126 24 22 U.
497 126 23 21 B.
538 138 18 4 —
579 126 92 21 XXXVL

192 195 27 21 14
238 195 88 27 januari
348 195 55 21 1879
425 195 132 27 kungjordes
573 196 42 21 den
629 196 36 20 vid
680 195 97 21 nämnda
792 194 103 27 landtdag
910 201 39 14 an-

191 226 67 25 tagna
273 230 43 21 nya
331 224 129 21 instruktion
475 224 34 21 för
524 224 198 27 bankfullmäktige.

261 252 39 21 Till
316 253 55 21 1882
386 253 36 21 års
437 253 103 27 landtdag
556 253 55 21 hade
627 252 191 27 bankfullmäktige
833 252 47 21 åter
895 252 55 26 gjort

191 281 158 27 framställning
364 288 36 15 om
415 282 91 26 partiela
521 282 118 27 ändringar
649 282 7 20 i
666 282 147 27 reglementet,
824 280 78 24 hvilka,
914 280 35 21 så-

192 310 45 21 vidt
252 310 26 22 de
294 310 24 21 af
330 310 121 22 Ständerna
469 310 134 28 godkändes,
626 310 71 22 blefvo
718 310 54 22 efter
794 310 94 21 erhållen
911 309 39 21 nå-

193 339 35 27 dig
250 338 136 22 stadfästelse
408 338 113 23 utfärdade
540 339 42 22 den
598 340 27 20 22
641 339 116 22 december
774 338 61 22 1882.
868 338 46 22 Den
930 337 23 21 af

193 368 123 21 Ständerna
335 374 85 15 samma
437 368 25 21 år
480 371 96 24 antagna
595 374 43 22 nya
653 368 130 21 instruktion
797 367 34 22 för
845 366 105 22 bankfull-

193 396 95 28 mäktige
311 396 45 22 blef
375 396 99 22 utfärdad
494 403 80 21 genom
597 397 80 27 nådiga
699 397 144 27 kungörelsen
866 396 42 21 den
924 396 27 20 15

192 426 85 27 januari
294 426 60 21 1883.

263 454 31 22 De
309 454 113 28 vigtigaste
437 454 36 21 vid
488 454 68 28 sagda
576 454 104 28 landtdag
695 454 127 22 framstälda
838 454 112 26 ändrings-

193 483 82 27 förslag
291 484 59 20 hade
362 483 118 22 emellertid
496 484 47 20 icke
554 484 76 20 vunnit
641 484 33 20 sin
685 483 92 27 lösning,
789 489 50 15 men
849 482 34 21 väl
894 481 56 28 änyo

194 512 64 21 riktat
275 512 220 27 uppmärksamheten
513 513 29 26 på
560 512 160 27 behöfligheten
739 512 23 20 af
775 512 58 20 vissa
848 511 104 21 reformer

194 541 8 21 i
217 541 99 21 bankeos
331 542 153 26 orgamsation.
515 540 123 22 Ständerna
653 542 85 20 beslöto
754 540 72 22 derför
841 540 111 27 uppdraga

195 569 22 21 ät
240 570 190 26 banktullmäktige
453 572 32 18 att
507 570 6 21 i
529 570 88 21 samräd
633 571 50 20 med
699 569 134 27 sakkunniga
849 574 103 22 personer

194 598 103 22 utarbeta
312 600 46 26 nytt
373 599 131 27 reglemente
519 601 57 19 samt
597 606 28 20 ny
640 598 136 22 instruktion.
813 598 8 20 I
837 598 115 26 anledning

195 628 65 21 häraf
273 627 158 22 öfverlemnade
446 627 133 27 fullmäktige
594 628 102 20 ärendets
710 626 120 28 beredning
843 628 22 20 ät
876 633 26 15 en
913 626 39 21 ko-

195 656 53 22 mit&
263 656 119 22 bestående
397 656 23 21 af
433 656 186 22 kommerserådet
635 656 33 22 W.
684 656 114 21 Hackman
813 656 73 21 såsom
903 655 49 21 ord-

195 685 91 21 förande
309 687 57 19 samt
388 684 124 22 dävarande
531 685 124 21 direktören
671 685 6 21 i
694 684 161 22 Statskontoret
870 684 13 20 1.
899 684 53 20 Fell-

196 720 58 20 man,
271 714 184 21 kommerserådet
471 714 23 21 G.
510 714 24 20 A.
550 714 120 26 Lindblom,
686 713 140 21 handlanden
844 713 56 21 A.F.
911 712 42 21 Va-

196 743 73 21 senius
286 743 41 21 och
342 742 182 22 bankdirektören
539 743 51 21 Alfr.
606 742 148 28 Charpentier.
784 742 100 21 Komiten
899 741 55 21 före-

196 772 48 26 slog
266 772 6 20 i
295 771 90 21 främsta
399 774 92 18 rummet
507 778 28 15 en
553 771 146 27 förstärkning
715 771 24 21 af
751 770 98 22 bankens
864 770 90 28 styrelse

196 806 80 22 genom
300 800 79 27 ökning
402 800 23 21 af
444 800 203 27 bankfullmäktiges
663 800 60 21 antal
738 812 28 2 —
782 800 66 26 något
863 800 91 20 hvarom

197 829 125 21 dävarande
338 828 191 27 bankfullmäktige
544 829 64 21 likväl
624 829 47 21 icke
687 828 104 22 förenade
809 828 32 27 sig
857 840 26 3 —
898 830 57 19 samt

196 857 64 26 hade,
285 857 57 21 hvad
364 857 140 27 reglementet
521 858 139 26 vidkommer,
677 857 142 22 underkastat
834 857 120 21 detsamma

198 893 28 14 en
241 886 125 27 fullständig
385 886 152 27 omarbetning
554 887 7 20 i
580 886 55 28 syfte
653 888 37 24 att,
707 887 69 26 jemte
792 885 106 27 ätskilliga
913 885 42 21 för-

197 915 122 27 bättringar
334 915 7 20 i
356 915 161 27 stadgandenas
533 915 100 26 innehäll,
649 915 48 21 frän
712 915 141 27 reglementet
868 915 87 20 utmön-

198 946 46 19 stra
264 943 83 22 mindre
364 944 81 27 vigtiga
465 944 90 27 detaljer
575 944 43 21 och
634 943 154 22 åstadkomma
803 949 27 15 en
845 949 60 15 mera
920 949 35 20 sy-

198 972 114 22 stematisk
334 973 149 27 uppställning.
523 973 167 21 Bankutskottet
709 973 35 20 vid
766 972 53 21 1885
835 973 35 20 års
885 971 71 21 landt-

198 1001 43 27 dag
264 1001 118 21 omfattade
404 1001 7 20 i
433 1001 37 22 allt
492 1001 115 28 väsentligt
629 1001 109 22 komitöns
753 1001 86 26 förslag,
855 1006 51 15 men
921 1000 35 21 det

197 1029 103 28 lyckades
323 1030 56 21 dock
401 1030 18 27 ej
443 1030 66 21 vinna
531 1030 135 21 Ständernas
688 1029 166 28 godkännande,
870 1028 87 22 hvarför

198 1058 78 27 frågan
291 1059 28 21 då
334 1058 74 21 förföll.

268 1087 41 21 Vid
331 1087 122 27 påföljande
475 1087 104 28 landtdag
600 1087 82 28 förelåg
704 1087 18 27 ej
746 1087 68 26 något
833 1086 79 27 förslag
927 1086 30 21 till

199 1115 125 28 fullständig
338 1116 93 21 revision
447 1116 24 21 af
483 1115 247 28 bankförfattningarna,
742 1121 50 16 men
803 1115 105 22 särskilda
919 1116 38 19 än-

199 1145 89 26 dringar
310 1145 31 20 uti
364 1145 41 20 och
422 1145 73 26 tillägg
511 1145 29 21 till
555 1145 142 27 reglementet
712 1144 72 22 blefvo
799 1143 24 22 af
835 1143 122 22 Ständerna

199 1173 104 27 vidtagna
318 1173 42 22 och
376 1173 124 22 sedermera
515 1180 79 21 genom
609 1174 80 27 nådiga
704 1173 155 26 förordningen
874 1172 42 21 den
930 1172 27 21 28

200 1202 43 27 maj
262 1202 54 21 1899
332 1202 30 21 till
377 1202 141 21 efterrättelse
533 1201 120 23 utfärdade.
683 1202 33 21 Då
731 1201 66 22 likväl
807 1207 27 16 en
845 1201 68 21 sådan
923 1207 35 15 re-

199 1231 72 20 vision
294 1230 63 22 äfven
380 1231 22 20 af
416 1231 54 21 1888
486 1231 35 21 års
537 1231 94 22 Ständer
646 1231 108 21 erkändes
770 1231 73 20 såsom
859 1229 97 27 behöflig,

200 1259 140 22 meddelades
355 1259 191 27 bankfullmäktige
569 1259 64 22 ofvan
649 1259 145 22 omförmälda
809 1258 103 27 uppdrag,
928 1259 30 20 till

200 1288 67 21 hvars
289 1287 133 28 fullgörande
444 1287 191 28 bankfullmäktige
656 1288 101 27 uppgjort
776 1287 35 22 det
831 1287 79 27 förslag
928 1287 31 20 till

201 1318 48 25 nytt
264 1316 196 27 bankreglemente,
477 1317 115 21 hvaröfver
607 1317 36 22 det
659 1323 29 15 nu
704 1317 82 26 åligger
805 1316 108 21 Utskottet
928 1318 30 18 att

200 1344 71 22 utläta
285 1345 33 27 sig
326 1345 25 28 *).

237 1441 3 2 =
272 1420 16 21 *)
307 1419 27 18 Då
350 1419 135 23 granskningen
502 1419 21 18 af
534 1419 22 18 de
569 1425 24 12 nu
606 1419 127 23 föreliggande
747 1417 212 24 författningsförslagen

202 1443 54 16 torde
274 1442 113 17 underlättas
406 1448 64 17 genom
489 1447 22 12 en
521 1442 145 23 sammanföring
679 1442 23 22 pä
716 1443 27 16 ett
756 1441 54 18 ställe
823 1441 20 18 af
855 1440 35 18 alla
903 1440 56 18 under

274 1475 148 19 Bankutskottets
433 1476 108 18 betänkande
553 1476 36 19 N:o
603 1477 16 17 2.
