1078 1692
215 157 27 21 54
459 156 26 21 U.
501 156 24 20 B.
541 154 130 22 III-XXV.

187 218 95 22 sköflade
304 219 154 27 skogsmarker,
481 224 34 15 om
538 218 42 20 han
601 217 100 27 utbjuder
722 216 48 21 dem
786 216 22 20 ät
823 217 69 19 staten
908 214 33 21 till

186 253 128 26 kronopark.
345 252 110 27 Offentligt
477 252 40 21 har
537 252 81 27 jämväl
635 250 72 22 blifvit
721 250 93 27 pästädt,
830 251 33 19 att
878 248 64 22 ocksä

187 286 81 22 sådana
290 287 53 21 aftal
358 287 36 21 vid
412 286 191 27 skogsförsäljning
617 285 72 22 blifvit
704 284 113 28 ingångna,
833 285 32 19 att
880 283 62 26 sälja-

187 328 37 14 ren
247 321 128 27 berättigats
397 322 32 20 att
451 320 46 22 från
521 320 36 22 det
577 320 94 21 försälda
686 318 98 22 området
798 318 88 21 afverka
900 316 42 21 alla

187 357 70 19 större
272 355 48 21 träd
336 355 55 21 ända
406 355 39 21 ned
461 355 32 21 till
509 356 45 20 rätt
569 354 46 21 smä
631 353 149 22 dimensioner.
805 352 38 21 Ett
857 351 85 27 uppköp

187 390 28 26 pä
230 389 80 21 sädana
325 389 77 21 villkor
416 389 23 21 af
451 390 53 26 skog
519 389 34 21 för
567 389 93 21 kronans
675 388 92 26 räkning
781 386 111 22 befordrar
906 391 36 15 na-

187 424 108 26 turligtvis
318 424 83 20 direkte
423 423 156 27 skogssköfling
599 423 6 21 i
624 423 48 21 värt
694 422 56 21 land.
780 420 163 26 Otvifvelaktigt

188 458 39 21 har
244 457 62 22 äfven
322 458 41 21 den
378 464 74 21 genom
468 458 93 20 nämnda
575 457 42 27 köp
633 456 139 22 förorsakade
783 454 160 27 förvandlingen

189 492 23 21 af
223 492 166 26 själfbestäende
402 492 170 21 skattehemman
589 491 32 21 till
637 492 93 20 kronans
744 490 132 26 landboskap
892 488 52 21 eller

189 526 188 21 arrendehemman
392 526 77 27 mänga
483 525 124 27 betänkliga
623 525 62 21 sidor.

254 560 74 28 Enligt
342 560 44 21 min
401 560 55 27 äsigt
471 562 24 19 är
510 560 89 21 sålunda
614 561 31 20 ett
660 559 86 27 uppköp
762 558 24 21 af
794 556 148 28 skogsmarker

189 594 33 21 för
236 594 94 21 kronans
345 594 96 28 räkning,
461 594 76 22 sädant
553 594 36 21 det
604 600 27 15 nu
647 592 107 23 bedrifves
770 592 69 21 säsom
855 597 25 15 en
896 590 47 22 ord-

189 628 42 21 nad
246 628 84 27 handel,
347 629 85 21 hvilken
447 629 19 27 ej
482 629 31 21 täl
529 628 65 28 något
610 628 106 27 dröjsmål,
733 626 33 22 till
782 626 67 21 skada
863 625 33 21 för
906 624 38 22 vär

190 662 201 28 skogshushällning
406 663 39 21 och
461 662 33 22 för
509 664 71 20 staten
596 664 55 20 samt
667 662 18 27 ej
702 661 68 21 heller
784 660 28 27 pä
826 660 78 21 minsta
912 658 32 22 vis

189 696 24 22 af
226 696 101 22 behofvet
341 697 118 27 päkalladt,
474 699 22 25 ty
512 697 7 21 i
534 697 117 21 allmänhet
666 698 24 19 är
704 695 83 21 bristen
803 694 27 28 pä
845 694 53 26 skog
905 693 39 21 hos

190 737 35 15 oss
240 731 118 27 ingalunda
374 731 23 21 sä
411 731 100 27 hotande,
527 737 45 15 som
589 737 49 15 man
653 730 33 21 för
701 730 67 26 nägra
784 728 110 22 ärtionden
902 727 42 21 till-

190 765 57 21 baka
263 765 129 21 förmenade.
422 766 30 20 Pä
468 767 83 19 senaste
567 765 32 21 tid
613 765 39 21 har
668 764 46 22 ofta
730 764 23 20 af
767 761 177 23 forstförvaltnin-

191 806 41 20 gen
255 799 81 21 anförts
360 806 25 14 en
404 800 113 27 synpunkt,
537 806 45 14 som
599 799 68 21 skulle
682 798 72 27 nödga
769 799 69 19 staten
854 798 32 21 att
900 802 44 14 mer

192 834 39 21 och
252 840 46 14 mer
317 834 42 20 öka
374 834 35 20 det
424 836 58 19 stora
502 834 144 26 jordomräde,
661 833 83 21 hvilket
758 833 86 26 utgöres
859 830 24 21 af
896 830 48 21 kro-

190 868 140 27 nansskogar,
353 867 43 27 (för
418 868 133 21 närvarande
573 867 94 22 befinner
688 867 32 26 sig
742 867 53 20 nära
817 864 81 22 hälften
923 863 23 21 af

191 902 73 21 landet
287 902 7 21 i
316 902 92 21 kronans
430 903 47 26 ego)
499 901 108 28 nämligen
629 901 46 26 den,
699 902 32 19 att
754 902 69 19 staten
838 899 65 21 borde
918 898 28 27 pä

194 935 23 22 sä
232 935 128 28 förmänliga
374 936 69 21 vilkor
459 942 44 15 som
519 936 84 27 möjligt
618 935 58 21 hälla
691 934 117 27 fullmogen
824 933 52 27 skog
891 933 7 20 i
914 939 32 14 re-

192 975 47 16 serv
255 969 33 22 för
307 969 142 28 sägindustrin
466 970 39 21 och
522 971 38 25 att,
577 971 52 20 enär
643 969 93 21 kronans
752 969 77 26 skogar
844 967 33 21 till
892 968 54 19 stör-

192 1006 33 19 sta
240 1004 62 21 delen
317 1010 51 15 vore
382 1004 91 27 belägna
487 1004 7 21 i
510 1011 63 14 norra
588 1003 98 25 Finland,
702 1004 72 20 staten
788 1001 66 22 borde
866 1001 80 26 uppkö-

191 1044 28 21 pa
234 1038 150 27 skogsmarker
404 1038 79 27 jämväl
499 1038 33 21 för
548 1038 25 21 de
589 1038 6 21 i
611 1038 83 21 landets
710 1037 64 21 södra
790 1036 33 21 del
838 1034 109 27 befintliga

192 1072 219 27 säginrättningarnes
426 1072 70 26 behof,
517 1072 84 21 hvadan
618 1074 14 19 t.
654 1078 31 14 ex.
702 1071 33 21 för
751 1071 26 20 de
792 1070 68 27 sägar,
875 1069 73 21 hvilka

192 1108 36 19 äro
244 1106 94 27 anlagda
352 1106 7 21 i
375 1106 102 21 närheten
492 1105 24 22 af
530 1106 73 21 Saima
610 1105 135 26 vattendrag,
758 1105 10 20 ä
775 1104 97 21 Saimens
880 1104 67 20 strän-

193 1140 37 21 der
253 1140 96 21 växande
368 1140 52 27 skog
434 1140 67 22 borde
517 1140 24 21 af
555 1142 69 19 staten
640 1140 119 27 uppköpas.
788 1139 41 26 Jag
845 1139 23 20 är
883 1137 64 21 likväl

193 1174 125 27 Ofvertygad
343 1174 79 27 därom,
438 1176 33 19 att
486 1175 36 20 det
537 1174 42 21 blir
595 1174 33 21 för
643 1175 70 19 staten
729 1179 26 14 en
771 1171 129 28 omöjlighet,
917 1172 31 19 att

192 1208 148 27 upprätthälla
355 1215 25 14 en
396 1208 129 27 sägindustri
541 1209 75 20 endast
631 1208 48 21 med
694 1207 92 26 tillhjelp
802 1206 22 21 af
838 1206 26 21 de
876 1205 73 27 skogs-

192 1243 72 24 lotter,
280 1242 73 21 hvilka
368 1242 38 21 här
422 1243 39 20 och
476 1243 38 21 där
529 1243 117 26 uppköpas,
663 1241 74 22 sävida
755 1241 46 21 icke
819 1241 68 20 denna
897 1239 51 21 han-

193 1277 34 20 del
242 1277 100 26 utvidgas
358 1277 7 20 i
381 1277 75 21 sädant
471 1277 62 27 syfte,
549 1279 32 19 att
597 1279 79 19 största
692 1276 62 21 delen
764 1275 80 27 jämväl
855 1273 23 22 af
886 1274 63 21 södra

192 1311 104 20 Finlands
312 1311 76 27 skogar
403 1311 23 20 af
440 1313 70 19 staten
526 1311 128 27 öfvertages.
685 1310 50 21 Med
750 1309 81 27 hänsyn
842 1308 33 21 till
888 1308 62 21 dessa

193 1345 183 27 omständigheter
398 1345 39 21 och
460 1345 27 21 dä
507 1347 70 19 staten
593 1345 7 20 i
618 1345 63 20 södra
703 1343 93 22 Finland
817 1343 40 20 har
872 1341 78 22 talrika

193 1379 159 21 kronoboställs
372 1379 77 27 skogar
464 1379 67 21 under
547 1379 32 21 sin
595 1378 130 27 förvaltning
741 1377 40 21 och
796 1376 72 22 därtill
883 1375 67 22 under

194 1413 40 20 den
258 1415 84 19 senaste
364 1413 58 20 tiden
441 1413 42 21 fätt
498 1413 27 21 de
540 1413 150 21 ecklesiastika
705 1411 131 22 boställenas
853 1410 39 21 och
908 1411 42 20 stä-

194 1447 78 20 dernas
294 1447 149 27 skogsmarker
461 1447 7 20 i
483 1447 33 21 sin
540 1447 53 21 värd
616 1448 55 19 samt
694 1447 109 20 dessutom
817 1445 28 26 pä
860 1443 90 28 somliga

265 1486 139 17 Statsutskottets
416 1486 110 18 betänkande
538 1486 37 17 N:o
588 1487 17 16 3.
