1078 1692
200 155 32 25 38

249 219 80 29 Äfven
347 224 8 24 i
374 225 68 24 dessa
459 225 46 24 fall
525 226 40 24 bör
583 226 162 31 Direktionen,
764 228 28 22 så
810 229 68 21 snart
892 227 42 23 ske

180 258 55 31 kan,
262 259 105 24 meddela
388 259 225 33 Bankfullmäktige
632 261 127 23 enahanda
776 261 157 24 underrättel-

181 300 43 23 ser,
242 301 51 16 som
311 294 9 22 i
337 294 195 32 nästföregäende
552 296 14 29 $
586 295 120 32 angifvas.

294 389 44 25 Om
356 390 139 32 tjenstemän
514 392 39 23 och
572 391 97 32 betjente
686 392 10 24 i
714 392 107 24 Banken.

522 456 13 29 s
555 455 39 24 32.

247 504 198 32 Tjenstemännen
464 506 9 23 i
490 506 103 24 Banken
611 509 53 21 äro:
687 514 29 16 en
736 506 156 30 Sekreterare,
904 514 29 16 en

179 538 168 35 Ombudsman,
365 548 30 16 en
413 540 81 24 Förste
512 540 150 32 Kamrerare,
686 549 29 16 en
733 541 82 23 Andre
833 540 99 24 Kamre-

178 581 60 23 rare,
265 581 29 16 en
322 560 162 45 Öfverkassör,
512 583 29 16 en
568 576 82 24 Förste
677 575 98 31 Kassör,
802 583 29 16 en
853 575 80 24 Andre

177 589 99 54 Kassör,
294 616 30 16 en
341 591 170 53 Vexelkassör,
529 618 30 16 en
577 610 157 32 Registrator,
753 595 35 38 tre
800 605 74 28 Äldre
889 610 43 23 och

177 644 42 22 tvä
246 624 83 55 Yngre
356 643 151 31 Bokhållare,
535 644 123 24 äfvensom
684 646 32 30 på
738 647 69 21 extra
825 646 48 22 stat
891 646 41 22 två

177 676 145 25 Kanslister.
358 678 32 23 Af
416 678 52 24 dem
495 664 99 38 tillhöra
613 678 176 31 Sekreteraren,
807 678 124 32 Registra-

177 713 53 21 torn
249 712 43 23 och
310 720 30 15 en
357 712 113 24 Kanslist
488 713 114 24 Bankens
621 713 88 31 kansli,
722 713 209 24 Ombudsmannen

177 745 43 24 och
238 746 44 23 den
309 746 72 24 andre
408 747 143 24 Kanslisten
569 748 115 24 Bankens
704 747 227 24 ombudsmanskon-

176 782 42 28 tor,
238 782 62 22 samt
322 780 181 31 Kamrerarene,
524 782 149 24 Kassörerne
692 782 45 24 och
755 781 176 24 Bokhållarene

176 813 114 25 Bankens
310 815 228 25 kamrerarekontor.

244 848 118 32 Derjemte
381 850 104 31 betjenas
496 850 223 24 Bankdirektionen
731 850 45 23 och
788 850 27 23 de
828 850 103 23 nämnda

176 882 65 24 olika
260 883 182 32 afdelningarne
461 884 25 24 af
503 885 83 31 nödigt
605 885 68 23 antal
691 884 180 31 Vaktmästare.

518 954 13 29 s
551 953 39 24 83.

243 1003 199 31 Tjenstemännen
469 1005 9 23 i
499 1004 102 25 Banken
620 1007 102 29 antagas
742 1004 43 23 och
803 1006 128 21 utnämnas

175 1037 25 23 af
218 1037 226 25 Bankdirektionen.
480 1039 13 24 I
519 1039 87 24 sådant
631 1038 110 25 afseende
766 1038 61 23 låter
845 1037 85 24 Direk-

174 1071 88 31 tionen,
281 1072 41 23 vid
339 1072 114 25 inträffad
474 1073 111 32 ledighet,
603 1073 9 24 i
635 1073 87 31 vanlig
741 1073 102 31 ordning
861 1072 71 24 anslå

174 1105 44 24 och
236 1105 110 33 kungöra
372 1107 103 31 tjensten
493 1107 39 24 till
551 1107 139 32 ansökning
708 1107 63 23 inom
792 1107 78 23 trettio
889 1107 41 23 da-

173 1147 57 24 gar;
258 1140 122 25 hvarefter
407 1141 156 24 Direktionen
591 1145 128 20 utnämner
738 1141 45 24 den
801 1141 25 24 af
844 1141 86 24 sökan-

173 1174 63 30 dene,
256 1183 50 15 som
325 1175 81 31 styrkt
423 1176 39 32 sig
480 1179 46 29 äga
544 1176 140 32 erforderlig
702 1175 149 32 skicklighet
868 1177 63 22 samt

173 1208 156 25 Direktionen
356 1209 79 24 finner
462 1211 39 23 till
527 1211 104 31 tjensten
649 1210 153 31 lämpligast;
822 1217 53 16 men
894 1217 35 16 om

172 1242 157 25 Direktionen
356 1244 54 24 icke
437 1253 70 16 anser
534 1247 80 30 någon
633 1245 25 23 af
676 1245 52 23 dem
747 1244 58 23 fullt
823 1243 107 32 lämplig,

172 1279 57 30 äger
247 1277 156 25 Direktionen
430 1281 61 29 ånyo
519 1279 70 24 anslå
606 1279 104 32 tjensten
729 1278 40 24 till
787 1278 143 31 ansökning.

171 1311 13 23 I
202 1311 44 24 den
264 1312 122 31 fullmakt,
404 1321 50 16 som
473 1313 155 24 Direktionen
646 1313 111 24 utfärdar
774 1312 37 23 för
829 1313 45 23 den
891 1315 37 20 ut-

172 1346 108 30 nämnde,
308 1347 65 23 skall
400 1347 37 24 det
463 1347 151 32 uttryckliga
635 1347 119 24 förbehäll
772 1347 105 31 intagas,
895 1349 35 21 att

170 1366 159 39 fullmaktens
349 1381 158 25 innehafvare
525 1385 28 20 är
571 1382 99 32 skyldig
682 1384 36 21 att
730 1381 148 24 underkasta
891 1381 39 31 sig

170 1413 28 24 de
216 1414 141 25 förändrade
385 1416 179 32 bestämningar
591 1416 123 32 angående
732 1416 63 23 hans
814 1415 114 32 tjenstgö-

170 1448 57 32 ring
254 1449 9 23 i
290 1449 108 32 Banken,
426 1458 49 16 som
503 1450 157 25 Direktionen
687 1450 60 24 eller
765 1449 163 32 Fullmäktige
