1078 1692
234 136 28 22 70

271 200 63 22 Emot
356 201 77 27 borgen
452 202 71 22 allena
541 202 90 28 beviljas
650 202 46 22 icke
715 202 35 22 lån
770 202 51 22 eller
839 202 110 22 kassakre-

205 235 59 27 ditiv,
279 241 47 15 men
341 235 33 22 till
388 236 147 22 förstärkande
551 237 23 21 af
587 239 52 25 pant
654 237 52 22 eller
721 237 120 27 inteckning
856 237 34 21 må
902 237 48 22 bor-

204 276 41 20 gen
260 272 95 25 antagas.

352 340 3 2 .
546 318 12 27 8
573 318 35 21 25.

272 356 99 22 Pantsatt
388 357 58 27 gods,
463 363 44 16 som
525 358 47 21 icke
591 358 95 21 förvaras
705 358 7 20 i
728 358 89 26 banken,
831 357 54 22 skall
900 362 51 16 vara

205 391 103 27 upplagdt
322 391 7 21 i
345 392 71 21 säkert
430 392 166 27 förvaringsrum
612 392 38 22 och
666 392 66 22 stäldt
746 392 67 22 under
827 392 71 27 tillsyn
913 391 38 21 och

205 426 52 21 värd
277 426 23 21 af
314 432 25 16 en
355 426 69 22 dertill
439 426 116 22 förordnad
571 426 217 28 magistratsledamot
802 426 51 22 eller
868 426 23 22 af
904 426 48 21 kro-

205 460 93 27 nofogde
316 460 52 22 eller
387 467 66 15 annan
473 461 23 21 af
514 461 83 21 banken
617 461 98 27 godkänd
734 467 76 21 person
829 461 51 21 eller
895 466 58 22 myn-

207 495 79 27 dighet,
305 501 44 15 som
368 495 72 22 härom
460 496 109 21 äfvensom
587 496 109 26 angäende
715 495 86 27 godsets
819 495 76 27 mängd
914 494 39 22 och

207 529 147 22 beskaffenhet
372 532 54 20 samt
444 530 222 27 förvaringsrummets
685 530 55 26 läge,
756 529 144 21 beskaffenhet
914 529 39 21 och

207 564 95 26 stängsel
317 564 33 21 till
365 564 82 22 banken
463 564 95 22 utfärdat
573 565 59 21 bevis
646 564 66 28 jemte
727 564 129 21 förbindelse
866 565 32 19 att
908 563 46 21 icke

208 598 132 22 annorlunda
355 600 26 20 än
396 601 56 19 emot
467 599 92 21 bevisets
570 598 201 22 äterbekommande
782 598 51 22 eller
844 598 64 26 enligt
924 597 30 21 di-

209 633 121 21 rektionens
349 633 105 22 särskilda
471 633 111 22 föreskrift
599 634 93 21 utlemna
708 633 36 21 det
760 632 87 22 sälunda
861 632 7 21 i
883 632 71 21 förvar

208 669 66 25 tagna
288 668 76 26 godset
378 668 52 22 eller
444 668 68 27 nägon
529 668 33 22 del
578 668 67 22 deraf.
669 668 51 21 Rätt
735 669 31 19 att
782 666 96 22 meddela
888 666 65 21 sädan

209 702 109 21 föreskrift
336 702 42 21 kan
396 702 23 22 af
431 702 132 22 direktionen
579 702 142 22 öfverlemnas
736 701 33 21 till
785 700 169 27 afdelningskon-

209 738 34 20 tor
258 736 53 22 eller
325 738 95 25 agentur.

278 770 74 22 Säsom
367 774 51 24 pant
431 772 32 21 för
478 772 34 21 län
528 772 71 20 kunna
614 771 62 21 äfven
691 770 123 28 godkännas
829 775 68 19 varor,
910 775 44 15 som

209 806 38 20 äro
262 805 107 27 upplagda
383 806 27 26 pä
424 806 170 26 kreditnederlag
609 806 67 21 under
690 805 74 27 tillsyn
776 805 23 21 af
808 804 147 22 tullkammare

210 839 53 22 eller
281 840 79 21 insatta
378 840 38 21 hos
434 841 22 20 af
474 840 161 27 bankstyrelsen
654 840 98 27 godkänd
768 839 63 21 dock-
846 838 52 21 eller
912 843 43 15 ma-

210 874 198 27 gasinsinrättning;
427 875 6 20 i
451 875 104 21 hvardera
570 874 61 22 fallet
646 876 44 19 mot
705 873 77 22 sådant
795 873 59 21 bevis
869 871 39 22 och
924 871 31 22 sä-

211 909 41 22 dan
266 908 136 27 förbindelse,
418 915 43 15 som
477 909 7 21 i
499 909 177 26 nästföregäende
691 909 93 20 moment
799 906 140 22 omförmäles.

279 943 111 26 Trävaror,
406 949 43 15 som
465 943 6 21 i
487 943 83 21 banken
585 944 126 25 pantsättas,
723 941 34 22 mä
772 941 53 21 dock
840 946 50 16 vara
905 945 51 21 upp-

211 977 65 28 lagda
293 978 7 21 i
318 978 81 27 staplar
417 978 52 21 eller
487 980 69 25 öppna
574 977 66 28 skjul;
659 977 48 21 med
727 975 69 22 vilkor
813 977 32 19 att
858 974 99 27 upplags-

211 1013 84 27 platsen
314 1012 34 21 för
362 1012 215 27 pantsättningstiden
592 1012 33 21 till
641 1011 83 22 banken
739 1010 28 27 pä
782 1009 87 22 arrende
884 1008 74 27 upplä-

211 1049 33 20 tes
263 1048 55 20 samt
336 1047 7 20 i
362 1047 125 26 tillämpliga
505 1047 60 20 delar
584 1046 7 21 i
610 1046 64 27 öfrigt
689 1045 106 26 iakttages
809 1044 54 21 hvad
878 1043 8 21 i
900 1044 58 20 näst-

211 1081 128 27 föregäende
354 1083 92 19 moment
461 1083 24 19 är
499 1081 106 26 stadgadt.

281 1116 49 21 Alla
344 1115 24 21 af
381 1117 88 25 pantens
484 1115 156 22 öfvervakande
656 1114 38 21 och
705 1113 120 26 försäkring
835 1111 124 22 föranledda

213 1150 114 21 kostnader
342 1150 80 21 drabba
436 1149 130 27 läntagaren.

555 1201 11 27 8
581 1201 34 22 26.

281 1241 137 22 Direktionen
438 1244 25 19 är
480 1241 121 27 berättigad
616 1242 32 20 att
663 1240 67 21 under
744 1238 106 22 länetiden
865 1237 43 21 läta
923 1243 37 15 un-

214 1276 91 22 dersöka
319 1278 57 25 pant,
388 1282 43 15 som
448 1276 45 21 icke
508 1276 95 21 förvaras
619 1275 6 21 i
642 1274 88 21 banken.
753 1272 98 21 Befinnes
864 1271 39 21 den
915 1271 46 21 der-

213 1311 35 21 vid
271 1311 7 20 i
300 1311 70 20 behäll
393 1311 6 20 i
422 1310 137 21 oförändradt
581 1309 67 26 skick,
667 1307 105 22 bestrides
794 1305 116 22 kostnaden
929 1305 33 21 för

214 1345 67 22 sädan
300 1344 157 27 undersökning
476 1344 23 22 af
516 1344 89 26 banken,
625 1349 47 16 men
692 1344 87 19 stannar
798 1341 6 20 i
822 1341 88 20 motsatt
925 1339 37 21 fall

213 1379 124 28 läntagaren
352 1379 33 21 till
402 1379 49 21 last.

282 1414 84 21 Varder
389 1416 95 25 pantsatt
508 1413 59 27 gods,
591 1418 44 15 som
658 1411 46 22 icke
727 1410 95 21 förvaras
844 1408 7 21 i
874 1406 88 26 banken,

215 1449 92 21 rubbadt
326 1449 68 21 under
416 1449 113 25 länetiden,
548 1449 24 19 är
594 1447 58 21 länet
672 1446 77 26 genast
766 1443 93 22 förfallet
876 1441 34 21 till
927 1440 37 21 be-

214 1483 89 28 talning.
