1078 1692
326 120 82 22 Ständ.
426 120 54 22 Skr.
493 133 30 2 —
538 115 113 27 XXXVI.
820 123 11 18 7

183 180 44 21 Det
250 180 8 20 i
282 182 27 19 20
326 180 12 28 8
354 180 36 21 till
405 180 102 27 gällande
523 180 122 27 stadgande
660 180 77 27 gjorda
752 180 108 28 tillägget,

113 216 34 20 att
169 215 99 21 bankens
292 215 128 27 skyldighet
443 217 32 19 att
498 216 49 21 med
571 216 52 26 guld
639 216 71 20 inlösa
726 216 48 21 sina
790 216 72 21 sedlar

109 253 26 19 är
143 250 137 27 obegränsad
286 251 76 21 endast
370 251 38 21 vid
416 250 194 28 hufvudkontoret,
619 251 92 21 hvilken
719 252 140 26 bestämning

120 286 148 22 förekommer
288 286 65 22 äfven
370 287 7 20 i
394 287 67 21 andra
476 287 90 21 länders
582 287 130 27 banklagar,
728 286 66 22 hafva
810 286 52 22 Stän

110 322 69 21 derna
194 321 72 22 funnit
281 328 54 15 vara
345 322 153 27 välgrundadt,
510 322 59 22 helst
579 322 52 27 inga
643 322 143 27 olägenheter
797 321 65 22 deraf

108 356 36 22 för
159 357 146 21 allmänheten
321 358 62 21 torde
399 358 74 21 kunna
488 358 85 26 uppstå.

416 454 69 30 Kap.
505 454 38 23 III

151 516 44 23 Om
212 516 110 22 bankens
337 517 150 21 lånerörelse
503 517 46 22 och
565 516 80 28 öfriga
660 516 162 22 verksamhet.

187 570 118 28 Förslaget
327 571 8 21 i
358 573 27 19 25
410 570 19 29 &,
450 570 71 22 första
543 577 69 21 mom.
637 572 32 20 att
685 572 98 24 pantsatt
798 570 60 28 gods,

111 613 45 15 som
169 606 50 22 icke
229 606 100 22 förvaras
340 606 7 21 i
358 606 93 27 banken,
463 606 44 21 kan
517 606 123 26 uppläggas
651 606 70 21 under
732 606 76 26 tillsyn
819 606 39 20 och

115 642 56 21 värd
182 642 19 26 ej
213 642 55 21 blott
279 642 71 21 säsom
358 642 80 21 hittills
449 641 25 21 af
487 642 209 26 magistratsperson
712 641 55 21 eller
782 641 78 21 krono-

110 677 73 27 fogde,
208 679 52 19 utan
279 678 41 20 ock
335 676 25 22 af
373 683 71 15 annan
460 683 79 21 person
555 677 56 21 eller
626 677 134 27 myndighet,
777 682 44 16 som
837 676 24 21 af

110 713 87 22 banken
213 713 133 27 godkännes,
363 713 92 21 innebär
470 713 70 27 enligt
555 712 135 22 Ständernas
707 712 59 27 äsigt
776 718 27 15 en
813 712 45 20 rik-

112 749 33 27 tig
168 749 92 27 princip,
284 748 91 22 hvilken
397 749 40 21 bör
456 748 84 22 erhälla
555 748 35 22 sin
605 748 144 26 fullständiga
764 747 94 26 tillämp-

112 784 60 27 ning,
181 784 28 21 dä
224 783 64 28 fräga
304 786 25 19 är
344 790 34 15 om
393 784 77 27 tillsyn
486 783 63 22 öfver
564 782 176 28 pantförskrifna
752 784 106 20 trävaror.

113 819 149 27 Obilligheten
277 820 7 20 i
301 820 42 21 den
358 820 207 26 magistratsperson
581 819 40 21 och
637 818 135 27 kronofogde
788 818 71 21 säsom

114 855 141 26 embetspligt
270 854 104 22 ähvälfda
389 855 134 26 skyldighet,
539 856 33 19 att
587 853 76 23 utöfva
679 860 27 15 en
722 853 49 22 med
782 859 76 16 ansva-

114 890 73 27 righet
210 889 91 22 förenad
316 890 77 27 tillsyn
409 889 62 23 öfver
486 890 160 27 varuhypotek,
662 889 132 21 framträder
809 888 49 27 tyd-

115 925 67 28 ligast
197 926 27 21 dä
240 926 127 27 hypoteket,
384 926 71 21 säsom
471 926 63 21 fallet
549 928 26 19 är
589 925 50 22 med
654 927 108 24 trävaror,
780 923 18 28 ej
814 924 44 21 kan

110 961 58 22 inom
183 961 33 22 läs
232 961 105 22 förvaras.
361 961 33 22 Dä
410 961 71 28 dessa,
498 962 28 26 pä
542 963 45 20 sätt
603 961 45 21 ofta
662 959 107 28 inträffar,
781 961 77 25 utgöra

109 998 32 20 ett
165 1003 17 15 s.
197 997 21 21 k.
234 997 94 26 löpande
343 997 103 27 hypotek,
462 997 43 21 blir
521 997 38 21 det
574 997 65 20 hardt
654 999 42 18 när
712 996 97 28 omöjligt
824 994 34 23 för

113 1032 94 21 nämnda
226 1032 132 27 tjenstemän
368 1034 33 19 att
416 1032 76 22 utöfva
507 1039 27 15 en
550 1031 208 23 tillfredsställande
773 1033 83 26 tillsyn,

111 1068 130 26 isynnerhet
261 1074 34 15 om
312 1068 26 21 de
354 1071 38 18 äro
407 1069 86 20 bosatta
508 1068 29 27 pä
552 1068 78 27 längre
646 1067 88 22 afständ
750 1067 49 22 frän
815 1068 42 21 den

108 1103 65 28 plats,
190 1103 39 22 der
251 1110 95 15 varorna
364 1106 38 19 äro
426 1104 113 27 upplagda.
570 1104 107 21 Finlands
698 1104 64 21 Bank
778 1104 40 20 har
833 1104 24 20 sä

107 1139 88 26 mycket
211 1145 59 15 mera
286 1139 50 22 skäl
352 1141 32 20 att
400 1139 57 22 afstä
473 1139 50 22 frän
538 1139 136 27 rättigheten
690 1141 34 19 att
740 1142 51 24 taga
801 1139 55 26 tjen-

109 1175 85 20 stemän
216 1175 8 20 i
246 1175 98 26 anspråk
367 1174 35 22 för
425 1175 78 21 sådant
525 1175 106 26 uppdrag,
656 1181 46 15 som
722 1175 86 21 banken
825 1174 31 21 uti

108 1209 169 28 ifrågavarande
305 1211 186 26 angelägenheter
514 1210 49 21 icke
586 1210 68 21 borde
677 1210 86 27 åtnjuta
785 1210 71 27 någon

110 1244 86 22 förmån
218 1245 92 22 framför
333 1246 193 27 privatbankerna,
542 1245 77 22 hvilka
635 1244 80 28 sjelfva
730 1244 22 22 få
768 1244 89 27 vidtaga

111 1280 107 22 anstalter
234 1280 34 22 för
283 1281 129 22 bevakande
428 1280 25 22 af
466 1281 34 21 sin
515 1282 51 20 rätt.
598 1280 124 22 Ständerna
740 1286 52 15 anse
808 1280 48 21 der-

107 1315 42 28 för,
165 1317 33 20 att
213 1316 106 21 Finlands
336 1317 75 20 Banks
422 1316 231 27 undantagsställning
663 1316 7 21 i
682 1316 60 21 detta
753 1315 103 22 afseende

108 1351 42 21 bör
169 1351 105 28 upphöra,
296 1352 39 21 och
356 1352 40 21 har
416 1352 7 21 i
440 1352 61 21 detta
517 1351 59 28 syfte
591 1351 6 21 i
613 1351 71 27 tredje
700 1357 61 15 mom.
776 1350 80 21 införts

108 1392 27 15 en
155 1386 237 28 tilläggsbestämning,
416 1388 33 20 att
469 1387 78 27 tillsyn
563 1386 62 22 öfver
641 1387 27 21 de
683 1388 113 25 pantsatta
811 1387 44 20 trä-
