1078 1692
227 131 27 21 12

195 190 95 21 emellan
305 190 110 28 Borgare-
431 190 43 20 och
484 189 188 21 Bondeståndens
683 188 86 22 förrum
780 191 57 18 samt
849 191 95 25 angrän-

195 225 68 21 sande
279 225 160 27 utskottsrum;
457 227 35 19 att
507 225 39 21 det
557 224 162 29 odisponerade
730 226 97 19 rummet
838 224 8 21 i
857 224 87 21 botten-

194 260 126 28 våningens
344 260 133 22 nordvestra
501 260 64 27 hörn,
588 260 35 21 för
646 260 126 21 beredande
794 259 25 21 af
832 266 60 14 mera
907 261 36 19 ut-

194 303 87 21 rymme
304 296 36 21 för
360 296 94 27 arkivet,
477 296 86 20 inredts
584 296 37 20 till
644 297 33 19 ett
698 302 16 14 s.
731 295 22 21 k.
770 295 122 28 lagerrum;
909 296 34 20 att

195 332 158 21 motsvarande
376 339 50 13 rum
447 332 8 20 i
477 331 119 29 sydvestra
611 331 81 21 hörnet
708 330 25 22 af
746 330 65 22 huset
827 330 116 28 iordning-

195 366 64 22 stälts
281 367 34 21 till
334 368 33 20 ett
383 369 70 19 större
468 366 47 22 kök
530 366 37 22 för
581 366 189 27 restaurationen;
787 368 58 19 samt
860 368 34 20 att
910 368 32 19 ett

195 401 26 21 af
234 402 27 20 de
277 402 35 21 för
328 402 145 28 betjeningen
490 402 93 21 afsedda
598 402 200 28 boningsrummen
815 402 127 21 omändrats

194 437 36 21 till
245 437 122 29 bykstuga.

266 473 88 29 Tyvärr
368 474 42 21 har
426 474 43 21 den
484 474 67 21 korta
566 474 41 27 tid,
624 481 48 14 som
688 473 109 29 slutligen
812 476 56 19 stått
884 474 59 21 dele-

194 510 109 26 gationen
319 509 36 21 till
371 509 134 29 disposition
521 509 35 21 för
572 509 82 29 sjelfva
668 509 153 29 uppförandet
837 509 25 22 af
869 510 72 26 huset,

194 544 50 21 icke
260 545 123 28 medgifvit
398 545 221 29 byggnadsarbetets
635 545 149 29 fullständiga
796 545 145 22 slutförande.

194 580 101 22 Sålunda
310 582 73 27 pågår
399 584 60 18 ännu
474 581 122 28 inredning
613 581 26 21 af
652 581 167 21 arkivrummen
835 582 8 20 i
853 581 89 21 botten-

194 616 115 28 våningen
324 616 54 21 eller
392 618 84 20 rättare
493 616 63 22 deras
572 617 116 21 förseende
704 617 52 21 med
767 617 83 28 nödiga
860 616 81 29 hyllor,

193 651 95 21 hvarom
311 652 72 21 likväl
406 652 227 22 öfverenskommelse
654 652 88 22 träffats
759 652 50 21 med
826 653 115 28 Byggmä-

194 689 75 19 staren
292 687 27 21 A.
344 688 135 28 Pettersson,
504 696 49 13 som
576 688 35 21 för
635 690 32 19 ett
690 688 46 29 pris
758 688 26 21 af
798 688 64 27 1,540
878 688 63 21 mark

194 723 74 28 åtagit
284 724 36 27 sig
336 725 33 19 att
384 726 107 26 uppsätta
507 724 44 20 215
567 726 70 19 meter
652 724 76 28 hyllor
738 724 26 20 af
772 724 69 27 virke,
853 723 87 22 hvilket

193 760 55 19 utan
270 759 126 28 ersättning
417 759 95 21 erhålles
528 759 51 21 från
596 760 37 20 det
649 759 59 21 förra
725 759 144 21 statsarkivet
884 759 8 21 i
908 766 34 14 se-

193 794 125 21 natshuset.
350 795 36 21 Då
410 795 71 28 sagda
505 795 76 21 arbete
597 795 125 21 emellertid
738 795 124 28 lämpligen
877 794 63 21 torde

193 828 77 21 kunna
292 830 87 21 utföras
405 830 71 21 under
501 830 94 28 ledning
621 830 26 21 af
667 830 168 21 ständerhusets
856 830 84 21 vordne

193 864 100 21 arkitekt
324 868 58 18 samt
407 865 119 29 betalning
551 866 36 21 för
612 866 124 21 detsamma
762 866 102 28 erläggas
890 865 50 21 från

193 899 141 22 öfverblefna
354 901 188 28 penningemedel
557 909 82 20 genom
655 902 175 28 Borgmästaren
846 897 94 30 Öhman,

193 941 48 14 som
264 935 36 21 för
322 937 139 20 närvarande
485 936 110 21 bestrider
621 937 254 28 ekonombefattningen
900 937 40 20 vid

194 971 164 27 ständerhuset,
383 973 25 20 så
431 979 66 21 synes
521 972 63 21 detta
604 972 166 28 jemförelsevis
784 973 64 28 ringa
866 972 74 21 arbete

192 1005 50 22 icke
258 1006 55 21 böra
329 1007 81 21 hindra
426 1007 126 22 Ständerna
568 1009 34 20 att
618 1015 91 14 numera
726 1007 98 22 förklara
835 1007 105 22 Ständer-

191 1041 215 29 husdelegationens
421 1043 105 28 uppdrag
542 1051 54 14 vara
612 1043 115 22 afslutadt.

263 1077 78 21 Under
356 1080 112 19 närmaste
483 1078 94 21 framtid
592 1079 63 21 torde
667 1079 58 21 dock
735 1079 61 21 vissa
806 1079 134 28 komplette-

191 1112 78 29 ringar
285 1115 13 18 å
314 1113 159 22 ständerhuset
488 1114 55 21 böra
558 1114 92 21 utföras.
682 1115 81 20 Redan
779 1114 39 22 vid
829 1121 110 14 samman-

191 1148 64 21 träde
272 1148 44 22 den
333 1149 29 21 30
377 1149 100 28 Augusti
494 1150 57 21 1889
567 1150 58 21 hade
642 1150 163 29 delegationen,
823 1152 29 27 på
863 1150 77 21 derom

191 1183 26 22 af
229 1183 233 30 byggnadsstyrelsen
477 1185 80 28 gjordt
571 1185 91 29 förslag,
674 1185 95 22 beslutit
780 1188 33 19 att
824 1185 26 22 af
857 1185 82 29 Skulp-

191 1221 64 19 tören
279 1219 23 22 C.
327 1221 26 20 E.
378 1219 118 30 Sjöstrand
513 1221 72 21 skulle
602 1221 92 28 begäras
711 1222 145 28 uppgörande
873 1221 25 21 af
911 1229 28 14 en

191 1254 70 21 eskiss
286 1255 44 21 och
345 1255 195 29 kostnadsförslag
555 1256 37 21 till
607 1256 43 21 den
666 1257 140 28 figurgrupp,
824 1264 48 14 som
887 1257 7 20 i
911 1257 27 21 de

190 1289 120 22 faststälda
338 1291 142 28 ritningarna
511 1291 35 21 till
573 1292 157 21 ständerhuset
755 1292 70 21 finnes
852 1293 87 27 antydd

189 1325 35 20 uti
240 1325 164 29 gafvelpartiet
419 1327 54 21 eller
488 1327 44 21 den
548 1335 16 13 s.
582 1327 21 21 k.
620 1329 126 27 tympanon
762 1327 63 22 öfver
841 1327 97 22 hufvud-

189 1360 105 22 fasadens
317 1362 102 28 peristyl.
454 1362 44 21 Till
522 1363 73 21 denna
619 1363 106 21 anhållan
748 1363 65 22 biföll
835 1363 103 22 bemälde

189 1395 110 29 skulptör,
317 1397 42 20 och
375 1405 41 14 var
431 1398 44 21 han
491 1397 8 21 i
514 1397 91 22 tillfälle
621 1400 35 19 att
671 1399 54 20 isin
742 1399 78 21 atelier
833 1399 34 21 uti
883 1399 55 21 Ate-

189 1438 69 14 neum
274 1431 44 22 den
335 1433 28 20 14
379 1432 101 22 Oktober
497 1433 58 21 1890
571 1433 97 22 förevisa
684 1434 159 28 delegationen
853 1434 85 29 ifråga-
