1078 1692
829 121 25 20 19

195 189 73 22 Under
291 188 51 22 åren
366 189 140 21 1884—1886
530 195 37 15 var
591 188 146 22 förhållandet
754 188 83 26 sådant,
854 190 32 19 att

127 229 145 21 hofrätternas
294 229 70 27 utslag
380 229 7 20 i
403 230 26 20 78
452 231 89 24 procent
563 228 24 21 af
608 228 27 21 de
656 228 49 22 utaf
725 229 48 21 dem
789 228 96 27 afgjorda

127 270 110 26 brottmål,
260 275 46 15 som
325 269 51 28 icke;
391 268 68 22 blifvit
475 269 23 21 af
511 268 135 22 hofrätterna
662 269 33 21 till
710 268 121 28 Kejserliga
847 269 39 21 Se-

127 312 75 20 natens
218 309 237 27 Justitiedepartement
471 309 128 27 hemstälda,
617 309 18 27 ej
646 308 181 28 öfverklagatsiaf
836 315 48 20 par-

128 352 68 24 terne,
212 350 68 21 under
299 350 36 20 det
350 350 7 20 i
372 350 28 21 22
416 351 88 25 procent
519 349 24 21 af
557 350 62 20 dessa
633 349 44 21 mål
692 350 78 20 besvär
785 349 7 21 i
808 349 76 27 högsta

128 390 108 21 instansen
252 389 88 21 anförts.
371 390 87 20 Antalet
474 390 132 20 besvärsmäl
622 390 7 21 i
645 390 120 26 Kejserliga
780 390 105 21 Senatens

129 430 236 26 Justitiedepartement
380 436 44 20 var,
441 430 90 21 likasom
548 430 158 21 besvärsmålen
722 430 6 20 i
744 429 141 27 hofrätterna,

129 470 68 21 under
218 470 142 21 nästnämnda
382 470 115 21 triennium
521 470 139 21 1884—1886
681 469 65 27 något
762 470 81 20 mindre
860 471 27 19 än

129 510 68 21 under
213 510 50 21 åren
282 510 146 27 1887—1889,
444 510 7 21 i
467 510 36 21 det
520 510 61 21 dessa
597 510 42 21 mål
654 510 69 21 under
737 509 149 22 förstnämnda

130 550 114 22 triennium
260 550 6 21 i
283 550 105 21 Senatens
405 550 238 27 Justitiedepartement
653 550 109 27 uppgingo
772 550 34 21 till
817 550 70 26 2,216,

131 590 62 22 deraf
215 592 60 24 1,399
299 590 35 21 vid
357 590 112 22 trienniets
492 590 80 27 utgång
595 596 51 16 voro
670 590 98 27 afgjorda
791 590 38 21 och
845 590 43 20 203

131 630 116 28 oafgjorda.

200 706 88 21 Antalet
304 705 24 21 af
342 706 26 20 de
384 705 35 21 vid
435 705 167 21 underrätterna
617 705 100 21 sakfälda
732 711 102 21 personer
849 704 40 21 har

132 746 91 26 utgjort:

130 786 127 66 m
134 808 755 40 -L-LL-i-

135 827 1 38 |
502 837 47 16 Män.
631 836 85 21 Ovinnor.
743 842 1 28 |
777 832 78 30 Samma.
887 850 2 13 j

135 876 1 20 |
455 863 68 43 —
744 889 1 20 |
887 865 1 21 |

154 910 29 26 År
204 917 52 20 1887
370 933 76 4 0
498 918 75 23 12,930
654 918 62 25 2,339
744 910 1 8 |
787 917 73 25 15,269

163 972 9 11 »
207 957 52 20 1888
300 973 4 4 .
337 973 3 4 so
408 973 37 4 0.0.0
498 958 73 25 12,791
655 958 61 25 2,109
744 930 1 60 |
787 957 74 26 14,900

162 1012 9 11 »
207 997 51 20 1889
335 985 122 39 000.00
499 998 75 22 14320
600 997 1 26 |
631 981 17 47 —
654 998 63 24 2564
744 992 1 32 |
786 997 75 26 16,954

360 1037 97 29 Summa|
497 1044 74 25 40111
656 1043 62 25 7,012
744 1032 1 36 |
784 1043 77 24 47,123

202 1128 74 21 Under
300 1129 50 21 ären
374 1130 139 20 1884—1886
534 1135 37 14 var
587 1129 82 20 antalet
684 1128 24 21 af
722 1128 25 21 de
763 1128 35 21 vid
813 1128 77 21 under-

133 1170 98 19 rätterna
254 1169 98 21 sakfälda
374 1175 101 20 personer
499 1169 18 25 ej
542 1170 24 20 sä
590 1168 118 27 obetydligt
728 1168 89 26 mindre,
840 1167 52 22 eller

133 1209 76 20 inalles
230 1210 85 25 44,734,
336 1209 62 21 deraf
412 1211 75 24 36,807
505 1211 50 19 män
571 1209 39 21 och
628 1210 61 25 7,927
706 1209 97 26 gvinnor.
834 1208 58 21 Jem-

134 1248 56 21 föres
213 1250 46 20 äter
278 1251 52 20 ären
348 1251 61 25 1887,
433 1251 53 20 1888
502 1250 39 21 och
559 1250 53 20 1889
628 1249 48 21 med
691 1249 126 24 hvarandra,
833 1247 58 21 visar

135 1289 36 21 det
187 1289 31 26 sig
233 1289 62 21 äfven
312 1290 46 26 här,
375 1291 33 20 att
423 1290 66 21 under
505 1289 134 22 sistnämnda
656 1289 23 20 är
690 1295 26 14 en
727 1289 78 26 ökning
816 1288 6 21 i
834 1288 59 21 brot-

133 1331 47 19 tens
196 1329 59 21 antal
271 1332 35 24 egt
322 1336 53 15 rum.
