1078 1692
844 142 40 20 103

153 205 138 31 befattning
303 205 52 23 med
367 205 40 30 tio,
425 204 43 24 och
487 204 58 24 efter
564 205 76 23 andra
658 204 47 24 fem
725 206 27 23 år
770 204 52 24 med
839 206 75 30 ytter-

153 238 77 33 ligare
257 239 33 23 tio
308 239 123 31 procentaf
457 239 46 24 den
529 238 37 25 för
584 240 104 30 tjensten
707 239 121 32 anslagna
853 239 61 24 ordi-

152 274 68 24 narie
239 274 47 30 lön,
298 273 86 24 hvilka
394 274 88 32 tillägg
493 273 80 24 likväl
585 274 42 23 vid
639 273 212 33 afskedstagandet
862 273 52 25 icke

153 308 25 24 få
196 307 146 25 inberäknas
361 308 9 23 i
388 308 137 31 pensionen.

222 342 213 32 Anmärkning
453 342 21 24 2.
509 342 96 24 Arvode
623 342 37 24 för
677 342 116 24 Bankens
809 342 106 32 Agenter

153 376 64 25 inom
235 376 82 24 landet
335 377 141 24 bestämmes
495 377 9 23 i
522 377 86 31 hvarje
626 376 118 24 särskildt
766 376 44 25 fall
829 384 84 24 genom

155 410 123 25 kontrakt.

221 445 212 32 Anmärkning
451 445 22 24 3.
509 445 48 24 Der
575 445 67 24 lokal
660 445 37 23 för
714 446 74 31 något
798 444 114 25 Bankens

152 479 85 25 kontor
255 480 9 23 i
282 480 138 24 landsorten
439 480 112 24 behöfver
569 480 131 31 upphyras,
713 480 141 24 bestämmes
867 480 45 30 hy-

153 514 147 32 resbeloppet
318 514 118 24 särskildt
453 514 37 24 för
508 514 86 31 hvarje
613 514 51 24 fall.

221 548 212 32 Anmärkning
459 549 22 23 4.
516 548 13 24 I
547 548 171 25 ofvanstående
736 548 178 32 expensemedel

152 583 72 32 ingår
242 582 72 25 äfven
332 583 133 24 kostnaden
483 583 37 24 för
538 583 45 24 ved
601 583 43 24 och
662 582 50 32 ljus
730 583 37 23 för
785 582 127 25 kontorens

152 617 75 25 behof.

220 651 46 25 Det
284 652 54 30 alle,
357 660 51 16 som
426 652 118 30 vederbör,
562 652 39 23 till
628 651 151 32 underdänig
805 651 108 24 efterrät-

152 686 59 24 telse
228 686 90 24 länder.
353 686 162 32 Helsingfors,
534 686 45 24 den
599 686 30 24 12
648 686 72 31 April
740 686 72 24 1886.

152 749 85 32 Enligt
264 750 83 24 Hans
375 749 174 32 Kejserliga
569 748 158 32 Majestäts
751 749 60 32 Eget
828 748 85 25 Beslut

362 784 44 24 och
425 784 8 23 i
451 784 61 24 Dess
530 784 71 32 Höga
619 783 89 31 Namn,

264 818 61 24 Dess
344 818 179 24 tillförordnade
542 818 73 24 Senat
633 818 37 23 för
688 817 110 24 Finland.
