1078 1692
240 134 25 20 16
600 134 19 20 Vv

540 236 105 23 Transport

257 282 212 22 Finansexpeditionens
490 282 98 18 skrifvelse
610 282 35 18 den

256 316 22 18 18
290 316 102 18 December
404 308 45 26 1889
467 330 4 5 .
583 330 61 4 var

233 350 161 24 Löneförhöjning
422 350 19 18 åt
466 351 179 23 Forstuppsynings-

256 390 80 13 mannen
348 386 6 16 i
367 385 29 23 Ijo
408 386 60 17 revier
481 386 22 17 K.
513 385 20 18 O.
544 386 101 21 Messman,

256 420 58 22 enligt
326 420 29 17 d:o
368 420 36 18 den
418 421 19 17 19
451 420 102 18 December
567 420 44 17 1889

211 449 1 31 |
232 454 88 18 Arvoden
333 453 19 19 åt
364 454 91 18 särskilde
468 454 177 23 pressombudsmän

254 489 6 17 i
271 489 87 18 städerna
367 489 84 22 Heinola,
461 489 92 18 Kexholm
563 490 35 17 och
608 489 37 23 Ny-

254 524 48 21 stad,
320 524 58 22 enligt
392 524 105 22 Kejserliga
511 524 90 17 Senatens
614 523 30 18 be-

254 558 39 18 slut
311 558 35 18 den
364 560 21 16 10
400 558 104 18 December
518 559 43 17 1889
574 559 35 17 och
624 558 20 17 18

254 592 91 19 Februari
360 594 52 17 1890.

391 708 70 18 Femte
474 708 146 18 hufvudtiteln.

231 758 161 24 Löneförhöjning
399 759 19 17 åt
425 759 164 22 Statsarkeologen
597 758 17 18 J.
621 758 22 18 R.

254 794 84 22 Aspelin,
357 794 58 22 enligt
430 793 213 23 Finansexpeditionens

254 828 99 17 skrifvelse
366 828 35 18 den
416 829 20 16 14
448 828 91 17 Februari
554 828 44 17 1890
609 840 4 4 .

231 863 60 17 Löne-
305 863 34 16 och
353 862 186 23 arvodesförhöjning
552 862 29 17 för
593 861 50 18 vissa

254 897 31 17 års
303 897 59 22 tjenst
380 895 20 19 ät
419 897 91 17 särskilde
529 896 60 18 lärare
609 897 35 16 och

255 931 112 22 tjenstemän
381 931 31 17 vid
424 931 116 17 Alexanders
550 930 94 19 Universi-

254 967 52 20 tetet,
319 965 59 23 enligt
390 965 28 18 d:o
429 965 36 18 den
473 966 11 17 4
493 965 34 18 och
538 966 21 17 18
567 965 77 18 Decem-

254 1000 34 17 ber
301 1001 54 16 1889,
381 1013 3 4 <
409 1013 3 4 »
437 1013 4 5 s
468 1012 31 5 «=
524 1013 3 4 5
552 1013 4 4 &
581 1013 4 4 &
611 1013 3 4 €
639 1012 4 5 «

231 1034 110 23 Tillökning
354 1035 5 16 i
372 1035 143 17 Universitetets
528 1035 38 17 stat
577 1039 66 17 genom

255 1069 107 18 inrättande
375 1068 20 19 af
406 1067 31 19 två
449 1068 50 18 fasta
510 1070 53 16 extra
571 1068 73 17 ordina-

255 1103 27 18 rie
295 1103 131 22 professioner,
439 1103 36 18 den
488 1108 35 13 ena
534 1103 6 17 i
550 1102 95 23 pediatrik

210 1149 1 14 |
238 1132 12 35 —
256 1138 35 17 och
310 1138 35 17 den
364 1137 58 18 andra
438 1138 6 17 i
457 1138 73 22 hygien,
543 1137 58 23 enligt
613 1136 31 18 nä-

256 1172 43 23 diga
321 1172 125 23 kungörelsen
467 1172 36 17 den
523 1172 22 17 29
566 1171 79 18 Januari

257 1207 49 20 1890,
320 1206 10 17 &
342 1207 52 20 5,000
406 1207 65 17 mark.
495 1219 4 5 .
525 1207 86 20 .10,000:
623 1216 22 2 —

211 1265 1 3 |
232 1241 90 22 Aflöning
334 1240 20 18 ät
362 1246 23 13 en
394 1241 61 18 lektor
464 1241 5 17 i
479 1246 51 13 sven-

211 1269 1 20 |
234 1265 12 36 —
256 1275 34 18 gka
303 1274 78 23 språket
393 1275 30 18 vid
437 1275 94 18 Universi-

256 1311 52 20 tetet,
318 1310 59 22 enligt
386 1309 28 18 d:o
424 1310 35 17 den
469 1311 21 16 29
499 1309 30 18 Ja-

256 1344 55 17 nuari
325 1344 44 17 1890
386 1357 1 4 ,
411 1358 3 4 .
439 1357 3 4 .
468 1358 3 4 .
497 1357 3 4 .
525 1357 3 4 .
553 1344 57 19 3,600:
624 1353 21 2 —

542 1384 67 21 13,600:
622 1393 22 3 —

256 1419 67 17 hvaraf
334 1418 109 23 förslagsvis
455 1418 30 18 för
497 1418 21 17 är
532 1418 53 17 1890.

541 1459 102 21 Transport

680 236 68 21 38,210:
761 246 22 2 —

709 317 39 17 500:
762 327 21 2 —

692 593 55 20 1,100:
761 602 21 2 —
796 597 2 13 ;

797 787 1 13 |

707 818 91 34 750:
763 814 12 43 —
785 814 15 43 |

797 854 1 13 |

690 999 58 21 3,750:
761 1008 21 3 —
797 1022 1 4 |

691 1417 58 20 6,800:
762 1426 22 2 —
798 1423 1 7 |

681 1457 68 21 11,300:
762 1466 22 3 —
798 1471 1 3 ;

860 1447 66 28 35,010!
935 1465 20 2 —

205 183 104 29 —
403 183 126 29 232."
543 183 64 29 ".
613 183 8 29 .—
625 183 30 29 —
685 183 113 29 D.Ö.=v0-—<——"
833 183 136 29 nn.
