1078 1692
206 157 25 19 14
439 156 26 21 U.
481 156 24 21 B.
521 168 28 4 —
565 156 104 21 XXXVI.

175 218 51 27 gvid
249 218 25 21 af
293 218 27 22 de
342 218 58 22 äldre
424 219 73 21 länens
514 219 144 27 obligationer
680 218 88 22 framför
791 218 110 28 placering
924 220 5 20 i

175 253 27 20 de
217 259 43 20 nya
276 253 169 27 obligationerna
459 253 32 21 till
506 253 61 27 lägre
581 254 69 20 ränta.
680 253 72 21 Dessa
764 253 164 27 kapitalbelopp

173 287 63 21 torde
260 287 46 21 dels
328 288 28 20 ha
378 288 70 20 blifvit
471 288 141 26 deponerade
642 289 6 19 i
671 287 116 25 bankerna,
811 287 46 21 dels
880 287 48 21 sökt

174 322 33 26 sig
222 321 70 21 direkt
310 322 110 27 placering
434 323 6 19 i
450 328 43 20 nya
509 322 92 27 företag.

242 356 36 20 De
293 356 89 21 anförda
396 356 186 28 hufvudposterna
598 364 23 13 ur
637 356 181 21 bankstatistiken
834 356 32 21 för
887 355 41 21 den

173 390 32 20 tid
220 390 25 20 af
256 393 33 17 tre
304 391 28 24 är,
344 390 119 21 hvarunder
476 392 124 26 penningen
611 392 54 20 varit
683 390 66 27 billig,
760 391 71 20 utvisa
841 390 87 20 sälunda

240 427 33 17 att
288 424 98 22 tilllödet
400 424 25 21 af
436 425 143 27 insättningar
594 426 6 19 i
616 424 180 28 privatbankerna
811 424 48 20 icke
869 424 58 20 häm-

172 462 56 17 mats
243 465 80 21 genom
338 459 223 27 depositionsräntans
577 459 111 27 sänkning,
706 462 51 18 utan
772 458 94 22 tvärtom
876 458 52 21 fort-

172 492 49 27 gick
237 493 43 20 och
294 493 101 21 särskildt
410 494 22 20 är
450 494 53 26 1889
518 500 39 14 var
573 493 96 27 ovanligt
684 496 66 22 stort;
768 496 55 18 samt

240 530 33 18 att
288 527 100 21 Finlands
404 527 71 21 Banks
490 527 206 27 utläningsförmäga
716 527 76 20 endast
808 526 66 21 under
890 527 37 20 det

172 560 67 22 första
262 561 25 20 af
306 561 161 27 ifrägavarande
487 565 32 17 tre
541 562 23 20 är
584 561 47 21 blef
643 562 70 20 starkt
728 560 87 26 anlitad,
831 568 49 13 men
895 564 32 18 att

171 595 38 21 det
224 595 67 21 under
306 596 51 20 ären
374 596 51 20 1888
441 595 42 21 och
502 596 53 26 1889
568 597 6 19 i
590 595 162 27 öfvervägande
766 595 54 27 grad
835 602 37 13 var
884 596 42 26 pri-

171 629 151 25 vatbankerna,
339 636 47 14 som
400 634 64 23 togos
480 631 6 19 i
501 630 95 27 anspräk
606 630 33 20 för
654 630 37 20 det
702 629 70 21 ökade
783 629 141 25 kreditbehof,

171 670 26 14 en
212 664 88 26 stegrad
315 664 202 21 affärsverksamhet
532 664 57 20 hade
605 664 126 20 framkallat.
748 664 18 26 *)

238 698 10 20 I
270 698 86 20 hvilken
378 699 52 26 grad
449 698 169 28 nedsättningen
633 698 24 21 af
669 698 102 20 Finlands
787 697 71 21 Banks
873 697 52 21 utlä-

170 732 125 27 ningsränta
317 732 92 28 bidragit
430 736 31 18 att
483 736 74 24 stegra
577 732 199 28 företagsamheten
792 733 6 19 i
813 732 110 24 affärerna,

170 766 42 20 kan
234 766 18 27 ej
276 767 50 20 med
346 767 69 20 siffror
430 767 93 21 utredas.
554 767 52 21 Men
621 770 33 17 az
668 770 32 18 ett
716 766 77 21 sådant
808 766 116 26 inflytande

170 804 37 23 egt
230 807 52 18 rum,
299 801 23 20 är
336 801 106 27 naturligt,
459 801 51 21 enär
526 802 37 20 det
576 801 44 27 just
635 808 38 13 var
688 800 234 26 räntenedsättningen,

170 841 47 13 som
232 835 42 26 gaf
285 835 86 26 uttryck
386 836 21 20 åt
423 836 36 20 det
475 835 150 24 förhållandet,
633 838 30 18 att
679 835 68 20 ökadt
762 834 162 27 rörelsekapital

170 868 108 21 förefanns
300 869 41 20 och
357 869 71 20 kunde
442 870 33 20 stå
491 869 198 27 företagsamheten
705 868 32 21 till
751 868 62 21 buds.
842 868 82 21 Härvid

171 902 146 21 medverkade
336 903 32 21 för
391 903 63 27 öfrigt
467 903 80 27 jämväl
562 903 226 28 kapitalmarknadens
803 902 100 27 ställning
918 903 6 19 i

169 936 66 21 andra
257 937 80 25 länder,
359 937 85 21 hvilken
463 937 152 28 möjliggjorde
630 937 127 27 betydande
773 937 149 20 konventerin-

169 979 39 20 gar
222 972 25 21 af
259 973 96 25 statslån,
372 979 47 14 som
433 974 6 19 i
454 974 33 19 sin
501 974 50 19 mån
566 973 92 27 bidrogo
674 976 33 17 att
722 971 145 28 upprätthålla
878 974 46 18 ten-

169 1006 82 21 densen
266 1006 33 21 för
314 1006 35 27 låg
364 1007 99 21 räntefot.

238 1040 116 21 Rörelsens
376 1041 84 21 tillväxt
482 1041 55 26 röjer
560 1043 34 25 sig
615 1041 80 26 jämväl
713 1042 7 19 i
734 1040 102 21 Finlands
852 1039 70 21 Banks

169 1074 169 22 sedelemission.
368 1075 43 21 Vid
429 1076 52 26 1887
491 1076 33 20 års
535 1075 80 28 ingång
627 1076 114 26 uppgingo
752 1075 28 20 de
793 1073 130 28 utelöpande

169 1108 99 21 sedlarna
290 1109 31 21 till
342 1109 54 21 Fmk
417 1109 132 27 39,967,869,
566 1117 49 13 men
630 1109 35 21 ult.
689 1109 47 20 dec.
755 1109 54 26 1889
824 1108 31 21 till
869 1107 54 21 Fmk

170 1143 133 26 55,308,994.
326 1138 10 37 —
342 1143 188 28 ,Sedelstocken*,
554 1144 21 20 d.
599 1144 18 21 ä.
634 1144 27 20 de
677 1143 132 27 utelöpande
825 1142 98 21 sedlarna

168 1177 50 20 med
233 1177 77 28 tillägg
324 1178 26 20 af
360 1178 98 21 Bankens
474 1178 68 27 öfriga
564 1179 13 20 å
592 1180 56 19 vista
664 1177 147 25 förbindelser,
827 1176 96 28 uppgick

169 1212 12 19 å
203 1211 93 21 nämnda
318 1212 125 27 tidpunkter
465 1212 30 21 till
517 1219 58 21 resp.
598 1213 54 20 Fmk
667 1216 129 22 49,035,027
812 1211 42 21 och
868 1211 55 20 Fmk

168 1245 135 27 63,251,956.

237 1315 34 16 För
290 1317 22 14 att
332 1315 98 21 möjliggöra
449 1321 20 10 en
487 1316 99 21 fullständig
604 1315 93 16 öfverblick
710 1315 18 16 af
738 1314 130 17 bankrörelsens
881 1313 41 16 fort-

168 1342 45 21 gång
224 1343 5 16 i
242 1343 40 16 dess
294 1343 46 16 olika
351 1349 58 15 grenar
421 1343 72 17 alltifrån
506 1345 33 15 den
551 1344 30 21 tid,
590 1343 21 17 då
623 1344 82 15 Finlands
718 1343 48 16 Bank
774 1343 36 15 blef
819 1342 43 16 stäld
871 1342 51 15 under

169 1371 101 16 Ständernas
283 1371 85 20 inseende,
384 1373 29 15 har
425 1373 86 16 Utskottet
524 1373 80 20 uppgjort
616 1373 32 16 och
662 1372 25 16 till
700 1372 46 15 detta
757 1371 107 16 betänkande
876 1370 46 20 fogat

168 1399 92 16 statistiska
277 1400 70 17 tabeller
364 1401 106 21 upptagande
486 1401 81 21 jämsides
585 1401 80 16 Finlands
684 1400 58 16 Banks
760 1399 32 16 och
807 1399 6 16 i
825 1404 21 11 en
859 1403 63 11 summa

168 1427 77 22 samtliga
257 1429 126 20 privatbankers
395 1429 131 16 bokslutssiffror
544 1429 26 16 för
581 1429 33 16 alla
626 1429 81 21 vigtigare
720 1428 43 16 titlar
776 1427 40 16 eller
828 1426 93 21 räkningar,

167 1465 23 2 —
202 1456 30 16 allt
243 1457 6 15 i
262 1457 73 21 enlighet
348 1458 38 16 med
397 1458 94 16 bankernas
504 1458 64 21 tryckta
581 1457 129 17 årsberättelser.

236 1489 144 19 Bankutskottets
393 1491 110 18 betänkande
514 1492 36 16 N:o
562 1491 15 17 1.
