1078 1692
227 140 13 20 2
553 138 49 21 XXI

198 206 110 22 byggnaden
321 205 41 19 från
376 206 86 18 Kouvola
475 206 69 18 station
558 205 11 19 &
581 205 154 19 Riihimäki—S:t
747 205 121 23 Petersburgs
876 206 78 23 jernväg

198 240 28 18 till
241 240 73 22 Kuopio
326 241 41 17 stad
380 241 93 18 utfärdats
487 240 255 22 statskassaförskrifningar,
756 240 79 23 lydande
847 240 11 18 &
872 242 36 21 120,
918 243 34 17 240

199 275 34 17 och
246 276 35 16 600
298 276 57 20 mark,
374 274 11 19 å
403 276 137 22 sammanlagdt
552 276 67 22 belopp
633 275 20 17 af
664 275 92 21 3,999,960
768 275 58 21 mark,
840 275 64 19 hvilka
916 276 38 18 för-

199 310 115 22 skrifningar
327 310 42 22 löpa
381 310 41 18 med
435 311 9 17 3
453 311 14 21 %
488 312 54 16 ränta
555 310 34 18 och
602 310 70 18 inlösas
685 310 34 18 den
735 311 6 16 1
757 310 83 18 Oktober
854 311 48 17 1891.

268 344 68 18 Genom
355 344 116 18 tillkomsten
492 345 20 17 af
529 344 52 18 detta
597 343 30 19 lån
645 346 48 16 samt
704 344 6 17 i
723 344 47 23 följd
784 344 20 18 af
815 344 80 18 nämnda
908 345 44 17 kon-

199 378 93 19 vertering
304 378 94 18 äfvensom
412 378 59 22 årliga
483 378 135 23 amorteringar
627 378 10 18 å
646 379 22 17 de
678 378 51 18 äldre
739 378 102 18 statslänen
855 379 34 17 har
897 381 55 16 stats-

199 412 85 21 skulden,
301 412 81 23 jemförd
400 413 42 17 med
456 412 127 18 förhållandet
595 413 36 17 den
646 415 6 15 1
666 413 79 17 Januari
759 414 48 20 1837,
820 412 48 18 intill
882 418 71 13 samma

199 446 35 23 dag
248 448 44 17 1890
305 447 105 18 förändrats
424 446 20 19 så
457 450 28 15 att
497 448 107 17 densamma
617 448 95 22 utgjorde:

653 512 41 17 Den
709 513 6 15 1
730 512 41 17 Jan.
825 512 40 17 Den
880 513 6 15 1
901 511 44 18 Jan.

689 542 49 31 1887.
856 547 48 17 1890.

199 580 17 21 a)
230 580 87 18 Inhemsk
331 581 109 21 statsskuld,
453 580 101 19 bestående
567 580 26 18 af:

230 616 31 16 1:0.
280 614 233 24 Statskassaobligationer
526 616 11 16 &
550 616 31 22 3%/,
589 616 20 22 %,

280 649 74 22 Kapital
368 650 34 17 och
418 651 54 16 ränta
489 663 4 4 .
518 664 3 3 .
547 663 3 4 .
576 663 3 4 .
604 663 3 3 -
684 651 55 20 7,182:
753 651 27 16 40.
855 650 55 20 6,867:
924 650 27 16 20.

228 685 33 16 2:0.
280 684 28 17 De
326 684 30 17 för
374 684 72 18 inlösen
466 684 20 18 af
503 684 106 18 donations-

281 718 45 22 gods
340 718 44 18 ären
399 720 48 17 1872,
461 719 50 21 1873,
521 720 44 16 1875
574 719 35 17 och

284 754 42 16 1880
335 752 98 18 utfärdade
442 753 167 23 läneobligationer

281 787 11 17 a
304 788 67 22 4'/,”/,,
384 788 68 17 hvaraf
463 788 84 17 återstod
560 788 5 17 i
578 788 31 17 ka-

281 822 47 21 pital
337 824 48 15 samt
394 822 113 22 utelöpande
514 822 94 20 förfallna,

281 861 41 12 men
335 856 16 22 ej
362 856 69 17 inlösta
441 856 124 22 obligationer
574 856 34 17 och

281 890 96 23 kuponger
402 904 3 4 .
431 904 3 3 .
460 904 3 4 .
489 904 2 3 .
644 891 96 20 8,513,025:
754 891 26 16 50.
817 890 94 20 —7,958,087:
934 900 8 1 -—

226 924 34 17 3:0.
282 923 112 19 Utestäende
406 924 21 18 af
434 925 23 17 de
465 925 29 17 till
502 925 106 17 Kommuni-

281 955 148 32 kationsfondens
439 955 169 32 förstärkandeun-

281 993 33 17 der
322 993 21 17 är
353 994 44 17 1888
404 993 99 18 utfärdade
510 994 33 23 3%/,
551 993 57 18 Stats-

282 1027 202 24 kassaförskrifningar
499 1029 58 22 jemte
573 1028 35 17 för-

281 1062 58 17 fallna
351 1062 113 23 kuponger
461 1058 14 32 .
489 1076 4 3 .
519 1075 3 4 .
548 1075 3 4 .
679 1073 17 2 =
817 1061 93 21 1,807,539:
924 1061 27 16 60.

198 1095 17 23 0)
228 1096 38 17 Det
285 1096 5 17 i
309 1097 93 22 Ryssland
421 1097 21 18 år
459 1097 42 17 1859
515 1075 95 44 äppäää

281 1130 30 18 län
330 1131 11 18 &
360 1133 91 20 4,000,000
469 1131 53 17 rubel
541 1131 11 17 &
570 1131 39 22 4%,

281 1165 68 18 hvaraf
372 1164 11 19 &
406 1165 128 18 Statsverkets
555 1165 54 18 andel

281 1199 82 18 återstod
369 1200 59 23 jemte
435 1199 112 23 utelöpande
554 1199 55 18 utlot-

280 1234 43 17 tade
336 1234 125 23 obligationer
473 1234 34 17 och
521 1233 89 18 förfallna

281 1269 103 22 kuponger,
403 1269 59 22 enligt
478 1268 132 23 ursprungliga

280 1303 93 18 nominela
386 1303 77 18 värdet.
491 1317 1 2 .
517 1317 3 2 .
548 1317 2 2 .
575 1316 4 4 .
605 1316 2 3 .
644 1303 95 20 4,874,160:
759 1312 11 1 —
816 1301 96 21 4,278,760:
925 1311 21 2 —

198 1338 16 21 ce)
229 1338 38 17 Det
285 1343 64 17 genom
376 1337 119 18 Bankfirman
520 1343 34 12 von
576 1337 33 17 Er-

282 1372 64 22 langer
364 1372 16 17 &
398 1373 63 17 Söhne
473 1371 21 18 är
508 1373 44 16 1868
565 1377 44 17 upp-

282 1409 56 20 tagna
362 1407 102 22 premielän
489 1407 10 17 ä
519 1407 92 20 2,400,000

507 1447 103 22 Transport
635 1445 105 22 13,394.367:
754 1446 27 16 90.
807 1444 105 21 14,051,253:
926 1444 26 16 80.
