1078 1692
26 1432 26 37 p

464 145 56 21 XXV

107 236 215 21 Kommunikations-

163 271 91 27 fonden.
359 280 1 15 i
498 270 294 28 Kommunikationsfonden.

99 316 34 18 Att
151 316 34 18 den
204 317 27 18 uti
246 316 104 18 relationen
404 316 60 18 Sedan
483 316 41 18 frän
541 316 34 18 och
588 316 43 18 med
643 317 21 17 &r
678 317 44 17 1886
734 316 93 18 särskilda
839 316 79 22 kapital-

76 350 89 23 ingående
189 353 64 21 posten
281 351 190 23 *netto-|räkningar
484 351 51 17 öfver
548 351 247 18 Kommunikationsfonden
808 352 110 21 upprättats,

77 386 82 17 inkomst
171 386 20 18 af
202 386 86 22 samtliga
296 387 54 16 stats-
359 381 9 31 |
370 386 27 17 uti
416 386 64 17 hvilka
498 386 41 17 icke
558 386 53 21 blott,
631 385 61 19 säsom
708 386 27 18 uti
748 386 22 17 de
782 385 79 23 tidigare
874 390 45 17 upp-

75 420 110 23 jernvägar"
206 420 41 18 icke
268 420 167 23 angifver|gjorda
448 420 126 18 relationerna
587 420 52 18 öfver
650 420 81 18 nämnda
744 420 50 22 fond,
803 420 116 18 observerats

78 454 53 18 dessa
143 455 68 17 banors
222 455 84 22 verkliga
314 455 37 17 tra-
359 450 9 32 |
371 455 144 18 statskontorets
536 455 120 23 redovisning
680 455 52 18 öfver

756 455 78 17 fondens
855 454 64 21 medel,

77 488 112 22 fikresultat,
210 490 6 16 i
234 490 46 22 följd
300 488 116 20 deraf!utan
432 490 54 18 äfven
499 490 181 23 statsjernvägarnes
692 490 133 22 räkenskaper,
838 489 21 17 så
871 488 48 18 med-

78 524 45 17 att
122 518 12 34 i
140 524 212 18 kommunikationsfon-
360 518 9 34 |
371 525 51 18 delas
441 525 104 18 Ständerna
563 526 28 16 uti
609 525 128 22 föreliggande
750 524 79 18 relation
842 522 78 19 berörda

78 558 45 17 dens
143 558 128 22 räkenskaper
287 558 67 18 endast
370 560 175 23 |kapitalräkningar
557 560 30 18 för
599 560 44 18 åren
657 560 96 17 1887—89.

79 592 22 18 de
119 592 30 18 till
169 592 139 18 Statskontoret
320 595 43 24 un-
355 588 12 35 |

79 626 33 18 der
124 626 41 18 året
177 627 79 18 faktiskt
264 625 99 27 inlevere-
357 621 10 35 |

78 660 45 18 rade
139 661 116 18 trafikmedel
268 662 95 17 observe-
359 656 9 32 |

79 700 30 12 ras
128 694 60 19 såsom
204 696 49 18 årets
265 696 89 21 inkomst,

79 734 42 12 men
145 730 83 18 deremot
251 731 41 17 icke
315 733 39 15 ute-

80 764 75 17 stående
172 764 71 18 frakter
256 770 22 12 m.
291 764 18 18 fl.
323 765 31 22 dy-

80 798 39 18 lika
143 798 106 23 tillgångar;
274 799 35 17 och
332 799 23 17 då

82 832 53 18 dessa
153 833 115 18 sistnämnda
281 825 83 30 tillgän-!

82 872 33 17 gar
127 867 103 18 emellertid
242 867 44 23 ingå
296 868 27 17 uti
333 868 22 18 de
364 880 1 11 |

82 900 11 18 å
110 901 180 24 jernvägsstyrelsen
311 889 41 40 upp-
359 893 6 22 |

81 935 66 24 gjorda
160 936 80 21 bokslut,
258 937 62 18 såsom
333 943 32 13 en
355 931 14 32 |

82 971 81 17 inkomst
175 971 30 17 för
217 971 31 18 det
260 970 26 22 år,
302 971 63 27 hvar-|

83 1005 58 17 under
154 1005 54 18 dessa
220 1005 72 18 frakter
302 1011 22 12 m.
332 1011 23 13 m.
364 1003 1 3 |

82 1039 94 23 intjenats,
190 1039 67 23 uppstä
267 1040 88 23 betydan-
364 1040 1 25 |

83 1073 22 18 de
129 1074 151 22 skiljaktigheter
300 1066 65 26 emel-
357 1062 11 39 |

82 1108 31 18 lan
126 1109 178 22 statsjernvägarnes
320 1106 45 21 och
356 1102 14 34 |

82 1143 250 18 kommunikationsfondens

81 1177 134 22 räkenskaper.

118 1265 201 34 Bränvinsskatten.
550 1269 202 21 Bränvinsskatten.

105 1315 34 17 Att
163 1314 101 22 Utskottet,
288 1315 68 18 beträf-
409 1315 37 18 Vid
459 1315 130 23 uppgörandet
601 1315 20 18 af
633 1315 22 18 de
667 1315 107 22 lagförslag,
782 1313 94 24 angäende
889 1313 37 18 till-

82 1349 55 18 fande
161 1349 153 18 handhafvandet
338 1349 129 24 af|verkning
479 1350 35 17 och
527 1349 112 23 försäljning
651 1349 20 18 af
684 1349 84 21 bränvin,
784 1349 77 17 hvarom
870 1346 56 23 nådig

82 1383 106 18 kontrollen
205 1383 51 18 öfver
272 1383 84 18 tillverk-|
375 1384 117 23 proposition
511 1384 104 23 förelägges
635 1383 109 21 Ständerna,
763 1385 21 16 är
801 1382 89 18 behofvet
908 1381 20 18 af

82 1417 45 22 ning
151 1418 34 17 och
209 1417 111 24 försäljning
338 1418 104 23 af|skärpt
453 1419 83 17 kontroll
549 1418 95 18 beaktadt.

82 1451 83 22 bränvin,
190 1454 46 16 trott
261 1453 28 22 sig
312 1452 46 18 böra
