1078 1692
845 140 25 18 93

147 208 133 31 Suppleant
298 208 104 23 erhåller
422 208 73 23 under
514 208 239 31 tjenstgöringstiden
769 208 35 23 för
816 208 84 31 hvarje

146 242 46 32 dag
218 242 88 24 femton
334 242 76 30 mark,
437 250 36 15 om
500 242 50 23 han
568 244 27 21 är
613 242 8 23 i
642 242 154 31 Helsingfors
815 242 85 24 boende

147 278 62 22 samt
226 277 9 23 i
253 276 113 24 händelse
384 276 49 23 han
452 276 41 24 bor
512 276 163 29 annorstädes,
694 276 70 32 tjugu
782 276 68 23 mark
864 276 37 23 för

147 310 76 32 dagen
246 310 43 24 och
310 310 75 24 sådan
404 310 137 32 ersättning
558 310 36 24 för
612 310 220 30 resekostnaderna,
851 318 50 16 som

147 344 26 24 de
191 345 9 23 i
218 345 73 31 fjerde
319 344 98 24 klassen
443 344 24 24 af
489 344 112 32 gällande
628 344 195 32 resereglemente
841 352 59 24 upp-

146 381 72 29 tagne
245 379 151 23 embetsmän.
432 378 102 24 Revisor
557 379 8 23 i
584 378 102 24 Banken
713 379 87 23 undfär
823 378 78 24 trettio

147 413 70 23 mark
235 413 36 23 för
289 413 85 31 hvarje
393 413 46 31 dag
457 415 69 27 samt,
545 412 55 24 ifall
618 413 50 23 han
687 413 41 23 bor
741 414 14 22 å
768 421 80 15 annan
860 415 41 23 ort,

146 447 135 31 ersättning
299 447 35 23 för
353 447 212 23 resekostnaderna
584 447 77 31 enligt
680 447 125 23 enahanda
817 447 84 31 grund,

146 488 51 17 som
222 481 239 31 Bankfullmäktiges
489 481 134 31 suppleant.
664 480 76 25 Dessa
768 482 134 31 aflöningar

147 516 42 23 och
211 515 101 32 utgifter
331 516 118 23 anordnas
468 516 8 23 i
495 515 86 32 vanlig
599 515 103 32 ordning
720 516 37 23 till
778 516 124 31 betalning

146 557 29 16 ur
201 549 108 24 Banken.
345 550 113 23 Derifrän
480 551 60 30 utgä
561 549 42 24 ock
623 549 175 25 sekreterarens
817 550 85 24 arvode

146 586 63 21 samt
234 592 148 23 expenserna
409 584 36 23 för
471 583 241 32 Bankfullmäktiges
741 584 44 24 och
802 584 98 24 Reviso-

146 626 81 16 rernes
247 618 82 24 kansli
348 618 39 23 till
406 618 37 23 det
461 618 90 31 belopp,
571 626 49 15 som
640 618 24 23 af
683 618 51 24 dem
746 618 85 32 sjelfve
844 618 58 24 efter

147 652 221 32 omständighetena
397 655 110 21 närmare
534 652 148 24 bestämmes.
726 652 46 24 För
798 653 44 23 den
867 652 35 24 tid

146 686 214 32 Bankfullmäktig
390 686 103 31 åtnjuter
523 686 105 32 ledighet
654 686 43 24 och
723 687 127 23 företrädes
878 686 24 24 af

147 720 127 32 suppleant
293 720 135 24 innehälles
447 721 167 23 motsvarande
633 720 37 24 del
690 721 24 23 af
732 721 62 24 hans
811 721 91 29 arvode,

147 754 131 24 beräknadt
297 755 57 23 efter
373 757 113 21 sextusen
505 755 70 23 mark
593 762 37 16 om
651 756 55 22 äret.

215 788 45 24 Det
289 789 53 30 alle,
364 796 50 16 som
431 789 120 29 vederbör,
570 789 39 23 till
627 789 149 32 underdänig
794 789 107 23 efterrät-

146 823 59 23 telse
223 823 89 23 länder.
347 823 162 31 Helsingfors,
527 823 45 23 den
593 824 34 30 15
641 824 104 23 Januari
766 824 71 23 1883.

161 879 83 32 Enligt
263 879 81 24 Hans
363 879 172 32 Kejserliga
554 879 158 31 Majestäts
731 880 59 31 Eget
808 879 77 24 beslut

353 919 43 24 och
414 919 9 23 i
441 919 60 24 Dess
520 919 71 32 Höga
609 919 88 30 Namn,

255 958 61 24 Dess
335 959 179 23 tillförordnade
533 958 74 24 Senat
625 959 36 23 för
679 959 117 24 Finland:

260 1128 136 25 Kejserliga
416 1129 121 20 Senatens
556 1129 36 20 för
612 1129 104 20 Finland
733 1129 58 24 bref,

163 1172 97 25 angäende
279 1173 110 20 inrättande
408 1175 25 24 af
449 1177 24 17 ett
491 1175 120 19 bankkontor
629 1175 8 19 i
656 1175 87 19 Joensuu
762 1175 42 19 stad
821 1181 26 13 m.
865 1181 27 13 m.

238 1218 110 26 Utfärdadt,
362 1219 6 19 i
384 1219 131 26 Helsingfors,
531 1220 38 19 den
586 1221 26 18 14
627 1219 112 20 November
755 1221 60 19 1883.

250 1275 10 20 I
281 1275 64 20 Hans
361 1276 133 25 Kejserliga
514 1277 128 25 Majestäts
661 1277 55 25 Höga
731 1277 70 24 Namn,

386 1310 51 19 Dess
453 1310 61 20 Senat
530 1311 29 19 för
574 1311 91 19 Finland:

296 1353 38 20 Till
349 1355 94 19 Finlands
459 1355 95 20 Ständers
570 1355 186 26 Bankfullmäktige.

216 1416 10 19 I
240 1416 127 25 underdänig
383 1417 104 20 skrifvelse
502 1418 29 19 för
545 1418 39 19 den
601 1418 26 19 12
643 1418 93 19 sistlidhe
758 1417 86 20 Oktober
865 1418 39 19 ha-

148 1449 39 14 ven
202 1443 9 20 I
225 1443 26 26 pä
266 1445 82 19 anförda
363 1445 43 20 skäl
421 1445 36 20 hos
473 1445 110 26 Kejserliga
597 1446 86 19 Senaten
702 1447 106 23 hemställt,
830 1447 29 18 att
874 1447 29 18 ett
