<?xml version="1.0" encoding="UTF-8"?>
<alto xmlns="http://www.loc.gov/standards/alto/ns-v3#" xmlns:xlink="http://www.w3.org/1999/xlink" xmlns:xsi="http://www.w3.org/2001/XMLSchema-instance" xsi:schemaLocation="http://www.loc.gov/standards/alto/ns-v3# http://www.loc.gov/alto/v3/alto-3-0.xsd">
	<Description>
		<MeasurementUnit>pixel</MeasurementUnit>
		<sourceImageInformation>
			<fileName>/tmp/tess__kag2fxp_input.PNG</fileName>
		</sourceImageInformation>
		<OCRProcessing ID="OCR_0">
			<ocrProcessingStep>
				<processingSoftware>
					<softwareName>tesseract 5.3.4</softwareName>
				</processingSoftware>
			</ocrProcessingStep>
		</OCRProcessing>
	</Description>
	<Layout>
		<Page WIDTH="1078" HEIGHT="1692" PHYSICAL_IMG_NR="0" ID="page_0">
			<PrintSpace HPOS="0" VPOS="0" WIDTH="1078" HEIGHT="1692">
				<ComposedBlock ID="cblock_0" HPOS="225" VPOS="155" WIDTH="41" HEIGHT="20">
					<TextBlock ID="block_0" HPOS="225" VPOS="155" WIDTH="41" HEIGHT="20">
						<TextLine ID="line_0" HPOS="225" VPOS="155" WIDTH="41" HEIGHT="20">
							<String ID="string_0" HPOS="225" VPOS="155" WIDTH="41" HEIGHT="20" WC="0.95" CONTENT="112"/>
						</TextLine>
					</TextBlock>
				</ComposedBlock>
				<ComposedBlock ID="cblock_1" HPOS="194" VPOS="224" WIDTH="661" HEIGHT="82">
					<TextBlock ID="block_1" HPOS="194" VPOS="224" WIDTH="661" HEIGHT="82">
						<TextLine ID="line_1" HPOS="296" VPOS="224" WIDTH="559" HEIGHT="32">
							<String ID="string_1" HPOS="296" VPOS="224" WIDTH="142" HEIGHT="24" WC="0.95" CONTENT="Kontoret"/><SP WIDTH="18" VPOS="224" HPOS="438"/>
							<String ID="string_2" HPOS="456" VPOS="225" WIDTH="9" HEIGHT="23" WC="0.95" CONTENT="i"/><SP WIDTH="18" VPOS="225" HPOS="465"/>
							<String ID="string_3" HPOS="483" VPOS="224" WIDTH="170" HEIGHT="32" WC="0.93" CONTENT="Jyväskylä"/><SP WIDTH="19" VPOS="224" HPOS="653"/>
							<String ID="string_4" HPOS="672" VPOS="224" WIDTH="183" HEIGHT="32" WC="0.92" CONTENT="(provisionelt)."/>
						</TextLine>
						<TextLine ID="line_2" HPOS="194" VPOS="280" WIDTH="457" HEIGHT="26">
							<String ID="string_5" HPOS="194" VPOS="280" WIDTH="64" HEIGHT="25" WC="0.96" CONTENT="Lika"/><SP WIDTH="17" VPOS="280" HPOS="258"/>
							<String ID="string_6" HPOS="275" VPOS="281" WIDTH="53" HEIGHT="24" WC="0.96" CONTENT="med"/><SP WIDTH="17" VPOS="281" HPOS="328"/>
							<String ID="string_7" HPOS="345" VPOS="280" WIDTH="108" HEIGHT="25" WC="0.96" CONTENT="kontoret"/><SP WIDTH="18" VPOS="280" HPOS="453"/>
							<String ID="string_8" HPOS="471" VPOS="281" WIDTH="8" HEIGHT="24" WC="0.96" CONTENT="i"/><SP WIDTH="19" VPOS="281" HPOS="479"/>
							<String ID="string_9" HPOS="498" VPOS="280" WIDTH="38" HEIGHT="26" WC="0.96" CONTENT="S:t"/><SP WIDTH="17" VPOS="280" HPOS="536"/>
							<String ID="string_10" HPOS="553" VPOS="281" WIDTH="98" HEIGHT="25" WC="0.94" CONTENT="Michel."/>
						</TextLine>
					</TextBlock>
				</ComposedBlock>
				<ComposedBlock ID="cblock_2" HPOS="193" VPOS="344" WIDTH="660" HEIGHT="76">
					<TextBlock ID="block_2" HPOS="193" VPOS="344" WIDTH="660" HEIGHT="76">
						<TextLine ID="line_3" HPOS="292" VPOS="344" WIDTH="561" HEIGHT="32">
							<String ID="string_11" HPOS="292" VPOS="344" WIDTH="150" HEIGHT="24" WC="0.95" CONTENT="Kontoret"/><SP WIDTH="17" VPOS="344" HPOS="442"/>
							<String ID="string_12" HPOS="459" VPOS="344" WIDTH="10" HEIGHT="24" WC="0.93" CONTENT="i"/><SP WIDTH="18" VPOS="344" HPOS="469"/>
							<String ID="string_13" HPOS="487" VPOS="344" WIDTH="164" HEIGHT="24" WC="0.92" CONTENT="Sordavala"/><SP WIDTH="19" VPOS="344" HPOS="651"/>
							<String ID="string_14" HPOS="670" VPOS="344" WIDTH="183" HEIGHT="32" WC="0.92" CONTENT="(provisionelt)."/>
						</TextLine>
						<TextLine ID="line_4" HPOS="193" VPOS="395" WIDTH="457" HEIGHT="25">
							<String ID="string_15" HPOS="193" VPOS="395" WIDTH="64" HEIGHT="24" WC="0.96" CONTENT="Lika"/><SP WIDTH="18" VPOS="395" HPOS="257"/>
							<String ID="string_16" HPOS="275" VPOS="395" WIDTH="52" HEIGHT="24" WC="0.96" CONTENT="med"/><SP WIDTH="18" VPOS="395" HPOS="327"/>
							<String ID="string_17" HPOS="345" VPOS="395" WIDTH="107" HEIGHT="25" WC="0.96" CONTENT="kontoret"/><SP WIDTH="18" VPOS="395" HPOS="452"/>
							<String ID="string_18" HPOS="470" VPOS="396" WIDTH="9" HEIGHT="23" WC="0.96" CONTENT="i"/><SP WIDTH="19" VPOS="396" HPOS="479"/>
							<String ID="string_19" HPOS="498" VPOS="395" WIDTH="37" HEIGHT="25" WC="0.96" CONTENT="S:t"/><SP WIDTH="18" VPOS="395" HPOS="535"/>
							<String ID="string_20" HPOS="553" VPOS="396" WIDTH="97" HEIGHT="24" WC="0.94" CONTENT="Michel."/>
						</TextLine>
					</TextBlock>
				</ComposedBlock>
				<ComposedBlock ID="cblock_3" HPOS="193" VPOS="458" WIDTH="758" HEIGHT="204">
					<TextBlock ID="block_3" HPOS="193" VPOS="458" WIDTH="758" HEIGHT="204">
						<TextLine ID="line_5" HPOS="263" VPOS="458" WIDTH="687" HEIGHT="25">
							<String ID="string_21" HPOS="263" VPOS="459" WIDTH="78" HEIGHT="23" WC="0.91" CONTENT="Anm."/><SP WIDTH="38" VPOS="459" HPOS="341"/>
							<String ID="string_22" HPOS="379" VPOS="459" WIDTH="19" HEIGHT="24" WC="0.93" CONTENT="1."/><SP WIDTH="36" VPOS="459" HPOS="398"/>
							<String ID="string_23" HPOS="434" VPOS="458" WIDTH="43" HEIGHT="25" WC="0.96" CONTENT="Om"/><SP WIDTH="19" VPOS="458" HPOS="477"/>
							<String ID="string_24" HPOS="496" VPOS="459" WIDTH="40" HEIGHT="24" WC="0.90" CONTENT="till"/><SP WIDTH="26" VPOS="459" HPOS="536"/>
							<String ID="string_25" HPOS="562" VPOS="458" WIDTH="236" HEIGHT="25" WC="0.90" CONTENT="bankkommissarie"/><SP WIDTH="26" VPOS="458" HPOS="798"/>
							<String ID="string_26" HPOS="824" VPOS="459" WIDTH="40" HEIGHT="24" WC="0.92" CONTENT="vid"/><SP WIDTH="27" VPOS="459" HPOS="864"/>
							<String ID="string_27" HPOS="891" VPOS="459" WIDTH="59" HEIGHT="24" WC="0.90" CONTENT="kon-"/>
						</TextLine>
						<TextLine ID="line_6" HPOS="194" VPOS="492" WIDTH="756" HEIGHT="32">
							<String ID="string_28" HPOS="194" VPOS="495" WIDTH="68" HEIGHT="22" WC="0.92" CONTENT="toren"/><SP WIDTH="27" VPOS="495" HPOS="262"/>
							<String ID="string_29" HPOS="289" VPOS="493" WIDTH="9" HEIGHT="23" WC="0.96" CONTENT="i"/><SP WIDTH="18" VPOS="493" HPOS="298"/>
							<String ID="string_30" HPOS="316" VPOS="492" WIDTH="38" HEIGHT="25" WC="0.96" CONTENT="S:t"/><SP WIDTH="26" VPOS="492" HPOS="354"/>
							<String ID="string_31" HPOS="380" VPOS="493" WIDTH="97" HEIGHT="31" WC="0.96" CONTENT="Michel,"/><SP WIDTH="26" VPOS="493" HPOS="477"/>
							<String ID="string_32" HPOS="503" VPOS="494" WIDTH="140" HEIGHT="30" WC="0.96" CONTENT="Jyväskylä"/><SP WIDTH="26" VPOS="494" HPOS="643"/>
							<String ID="string_33" HPOS="669" VPOS="494" WIDTH="43" HEIGHT="24" WC="0.93" CONTENT="och"/><SP WIDTH="24" VPOS="494" HPOS="712"/>
							<String ID="string_34" HPOS="736" VPOS="492" WIDTH="132" HEIGHT="26" WC="0.92" CONTENT="Sordavala"/><SP WIDTH="17" VPOS="492" HPOS="868"/>
							<String ID="string_35" HPOS="885" VPOS="496" WIDTH="65" HEIGHT="22" WC="0.96" CONTENT="utses"/>
						</TextLine>
						<TextLine ID="line_7" HPOS="194" VPOS="527" WIDTH="757" HEIGHT="25">
							<String ID="string_36" HPOS="194" VPOS="527" WIDTH="140" HEIGHT="24" WC="0.96" CONTENT="bokhållare"/><SP WIDTH="19" VPOS="527" HPOS="334"/>
							<String ID="string_37" HPOS="353" VPOS="528" WIDTH="9" HEIGHT="23" WC="0.96" CONTENT="i"/><SP WIDTH="18" VPOS="528" HPOS="362"/>
							<String ID="string_38" HPOS="380" VPOS="527" WIDTH="101" HEIGHT="25" WC="0.96" CONTENT="Banken"/><SP WIDTH="19" VPOS="527" HPOS="481"/>
							<String ID="string_39" HPOS="500" VPOS="528" WIDTH="58" HEIGHT="24" WC="0.96" CONTENT="eller"/><SP WIDTH="21" VPOS="528" HPOS="558"/>
							<String ID="string_40" HPOS="579" VPOS="528" WIDTH="87" HEIGHT="24" WC="0.96" CONTENT="kassör"/><SP WIDTH="22" VPOS="528" HPOS="666"/>
							<String ID="string_41" HPOS="688" VPOS="528" WIDTH="42" HEIGHT="24" WC="0.96" CONTENT="vid"/><SP WIDTH="21" VPOS="528" HPOS="730"/>
							<String ID="string_42" HPOS="751" VPOS="528" WIDTH="53" HEIGHT="24" WC="0.96" CONTENT="dess"/><SP WIDTH="27" VPOS="528" HPOS="804"/>
							<String ID="string_43" HPOS="831" VPOS="528" WIDTH="85" HEIGHT="24" WC="0.96" CONTENT="kontor"/><SP WIDTH="26" VPOS="528" HPOS="916"/>
							<String ID="string_44" HPOS="942" VPOS="528" WIDTH="9" HEIGHT="23" WC="0.96" CONTENT="i"/>
						</TextLine>
						<TextLine ID="line_8" HPOS="193" VPOS="561" WIDTH="757" HEIGHT="31">
							<String ID="string_45" HPOS="193" VPOS="561" WIDTH="146" HEIGHT="31" WC="0.96" CONTENT="landsorten,"/><SP WIDTH="27" VPOS="561" HPOS="339"/>
							<String ID="string_46" HPOS="366" VPOS="562" WIDTH="124" HEIGHT="24" WC="0.96" CONTENT="reduceras"/><SP WIDTH="29" VPOS="562" HPOS="490"/>
							<String ID="string_47" HPOS="519" VPOS="562" WIDTH="97" HEIGHT="25" WC="0.96" CONTENT="arvodet"/><SP WIDTH="27" VPOS="562" HPOS="616"/>
							<String ID="string_48" HPOS="643" VPOS="562" WIDTH="36" HEIGHT="24" WC="0.93" CONTENT="för"/><SP WIDTH="21" VPOS="562" HPOS="679"/>
							<String ID="string_49" HPOS="700" VPOS="562" WIDTH="250" HEIGHT="24" WC="0.92" CONTENT="bankkommissarien"/>
						</TextLine>
						<TextLine ID="line_9" HPOS="193" VPOS="596" WIDTH="758" HEIGHT="33">
							<String ID="string_50" HPOS="193" VPOS="596" WIDTH="41" HEIGHT="24" WC="0.93" CONTENT="till"/><SP WIDTH="18" VPOS="596" HPOS="234"/>
							<String ID="string_51" HPOS="252" VPOS="596" WIDTH="74" HEIGHT="31" WC="0.91" CONTENT="4,800"/><SP WIDTH="19" VPOS="596" HPOS="326"/>
							<String ID="string_52" HPOS="345" VPOS="596" WIDTH="70" HEIGHT="24" WC="0.96" CONTENT="mark"/><SP WIDTH="18" VPOS="596" HPOS="415"/>
							<String ID="string_53" HPOS="433" VPOS="597" WIDTH="42" HEIGHT="24" WC="0.96" CONTENT="och"/><SP WIDTH="22" VPOS="597" HPOS="475"/>
							<String ID="string_54" HPOS="497" VPOS="597" WIDTH="91" HEIGHT="24" WC="0.92" CONTENT="således"/><SP WIDTH="22" VPOS="597" HPOS="588"/>
							<String ID="string_55" HPOS="610" VPOS="597" WIDTH="129" HEIGHT="24" WC="0.91" CONTENT="kontorens"/><SP WIDTH="25" VPOS="597" HPOS="739"/>
							<String ID="string_56" HPOS="764" VPOS="597" WIDTH="122" HEIGHT="32" WC="0.92" CONTENT="utgiftstat"/><SP WIDTH="25" VPOS="597" HPOS="886"/>
							<String ID="string_57" HPOS="911" VPOS="596" WIDTH="40" HEIGHT="24" WC="0.96" CONTENT="till"/>
						</TextLine>
						<TextLine ID="line_10" HPOS="196" VPOS="631" WIDTH="184" HEIGHT="31">
							<String ID="string_58" HPOS="196" VPOS="631" WIDTH="90" HEIGHT="31" WC="0.92" CONTENT="10,400"/><SP WIDTH="18" VPOS="631" HPOS="286"/>
							<String ID="string_59" HPOS="304" VPOS="631" WIDTH="76" HEIGHT="24" WC="0.96" CONTENT="mark."/>
						</TextLine>
					</TextBlock>
				</ComposedBlock>
				<ComposedBlock ID="cblock_4" HPOS="194" VPOS="676" WIDTH="756" HEIGHT="197">
					<TextBlock ID="block_4" HPOS="194" VPOS="676" WIDTH="756" HEIGHT="197">
						<TextLine ID="line_11" HPOS="263" VPOS="676" WIDTH="687" HEIGHT="33">
							<String ID="string_60" HPOS="263" VPOS="677" WIDTH="80" HEIGHT="23" WC="0.95" CONTENT="Anm."/><SP WIDTH="20" VPOS="677" HPOS="343"/>
							<String ID="string_61" HPOS="363" VPOS="676" WIDTH="20" HEIGHT="25" WC="0.91" CONTENT="2."/><SP WIDTH="36" VPOS="676" HPOS="383"/>
							<String ID="string_62" HPOS="419" VPOS="677" WIDTH="168" HEIGHT="32" WC="0.91" CONTENT="Registratorn"/><SP WIDTH="18" VPOS="677" HPOS="587"/>
							<String ID="string_63" HPOS="605" VPOS="677" WIDTH="10" HEIGHT="23" WC="0.96" CONTENT="i"/><SP WIDTH="18" VPOS="677" HPOS="615"/>
							<String ID="string_64" HPOS="633" VPOS="676" WIDTH="102" HEIGHT="25" WC="0.95" CONTENT="Banken"/><SP WIDTH="18" VPOS="676" HPOS="735"/>
							<String ID="string_65" HPOS="753" VPOS="677" WIDTH="145" HEIGHT="23" WC="0.93" CONTENT="tillkommer"/><SP WIDTH="18" VPOS="677" HPOS="898"/>
							<String ID="string_66" HPOS="916" VPOS="676" WIDTH="34" HEIGHT="24" WC="0.92" CONTENT="ef-"/>
						</TextLine>
						<TextLine ID="line_12" HPOS="194" VPOS="710" WIDTH="756" HEIGHT="33">
							<String ID="string_67" HPOS="194" VPOS="713" WIDTH="36" HEIGHT="22" WC="0.96" CONTENT="ter"/><SP WIDTH="18" VPOS="713" HPOS="230"/>
							<String ID="string_68" HPOS="248" VPOS="711" WIDTH="48" HEIGHT="24" WC="0.96" CONTENT="fem"/><SP WIDTH="18" VPOS="711" HPOS="296"/>
							<String ID="string_69" HPOS="314" VPOS="710" WIDTH="43" HEIGHT="25" WC="0.96" CONTENT="och"/><SP WIDTH="19" VPOS="710" HPOS="357"/>
							<String ID="string_70" HPOS="376" VPOS="712" WIDTH="32" HEIGHT="23" WC="0.96" CONTENT="tio"/><SP WIDTH="19" VPOS="712" HPOS="408"/>
							<String ID="string_71" HPOS="427" VPOS="713" WIDTH="38" HEIGHT="22" WC="0.93" CONTENT="års"/><SP WIDTH="20" VPOS="713" HPOS="465"/>
							<String ID="string_72" HPOS="485" VPOS="711" WIDTH="124" HEIGHT="32" WC="0.87" CONTENT="oförvitlig"/><SP WIDTH="17" VPOS="711" HPOS="609"/>
							<String ID="string_73" HPOS="626" VPOS="712" WIDTH="74" HEIGHT="31" WC="0.92" CONTENT="tjenst"/><SP WIDTH="22" VPOS="712" HPOS="700"/>
							<String ID="string_74" HPOS="722" VPOS="712" WIDTH="125" HEIGHT="23" WC="0.93" CONTENT="enahanda"/><SP WIDTH="21" VPOS="712" HPOS="847"/>
							<String ID="string_75" HPOS="868" VPOS="711" WIDTH="82" HEIGHT="24" WC="0.91" CONTENT="tillök-"/>
						</TextLine>
						<TextLine ID="line_13" HPOS="194" VPOS="745" WIDTH="755" HEIGHT="33">
							<String ID="string_76" HPOS="194" VPOS="745" WIDTH="62" HEIGHT="33" WC="0.96" CONTENT="ning"/><SP WIDTH="18" VPOS="745" HPOS="256"/>
							<String ID="string_77" HPOS="274" VPOS="746" WIDTH="9" HEIGHT="23" WC="0.96" CONTENT="i"/><SP WIDTH="17" VPOS="746" HPOS="283"/>
							<String ID="string_78" HPOS="300" VPOS="746" WIDTH="46" HEIGHT="24" WC="0.95" CONTENT="den"/><SP WIDTH="18" VPOS="746" HPOS="346"/>
							<String ID="string_79" HPOS="364" VPOS="746" WIDTH="37" HEIGHT="24" WC="0.95" CONTENT="för"/><SP WIDTH="17" VPOS="746" HPOS="401"/>
							<String ID="string_80" HPOS="418" VPOS="746" WIDTH="87" HEIGHT="24" WC="0.88" CONTENT="honom"/><SP WIDTH="18" VPOS="746" HPOS="505"/>
							<String ID="string_81" HPOS="523" VPOS="746" WIDTH="123" HEIGHT="24" WC="0.93" CONTENT="bestämda"/><SP WIDTH="18" VPOS="746" HPOS="646"/>
							<String ID="string_82" HPOS="664" VPOS="746" WIDTH="116" HEIGHT="32" WC="0.91" CONTENT="aflöning,"/><SP WIDTH="12" VPOS="746" HPOS="780"/>
							<String ID="string_83" HPOS="792" VPOS="754" WIDTH="50" HEIGHT="16" WC="0.93" CONTENT="som"/><SP WIDTH="15" VPOS="754" HPOS="842"/>
							<String ID="string_84" HPOS="857" VPOS="745" WIDTH="92" HEIGHT="24" WC="0.90" CONTENT="härför-"/>
						</TextLine>
						<TextLine ID="line_14" HPOS="194" VPOS="780" WIDTH="756" HEIGHT="32">
							<String ID="string_85" HPOS="194" VPOS="780" WIDTH="78" HEIGHT="24" WC="0.96" CONTENT="innan"/><SP WIDTH="19" VPOS="780" HPOS="272"/>
							<String ID="string_86" HPOS="291" VPOS="783" WIDTH="27" HEIGHT="21" WC="0.92" CONTENT="är"/><SP WIDTH="18" VPOS="783" HPOS="318"/>
							<String ID="string_87" HPOS="336" VPOS="780" WIDTH="136" HEIGHT="32" WC="0.92" CONTENT="medgifven"/><SP WIDTH="22" VPOS="780" HPOS="472"/>
							<String ID="string_88" HPOS="494" VPOS="780" WIDTH="171" HEIGHT="30" WC="0.93" CONTENT="sekreteraren,"/><SP WIDTH="27" VPOS="780" HPOS="665"/>
							<String ID="string_89" HPOS="692" VPOS="780" WIDTH="174" HEIGHT="30" WC="0.90" CONTENT="kamrerarene,"/><SP WIDTH="27" VPOS="780" HPOS="866"/>
							<String ID="string_90" HPOS="893" VPOS="780" WIDTH="57" HEIGHT="24" WC="0.92" CONTENT="kas-"/>
						</TextLine>
						<TextLine ID="line_15" HPOS="195" VPOS="814" WIDTH="755" HEIGHT="25">
							<String ID="string_91" HPOS="195" VPOS="816" WIDTH="96" HEIGHT="22" WC="0.91" CONTENT="sörerne"/><SP WIDTH="19" VPOS="816" HPOS="291"/>
							<String ID="string_92" HPOS="310" VPOS="815" WIDTH="44" HEIGHT="24" WC="0.93" CONTENT="och"/><SP WIDTH="17" VPOS="815" HPOS="354"/>
							<String ID="string_93" HPOS="371" VPOS="814" WIDTH="170" HEIGHT="25" WC="0.90" CONTENT="bokhållarene"/><SP WIDTH="19" VPOS="814" HPOS="541"/>
							<String ID="string_94" HPOS="560" VPOS="815" WIDTH="9" HEIGHT="23" WC="0.96" CONTENT="i"/><SP WIDTH="22" VPOS="815" HPOS="569"/>
							<String ID="string_95" HPOS="591" VPOS="814" WIDTH="102" HEIGHT="24" WC="0.95" CONTENT="Banken"/><SP WIDTH="27" VPOS="814" HPOS="693"/>
							<String ID="string_96" HPOS="720" VPOS="817" WIDTH="64" HEIGHT="21" WC="0.92" CONTENT="samt"/><SP WIDTH="25" VPOS="817" HPOS="784"/>
							<String ID="string_97" HPOS="809" VPOS="814" WIDTH="141" HEIGHT="24" WC="0.92" CONTENT="kassörerne"/>
						</TextLine>
						<TextLine ID="line_16" HPOS="194" VPOS="848" WIDTH="365" HEIGHT="25">
							<String ID="string_98" HPOS="194" VPOS="848" WIDTH="42" HEIGHT="24" WC="0.96" CONTENT="vid"/><SP WIDTH="18" VPOS="848" HPOS="236"/>
							<String ID="string_99" HPOS="254" VPOS="849" WIDTH="116" HEIGHT="24" WC="0.96" CONTENT="kontoren"/><SP WIDTH="18" VPOS="849" HPOS="370"/>
							<String ID="string_100" HPOS="388" VPOS="849" WIDTH="9" HEIGHT="24" WC="0.96" CONTENT="i"/><SP WIDTH="18" VPOS="849" HPOS="397"/>
							<String ID="string_101" HPOS="415" VPOS="849" WIDTH="144" HEIGHT="24" WC="0.96" CONTENT="landsorten."/>
						</TextLine>
					</TextBlock>
				</ComposedBlock>
				<ComposedBlock ID="cblock_5" HPOS="323" VPOS="1014" WIDTH="502" HEIGHT="26">
					<TextBlock ID="block_5" HPOS="323" VPOS="1014" WIDTH="502" HEIGHT="26">
						<TextLine ID="line_17" HPOS="323" VPOS="1014" WIDTH="502" HEIGHT="26">
							<String ID="string_102" HPOS="323" VPOS="1014" WIDTH="134" HEIGHT="26" WC="0.91" CONTENT="Kejserliga"/><SP WIDTH="15" VPOS="1014" HPOS="457"/>
							<String ID="string_103" HPOS="472" VPOS="1015" WIDTH="119" HEIGHT="20" WC="0.91" CONTENT="Senatens"/><SP WIDTH="16" VPOS="1015" HPOS="591"/>
							<String ID="string_104" HPOS="607" VPOS="1015" WIDTH="35" HEIGHT="19" WC="0.96" CONTENT="för"/><SP WIDTH="15" VPOS="1015" HPOS="642"/>
							<String ID="string_105" HPOS="657" VPOS="1014" WIDTH="102" HEIGHT="20" WC="0.96" CONTENT="Finland"/><SP WIDTH="15" VPOS="1014" HPOS="759"/>
							<String ID="string_106" HPOS="774" VPOS="1014" WIDTH="51" HEIGHT="19" WC="0.95" CONTENT="bref"/>
						</TextLine>
					</TextBlock>
				</ComposedBlock>
				<ComposedBlock ID="cblock_6" HPOS="215" VPOS="1076" WIDTH="723" HEIGHT="50">
					<TextBlock ID="block_6" HPOS="215" VPOS="1076" WIDTH="723" HEIGHT="50">
						<TextLine ID="line_18" HPOS="215" VPOS="1076" WIDTH="723" HEIGHT="26">
							<String ID="string_107" HPOS="215" VPOS="1077" WIDTH="29" HEIGHT="20" WC="0.95" CONTENT="till"/><SP WIDTH="14" VPOS="1077" HPOS="244"/>
							<String ID="string_108" HPOS="258" VPOS="1077" WIDTH="96" HEIGHT="20" WC="0.93" CONTENT="Finlands"/><SP WIDTH="16" VPOS="1077" HPOS="354"/>
							<String ID="string_109" HPOS="370" VPOS="1077" WIDTH="93" HEIGHT="20" WC="0.91" CONTENT="Ständers"/><SP WIDTH="15" VPOS="1077" HPOS="463"/>
							<String ID="string_110" HPOS="478" VPOS="1077" WIDTH="182" HEIGHT="25" WC="0.88" CONTENT="Bankfullmäktige,"/><SP WIDTH="16" VPOS="1077" HPOS="660"/>
							<String ID="string_111" HPOS="676" VPOS="1076" WIDTH="99" HEIGHT="26" WC="0.96" CONTENT="angående"/><SP WIDTH="14" VPOS="1076" HPOS="775"/>
							<String ID="string_112" HPOS="789" VPOS="1077" WIDTH="109" HEIGHT="19" WC="0.96" CONTENT="inrättande"/><SP WIDTH="14" VPOS="1077" HPOS="898"/>
							<String ID="string_113" HPOS="912" VPOS="1077" WIDTH="26" HEIGHT="24" WC="0.95" CONTENT="af"/>
						</TextLine>
						<TextLine ID="line_19" HPOS="417" VPOS="1105" WIDTH="318" HEIGHT="21">
							<String ID="string_114" HPOS="417" VPOS="1108" WIDTH="24" HEIGHT="17" WC="0.96" CONTENT="ett"/><SP WIDTH="14" VPOS="1108" HPOS="441"/>
							<String ID="string_115" HPOS="455" VPOS="1106" WIDTH="118" HEIGHT="20" WC="0.96" CONTENT="bankkontor"/><SP WIDTH="14" VPOS="1106" HPOS="573"/>
							<String ID="string_116" HPOS="587" VPOS="1106" WIDTH="9" HEIGHT="19" WC="0.95" CONTENT="i"/><SP WIDTH="14" VPOS="1106" HPOS="596"/>
							<String ID="string_117" HPOS="610" VPOS="1105" WIDTH="62" HEIGHT="20" WC="0.96" CONTENT="Kotka"/><SP WIDTH="14" VPOS="1105" HPOS="672"/>
							<String ID="string_118" HPOS="686" VPOS="1105" WIDTH="49" HEIGHT="20" WC="0.96" CONTENT="stad."/>
						</TextLine>
					</TextBlock>
				</ComposedBlock>
				<ComposedBlock ID="cblock_7" HPOS="287" VPOS="1151" WIDTH="574" HEIGHT="26">
					<TextBlock ID="block_7" HPOS="287" VPOS="1151" WIDTH="574" HEIGHT="26">
						<TextLine ID="line_20" HPOS="287" VPOS="1151" WIDTH="574" HEIGHT="26">
							<String ID="string_119" HPOS="287" VPOS="1151" WIDTH="105" HEIGHT="20" WC="0.91" CONTENT="Utfärdadt"/><SP WIDTH="15" VPOS="1151" HPOS="392"/>
							<String ID="string_120" HPOS="407" VPOS="1152" WIDTH="6" HEIGHT="19" WC="0.96" CONTENT="i"/><SP WIDTH="15" VPOS="1152" HPOS="413"/>
							<String ID="string_121" HPOS="428" VPOS="1151" WIDTH="131" HEIGHT="26" WC="0.95" CONTENT="Helsingfors,"/><SP WIDTH="16" VPOS="1151" HPOS="559"/>
							<String ID="string_122" HPOS="575" VPOS="1151" WIDTH="39" HEIGHT="20" WC="0.96" CONTENT="den"/><SP WIDTH="16" VPOS="1151" HPOS="614"/>
							<String ID="string_123" HPOS="630" VPOS="1151" WIDTH="26" HEIGHT="20" WC="0.96" CONTENT="28"/><SP WIDTH="16" VPOS="1151" HPOS="656"/>
							<String ID="string_124" HPOS="672" VPOS="1151" WIDTH="114" HEIGHT="19" WC="0.96" CONTENT="November"/><SP WIDTH="15" VPOS="1151" HPOS="786"/>
							<String ID="string_125" HPOS="801" VPOS="1151" WIDTH="60" HEIGHT="20" WC="0.96" CONTENT="1889."/>
						</TextLine>
					</TextBlock>
				</ComposedBlock>
				<ComposedBlock ID="cblock_8" HPOS="305" VPOS="1196" WIDTH="546" HEIGHT="49">
					<TextBlock ID="block_8" HPOS="305" VPOS="1196" WIDTH="546" HEIGHT="49">
						<TextLine ID="line_21" HPOS="305" VPOS="1196" WIDTH="546" HEIGHT="26">
							<String ID="string_126" HPOS="305" VPOS="1197" WIDTH="11" HEIGHT="20" WC="0.96" CONTENT="I"/><SP WIDTH="14" VPOS="1197" HPOS="316"/>
							<String ID="string_127" HPOS="330" VPOS="1197" WIDTH="66" HEIGHT="20" WC="0.95" CONTENT="Hans"/><SP WIDTH="15" VPOS="1197" HPOS="396"/>
							<String ID="string_128" HPOS="411" VPOS="1197" WIDTH="140" HEIGHT="25" WC="0.95" CONTENT="Kejserliga"/><SP WIDTH="15" VPOS="1197" HPOS="551"/>
							<String ID="string_129" HPOS="566" VPOS="1197" WIDTH="128" HEIGHT="25" WC="0.96" CONTENT="Majestäts"/><SP WIDTH="16" VPOS="1197" HPOS="694"/>
							<String ID="string_130" HPOS="710" VPOS="1196" WIDTH="57" HEIGHT="25" WC="0.96" CONTENT="Höga"/><SP WIDTH="15" VPOS="1196" HPOS="767"/>
							<String ID="string_131" HPOS="782" VPOS="1196" WIDTH="69" HEIGHT="24" WC="0.96" CONTENT="Namn,"/>
						</TextLine>
						<TextLine ID="line_22" HPOS="439" VPOS="1225" WIDTH="275" HEIGHT="20">
							<String ID="string_132" HPOS="439" VPOS="1226" WIDTH="50" HEIGHT="19" WC="0.91" CONTENT="Dess"/><SP WIDTH="16" VPOS="1226" HPOS="489"/>
							<String ID="string_133" HPOS="505" VPOS="1225" WIDTH="61" HEIGHT="20" WC="0.90" CONTENT="Senat"/><SP WIDTH="15" VPOS="1225" HPOS="566"/>
							<String ID="string_134" HPOS="581" VPOS="1225" WIDTH="30" HEIGHT="20" WC="0.96" CONTENT="för"/><SP WIDTH="14" VPOS="1225" HPOS="611"/>
							<String ID="string_135" HPOS="625" VPOS="1225" WIDTH="89" HEIGHT="20" WC="0.96" CONTENT="Finland."/>
						</TextLine>
					</TextBlock>
				</ComposedBlock>
				<ComposedBlock ID="cblock_9" HPOS="195" VPOS="1274" WIDTH="763" HEIGHT="226">
					<TextBlock ID="block_9" HPOS="195" VPOS="1274" WIDTH="763" HEIGHT="226">
						<TextLine ID="line_23" HPOS="266" VPOS="1274" WIDTH="690" HEIGHT="27">
							<String ID="string_136" HPOS="266" VPOS="1276" WIDTH="9" HEIGHT="19" WC="0.93" CONTENT="I"/><SP WIDTH="15" VPOS="1276" HPOS="275"/>
							<String ID="string_137" HPOS="290" VPOS="1276" WIDTH="126" HEIGHT="25" WC="0.91" CONTENT="underdånig"/><SP WIDTH="19" VPOS="1276" HPOS="416"/>
							<String ID="string_138" HPOS="435" VPOS="1276" WIDTH="105" HEIGHT="20" WC="0.96" CONTENT="skrifvelse"/><SP WIDTH="15" VPOS="1276" HPOS="540"/>
							<String ID="string_139" HPOS="555" VPOS="1276" WIDTH="30" HEIGHT="19" WC="0.96" CONTENT="för"/><SP WIDTH="14" VPOS="1276" HPOS="585"/>
							<String ID="string_140" HPOS="599" VPOS="1276" WIDTH="38" HEIGHT="19" WC="0.96" CONTENT="den"/><SP WIDTH="18" VPOS="1276" HPOS="637"/>
							<String ID="string_141" HPOS="655" VPOS="1277" WIDTH="25" HEIGHT="19" WC="0.96" CONTENT="16"/><SP WIDTH="15" VPOS="1277" HPOS="680"/>
							<String ID="string_142" HPOS="695" VPOS="1275" WIDTH="134" HEIGHT="20" WC="0.96" CONTENT="innevarande"/><SP WIDTH="15" VPOS="1275" HPOS="829"/>
							<String ID="string_143" HPOS="844" VPOS="1274" WIDTH="112" HEIGHT="21" WC="0.96" CONTENT="November"/>
						</TextLine>
						<TextLine ID="line_24" HPOS="195" VPOS="1304" WIDTH="761" HEIGHT="26">
							<String ID="string_144" HPOS="195" VPOS="1304" WIDTH="75" HEIGHT="20" WC="0.91" CONTENT="hafven"/><SP WIDTH="23" VPOS="1304" HPOS="270"/>
							<String ID="string_145" HPOS="293" VPOS="1305" WIDTH="9" HEIGHT="19" WC="0.96" CONTENT="I"/><SP WIDTH="19" VPOS="1305" HPOS="302"/>
							<String ID="string_146" HPOS="321" VPOS="1304" WIDTH="27" HEIGHT="25" WC="0.96" CONTENT="på"/><SP WIDTH="21" VPOS="1304" HPOS="348"/>
							<String ID="string_147" HPOS="369" VPOS="1305" WIDTH="81" HEIGHT="19" WC="0.96" CONTENT="anförda"/><SP WIDTH="23" VPOS="1305" HPOS="450"/>
							<String ID="string_148" HPOS="473" VPOS="1305" WIDTH="43" HEIGHT="19" WC="0.96" CONTENT="skäl"/><SP WIDTH="18" VPOS="1305" HPOS="516"/>
							<String ID="string_149" HPOS="534" VPOS="1305" WIDTH="36" HEIGHT="20" WC="0.96" CONTENT="hos"/><SP WIDTH="17" VPOS="1305" HPOS="570"/>
							<String ID="string_150" HPOS="587" VPOS="1305" WIDTH="109" HEIGHT="25" WC="0.96" CONTENT="Kejserliga"/><SP WIDTH="14" VPOS="1305" HPOS="696"/>
							<String ID="string_151" HPOS="710" VPOS="1304" WIDTH="88" HEIGHT="20" WC="0.93" CONTENT="Senaten"/><SP WIDTH="15" VPOS="1304" HPOS="798"/>
							<String ID="string_152" HPOS="813" VPOS="1304" WIDTH="99" HEIGHT="24" WC="0.92" CONTENT="hemstält,"/><SP WIDTH="14" VPOS="1304" HPOS="912"/>
							<String ID="string_153" HPOS="926" VPOS="1306" WIDTH="30" HEIGHT="17" WC="0.96" CONTENT="att"/>
						</TextLine>
						<TextLine ID="line_25" HPOS="195" VPOS="1332" WIDTH="762" HEIGHT="26">
							<String ID="string_154" HPOS="195" VPOS="1334" WIDTH="31" HEIGHT="19" WC="0.96" CONTENT="ett"/><SP WIDTH="23" VPOS="1334" HPOS="226"/>
							<String ID="string_155" HPOS="249" VPOS="1333" WIDTH="95" HEIGHT="20" WC="0.96" CONTENT="Finlands"/><SP WIDTH="21" VPOS="1333" HPOS="344"/>
							<String ID="string_156" HPOS="365" VPOS="1333" WIDTH="56" HEIGHT="20" WC="0.96" CONTENT="Bank"/><SP WIDTH="18" VPOS="1333" HPOS="421"/>
							<String ID="string_157" HPOS="439" VPOS="1333" WIDTH="152" HEIGHT="25" WC="0.95" CONTENT="underlydande"/><SP WIDTH="17" VPOS="1333" HPOS="591"/>
							<String ID="string_158" HPOS="608" VPOS="1333" WIDTH="77" HEIGHT="24" WC="0.95" CONTENT="kontor,"/><SP WIDTH="16" VPOS="1333" HPOS="685"/>
							<String ID="string_159" HPOS="701" VPOS="1333" WIDTH="45" HEIGHT="19" WC="0.96" CONTENT="med"/><SP WIDTH="15" VPOS="1333" HPOS="746"/>
							<String ID="string_160" HPOS="761" VPOS="1332" WIDTH="102" HEIGHT="20" WC="0.94" CONTENT="enahanda"/><SP WIDTH="14" VPOS="1332" HPOS="863"/>
							<String ID="string_161" HPOS="877" VPOS="1332" WIDTH="80" HEIGHT="25" WC="0.96" CONTENT="uppgift"/>
						</TextLine>
						<TextLine ID="line_26" HPOS="197" VPOS="1361" WIDTH="759" HEIGHT="25">
							<String ID="string_162" HPOS="197" VPOS="1361" WIDTH="37" HEIGHT="20" WC="0.95" CONTENT="och"/><SP WIDTH="23" VPOS="1361" HPOS="234"/>
							<String ID="string_163" HPOS="257" VPOS="1362" WIDTH="132" HEIGHT="24" WC="0.95" CONTENT="verksamhet,"/><SP WIDTH="21" VPOS="1362" HPOS="389"/>
							<String ID="string_164" HPOS="410" VPOS="1368" WIDTH="43" HEIGHT="13" WC="0.96" CONTENT="som"/><SP WIDTH="16" VPOS="1368" HPOS="453"/>
							<String ID="string_165" HPOS="469" VPOS="1362" WIDTH="29" HEIGHT="19" WC="0.96" CONTENT="för"/><SP WIDTH="15" VPOS="1362" HPOS="498"/>
							<String ID="string_166" HPOS="513" VPOS="1362" WIDTH="93" HEIGHT="19" WC="0.96" CONTENT="Bankens"/><SP WIDTH="15" VPOS="1362" HPOS="606"/>
							<String ID="string_167" HPOS="621" VPOS="1362" WIDTH="73" HEIGHT="19" WC="0.96" CONTENT="kontor"/><SP WIDTH="14" VPOS="1362" HPOS="694"/>
							<String ID="string_168" HPOS="708" VPOS="1361" WIDTH="6" HEIGHT="19" WC="0.96" CONTENT="i"/><SP WIDTH="15" VPOS="1361" HPOS="714"/>
							<String ID="string_169" HPOS="729" VPOS="1361" WIDTH="117" HEIGHT="19" WC="0.96" CONTENT="landsorten"/><SP WIDTH="15" VPOS="1361" HPOS="846"/>
							<String ID="string_170" HPOS="861" VPOS="1367" WIDTH="47" HEIGHT="13" WC="0.92" CONTENT="vore"/><SP WIDTH="15" VPOS="1367" HPOS="908"/>
							<String ID="string_171" HPOS="923" VPOS="1361" WIDTH="33" HEIGHT="19" WC="0.92" CONTENT="be-"/>
						</TextLine>
						<TextLine ID="line_27" HPOS="197" VPOS="1389" WIDTH="759" HEIGHT="26">
							<String ID="string_172" HPOS="197" VPOS="1390" WIDTH="84" HEIGHT="24" WC="0.96" CONTENT="stämda,"/><SP WIDTH="23" VPOS="1390" HPOS="281"/>
							<String ID="string_173" HPOS="304" VPOS="1391" WIDTH="53" HEIGHT="24" WC="0.96" CONTENT="finge"/><SP WIDTH="17" VPOS="1391" HPOS="357"/>
							<String ID="string_174" HPOS="374" VPOS="1391" WIDTH="8" HEIGHT="18" WC="0.96" CONTENT="i"/><SP WIDTH="14" VPOS="1391" HPOS="382"/>
							<String ID="string_175" HPOS="396" VPOS="1391" WIDTH="66" HEIGHT="18" WC="0.96" CONTENT="Kotka"/><SP WIDTH="23" VPOS="1391" HPOS="462"/>
							<String ID="string_176" HPOS="485" VPOS="1390" WIDTH="45" HEIGHT="20" WC="0.96" CONTENT="stad"/><SP WIDTH="15" VPOS="1390" HPOS="530"/>
							<String ID="string_177" HPOS="545" VPOS="1390" WIDTH="30" HEIGHT="20" WC="0.96" CONTENT="för"/><SP WIDTH="14" VPOS="1390" HPOS="575"/>
							<String ID="string_178" HPOS="589" VPOS="1396" WIDTH="25" HEIGHT="14" WC="0.93" CONTENT="en"/><SP WIDTH="16" VPOS="1396" HPOS="614"/>
							<String ID="string_179" HPOS="630" VPOS="1390" WIDTH="89" HEIGHT="25" WC="0.90" CONTENT="tidrymd"/><SP WIDTH="15" VPOS="1390" HPOS="719"/>
							<String ID="string_180" HPOS="734" VPOS="1389" WIDTH="20" HEIGHT="20" WC="0.96" CONTENT="af"/><SP WIDTH="14" VPOS="1389" HPOS="754"/>
							<String ID="string_181" HPOS="768" VPOS="1389" WIDTH="39" HEIGHT="20" WC="0.96" CONTENT="fem"/><SP WIDTH="16" VPOS="1389" HPOS="807"/>
							<String ID="string_182" HPOS="823" VPOS="1389" WIDTH="22" HEIGHT="19" WC="0.93" CONTENT="år"/><SP WIDTH="14" VPOS="1389" HPOS="845"/>
							<String ID="string_183" HPOS="859" VPOS="1389" WIDTH="97" HEIGHT="26" WC="0.92" CONTENT="provisio-"/>
						</TextLine>
						<TextLine ID="line_28" HPOS="196" VPOS="1417" WIDTH="761" HEIGHT="26">
							<String ID="string_184" HPOS="196" VPOS="1419" WIDTH="43" HEIGHT="18" WC="0.91" CONTENT="nelt"/><SP WIDTH="21" VPOS="1419" HPOS="239"/>
							<String ID="string_185" HPOS="260" VPOS="1419" WIDTH="85" HEIGHT="19" WC="0.95" CONTENT="inrättas"/><SP WIDTH="23" VPOS="1419" HPOS="345"/>
							<String ID="string_186" HPOS="368" VPOS="1419" WIDTH="38" HEIGHT="19" WC="0.96" CONTENT="och"/><SP WIDTH="20" VPOS="1419" HPOS="406"/>
							<String ID="string_187" HPOS="426" VPOS="1419" WIDTH="39" HEIGHT="20" WC="0.96" CONTENT="den"/><SP WIDTH="21" VPOS="1419" HPOS="465"/>
							<String ID="string_188" HPOS="486" VPOS="1420" WIDTH="11" HEIGHT="18" WC="0.96" CONTENT="1"/><SP WIDTH="18" VPOS="1420" HPOS="497"/>
							<String ID="string_189" HPOS="515" VPOS="1419" WIDTH="41" HEIGHT="19" WC="0.96" CONTENT="Juli"/><SP WIDTH="23" VPOS="1419" HPOS="556"/>
							<String ID="string_190" HPOS="579" VPOS="1418" WIDTH="54" HEIGHT="20" WC="0.95" CONTENT="1890"/><SP WIDTH="19" VPOS="1418" HPOS="633"/>
							<String ID="string_191" HPOS="652" VPOS="1421" WIDTH="83" HEIGHT="22" WC="0.96" CONTENT="öppnas,"/><SP WIDTH="19" VPOS="1421" HPOS="735"/>
							<String ID="string_192" HPOS="754" VPOS="1418" WIDTH="104" HEIGHT="19" WC="0.96" CONTENT="äfvensom"/><SP WIDTH="18" VPOS="1418" HPOS="858"/>
							<String ID="string_193" HPOS="876" VPOS="1419" WIDTH="29" HEIGHT="18" WC="0.96" CONTENT="att"/><SP WIDTH="19" VPOS="1419" HPOS="905"/>
							<String ID="string_194" HPOS="924" VPOS="1417" WIDTH="33" HEIGHT="20" WC="0.96" CONTENT="vid"/>
						</TextLine>
						<TextLine ID="line_29" HPOS="196" VPOS="1446" WIDTH="761" HEIGHT="27">
							<String ID="string_195" HPOS="196" VPOS="1447" WIDTH="94" HEIGHT="20" WC="0.93" CONTENT="kontoret"/><SP WIDTH="15" VPOS="1447" HPOS="290"/>
							<String ID="string_196" HPOS="305" VPOS="1447" WIDTH="64" HEIGHT="20" WC="0.91" CONTENT="blefve"/><SP WIDTH="15" VPOS="1447" HPOS="369"/>
							<String ID="string_197" HPOS="384" VPOS="1447" WIDTH="26" HEIGHT="26" WC="0.96" CONTENT="på"/><SP WIDTH="14" VPOS="1447" HPOS="410"/>
							<String ID="string_198" HPOS="424" VPOS="1449" WIDTH="58" HEIGHT="18" WC="0.96" CONTENT="extra"/><SP WIDTH="15" VPOS="1449" HPOS="482"/>
							<String ID="string_199" HPOS="497" VPOS="1449" WIDTH="41" HEIGHT="18" WC="0.93" CONTENT="stat"/><SP WIDTH="15" VPOS="1449" HPOS="538"/>
							<String ID="string_200" HPOS="553" VPOS="1447" WIDTH="101" HEIGHT="20" WC="0.91" CONTENT="anstälde:"/><SP WIDTH="20" VPOS="1447" HPOS="654"/>
							<String ID="string_201" HPOS="674" VPOS="1453" WIDTH="25" HEIGHT="13" WC="0.93" CONTENT="en"/><SP WIDTH="15" VPOS="1453" HPOS="699"/>
							<String ID="string_202" HPOS="714" VPOS="1446" WIDTH="191" HEIGHT="20" WC="0.91" CONTENT="bankkommissarie"/><SP WIDTH="15" VPOS="1446" HPOS="905"/>
							<String ID="string_203" HPOS="920" VPOS="1446" WIDTH="37" HEIGHT="19" WC="0.96" CONTENT="och"/>
						</TextLine>
						<TextLine ID="line_30" HPOS="196" VPOS="1475" WIDTH="762" HEIGHT="25">
							<String ID="string_204" HPOS="196" VPOS="1481" WIDTH="26" HEIGHT="14" WC="0.96" CONTENT="en"/><SP WIDTH="22" VPOS="1481" HPOS="222"/>
							<String ID="string_205" HPOS="244" VPOS="1475" WIDTH="70" HEIGHT="20" WC="0.96" CONTENT="kassör"/><SP WIDTH="22" VPOS="1475" HPOS="314"/>
							<String ID="string_206" HPOS="336" VPOS="1478" WIDTH="52" HEIGHT="17" WC="0.96" CONTENT="samt"/><SP WIDTH="24" VPOS="1478" HPOS="388"/>
							<String ID="string_207" HPOS="412" VPOS="1475" WIDTH="35" HEIGHT="20" WC="0.93" CONTENT="två"/><SP WIDTH="22" VPOS="1475" HPOS="447"/>
							<String ID="string_208" HPOS="469" VPOS="1475" WIDTH="265" HEIGHT="20" WC="0.90" CONTENT="diskontkomitéledamöter"/><SP WIDTH="20" VPOS="1475" HPOS="734"/>
							<String ID="string_209" HPOS="754" VPOS="1475" WIDTH="59" HEIGHT="25" WC="0.96" CONTENT="jemte"/><SP WIDTH="16" VPOS="1475" HPOS="813"/>
							<String ID="string_210" HPOS="829" VPOS="1475" WIDTH="129" HEIGHT="25" WC="0.96" CONTENT="suppleanter"/>
						</TextLine>
					</TextBlock>
				</ComposedBlock>
			</PrintSpace>
		</Page>
	</Layout>
</alto>
