1078 1692
119 519 44 43 U
183 519 55 43 när
261 542 40 20 den
316 542 141 27 treårsperiod,
478 548 45 14 som
545 542 68 21 denna
635 542 110 21 berättelse
768 542 102 26 omfattar,

118 581 38 21 har
171 581 98 21 Finlands
279 581 60 21 Bank
355 581 124 21 fortfarande
489 582 82 20 kunnat
585 583 51 19 utan
651 582 103 26 störingar
769 582 37 21 och
819 583 51 20 utan

118 620 128 22 nämnvärda
261 620 97 22 förluster
376 621 51 27 fylla
442 621 32 21 sin
488 621 83 27 uppgift
588 622 41 20 «att
643 622 141 26 upprätthålla
798 621 73 27 stadga

119 660 38 20 och
175 660 95 22 säkerhet
289 661 6 20 i
314 661 80 21 landets
416 661 195 27 penningeväsende
630 662 37 20 och
687 662 117 20 underlätta
822 667 49 21 pen-

118 700 217 27 ningeomsättningen
350 700 7 20 i
371 701 80 20 landet»
465 702 54 19 samt
534 701 120 26 derigenom
668 701 116 21 medelbart
798 700 73 27 främja

119 740 103 21 industrin
237 740 38 21 och
290 740 96 21 handeln.
416 740 10 21 I
441 740 39 21 den
497 740 23 21 af
527 740 191 27 Bankfullmäktige
733 740 32 20 till
779 740 92 20 Bankut-

121 780 76 20 skottet
206 780 34 20 vid
251 781 81 19 senaste
347 780 101 26 landtdag
459 780 78 26 afgifna
555 780 111 20 berättelse
682 780 134 21 omnämndes
832 780 39 20 den

119 820 117 26 betydande
251 820 135 26 nedsättning
401 820 23 20 af
439 820 161 21 räntesatserna,
615 826 45 14 som
674 820 46 20 kort
738 819 132 21 derförinnan

119 860 35 25 egt
182 865 52 19 rum,
263 859 106 20 föranledd
392 859 23 20 af
441 859 38 21 den
503 859 117 21 dåvarande
646 859 226 27 penningetillgången,

117 899 83 20 hvilken
211 899 185 21 karakteriserades
410 899 63 21 bland
484 900 65 19 annat
565 899 62 25 deraf,
643 899 31 20 att
689 898 98 21 Finlands
801 898 70 21 Banks

118 938 116 21 metalliska
256 939 70 20 valuta
343 939 47 20 med
413 945 36 21 par
471 939 95 26 miljoner
589 939 103 26 öfversteg
714 938 47 21 dess
783 937 89 28 löpande

118 979 114 20 sedelstock
242 979 38 20 och
296 980 30 19 att
341 979 81 20 banken
433 979 119 20 derutöfver
567 979 52 26 egde
630 985 26 14 en
671 978 120 27 obegagnad
807 977 65 22 sedel-

118 1025 69 14 reserv
203 1018 22 21 af
237 1019 29 20 20
282 1019 99 26 miljoner.
410 1019 110 26 Följderna
535 1018 23 21 af
571 1019 68 20 denna
654 1018 73 27 åtgärd
743 1017 69 27 dröjde
826 1017 45 20 icke

118 1059 31 20 att
164 1058 43 21 visa
222 1059 37 26 sig.
288 1058 46 21 Den
352 1059 58 26 lägre
429 1058 116 21 räntefoten
567 1058 74 27 bidrog
655 1058 7 20 i
677 1058 32 21 sin
731 1064 48 14 mon
794 1056 31 21 till
846 1063 26 14 en

117 1097 87 28 lifligare
226 1098 194 21 affärsverksamhet
442 1099 37 20 och
502 1097 144 28 möjliggjorde
669 1097 115 21 anlitandet
806 1096 23 21 af
841 1096 31 20 in-

117 1137 73 21 hemsk
206 1137 68 21 kredit
288 1138 7 20 i
309 1138 76 27 många
400 1138 42 25 fall,
464 1137 37 21 der
515 1137 99 21 utländsk
635 1137 68 21 kredit
718 1137 55 20 förut
788 1136 62 27 tagits
865 1136 8 20 i

118 1177 93 27 anspråk.
242 1178 72 21 Under
329 1178 37 21 allt
376 1178 57 21 detta
447 1177 39 21 har
500 1177 220 21 affärsverksamheten
736 1175 135 22 öfverhufvud

118 1217 53 20 varit
186 1217 53 20 sund
262 1217 38 21 och
322 1217 60 21 hållit
397 1218 31 26 sig
449 1217 58 21 inom
529 1217 105 26 naturliga
656 1217 91 26 gränser,
768 1217 51 19 utan
842 1216 31 20 att

118 1256 187 27 öfverspekulation
320 1257 7 20 i
344 1257 91 26 egentlig
449 1253 87 30 mening
551 1258 36 25 egt
601 1263 53 18 rum,
676 1263 34 14 om
732 1255 37 22 ock
791 1261 25 14 en
839 1255 34 20 del

117 1296 86 26 företag,
218 1296 97 21 särskildt
338 1297 25 26 på
381 1296 225 27 byggnadsindustrins
629 1296 89 21 område.
740 1295 86 21 kommit
841 1294 32 21 till

117 1335 110 21 utförande
243 1342 76 20 genom
334 1336 105 21 anlitande
455 1336 23 21 af
485 1336 89 20 relativt
589 1336 42 26 hög
645 1335 73 21 kredit.

186 1375 121 21 Emellertid
329 1375 63 21 hafva
417 1375 67 21 under
506 1375 137 21 sistförflutna
666 1375 22 20 är
710 1374 101 21 särskilda
832 1373 41 20 för-

116 1414 112 21 hällanden
242 1415 98 24 inträffat,
356 1421 44 14 som
414 1415 73 20 verkat
505 1421 25 14 en
549 1415 121 26 förändring
685 1415 7 20 i
707 1413 168 28 penningeläget-

117 1453 104 21 Prisfallet
243 1455 26 26 pä
284 1455 91 20 trävaror
389 1454 8 20 i
412 1454 40 21 den
471 1454 112 21 utländska
604 1454 128 20 marknaden
755 1453 37 20 har
815 1453 59 26 gjort,

117 1494 31 19 att
163 1493 69 20 denna
250 1493 81 21 landets
353 1494 110 26 vigtigaste
485 1495 121 25 exportvara
628 1493 67 21 under
710 1493 82 20 senaste
808 1492 68 26 segla-
