1078 1692
235 122 13 21 6

205 181 135 28 öfverlåtits,
361 182 9 20 i
385 182 53 21 fullt
453 182 87 28 färdigt
556 182 43 21 och
614 181 203 29 kontraktmessigt
833 181 63 22 skick
912 181 44 21 den

207 218 11 20 1
242 217 124 21 December
391 217 63 21 1890.
485 217 46 21 Vid
552 217 154 21 försummelse
726 224 41 15 var
783 219 173 27 entreprenören

205 252 107 22 förfallen
326 253 36 21 till
378 252 59 23 vissa
453 252 8 22 i
476 253 133 21 kontraktet
624 256 102 18 närmare
736 252 119 22 bestämda
865 252 89 29 plikter,

205 288 43 22 och
269 288 41 22 har
331 288 26 22 af
373 288 83 22 honom
477 288 36 22 för
529 288 143 22 kontraktets
687 288 110 28 behöriga
812 288 143 28 fullgörande

206 326 59 19 samt
284 324 36 21 för
341 324 180 21 återbetalandet
542 324 26 21 af
580 324 102 21 lemnade
698 324 105 27 förskott,
821 324 73 21 derest
910 324 45 20 han

206 359 73 21 skulle
302 359 70 21 brista
394 360 35 21 uti
451 359 41 21 sitt
515 359 120 29 åtagande,
657 359 65 21 stälts
744 359 145 29 vederhäftig
904 359 50 21 bor-

205 402 50 21 gen.
288 394 34 22 Af
342 395 253 29 entreprenadsumman
619 395 72 21 skulle
714 394 126 22 innehållas
863 397 34 19 ett
918 394 36 22 be-

204 430 54 29 lopp
284 430 26 22 af
331 431 80 26 10,000
433 430 65 22 mark
523 432 74 20 såsom
617 430 105 22 säkerhet
737 430 35 22 för
788 430 166 22 verkställande

205 466 27 21 af
254 466 45 21 alla
321 466 158 29 reparationer,
505 474 48 14 som
577 466 110 29 möjligen
709 466 77 22 blefve
809 466 145 29 erforderliga

205 502 71 21 under
299 504 33 19 ett
356 504 35 19 års
414 502 34 21 tid
471 502 8 21 i
502 502 58 28 följd
581 502 26 21 af
620 504 34 20 att
670 504 174 27 entreprenören
859 502 95 28 origtigt

205 537 54 21 eller
282 538 39 20 illa
344 537 72 22 utfört
437 538 40 21 sitt
499 538 77 21 arbete
597 538 53 21 eller
672 538 75 21 dertill
764 538 100 21 användt
880 537 73 29 dåligt

205 573 54 21 eller
275 573 120 29 olämpligt
410 574 109 21 material.

276 609 34 21 På
325 609 243 29 byggnadsstyrelsens
585 610 110 27 anmälan,
712 611 35 19 att
762 609 130 21 densamma
902 609 51 21 fun-

203 645 34 21 nit
260 644 72 29 nödig
354 652 28 14 en
405 645 96 29 höjning
522 645 26 21 af
565 644 284 30 ständerhusbyggnadens
868 644 85 29 grund-

203 688 77 14 murar
295 680 52 22 med
364 682 29 26 1,4
409 680 34 22 fot
459 681 117 22 äfvensom
592 688 28 14 en
631 680 90 22 dermed
732 680 220 28 sammanhängande

204 716 132 28 förändring
356 716 26 21 af
403 718 60 20 stora
485 718 207 27 trappuppgången
711 716 51 21 från
783 716 168 28 Nikolaigatan,

203 752 149 28 hvarigenom
368 752 38 21 det
421 752 75 22 blefve
512 752 91 28 möjligt
619 754 33 19 att
668 752 8 21 i
691 752 122 21 framtiden
828 752 54 28 höja
896 754 56 19 trot-

204 787 74 21 toiren
300 787 40 22 vid
361 788 70 28 sagda
451 790 55 26 gata
521 788 8 20 i
545 788 81 20 hörnet
642 787 26 21 af
680 787 141 29 Fredsgatan
836 787 51 21 med
903 787 49 21 vid-

203 830 52 21 pass
278 823 32 27 0,
330 822 35 21 fot
385 823 43 20 och
448 823 79 21 hvilka
543 823 91 21 arbeten
650 822 26 22 af
688 823 128 20 arkitekten
832 822 120 22 beräknats

204 858 108 28 medtaga
332 865 28 14 en
380 858 98 21 kostnad
499 858 26 21 af
538 859 67 26 3,000
619 859 70 26 mark,
706 858 73 21 beslöt
795 858 157 29 delegationen

203 893 79 22 bifalla
303 893 35 22 till
360 893 26 22 de
406 893 136 29 ifrågasatta
557 894 149 28 ändringarne
723 893 139 22 beträffande
878 893 74 29 bygg-

203 929 81 21 naden.
322 929 107 29 Skriftlig
453 929 227 22 öfverenskommelse
703 929 79 22 härom
804 929 148 29 upprättades

203 964 44 21 den
268 965 28 20 22
317 965 95 21 Januari
433 965 58 21 1889
511 966 51 21 med
578 966 182 28 Byggmästaren
776 965 110 27 Sivenius,
904 972 48 14 som

203 1000 35 21 för
262 1000 44 21 den
330 1000 69 22 ofvan
423 1001 94 28 angifna
541 1008 102 14 summan
665 1001 73 28 åtagit
759 1001 35 28 sig
817 1003 35 18 att
875 1001 77 21 utföra

203 1036 70 28 sagda
289 1035 137 30 förhöjning.

274 1071 66 21 Efter
364 1072 38 21 det
424 1072 157 29 delegationen
605 1072 39 21 vid
667 1071 165 22 sammanträde
856 1071 43 21 den
924 1072 28 20 10

202 1106 96 22 Januari
319 1107 58 21 1890
396 1107 85 22 bifallit
501 1107 36 21 till
557 1107 243 29 byggnadsstyrelsens
817 1107 85 28 förslag
918 1109 34 19 att

201 1142 52 21 med
277 1143 121 28 ekparkett
420 1143 8 20 i
451 1145 27 19 st.
503 1143 15 21 f.
540 1143 152 28 granplankor
712 1143 97 28 belägga
829 1142 95 29 golfven
944 1142 7 21 i

202 1178 119 28 samteliga
336 1178 127 29 plenisalar,
480 1179 35 20 till
531 1178 52 21 dem
598 1178 100 21 hörande
713 1178 45 21 för-
774 1178 43 21 och
827 1177 125 22 kanslirum

202 1215 60 19 samt
284 1215 84 20 tvenne
384 1213 151 22 utskottsrum
551 1214 7 21 i
574 1214 70 21 andra
659 1213 121 29 våningen,
797 1213 93 22 hvilken
906 1213 45 22 för-

203 1249 97 28 ändring
322 1249 121 21 beräknats
465 1249 107 28 medtaga
593 1257 28 13 en
641 1249 96 21 kostnad
759 1248 26 21 af
797 1249 67 26 8,378
880 1249 70 26 mark,

201 1284 97 21 träffade
318 1284 233 29 byggnadsstyrelsen
569 1285 68 21 häraf
649 1284 118 21 föranledd
783 1284 167 21 öfverenskom-

201 1319 69 22 melse
291 1320 52 21 med
363 1322 174 27 entreprenören
558 1320 110 27 Sivenius,
692 1327 48 14 som
760 1319 69 22 äfven
845 1321 55 26 åtog
916 1319 35 28 sig

201 1357 35 19 att
251 1355 36 21 för
303 1355 43 21 den
362 1355 127 22 beräknade
506 1356 126 21 kostnaden
643 1358 55 26 göra
708 1355 135 29 ifrågasatta
855 1355 96 28 ändring

200 1390 34 21 uti
250 1391 100 21 nämnda
365 1391 59 28 golfs
441 1391 126 22 utförande.

272 1427 46 20 För
340 1427 147 28 uppgörande
509 1427 26 22 af
553 1427 83 22 arbets-
656 1427 43 22 och
719 1427 183 28 detaljritningar
917 1427 33 21 in-
