1078 1692
207 145 27 21 40

178 208 13 21 6
207 215 57 13 mars
281 208 54 21 1886
350 209 48 19 med
412 208 77 20 inalles
505 208 77 24 72,558
597 208 59 20 mark
672 208 27 20 27
714 208 70 26 penni,
803 208 75 20 hvaraf
898 209 35 19 det

177 244 70 18 mesta
259 243 7 19 i
281 243 151 20 räntebärande
447 243 146 25 obligationer,
609 242 25 20 så
647 242 39 20 har
704 242 120 26 Kejserliga
842 242 91 20 Senaten

177 277 41 19 den
244 276 25 20 18
289 283 57 13 mars
370 277 60 23 1886,
450 277 67 26 erligt
535 277 57 19 hvad
614 277 288 25 Ecklesiastikexpeditionen
925 277 7 19 i

178 312 46 19 bref
237 311 32 19 för
284 317 81 14 samme
380 312 42 25 dag
437 311 106 20 meddelat
558 311 158 23 statskontoret,
731 311 107 20 förordnat
851 312 30 18 att
897 311 35 19 be-

177 346 62 19 rörda
261 345 69 19 medel
351 346 68 19 skulle
441 346 23 19 af
484 346 152 19 statskontoret
657 346 99 19 bokföras
774 345 41 19 och
832 345 100 20 förvaltas

177 378 73 21 såsom
273 386 26 13 en
323 380 90 19 särskild
435 380 50 19 fond
505 380 66 20 under
591 380 129 25 benämning
742 394 5 8 ,
748 380 65 23 Elias
828 379 104 20 Lönnrots

177 413 176 20 folkskolefond'.

246 446 55 21 Frän
316 448 77 20 fonden
408 448 38 20 har
461 449 19 25 ej
497 448 101 20 utbetalts
613 448 85 20 lifränta
712 447 22 21 ät
749 448 38 19 Ida
801 448 98 20 Lönnrot.

177 542 41 27 13.
254 543 119 27 Fonden
400 542 48 28 för
472 543 98 27 finska
595 543 337 27 elementarläroverket

442 583 11 26 i
472 583 195 33 Helsingfors.

245 651 71 20 Sedan
334 652 106 20 stiftarene
459 652 22 20 af
494 652 81 26 privata
590 652 69 20 finska
677 652 231 20 elementarläroverket
923 652 8 20 i

175 685 133 27 Helsingfors
324 686 19 26 ej
360 686 79 20 mindre
455 692 76 20 genom
547 686 129 20 läroverkets
691 686 110 23 direktion,
817 692 46 14 som
882 686 48 20 där-

174 719 34 19 till
222 720 187 26 befullmäktigats,
425 721 30 19 uti
471 727 24 13 en
511 720 32 19 till
559 720 288 26 Ecklesiastikexpeditionen
861 720 7 19 i
878 720 52 25 Kej-

175 754 99 26 serliga'f
284 754 85 20 Senaten
392 755 55 19 stäld
469 754 110 20 skrifvelse
601 755 32 19 för
648 754 40 20 den
703 754 26 20 31
746 760 57 13 mars
820 754 52 20 1885
888 755 40 19 för-

174 787 70 20 klarat
260 788 34 26 sig
308 788 73 26 villige
396 790 30 18 att
441 789 32 19 till
489 789 128 19 statsverket
631 787 101 21 öfverläta
748 788 67 26 sagda
833 788 97 20 läroverk

175 824 55 17 samt
246 823 35 18 det
296 823 32 19 för
342 823 129 19 detsammas
485 823 65 19 behof
563 822 13 19 å
591 824 103 18 tomterna
709 822 57 19 N:ris
781 822 18 23 2,
818 823 14 18 4
854 822 39 20 och
916 822 12 20 6

173 856 36 19 vid
224 855 111 27 Bangatan
350 857 7 18 i
372 857 112 19 omordade
499 857 48 19 stad
563 857 100 25 uppförda
677 856 47 23 hus,
740 857 27 18 än
777 856 34 19 vid
823 863 107 12 samman-

173 890 59 19 träde
248 890 40 19 den
309 890 25 20 15
350 891 51 25 april
418 891 53 19 1885
493 891 187 19 öfverenskommit
702 897 35 13 om
759 891 119 24 grunderna
898 891 31 19 för

173 924 150 20 användandet
338 925 22 19 af
374 925 46 19 sina
434 924 115 27 tillgängar
563 925 32 19 för
611 925 39 19 den
666 924 103 20 händelse
791 926 30 18 att
842 925 87 19 berörda

172 957 98 20 läroverk
286 959 119 26 öfvertoges
420 959 23 19 af
456 959 133 23 statsverket,
605 959 38 18 har
661 958 59 19 Hans
743 958 119 26 Kejserliga
884 959 44 19 Ma-

170 991 74 26 jestät,
260 991 27 27 pä
302 993 73 19 därom
389 993 61 26 gjord
466 992 131 27 underdänig
612 992 162 26 framställning,
790 999 76 19 genom
886 992 43 20 Nä-

173 1025 45 26 digt
233 1026 47 19 bref
293 1026 41 20 den
351 1027 23 19 15
390 1027 87 20 oktober
494 1027 60 23 1886,
570 1027 7 19 i
592 1027 221 20 öfverensstämmelse
828 1027 46 19 med
892 1027 36 20 be-

172 1059 71 20 mälde
266 1061 93 19 stiftares
382 1061 74 23 anbud,
481 1061 56 20 velat
561 1060 81 25 ,tilläta
664 1063 31 18 att
715 1061 92 20 nämnda
825 1061 40 19 hus
880 1062 48 19 med

172 1093 71 20 därtill
262 1094 94 20 hörande
372 1095 143 20 skolmaterial
537 1095 41 20 och
598 1095 127 20 inventarier
745 1094 35 21 mä
794 1095 31 20 för
841 1097 29 17 ett
884 1095 44 25 pris

172 1127 23 19 af
207 1127 93 24 240,000
315 1129 60 18 mark
390 1129 22 19 af
426 1129 127 20 statsverket
568 1129 86 23 inlösas,
670 1129 48 20 med
733 1129 68 20 vilkor
811 1131 31 17 att
853 1130 74 18 räntan

172 1159 60 22 såväl
248 1161 12 20 å
276 1162 35 19 det
326 1161 100 21 behållna
439 1163 98 26 beloppet
559 1163 23 20 af
595 1164 87 19 berörda
704 1163 149 26 köpeskilling,
876 1163 52 20 efter

171 1195 75 26 afdrag
261 1196 24 19 af
297 1196 126 20 intecknade
438 1197 91 23 skulder,
545 1203 46 14 som
607 1196 12 21 å
634 1197 129 20 läroverkets
779 1197 148 26 penningetill-

171 1227 83 28 gångar
277 1230 55 19 skall
355 1231 31 18 för
408 1231 111 20 framtiden
539 1231 40 20 ock
599 1230 24 21 så
638 1231 63 26 länge
716 1231 110 20 användas
841 1231 32 19 till
888 1231 39 19 sti-

170 1263 87 25 pendier
272 1264 32 19 för
319 1264 26 19 de
360 1264 7 19 i
382 1264 117 21 läroverket
514 1265 104 20 inskrifna
640 1265 50 20 eller
712 1264 91 21 derifrån
826 1265 32 19 till
880 1265 46 20 uni-

170 1297 110 20 versitetet
295 1298 132 20 dimitterade
443 1299 74 23 elever,
533 1306 47 13 som
595 1299 89 20 allmänt
698 1300 90 19 erkändt
802 1299 64 20 behof
879 1299 47 20 icke

170 1331 104 20 erfordrar
288 1331 96 20 medlens
400 1333 137 20 användande
552 1333 33 20 till
607 1334 61 19 deras
690 1333 149 26 ursprungliga
860 1333 66 20 ända-

169 1363 49 27 mål,
234 1365 194 26 upprätthållandet
443 1367 23 19 af
479 1369 29 18 ett
523 1367 66 26 högre
604 1367 66 20 finskt
684 1367 98 20 läroverk
799 1369 32 18 för
850 1374 76 19 gossar

168 1399 7 18 i
190 1399 84 19 landets
290 1399 151 25 hufvudstad";
457 1401 118 26 hvarjämte
591 1402 6 19 i
613 1402 35 19 det
662 1401 84 26 Nädiga
765 1402 80 19 brefvet
867 1402 59 19 med-

167 1432 73 26 gifvits
258 1435 44 21 ,,att
318 1434 34 19 vid
368 1434 87 20 allmänt
471 1436 56 19 möte
543 1436 23 19 af
579 1436 108 19 stiftarene
703 1435 35 20 må
753 1436 108 19 meddelas
877 1435 49 20 full-
