<?xml version="1.0" encoding="UTF-8"?>
<alto xmlns="http://www.loc.gov/standards/alto/ns-v3#" xmlns:xlink="http://www.w3.org/1999/xlink" xmlns:xsi="http://www.w3.org/2001/XMLSchema-instance" xsi:schemaLocation="http://www.loc.gov/standards/alto/ns-v3# http://www.loc.gov/alto/v3/alto-3-0.xsd">
	<Description>
		<MeasurementUnit>pixel</MeasurementUnit>
		<sourceImageInformation>
			<fileName>/tmp/tess_kahsh70x_input.PNG</fileName>
		</sourceImageInformation>
		<OCRProcessing ID="OCR_0">
			<ocrProcessingStep>
				<processingSoftware>
					<softwareName>tesseract 5.3.4</softwareName>
				</processingSoftware>
			</ocrProcessingStep>
		</OCRProcessing>
	</Description>
	<Layout>
		<Page WIDTH="1078" HEIGHT="1692" PHYSICAL_IMG_NR="0" ID="page_0">
			<PrintSpace HPOS="0" VPOS="0" WIDTH="1078" HEIGHT="1692">
				<ComposedBlock ID="cblock_0" HPOS="136" VPOS="155" WIDTH="759" HEIGHT="1352">
					<TextBlock ID="block_0" HPOS="139" VPOS="155" WIDTH="756" HEIGHT="297">
						<TextLine ID="line_0" HPOS="405" VPOS="155" WIDTH="459" HEIGHT="22">
							<String ID="string_0" HPOS="405" VPOS="155" WIDTH="28" HEIGHT="22" WC="0.92" CONTENT="U."/><SP WIDTH="16" VPOS="155" HPOS="433"/>
							<String ID="string_1" HPOS="449" VPOS="155" WIDTH="30" HEIGHT="22" WC="0.90" CONTENT="B."/><SP WIDTH="17" VPOS="155" HPOS="479"/>
							<String ID="string_2" HPOS="496" VPOS="168" WIDTH="26" HEIGHT="2" WC="0.92" CONTENT="—"/><SP WIDTH="16" VPOS="168" HPOS="522"/>
							<String ID="string_3" HPOS="538" VPOS="155" WIDTH="45" HEIGHT="22" WC="0.92" CONTENT="N:o"/><SP WIDTH="17" VPOS="155" HPOS="583"/>
							<String ID="string_4" HPOS="600" VPOS="155" WIDTH="22" HEIGHT="22" WC="0.96" CONTENT="3."/><SP WIDTH="231" VPOS="155" HPOS="622"/>
							<String ID="string_5" HPOS="853" VPOS="156" WIDTH="11" HEIGHT="19" WC="0.96" CONTENT="5"/>
						</TextLine>
						<TextLine ID="line_1" HPOS="139" VPOS="218" WIDTH="756" HEIGHT="28">
							<String ID="string_6" HPOS="139" VPOS="225" WIDTH="37" HEIGHT="21" WC="0.87" CONTENT="gar"/><SP WIDTH="22" VPOS="225" HPOS="176"/>
							<String ID="string_7" HPOS="198" VPOS="218" WIDTH="68" HEIGHT="20" WC="0.95" CONTENT="blifvit"/><SP WIDTH="22" VPOS="218" HPOS="266"/>
							<String ID="string_8" HPOS="288" VPOS="218" WIDTH="77" HEIGHT="28" WC="0.93" CONTENT="gjorda."/><SP WIDTH="31" VPOS="218" HPOS="365"/>
							<String ID="string_9" HPOS="396" VPOS="218" WIDTH="69" HEIGHT="21" WC="0.91" CONTENT="Jemte"/><SP WIDTH="24" VPOS="218" HPOS="465"/>
							<String ID="string_10" HPOS="489" VPOS="218" WIDTH="35" HEIGHT="21" WC="0.93" CONTENT="det"/><SP WIDTH="22" VPOS="218" HPOS="524"/>
							<String ID="string_11" HPOS="546" VPOS="218" WIDTH="108" HEIGHT="21" WC="0.96" CONTENT="Utskottet"/><SP WIDTH="22" VPOS="218" HPOS="654"/>
							<String ID="string_12" HPOS="676" VPOS="224" WIDTH="61" HEIGHT="15" WC="0.96" CONTENT="anser"/><SP WIDTH="25" VPOS="224" HPOS="737"/>
							<String ID="string_13" HPOS="762" VPOS="218" WIDTH="97" HEIGHT="27" WC="0.96" CONTENT="samtliga"/><SP WIDTH="15" VPOS="218" HPOS="859"/>
							<String ID="string_14" HPOS="874" VPOS="218" WIDTH="21" HEIGHT="20" WC="0.96" CONTENT="af"/>
						</TextLine>
						<TextLine ID="line_2" HPOS="139" VPOS="252" WIDTH="755" HEIGHT="28">
							<String ID="string_15" HPOS="139" VPOS="252" WIDTH="187" HEIGHT="28" WC="0.92" CONTENT="bankfullmäktige"/><SP WIDTH="16" VPOS="252" HPOS="326"/>
							<String ID="string_16" HPOS="342" VPOS="252" WIDTH="30" HEIGHT="21" WC="0.93" CONTENT="till"/><SP WIDTH="17" VPOS="252" HPOS="372"/>
							<String ID="string_17" HPOS="389" VPOS="252" WIDTH="126" HEIGHT="21" WC="0.93" CONTENT="understöds"/><SP WIDTH="16" VPOS="252" HPOS="515"/>
							<String ID="string_18" HPOS="531" VPOS="252" WIDTH="121" HEIGHT="21" WC="0.92" CONTENT="erhällande"/><SP WIDTH="15" VPOS="252" HPOS="652"/>
							<String ID="string_19" HPOS="667" VPOS="252" WIDTH="121" HEIGHT="28" WC="0.97" CONTENT="föreslagna"/><SP WIDTH="7" VPOS="252" HPOS="788"/>
							<String ID="string_20" HPOS="795" VPOS="252" WIDTH="99" HEIGHT="21" WC="0.95" CONTENT="samfund"/>
						</TextLine>
						<TextLine ID="line_3" HPOS="139" VPOS="286" WIDTH="755" HEIGHT="28">
							<String ID="string_21" HPOS="139" VPOS="287" WIDTH="39" HEIGHT="21" WC="0.96" CONTENT="och"/><SP WIDTH="15" VPOS="287" HPOS="178"/>
							<String ID="string_22" HPOS="193" VPOS="287" WIDTH="86" HEIGHT="27" WC="0.96" CONTENT="företag,"/><SP WIDTH="15" VPOS="287" HPOS="279"/>
							<String ID="string_23" HPOS="294" VPOS="287" WIDTH="21" HEIGHT="20" WC="0.93" CONTENT="af"/><SP WIDTH="15" VPOS="287" HPOS="315"/>
							<String ID="string_24" HPOS="330" VPOS="287" WIDTH="71" HEIGHT="21" WC="0.92" CONTENT="hvilka"/><SP WIDTH="15" VPOS="287" HPOS="401"/>
							<String ID="string_25" HPOS="416" VPOS="289" WIDTH="66" HEIGHT="19" WC="0.95" CONTENT="större"/><SP WIDTH="16" VPOS="289" HPOS="482"/>
							<String ID="string_26" HPOS="498" VPOS="287" WIDTH="62" HEIGHT="21" WC="0.96" CONTENT="delen"/><SP WIDTH="16" VPOS="287" HPOS="560"/>
							<String ID="string_27" HPOS="576" VPOS="287" WIDTH="65" HEIGHT="21" WC="0.96" CONTENT="redan"/><SP WIDTH="16" VPOS="287" HPOS="641"/>
							<String ID="string_28" HPOS="657" VPOS="287" WIDTH="35" HEIGHT="20" WC="0.96" CONTENT="vid"/><SP WIDTH="23" VPOS="287" HPOS="692"/>
							<String ID="string_29" HPOS="715" VPOS="287" WIDTH="88" HEIGHT="27" WC="0.93" CONTENT="tidigare"/><SP WIDTH="22" VPOS="287" HPOS="803"/>
							<String ID="string_30" HPOS="825" VPOS="286" WIDTH="69" HEIGHT="21" WC="0.93" CONTENT="landt-"/>
						</TextLine>
						<TextLine ID="line_4" HPOS="139" VPOS="320" WIDTH="756" HEIGHT="28">
							<String ID="string_31" HPOS="139" VPOS="321" WIDTH="65" HEIGHT="27" WC="0.96" CONTENT="dagar"/><SP WIDTH="21" VPOS="321" HPOS="204"/>
							<String ID="string_32" HPOS="225" VPOS="321" WIDTH="21" HEIGHT="21" WC="0.93" CONTENT="af"/><SP WIDTH="20" VPOS="321" HPOS="246"/>
							<String ID="string_33" HPOS="266" VPOS="320" WIDTH="118" HEIGHT="22" WC="0.92" CONTENT="Ständerna"/><SP WIDTH="20" VPOS="320" HPOS="384"/>
							<String ID="string_34" HPOS="404" VPOS="321" WIDTH="101" HEIGHT="21" WC="0.92" CONTENT="tilldelats"/><SP WIDTH="22" VPOS="321" HPOS="505"/>
							<String ID="string_35" HPOS="527" VPOS="321" WIDTH="80" HEIGHT="27" WC="0.89" CONTENT="anslag,"/><SP WIDTH="17" VPOS="321" HPOS="607"/>
							<String ID="string_36" HPOS="624" VPOS="321" WIDTH="52" HEIGHT="21" WC="0.93" CONTENT="böra"/><SP WIDTH="15" VPOS="321" HPOS="676"/>
							<String ID="string_37" HPOS="691" VPOS="321" WIDTH="150" HEIGHT="27" WC="0.89" CONTENT="ihägkommas,"/><SP WIDTH="16" VPOS="321" HPOS="841"/>
							<String ID="string_38" HPOS="857" VPOS="321" WIDTH="38" HEIGHT="20" WC="0.96" CONTENT="har"/>
						</TextLine>
						<TextLine ID="line_5" HPOS="140" VPOS="354" WIDTH="754" HEIGHT="28">
							<String ID="string_39" HPOS="140" VPOS="355" WIDTH="106" HEIGHT="21" WC="0.93" CONTENT="Utskottet"/><SP WIDTH="14" VPOS="355" HPOS="246"/>
							<String ID="string_40" HPOS="260" VPOS="355" WIDTH="32" HEIGHT="21" WC="0.96" CONTENT="för"/><SP WIDTH="15" VPOS="355" HPOS="292"/>
							<String ID="string_41" HPOS="307" VPOS="357" WIDTH="29" HEIGHT="19" WC="0.96" CONTENT="att"/><SP WIDTH="15" VPOS="357" HPOS="336"/>
							<String ID="string_42" HPOS="351" VPOS="356" WIDTH="72" HEIGHT="20" WC="0.96" CONTENT="kunna"/><SP WIDTH="14" VPOS="356" HPOS="423"/>
							<String ID="string_43" HPOS="437" VPOS="356" WIDTH="124" HEIGHT="26" WC="0.96" CONTENT="genomföra"/><SP WIDTH="15" VPOS="356" HPOS="561"/>
							<String ID="string_44" HPOS="576" VPOS="356" WIDTH="42" HEIGHT="20" WC="0.96" CONTENT="den"/><SP WIDTH="15" VPOS="356" HPOS="618"/>
							<String ID="string_45" HPOS="633" VPOS="356" WIDTH="21" HEIGHT="20" WC="0.93" CONTENT="af"/><SP WIDTH="12" VPOS="356" HPOS="654"/>
							<String ID="string_46" HPOS="666" VPOS="355" WIDTH="108" HEIGHT="21" WC="0.92" CONTENT="Utskottet"/><SP WIDTH="7" VPOS="355" HPOS="774"/>
							<String ID="string_47" HPOS="781" VPOS="354" WIDTH="113" HEIGHT="22" WC="0.96" CONTENT="omfattade"/>
						</TextLine>
						<TextLine ID="line_6" HPOS="139" VPOS="390" WIDTH="755" HEIGHT="27">
							<String ID="string_48" HPOS="139" VPOS="390" WIDTH="114" HEIGHT="26" WC="0.96" CONTENT="principen,"/><SP WIDTH="23" VPOS="390" HPOS="253"/>
							<String ID="string_49" HPOS="276" VPOS="390" WIDTH="90" HEIGHT="20" WC="0.96" CONTENT="minskat"/><SP WIDTH="21" VPOS="390" HPOS="366"/>
							<String ID="string_50" HPOS="387" VPOS="390" WIDTH="25" HEIGHT="20" WC="0.96" CONTENT="de"/><SP WIDTH="22" VPOS="390" HPOS="412"/>
							<String ID="string_51" HPOS="434" VPOS="390" WIDTH="61" HEIGHT="20" WC="0.94" CONTENT="flesta"/><SP WIDTH="18" VPOS="390" HPOS="495"/>
							<String ID="string_52" HPOS="513" VPOS="390" WIDTH="7" HEIGHT="20" WC="0.93" CONTENT="i"/><SP WIDTH="15" VPOS="390" HPOS="520"/>
							<String ID="string_53" HPOS="535" VPOS="390" WIDTH="145" HEIGHT="27" WC="0.96" CONTENT="fullmäktiges"/><SP WIDTH="14" VPOS="390" HPOS="680"/>
							<String ID="string_54" HPOS="694" VPOS="390" WIDTH="79" HEIGHT="27" WC="0.93" CONTENT="förslag"/><SP WIDTH="15" VPOS="390" HPOS="773"/>
							<String ID="string_55" HPOS="788" VPOS="391" WIDTH="106" HEIGHT="26" WC="0.96" CONTENT="upptagna"/>
						</TextLine>
						<TextLine ID="line_7" HPOS="139" VPOS="424" WIDTH="166" HEIGHT="28">
							<String ID="string_56" HPOS="139" VPOS="424" WIDTH="166" HEIGHT="28" WC="0.89" CONTENT="anslagsbelopp."/>
						</TextLine>
					</TextBlock>
					<TextBlock ID="block_1" HPOS="139" VPOS="458" WIDTH="756" HEIGHT="746">
						<TextLine ID="line_8" HPOS="209" VPOS="458" WIDTH="686" HEIGHT="28">
							<String ID="string_57" HPOS="209" VPOS="458" WIDTH="41" HEIGHT="21" WC="0.96" CONTENT="Det"/><SP WIDTH="14" VPOS="458" HPOS="250"/>
							<String ID="string_58" HPOS="264" VPOS="458" WIDTH="78" HEIGHT="28" WC="0.96" CONTENT="förslag"/><SP WIDTH="15" VPOS="458" HPOS="342"/>
							<String ID="string_59" HPOS="357" VPOS="458" WIDTH="31" HEIGHT="21" WC="0.93" CONTENT="till"/><SP WIDTH="15" VPOS="458" HPOS="388"/>
							<String ID="string_60" HPOS="403" VPOS="458" WIDTH="126" HEIGHT="28" WC="0.91" CONTENT="fördelning,"/><SP WIDTH="15" VPOS="458" HPOS="529"/>
							<String ID="string_61" HPOS="544" VPOS="458" WIDTH="80" HEIGHT="21" WC="0.93" CONTENT="hvilket"/><SP WIDTH="15" VPOS="458" HPOS="624"/>
							<String ID="string_62" HPOS="639" VPOS="458" WIDTH="37" HEIGHT="21" WC="0.96" CONTENT="här"/><SP WIDTH="15" VPOS="458" HPOS="676"/>
							<String ID="string_63" HPOS="691" VPOS="458" WIDTH="70" HEIGHT="21" WC="0.93" CONTENT="nedan"/><SP WIDTH="8" VPOS="458" HPOS="761"/>
							<String ID="string_64" HPOS="769" VPOS="458" WIDTH="126" HEIGHT="21" WC="0.92" CONTENT="framställes"/>
						</TextLine>
						<TextLine ID="line_9" HPOS="139" VPOS="492" WIDTH="756" HEIGHT="28">
							<String ID="string_65" HPOS="139" VPOS="494" WIDTH="23" HEIGHT="18" WC="0.93" CONTENT="är"/><SP WIDTH="15" VPOS="494" HPOS="162"/>
							<String ID="string_66" HPOS="177" VPOS="492" WIDTH="109" HEIGHT="21" WC="0.92" CONTENT="resultatet"/><SP WIDTH="14" VPOS="492" HPOS="286"/>
							<String ID="string_67" HPOS="300" VPOS="493" WIDTH="21" HEIGHT="20" WC="0.93" CONTENT="af"/><SP WIDTH="15" VPOS="493" HPOS="321"/>
							<String ID="string_68" HPOS="336" VPOS="492" WIDTH="170" HEIGHT="28" WC="0.90" CONTENT="öfverväganden"/><SP WIDTH="16" VPOS="492" HPOS="506"/>
							<String ID="string_69" HPOS="522" VPOS="493" WIDTH="39" HEIGHT="21" WC="0.93" CONTENT="och"/><SP WIDTH="15" VPOS="493" HPOS="561"/>
							<String ID="string_70" HPOS="576" VPOS="493" WIDTH="140" HEIGHT="27" WC="0.92" CONTENT="jemkningar,"/><SP WIDTH="22" VPOS="493" HPOS="716"/>
							<String ID="string_71" HPOS="738" VPOS="492" WIDTH="111" HEIGHT="27" WC="0.93" CONTENT="äsyftande"/><SP WIDTH="15" VPOS="492" HPOS="849"/>
							<String ID="string_72" HPOS="864" VPOS="495" WIDTH="31" HEIGHT="18" WC="0.96" CONTENT="att"/>
						</TextLine>
						<TextLine ID="line_10" HPOS="139" VPOS="526" WIDTH="755" HEIGHT="28">
							<String ID="string_73" HPOS="139" VPOS="526" WIDTH="24" HEIGHT="21" WC="0.93" CONTENT="sä"/><SP WIDTH="15" VPOS="526" HPOS="163"/>
							<String ID="string_74" HPOS="178" VPOS="527" WIDTH="100" HEIGHT="27" WC="0.96" CONTENT="opartiskt"/><SP WIDTH="16" VPOS="527" HPOS="278"/>
							<String ID="string_75" HPOS="294" VPOS="534" WIDTH="44" HEIGHT="14" WC="0.96" CONTENT="som"/><SP WIDTH="16" VPOS="534" HPOS="338"/>
							<String ID="string_76" HPOS="354" VPOS="527" WIDTH="81" HEIGHT="27" WC="0.93" CONTENT="möjligt"/><SP WIDTH="16" VPOS="527" HPOS="435"/>
							<String ID="string_77" HPOS="451" VPOS="527" WIDTH="110" HEIGHT="27" WC="0.96" CONTENT="tillgodose"/><SP WIDTH="17" VPOS="527" HPOS="561"/>
							<String ID="string_78" HPOS="578" VPOS="534" WIDTH="52" HEIGHT="20" WC="0.96" CONTENT="resp."/><SP WIDTH="16" VPOS="534" HPOS="630"/>
							<String ID="string_79" HPOS="646" VPOS="527" WIDTH="248" HEIGHT="21" WC="0.96" CONTENT="sökande"/><SP WIDTH="-152" VPOS="527" HPOS="894"/>
							<String ID="string_80" HPOS="742" VPOS="522" WIDTH="13" HEIGHT="37" WC="0.93" CONTENT="i"/><SP WIDTH="9" VPOS="522" HPOS="755"/>
							<String ID="string_81" HPOS="764" VPOS="527" WIDTH="130" HEIGHT="21" WC="0.96" CONTENT="förhållande"/>
						</TextLine>
						<TextLine ID="line_11" HPOS="139" VPOS="560" WIDTH="756" HEIGHT="28">
							<String ID="string_82" HPOS="139" VPOS="560" WIDTH="58" HEIGHT="21" WC="0.92" CONTENT="säväl"/><SP WIDTH="16" VPOS="560" HPOS="197"/>
							<String ID="string_83" HPOS="213" VPOS="560" WIDTH="30" HEIGHT="21" WC="0.96" CONTENT="till"/><SP WIDTH="16" VPOS="560" HPOS="243"/>
							<String ID="string_84" HPOS="259" VPOS="561" WIDTH="41" HEIGHT="21" WC="0.93" CONTENT="den"/><SP WIDTH="13" VPOS="561" HPOS="300"/>
							<String ID="string_85" HPOS="313" VPOS="561" WIDTH="160" HEIGHT="27" WC="0.92" CONTENT="allmännyttiga"/><SP WIDTH="15" VPOS="561" HPOS="473"/>
							<String ID="string_86" HPOS="488" VPOS="561" WIDTH="125" HEIGHT="27" WC="0.96" CONTENT="betydelsen"/><SP WIDTH="22" VPOS="561" HPOS="613"/>
							<String ID="string_87" HPOS="635" VPOS="561" WIDTH="20" HEIGHT="21" WC="0.96" CONTENT="af"/><SP WIDTH="23" VPOS="561" HPOS="655"/>
							<String ID="string_88" HPOS="678" VPOS="561" WIDTH="60" HEIGHT="21" WC="0.96" CONTENT="deras"/><SP WIDTH="25" VPOS="561" HPOS="738"/>
							<String ID="string_89" HPOS="763" VPOS="561" WIDTH="132" HEIGHT="21" WC="0.96" CONTENT="verksamhet"/>
						</TextLine>
						<TextLine ID="line_12" HPOS="140" VPOS="594" WIDTH="754" HEIGHT="28">
							<String ID="string_90" HPOS="140" VPOS="594" WIDTH="52" HEIGHT="22" WC="0.96" CONTENT="eller"/><SP WIDTH="15" VPOS="594" HPOS="192"/>
							<String ID="string_91" HPOS="207" VPOS="595" WIDTH="35" HEIGHT="21" WC="0.95" CONTENT="det"/><SP WIDTH="10" VPOS="595" HPOS="242"/>
							<String ID="string_92" HPOS="252" VPOS="596" WIDTH="102" HEIGHT="20" WC="0.96" CONTENT="särskilda"/><SP WIDTH="14" VPOS="596" HPOS="354"/>
							<String ID="string_93" HPOS="368" VPOS="596" WIDTH="86" HEIGHT="26" WC="0.96" CONTENT="företag,"/><SP WIDTH="16" VPOS="596" HPOS="454"/>
							<String ID="string_94" HPOS="470" VPOS="602" WIDTH="45" HEIGHT="14" WC="0.96" CONTENT="som"/><SP WIDTH="16" VPOS="602" HPOS="515"/>
							<String ID="string_95" HPOS="531" VPOS="598" WIDTH="23" HEIGHT="18" WC="0.96" CONTENT="är"/><SP WIDTH="14" VPOS="598" HPOS="554"/>
							<String ID="string_96" HPOS="568" VPOS="596" WIDTH="7" HEIGHT="20" WC="0.93" CONTENT="i"/><SP WIDTH="16" VPOS="596" HPOS="575"/>
							<String ID="string_97" HPOS="591" VPOS="595" WIDTH="64" HEIGHT="27" WC="0.93" CONTENT="fräga,"/><SP WIDTH="15" VPOS="595" HPOS="655"/>
							<String ID="string_98" HPOS="670" VPOS="602" WIDTH="46" HEIGHT="14" WC="0.93" CONTENT="som"/><SP WIDTH="16" VPOS="602" HPOS="716"/>
							<String ID="string_99" HPOS="732" VPOS="596" WIDTH="39" HEIGHT="20" WC="0.92" CONTENT="ock"/><SP WIDTH="11" VPOS="596" HPOS="771"/>
							<String ID="string_100" HPOS="782" VPOS="595" WIDTH="31" HEIGHT="21" WC="0.93" CONTENT="till"/><SP WIDTH="8" VPOS="595" HPOS="813"/>
							<String ID="string_101" HPOS="821" VPOS="595" WIDTH="73" HEIGHT="21" WC="0.92" CONTENT="behof-"/>
						</TextLine>
						<TextLine ID="line_13" HPOS="139" VPOS="629" WIDTH="755" HEIGHT="28">
							<String ID="string_102" HPOS="139" VPOS="631" WIDTH="36" HEIGHT="19" WC="0.95" CONTENT="vet"/><SP WIDTH="22" VPOS="631" HPOS="175"/>
							<String ID="string_103" HPOS="197" VPOS="629" WIDTH="20" HEIGHT="21" WC="0.96" CONTENT="af"/><SP WIDTH="23" VPOS="629" HPOS="217"/>
							<String ID="string_104" HPOS="240" VPOS="632" WIDTH="59" HEIGHT="18" WC="0.95" CONTENT="extra"/><SP WIDTH="21" VPOS="632" HPOS="299"/>
							<String ID="string_105" HPOS="320" VPOS="630" WIDTH="119" HEIGHT="20" WC="0.96" CONTENT="understöd."/><SP WIDTH="31" VPOS="630" HPOS="439"/>
							<String ID="string_106" HPOS="470" VPOS="630" WIDTH="38" HEIGHT="21" WC="0.96" CONTENT="Att"/><SP WIDTH="24" VPOS="630" HPOS="508"/>
							<String ID="string_107" HPOS="532" VPOS="636" WIDTH="77" HEIGHT="21" WC="0.96" CONTENT="genom"/><SP WIDTH="16" VPOS="636" HPOS="609"/>
							<String ID="string_108" HPOS="625" VPOS="636" WIDTH="26" HEIGHT="14" WC="0.93" CONTENT="en"/><SP WIDTH="15" VPOS="636" HPOS="651"/>
							<String ID="string_109" HPOS="666" VPOS="630" WIDTH="87" HEIGHT="27" WC="0.91" CONTENT="utförlig"/><SP WIDTH="15" VPOS="630" HPOS="753"/>
							<String ID="string_110" HPOS="768" VPOS="630" WIDTH="126" HEIGHT="26" WC="0.92" CONTENT="motivering"/>
						</TextLine>
						<TextLine ID="line_14" HPOS="139" VPOS="663" WIDTH="755" HEIGHT="28">
							<String ID="string_111" HPOS="139" VPOS="663" WIDTH="52" HEIGHT="21" WC="0.93" CONTENT="söka"/><SP WIDTH="15" VPOS="663" HPOS="191"/>
							<String ID="string_112" HPOS="206" VPOS="663" WIDTH="71" HEIGHT="21" WC="0.91" CONTENT="bevisa"/><SP WIDTH="15" VPOS="663" HPOS="277"/>
							<String ID="string_113" HPOS="292" VPOS="664" WIDTH="109" HEIGHT="27" WC="0.92" CONTENT="förslagets"/><SP WIDTH="14" VPOS="664" HPOS="401"/>
							<String ID="string_114" HPOS="415" VPOS="664" WIDTH="100" HEIGHT="27" WC="0.93" CONTENT="riktighet"/><SP WIDTH="14" VPOS="664" HPOS="515"/>
							<String ID="string_115" HPOS="529" VPOS="664" WIDTH="53" HEIGHT="21" WC="0.93" CONTENT="eller"/><SP WIDTH="14" VPOS="664" HPOS="582"/>
							<String ID="string_116" HPOS="596" VPOS="664" WIDTH="122" HEIGHT="27" WC="0.92" CONTENT="lämplighet"/><SP WIDTH="14" VPOS="664" HPOS="718"/>
							<String ID="string_117" HPOS="732" VPOS="664" WIDTH="8" HEIGHT="20" WC="0.96" CONTENT="i"/><SP WIDTH="11" VPOS="664" HPOS="740"/>
							<String ID="string_118" HPOS="751" VPOS="664" WIDTH="41" HEIGHT="20" WC="0.96" CONTENT="alla"/><SP WIDTH="8" VPOS="664" HPOS="792"/>
							<String ID="string_119" HPOS="800" VPOS="664" WIDTH="47" HEIGHT="20" WC="0.93" CONTENT="dess"/><SP WIDTH="12" VPOS="664" HPOS="847"/>
							<String ID="string_120" HPOS="859" VPOS="664" WIDTH="35" HEIGHT="20" WC="0.92" CONTENT="de-"/>
						</TextLine>
						<TextLine ID="line_15" HPOS="139" VPOS="698" WIDTH="755" HEIGHT="28">
							<String ID="string_121" HPOS="139" VPOS="698" WIDTH="36" HEIGHT="26" WC="0.92" CONTENT="lar,"/><SP WIDTH="18" VPOS="698" HPOS="175"/>
							<String ID="string_122" HPOS="193" VPOS="704" WIDTH="48" HEIGHT="15" WC="0.92" CONTENT="vore"/><SP WIDTH="15" VPOS="704" HPOS="241"/>
							<String ID="string_123" HPOS="256" VPOS="705" WIDTH="26" HEIGHT="14" WC="0.93" CONTENT="en"/><SP WIDTH="17" VPOS="705" HPOS="282"/>
							<String ID="string_124" HPOS="299" VPOS="698" WIDTH="95" HEIGHT="28" WC="0.91" CONTENT="vansklig"/><SP WIDTH="15" VPOS="698" HPOS="394"/>
							<String ID="string_125" HPOS="409" VPOS="699" WIDTH="43" HEIGHT="26" WC="0.96" CONTENT="sak,"/><SP WIDTH="15" VPOS="699" HPOS="452"/>
							<String ID="string_126" HPOS="467" VPOS="698" WIDTH="28" HEIGHT="21" WC="0.96" CONTENT="dä"/><SP WIDTH="14" VPOS="698" HPOS="495"/>
							<String ID="string_127" HPOS="509" VPOS="699" WIDTH="23" HEIGHT="26" WC="0.96" CONTENT="ju"/><SP WIDTH="15" VPOS="699" HPOS="532"/>
							<String ID="string_128" HPOS="547" VPOS="698" WIDTH="57" HEIGHT="21" WC="0.96" CONTENT="olika"/><SP WIDTH="15" VPOS="698" HPOS="604"/>
							<String ID="string_129" HPOS="619" VPOS="698" WIDTH="132" HEIGHT="27" WC="0.93" CONTENT="synpunkter"/><SP WIDTH="17" VPOS="698" HPOS="751"/>
							<String ID="string_130" HPOS="768" VPOS="698" WIDTH="73" HEIGHT="20" WC="0.91" CONTENT="härvid"/><SP WIDTH="16" VPOS="698" HPOS="841"/>
							<String ID="string_131" HPOS="857" VPOS="698" WIDTH="37" HEIGHT="20" WC="0.92" CONTENT="all-"/>
						</TextLine>
						<TextLine ID="line_16" HPOS="140" VPOS="732" WIDTH="753" HEIGHT="28">
							<String ID="string_132" HPOS="140" VPOS="732" WIDTH="29" HEIGHT="20" WC="0.96" CONTENT="tid"/><SP WIDTH="23" VPOS="732" HPOS="169"/>
							<String ID="string_133" HPOS="192" VPOS="732" WIDTH="72" HEIGHT="21" WC="0.96" CONTENT="kunna"/><SP WIDTH="27" VPOS="732" HPOS="264"/>
							<String ID="string_134" HPOS="291" VPOS="733" WIDTH="48" HEIGHT="21" WC="0.96" CONTENT="med"/><SP WIDTH="22" VPOS="733" HPOS="339"/>
							<String ID="string_135" HPOS="361" VPOS="733" WIDTH="83" HEIGHT="21" WC="0.93" CONTENT="relativt"/><SP WIDTH="20" VPOS="733" HPOS="444"/>
							<String ID="string_136" HPOS="464" VPOS="732" WIDTH="145" HEIGHT="28" WC="0.91" CONTENT="berättigande"/><SP WIDTH="15" VPOS="732" HPOS="609"/>
							<String ID="string_137" HPOS="624" VPOS="732" WIDTH="71" HEIGHT="21" WC="0.92" CONTENT="ställas"/><SP WIDTH="15" VPOS="732" HPOS="695"/>
							<String ID="string_138" HPOS="710" VPOS="735" WIDTH="45" HEIGHT="19" WC="0.93" CONTENT="mot"/><SP WIDTH="14" VPOS="735" HPOS="755"/>
							<String ID="string_139" HPOS="769" VPOS="732" WIDTH="124" HEIGHT="21" WC="0.92" CONTENT="hvarandra."/>
						</TextLine>
						<TextLine ID="line_17" HPOS="140" VPOS="766" WIDTH="754" HEIGHT="28">
							<String ID="string_140" HPOS="140" VPOS="766" WIDTH="106" HEIGHT="21" WC="0.92" CONTENT="Utskottet"/><SP WIDTH="16" VPOS="766" HPOS="246"/>
							<String ID="string_141" HPOS="262" VPOS="767" WIDTH="63" HEIGHT="21" WC="0.92" CONTENT="afstär"/><SP WIDTH="15" VPOS="767" HPOS="325"/>
							<String ID="string_142" HPOS="340" VPOS="767" WIDTH="70" HEIGHT="21" WC="0.93" CONTENT="derför"/><SP WIDTH="14" VPOS="767" HPOS="410"/>
							<String ID="string_143" HPOS="424" VPOS="767" WIDTH="45" HEIGHT="20" WC="0.92" CONTENT="frän"/><SP WIDTH="18" VPOS="767" HPOS="469"/>
							<String ID="string_144" HPOS="487" VPOS="767" WIDTH="65" HEIGHT="21" WC="0.93" CONTENT="sädan"/><SP WIDTH="15" VPOS="767" HPOS="552"/>
							<String ID="string_145" HPOS="567" VPOS="767" WIDTH="133" HEIGHT="27" WC="0.89" CONTENT="motivering,"/><SP WIDTH="15" VPOS="767" HPOS="700"/>
							<String ID="string_146" HPOS="715" VPOS="767" WIDTH="7" HEIGHT="20" WC="0.96" CONTENT="i"/><SP WIDTH="15" VPOS="767" HPOS="722"/>
							<String ID="string_147" HPOS="737" VPOS="767" WIDTH="40" HEIGHT="21" WC="0.93" CONTENT="den"/><SP WIDTH="19" VPOS="767" HPOS="777"/>
							<String ID="string_148" HPOS="796" VPOS="767" WIDTH="98" HEIGHT="27" WC="0.93" CONTENT="förhopp-"/>
						</TextLine>
						<TextLine ID="line_18" HPOS="139" VPOS="800" WIDTH="754" HEIGHT="28">
							<String ID="string_149" HPOS="139" VPOS="800" WIDTH="52" HEIGHT="28" WC="0.96" CONTENT="ning"/><SP WIDTH="16" VPOS="800" HPOS="191"/>
							<String ID="string_150" HPOS="207" VPOS="802" WIDTH="29" HEIGHT="20" WC="0.95" CONTENT="att"/><SP WIDTH="14" VPOS="802" HPOS="236"/>
							<String ID="string_151" HPOS="250" VPOS="808" WIDTH="49" HEIGHT="14" WC="0.96" CONTENT="man"/><SP WIDTH="15" VPOS="808" HPOS="299"/>
							<String ID="string_152" HPOS="314" VPOS="801" WIDTH="36" HEIGHT="21" WC="0.93" CONTENT="vid"/><SP WIDTH="14" VPOS="801" HPOS="350"/>
							<String ID="string_153" HPOS="364" VPOS="802" WIDTH="110" HEIGHT="26" WC="0.96" CONTENT="förslagets"/><SP WIDTH="16" VPOS="802" HPOS="474"/>
							<String ID="string_154" HPOS="490" VPOS="801" WIDTH="130" HEIGHT="27" WC="0.88" CONTENT="granskning"/><SP WIDTH="23" VPOS="801" HPOS="620"/>
							<String ID="string_155" HPOS="643" VPOS="801" WIDTH="90" HEIGHT="27" WC="0.92" CONTENT="benäget"/><SP WIDTH="15" VPOS="801" HPOS="733"/>
							<String ID="string_156" HPOS="748" VPOS="801" WIDTH="53" HEIGHT="21" WC="0.93" CONTENT="skall"/><SP WIDTH="23" VPOS="801" HPOS="801"/>
							<String ID="string_157" HPOS="824" VPOS="803" WIDTH="48" HEIGHT="25" WC="0.96" CONTENT="taga"/><SP WIDTH="14" VPOS="803" HPOS="872"/>
							<String ID="string_158" HPOS="886" VPOS="801" WIDTH="7" HEIGHT="20" WC="0.96" CONTENT="i"/>
						</TextLine>
						<TextLine ID="line_19" HPOS="139" VPOS="834" WIDTH="755" HEIGHT="28">
							<String ID="string_159" HPOS="139" VPOS="834" WIDTH="144" HEIGHT="28" WC="0.92" CONTENT="betraktande,"/><SP WIDTH="15" VPOS="834" HPOS="283"/>
							<String ID="string_160" HPOS="298" VPOS="837" WIDTH="30" HEIGHT="19" WC="0.96" CONTENT="att"/><SP WIDTH="15" VPOS="837" HPOS="328"/>
							<String ID="string_161" HPOS="343" VPOS="836" WIDTH="96" HEIGHT="26" WC="0.96" CONTENT="samtliga"/><SP WIDTH="15" VPOS="836" HPOS="439"/>
							<String ID="string_162" HPOS="454" VPOS="838" WIDTH="71" HEIGHT="24" WC="0.96" CONTENT="poster"/><SP WIDTH="14" VPOS="838" HPOS="525"/>
							<String ID="string_163" HPOS="539" VPOS="836" WIDTH="7" HEIGHT="19" WC="0.93" CONTENT="i"/><SP WIDTH="16" VPOS="836" HPOS="546"/>
							<String ID="string_164" HPOS="562" VPOS="835" WIDTH="100" HEIGHT="27" WC="0.92" CONTENT="förslaget"/><SP WIDTH="14" VPOS="835" HPOS="662"/>
							<String ID="string_165" HPOS="676" VPOS="835" WIDTH="32" HEIGHT="20" WC="0.96" CONTENT="stä"/><SP WIDTH="15" VPOS="835" HPOS="708"/>
							<String ID="string_166" HPOS="723" VPOS="836" WIDTH="7" HEIGHT="19" WC="0.93" CONTENT="i"/><SP WIDTH="21" VPOS="836" HPOS="730"/>
							<String ID="string_167" HPOS="751" VPOS="835" WIDTH="106" HEIGHT="20" WC="0.92" CONTENT="beroende"/><SP WIDTH="16" VPOS="835" HPOS="857"/>
							<String ID="string_168" HPOS="873" VPOS="835" WIDTH="21" HEIGHT="20" WC="0.96" CONTENT="af"/>
						</TextLine>
						<TextLine ID="line_20" HPOS="139" VPOS="869" WIDTH="755" HEIGHT="28">
							<String ID="string_169" HPOS="139" VPOS="869" WIDTH="123" HEIGHT="27" WC="0.96" CONTENT="hvarandra,"/><SP WIDTH="22" VPOS="869" HPOS="262"/>
							<String ID="string_170" HPOS="284" VPOS="869" WIDTH="39" HEIGHT="21" WC="0.95" CONTENT="och"/><SP WIDTH="23" VPOS="869" HPOS="323"/>
							<String ID="string_171" HPOS="346" VPOS="872" WIDTH="30" HEIGHT="18" WC="0.93" CONTENT="att"/><SP WIDTH="17" VPOS="872" HPOS="376"/>
							<String ID="string_172" HPOS="393" VPOS="869" WIDTH="58" HEIGHT="28" WC="0.96" CONTENT="fråga"/><SP WIDTH="21" VPOS="869" HPOS="451"/>
							<String ID="string_173" HPOS="472" VPOS="870" WIDTH="23" HEIGHT="26" WC="0.93" CONTENT="ju"/><SP WIDTH="18" VPOS="870" HPOS="495"/>
							<String ID="string_174" HPOS="513" VPOS="869" WIDTH="54" HEIGHT="21" WC="0.96" CONTENT="blott"/><SP WIDTH="17" VPOS="869" HPOS="567"/>
							<String ID="string_175" HPOS="584" VPOS="871" WIDTH="23" HEIGHT="19" WC="0.96" CONTENT="är"/><SP WIDTH="15" VPOS="871" HPOS="607"/>
							<String ID="string_176" HPOS="622" VPOS="876" WIDTH="34" HEIGHT="14" WC="0.90" CONTENT="om"/><SP WIDTH="16" VPOS="876" HPOS="656"/>
							<String ID="string_177" HPOS="672" VPOS="869" WIDTH="76" HEIGHT="28" WC="0.95" CONTENT="bidrag"/><SP WIDTH="15" VPOS="869" HPOS="748"/>
							<String ID="string_178" HPOS="763" VPOS="869" WIDTH="32" HEIGHT="21" WC="0.96" CONTENT="till"/><SP WIDTH="16" VPOS="869" HPOS="795"/>
							<String ID="string_179" HPOS="811" VPOS="869" WIDTH="25" HEIGHT="21" WC="0.93" CONTENT="de"/><SP WIDTH="16" VPOS="869" HPOS="836"/>
							<String ID="string_180" HPOS="852" VPOS="871" WIDTH="42" HEIGHT="18" WC="0.93" CONTENT="sär-"/>
						</TextLine>
						<TextLine ID="line_21" HPOS="139" VPOS="903" WIDTH="755" HEIGHT="28">
							<String ID="string_181" HPOS="139" VPOS="903" WIDTH="68" HEIGHT="20" WC="0.93" CONTENT="skilda"/><SP WIDTH="22" VPOS="903" HPOS="207"/>
							<String ID="string_182" HPOS="229" VPOS="903" WIDTH="131" HEIGHT="28" WC="0.92" CONTENT="ändamälen,"/><SP WIDTH="21" VPOS="903" HPOS="360"/>
							<String ID="string_183" HPOS="381" VPOS="904" WIDTH="33" HEIGHT="20" WC="0.93" CONTENT="för"/><SP WIDTH="21" VPOS="904" HPOS="414"/>
							<String ID="string_184" HPOS="435" VPOS="904" WIDTH="72" HEIGHT="21" WC="0.96" CONTENT="hvilka"/><SP WIDTH="22" VPOS="904" HPOS="507"/>
							<String ID="string_185" HPOS="529" VPOS="904" WIDTH="63" HEIGHT="20" WC="0.96" CONTENT="äfven"/><SP WIDTH="15" VPOS="904" HPOS="592"/>
							<String ID="string_186" HPOS="607" VPOS="903" WIDTH="65" HEIGHT="21" WC="0.93" CONTENT="andra"/><SP WIDTH="16" VPOS="903" HPOS="672"/>
							<String ID="string_187" HPOS="688" VPOS="903" WIDTH="113" HEIGHT="28" WC="0.96" CONTENT="tillgångar"/><SP WIDTH="14" VPOS="903" HPOS="801"/>
							<String ID="string_188" HPOS="815" VPOS="903" WIDTH="32" HEIGHT="21" WC="0.96" CONTENT="stä"/><SP WIDTH="15" VPOS="903" HPOS="847"/>
							<String ID="string_189" HPOS="862" VPOS="903" WIDTH="32" HEIGHT="21" WC="0.96" CONTENT="till"/>
						</TextLine>
						<TextLine ID="line_22" HPOS="139" VPOS="936" WIDTH="755" HEIGHT="29">
							<String ID="string_190" HPOS="139" VPOS="936" WIDTH="61" HEIGHT="27" WC="0.91" CONTENT="buds,"/><SP WIDTH="15" VPOS="936" HPOS="200"/>
							<String ID="string_191" HPOS="215" VPOS="937" WIDTH="46" HEIGHT="21" WC="0.91" CONTENT="icke"/><SP WIDTH="15" VPOS="937" HPOS="261"/>
							<String ID="string_192" HPOS="276" VPOS="944" WIDTH="34" HEIGHT="14" WC="0.93" CONTENT="om"/><SP WIDTH="16" VPOS="944" HPOS="310"/>
							<String ID="string_193" HPOS="326" VPOS="938" WIDTH="132" HEIGHT="27" WC="0.92" CONTENT="fullständigt"/><SP WIDTH="15" VPOS="938" HPOS="458"/>
							<String ID="string_194" HPOS="473" VPOS="938" WIDTH="129" HEIGHT="21" WC="0.91" CONTENT="bekostande"/><SP WIDTH="23" VPOS="938" HPOS="602"/>
							<String ID="string_195" HPOS="625" VPOS="938" WIDTH="21" HEIGHT="21" WC="0.96" CONTENT="af"/><SP WIDTH="20" VPOS="938" HPOS="646"/>
							<String ID="string_196" HPOS="666" VPOS="939" WIDTH="55" HEIGHT="20" WC="0.97" CONTENT="vissa"/><SP WIDTH="21" VPOS="939" HPOS="721"/>
							<String ID="string_197" HPOS="742" VPOS="938" WIDTH="32" HEIGHT="21" WC="0.96" CONTENT="till"/><SP WIDTH="22" VPOS="938" HPOS="774"/>
							<String ID="string_198" HPOS="796" VPOS="938" WIDTH="98" HEIGHT="27" WC="0.96" CONTENT="beloppet"/>
						</TextLine>
						<TextLine ID="line_23" HPOS="139" VPOS="970" WIDTH="749" HEIGHT="30">
							<String ID="string_199" HPOS="139" VPOS="970" WIDTH="119" HEIGHT="22" WC="0.92" CONTENT="beräknade"/><SP WIDTH="16" VPOS="970" HPOS="258"/>
							<String ID="string_200" HPOS="274" VPOS="971" WIDTH="90" HEIGHT="28" WC="0.96" CONTENT="utgifter."/><SP WIDTH="30" VPOS="971" HPOS="364"/>
							<String ID="string_201" HPOS="394" VPOS="971" WIDTH="28" HEIGHT="22" WC="0.93" CONTENT="Sä"/><SP WIDTH="14" VPOS="971" HPOS="422"/>
							<String ID="string_202" HPOS="436" VPOS="974" WIDTH="13" HEIGHT="19" WC="0.93" CONTENT="t."/><SP WIDTH="16" VPOS="974" HPOS="449"/>
							<String ID="string_203" HPOS="465" VPOS="978" WIDTH="33" HEIGHT="15" WC="0.95" CONTENT="ex."/><SP WIDTH="24" VPOS="978" HPOS="498"/>
							<String ID="string_204" HPOS="522" VPOS="972" WIDTH="41" HEIGHT="21" WC="0.93" CONTENT="kan"/><SP WIDTH="22" VPOS="972" HPOS="563"/>
							<String ID="string_205" HPOS="585" VPOS="972" WIDTH="168" HEIGHT="28" WC="0.89" CONTENT="Finsk-Ugriska"/><SP WIDTH="22" VPOS="972" HPOS="753"/>
							<String ID="string_206" HPOS="775" VPOS="971" WIDTH="113" HEIGHT="28" WC="0.93" CONTENT="sällskapet"/>
						</TextLine>
						<TextLine ID="line_24" HPOS="139" VPOS="1005" WIDTH="755" HEIGHT="29">
							<String ID="string_207" HPOS="139" VPOS="1011" WIDTH="45" HEIGHT="14" WC="0.93" CONTENT="som"/><SP WIDTH="16" VPOS="1011" HPOS="184"/>
							<String ID="string_208" HPOS="200" VPOS="1008" WIDTH="58" HEIGHT="18" WC="0.92" CONTENT="utom"/><SP WIDTH="15" VPOS="1008" HPOS="258"/>
							<String ID="string_209" HPOS="273" VPOS="1005" WIDTH="74" HEIGHT="28" WC="0.91" CONTENT="bidrag"/><SP WIDTH="15" VPOS="1005" HPOS="347"/>
							<String ID="string_210" HPOS="362" VPOS="1006" WIDTH="31" HEIGHT="21" WC="0.96" CONTENT="till"/><SP WIDTH="15" VPOS="1006" HPOS="393"/>
							<String ID="string_211" HPOS="408" VPOS="1006" WIDTH="45" HEIGHT="21" WC="0.93" CONTENT="sina"/><SP WIDTH="16" VPOS="1006" HPOS="453"/>
							<String ID="string_212" HPOS="469" VPOS="1007" WIDTH="84" HEIGHT="27" WC="0.93" CONTENT="vanliga"/><SP WIDTH="15" VPOS="1007" HPOS="553"/>
							<String ID="string_213" HPOS="568" VPOS="1007" WIDTH="136" HEIGHT="21" WC="0.90" CONTENT="sträfvanden"/><SP WIDTH="16" VPOS="1007" HPOS="704"/>
							<String ID="string_214" HPOS="720" VPOS="1007" WIDTH="75" HEIGHT="20" WC="0.93" CONTENT="önskat"/><SP WIDTH="15" VPOS="1007" HPOS="795"/>
							<String ID="string_215" HPOS="810" VPOS="1008" WIDTH="30" HEIGHT="19" WC="0.93" CONTENT="ett"/><SP WIDTH="17" VPOS="1008" HPOS="840"/>
							<String ID="string_216" HPOS="857" VPOS="1012" WIDTH="37" HEIGHT="14" WC="0.93" CONTENT="an-"/>
						</TextLine>
						<TextLine ID="line_25" HPOS="139" VPOS="1039" WIDTH="754" HEIGHT="30">
							<String ID="string_217" HPOS="139" VPOS="1039" WIDTH="45" HEIGHT="27" WC="0.94" CONTENT="slag"/><SP WIDTH="17" VPOS="1039" HPOS="184"/>
							<String ID="string_218" HPOS="201" VPOS="1039" WIDTH="20" HEIGHT="20" WC="0.93" CONTENT="af"/><SP WIDTH="15" VPOS="1039" HPOS="221"/>
							<String ID="string_219" HPOS="236" VPOS="1040" WIDTH="75" HEIGHT="26" WC="0.92" CONTENT="20,000"/><SP WIDTH="15" VPOS="1040" HPOS="311"/>
							<String ID="string_220" HPOS="326" VPOS="1041" WIDTH="59" HEIGHT="20" WC="0.96" CONTENT="mark"/><SP WIDTH="17" VPOS="1041" HPOS="385"/>
							<String ID="string_221" HPOS="402" VPOS="1040" WIDTH="32" HEIGHT="25" WC="0.96" CONTENT="för"/><SP WIDTH="15" VPOS="1040" HPOS="434"/>
							<String ID="string_222" HPOS="449" VPOS="1047" WIDTH="26" HEIGHT="14" WC="0.93" CONTENT="en"/><SP WIDTH="16" VPOS="1047" HPOS="475"/>
							<String ID="string_223" HPOS="491" VPOS="1041" WIDTH="132" HEIGHT="28" WC="0.88" CONTENT="arkeologisk"/><SP WIDTH="26" VPOS="1041" HPOS="623"/>
							<String ID="string_224" HPOS="649" VPOS="1040" WIDTH="244" HEIGHT="29" WC="0.86" CONTENT="forskningsexpedition"/>
						</TextLine>
						<TextLine ID="line_26" HPOS="139" VPOS="1073" WIDTH="754" HEIGHT="29">
							<String ID="string_225" HPOS="139" VPOS="1073" WIDTH="31" HEIGHT="20" WC="0.93" CONTENT="till"/><SP WIDTH="15" VPOS="1073" HPOS="170"/>
							<String ID="string_226" HPOS="185" VPOS="1073" WIDTH="72" HEIGHT="27" WC="0.92" CONTENT="Asien,"/><SP WIDTH="15" VPOS="1073" HPOS="257"/>
							<String ID="string_227" HPOS="272" VPOS="1074" WIDTH="117" HEIGHT="28" WC="0.93" CONTENT="säkerligen"/><SP WIDTH="16" VPOS="1074" HPOS="389"/>
							<String ID="string_228" HPOS="405" VPOS="1074" WIDTH="58" HEIGHT="21" WC="0.93" CONTENT="finna"/><SP WIDTH="16" VPOS="1074" HPOS="463"/>
							<String ID="string_229" HPOS="479" VPOS="1077" WIDTH="64" HEIGHT="25" WC="0.93" CONTENT="utväg"/><SP WIDTH="15" VPOS="1077" HPOS="543"/>
							<String ID="string_230" HPOS="558" VPOS="1078" WIDTH="31" HEIGHT="18" WC="0.93" CONTENT="att"/><SP WIDTH="14" VPOS="1078" HPOS="589"/>
							<String ID="string_231" HPOS="603" VPOS="1075" WIDTH="100" HEIGHT="21" WC="0.92" CONTENT="realisera"/><SP WIDTH="15" VPOS="1075" HPOS="703"/>
							<String ID="string_232" HPOS="718" VPOS="1075" WIDTH="70" HEIGHT="21" WC="0.97" CONTENT="denna"/><SP WIDTH="8" VPOS="1075" HPOS="788"/>
							<String ID="string_233" HPOS="796" VPOS="1075" WIDTH="55" HEIGHT="27" WC="0.96" CONTENT="plan,"/><SP WIDTH="8" VPOS="1075" HPOS="851"/>
							<String ID="string_234" HPOS="859" VPOS="1081" WIDTH="34" HEIGHT="14" WC="0.96" CONTENT="om"/>
						</TextLine>
						<TextLine ID="line_27" HPOS="139" VPOS="1107" WIDTH="755" HEIGHT="30">
							<String ID="string_235" HPOS="139" VPOS="1107" WIDTH="39" HEIGHT="20" WC="0.91" CONTENT="ock"/><SP WIDTH="15" VPOS="1107" HPOS="178"/>
							<String ID="string_236" HPOS="193" VPOS="1107" WIDTH="113" HEIGHT="28" WC="0.91" CONTENT="sällskapet"/><SP WIDTH="15" VPOS="1107" HPOS="306"/>
							<String ID="string_237" HPOS="321" VPOS="1109" WIDTH="65" HEIGHT="27" WC="0.93" CONTENT="enligt"/><SP WIDTH="16" VPOS="1109" HPOS="386"/>
							<String ID="string_238" HPOS="402" VPOS="1109" WIDTH="117" HEIGHT="21" WC="0.92" CONTENT="Utskottets"/><SP WIDTH="15" VPOS="1109" HPOS="519"/>
							<String ID="string_239" HPOS="534" VPOS="1109" WIDTH="79" HEIGHT="28" WC="0.93" CONTENT="förslag"/><SP WIDTH="15" VPOS="1109" HPOS="613"/>
							<String ID="string_240" HPOS="628" VPOS="1109" WIDTH="90" HEIGHT="21" WC="0.92" CONTENT="erhäller"/><SP WIDTH="15" VPOS="1109" HPOS="718"/>
							<String ID="string_241" HPOS="733" VPOS="1109" WIDTH="75" HEIGHT="21" WC="0.89" CONTENT="inalles"/><SP WIDTH="11" VPOS="1109" HPOS="808"/>
							<String ID="string_242" HPOS="819" VPOS="1109" WIDTH="75" HEIGHT="20" WC="0.96" CONTENT="endast"/>
						</TextLine>
						<TextLine ID="line_28" HPOS="139" VPOS="1141" WIDTH="755" HEIGHT="29">
							<String ID="string_243" HPOS="139" VPOS="1141" WIDTH="75" HEIGHT="27" WC="0.91" CONTENT="20,000"/><SP WIDTH="16" VPOS="1141" HPOS="214"/>
							<String ID="string_244" HPOS="230" VPOS="1142" WIDTH="65" HEIGHT="25" WC="0.95" CONTENT="mark,"/><SP WIDTH="15" VPOS="1142" HPOS="295"/>
							<String ID="string_245" HPOS="310" VPOS="1144" WIDTH="23" HEIGHT="25" WC="0.96" CONTENT="ty"/><SP WIDTH="15" VPOS="1144" HPOS="333"/>
							<String ID="string_246" HPOS="348" VPOS="1143" WIDTH="124" HEIGHT="27" WC="0.93" CONTENT="regeringen"/><SP WIDTH="16" VPOS="1143" HPOS="472"/>
							<String ID="string_247" HPOS="488" VPOS="1143" WIDTH="55" HEIGHT="21" WC="0.96" CONTENT="lärer"/><SP WIDTH="15" VPOS="1143" HPOS="543"/>
							<String ID="string_248" HPOS="558" VPOS="1143" WIDTH="34" HEIGHT="21" WC="0.93" CONTENT="väl"/><SP WIDTH="14" VPOS="1143" HPOS="592"/>
							<String ID="string_249" HPOS="606" VPOS="1143" WIDTH="47" HEIGHT="22" WC="0.96" CONTENT="icke"/><SP WIDTH="16" VPOS="1143" HPOS="653"/>
							<String ID="string_250" HPOS="669" VPOS="1150" WIDTH="50" HEIGHT="14" WC="0.93" CONTENT="vara"/><SP WIDTH="15" VPOS="1150" HPOS="719"/>
							<String ID="string_251" HPOS="734" VPOS="1143" WIDTH="73" HEIGHT="27" WC="0.95" CONTENT="ovillig"/><SP WIDTH="8" VPOS="1143" HPOS="807"/>
							<String ID="string_252" HPOS="815" VPOS="1144" WIDTH="30" HEIGHT="19" WC="0.93" CONTENT="att"/><SP WIDTH="8" VPOS="1144" HPOS="845"/>
							<String ID="string_253" HPOS="853" VPOS="1143" WIDTH="41" HEIGHT="20" WC="0.82" CONTENT="till-"/>
						</TextLine>
						<TextLine ID="line_29" HPOS="139" VPOS="1175" WIDTH="486" HEIGHT="29">
							<String ID="string_254" HPOS="139" VPOS="1175" WIDTH="70" HEIGHT="28" WC="0.93" CONTENT="skjuta"/><SP WIDTH="14" VPOS="1175" HPOS="209"/>
							<String ID="string_255" HPOS="223" VPOS="1176" WIDTH="64" HEIGHT="27" WC="0.93" CONTENT="nägot"/><SP WIDTH="15" VPOS="1176" HPOS="287"/>
							<String ID="string_256" HPOS="302" VPOS="1177" WIDTH="75" HEIGHT="27" WC="0.93" CONTENT="belopp"/><SP WIDTH="16" VPOS="1177" HPOS="377"/>
							<String ID="string_257" HPOS="393" VPOS="1177" WIDTH="21" HEIGHT="20" WC="0.96" CONTENT="af"/><SP WIDTH="14" VPOS="1177" HPOS="414"/>
							<String ID="string_258" HPOS="428" VPOS="1177" WIDTH="107" HEIGHT="21" WC="0.94" CONTENT="allmänna"/><SP WIDTH="15" VPOS="1177" HPOS="535"/>
							<String ID="string_259" HPOS="550" VPOS="1177" WIDTH="75" HEIGHT="22" WC="0.96" CONTENT="medel."/>
						</TextLine>
					</TextBlock>
					<TextBlock ID="block_2" HPOS="136" VPOS="1210" WIDTH="759" HEIGHT="267">
						<TextLine ID="line_30" HPOS="207" VPOS="1210" WIDTH="687" HEIGHT="23">
							<String ID="string_260" HPOS="207" VPOS="1210" WIDTH="61" HEIGHT="21" WC="0.92" CONTENT="Inom"/><SP WIDTH="16" VPOS="1210" HPOS="268"/>
							<String ID="string_261" HPOS="284" VPOS="1211" WIDTH="106" HEIGHT="21" WC="0.92" CONTENT="Utskottet"/><SP WIDTH="14" VPOS="1211" HPOS="390"/>
							<String ID="string_262" HPOS="404" VPOS="1211" WIDTH="39" HEIGHT="21" WC="0.93" CONTENT="har"/><SP WIDTH="14" VPOS="1211" HPOS="443"/>
							<String ID="string_263" HPOS="457" VPOS="1211" WIDTH="63" HEIGHT="22" WC="0.92" CONTENT="äfven"/><SP WIDTH="15" VPOS="1211" HPOS="520"/>
							<String ID="string_264" HPOS="535" VPOS="1211" WIDTH="100" HEIGHT="22" WC="0.92" CONTENT="förevarit"/><SP WIDTH="15" VPOS="1211" HPOS="635"/>
							<String ID="string_265" HPOS="650" VPOS="1218" WIDTH="26" HEIGHT="15" WC="0.96" CONTENT="en"/><SP WIDTH="9" VPOS="1218" HPOS="676"/>
							<String ID="string_266" HPOS="685" VPOS="1212" WIDTH="21" HEIGHT="20" WC="0.92" CONTENT="af"/><SP WIDTH="8" VPOS="1212" HPOS="706"/>
							<String ID="string_267" HPOS="714" VPOS="1212" WIDTH="72" HEIGHT="21" WC="0.92" CONTENT="herrar"/><SP WIDTH="8" VPOS="1212" HPOS="786"/>
							<String ID="string_268" HPOS="794" VPOS="1211" WIDTH="35" HEIGHT="21" WC="0.96" CONTENT="Th."/><SP WIDTH="11" VPOS="1211" HPOS="829"/>
							<String ID="string_269" HPOS="840" VPOS="1211" WIDTH="54" HEIGHT="21" WC="0.96" CONTENT="Rein"/>
						</TextLine>
						<TextLine ID="line_31" HPOS="139" VPOS="1244" WIDTH="755" HEIGHT="29">
							<String ID="string_270" HPOS="139" VPOS="1244" WIDTH="37" HEIGHT="20" WC="0.92" CONTENT="och"/><SP WIDTH="28" VPOS="1244" HPOS="176"/>
							<String ID="string_271" HPOS="204" VPOS="1244" WIDTH="54" HEIGHT="21" WC="0.91" CONTENT="Eliel"/><SP WIDTH="23" VPOS="1244" HPOS="258"/>
							<String ID="string_272" HPOS="281" VPOS="1245" WIDTH="88" HEIGHT="27" WC="0.93" CONTENT="Aspelin"/><SP WIDTH="23" VPOS="1245" HPOS="369"/>
							<String ID="string_273" HPOS="392" VPOS="1245" WIDTH="108" HEIGHT="21" WC="0.89" CONTENT="inlemnad"/><SP WIDTH="22" VPOS="1245" HPOS="500"/>
							<String ID="string_274" HPOS="522" VPOS="1246" WIDTH="95" HEIGHT="21" WC="0.95" CONTENT="ansökan"/><SP WIDTH="26" VPOS="1246" HPOS="617"/>
							<String ID="string_275" HPOS="643" VPOS="1253" WIDTH="33" HEIGHT="14" WC="0.92" CONTENT="om"/><SP WIDTH="19" VPOS="1253" HPOS="676"/>
							<String ID="string_276" HPOS="695" VPOS="1246" WIDTH="74" HEIGHT="27" WC="0.92" CONTENT="bidrag"/><SP WIDTH="15" VPOS="1246" HPOS="769"/>
							<String ID="string_277" HPOS="784" VPOS="1245" WIDTH="30" HEIGHT="21" WC="0.93" CONTENT="till"/><SP WIDTH="17" VPOS="1245" HPOS="814"/>
							<String ID="string_278" HPOS="831" VPOS="1245" WIDTH="63" HEIGHT="28" WC="0.93" CONTENT="utgif-"/>
						</TextLine>
						<TextLine ID="line_32" HPOS="139" VPOS="1278" WIDTH="755" HEIGHT="23">
							<String ID="string_279" HPOS="139" VPOS="1278" WIDTH="68" HEIGHT="21" WC="0.96" CONTENT="vande"/><SP WIDTH="29" VPOS="1278" HPOS="207"/>
							<String ID="string_280" HPOS="236" VPOS="1279" WIDTH="21" HEIGHT="20" WC="0.96" CONTENT="af"/><SP WIDTH="28" VPOS="1279" HPOS="257"/>
							<String ID="string_281" HPOS="285" VPOS="1279" WIDTH="19" HEIGHT="21" WC="0.93" CONTENT="J."/><SP WIDTH="31" VPOS="1279" HPOS="304"/>
							<String ID="string_282" HPOS="335" VPOS="1279" WIDTH="25" HEIGHT="20" WC="0.91" CONTENT="V."/><SP WIDTH="30" VPOS="1279" HPOS="360"/>
							<String ID="string_283" HPOS="390" VPOS="1279" WIDTH="120" HEIGHT="21" WC="0.92" CONTENT="Snellmans"/><SP WIDTH="21" VPOS="1279" HPOS="510"/>
							<String ID="string_284" HPOS="531" VPOS="1280" WIDTH="90" HEIGHT="21" WC="0.96" CONTENT="skrifter."/><SP WIDTH="40" VPOS="1280" HPOS="621"/>
							<String ID="string_285" HPOS="661" VPOS="1280" WIDTH="33" HEIGHT="21" WC="0.92" CONTENT="Då"/><SP WIDTH="22" VPOS="1280" HPOS="694"/>
							<String ID="string_286" HPOS="716" VPOS="1279" WIDTH="116" HEIGHT="22" WC="0.96" CONTENT="emellertid"/><SP WIDTH="21" VPOS="1279" HPOS="832"/>
							<String ID="string_287" HPOS="853" VPOS="1279" WIDTH="41" HEIGHT="21" WC="0.96" CONTENT="den"/>
						</TextLine>
						<TextLine ID="line_33" HPOS="138" VPOS="1311" WIDTH="757" HEIGHT="29">
							<String ID="string_288" HPOS="138" VPOS="1311" WIDTH="92" HEIGHT="28" WC="0.91" CONTENT="begärda"/><SP WIDTH="29" VPOS="1311" HPOS="230"/>
							<String ID="string_289" HPOS="259" VPOS="1319" WIDTH="98" HEIGHT="15" WC="0.93" CONTENT="summan"/><SP WIDTH="29" VPOS="1319" HPOS="357"/>
							<String ID="string_290" HPOS="386" VPOS="1313" WIDTH="21" HEIGHT="21" WC="0.93" CONTENT="af"/><SP WIDTH="30" VPOS="1313" HPOS="407"/>
							<String ID="string_291" HPOS="437" VPOS="1313" WIDTH="75" HEIGHT="27" WC="0.90" CONTENT="30,000"/><SP WIDTH="31" VPOS="1313" HPOS="512"/>
							<String ID="string_292" HPOS="543" VPOS="1314" WIDTH="69" HEIGHT="21" WC="0.93" CONTENT="mark."/><SP WIDTH="30" VPOS="1314" HPOS="612"/>
							<String ID="string_293" HPOS="642" VPOS="1315" WIDTH="67" HEIGHT="20" WC="0.93" CONTENT="ehuru"/><SP WIDTH="29" VPOS="1315" HPOS="709"/>
							<String ID="string_294" HPOS="738" VPOS="1315" WIDTH="24" HEIGHT="20" WC="0.95" CONTENT="sä"/><SP WIDTH="30" VPOS="1315" HPOS="762"/>
							<String ID="string_295" HPOS="792" VPOS="1316" WIDTH="43" HEIGHT="19" WC="0.95" CONTENT="stor"/><SP WIDTH="29" VPOS="1316" HPOS="835"/>
							<String ID="string_296" HPOS="864" VPOS="1315" WIDTH="31" HEIGHT="20" WC="0.95" CONTENT="att"/>
						</TextLine>
						<TextLine ID="line_34" HPOS="138" VPOS="1346" WIDTH="755" HEIGHT="29">
							<String ID="string_297" HPOS="138" VPOS="1346" WIDTH="48" HEIGHT="21" WC="0.64" CONTENT="dess"/><SP WIDTH="21" VPOS="1346" HPOS="186"/>
							<String ID="string_298" HPOS="207" VPOS="1346" WIDTH="121" HEIGHT="28" WC="0.96" CONTENT="beviljande"/><SP WIDTH="22" VPOS="1346" HPOS="328"/>
							<String ID="string_299" HPOS="350" VPOS="1347" WIDTH="68" HEIGHT="21" WC="0.93" CONTENT="skulle"/><SP WIDTH="21" VPOS="1347" HPOS="418"/>
							<String ID="string_300" HPOS="439" VPOS="1347" WIDTH="96" HEIGHT="22" WC="0.95" CONTENT="uteslutit"/><SP WIDTH="21" VPOS="1347" HPOS="535"/>
							<String ID="string_301" HPOS="556" VPOS="1348" WIDTH="51" HEIGHT="21" WC="0.96" CONTENT="flere"/><SP WIDTH="15" VPOS="1348" HPOS="607"/>
							<String ID="string_302" HPOS="622" VPOS="1349" WIDTH="66" HEIGHT="20" WC="0.96" CONTENT="andra"/><SP WIDTH="15" VPOS="1349" HPOS="688"/>
							<String ID="string_303" HPOS="703" VPOS="1348" WIDTH="121" HEIGHT="27" WC="0.96" CONTENT="understöd,"/><SP WIDTH="16" VPOS="1348" HPOS="824"/>
							<String ID="string_304" HPOS="840" VPOS="1348" WIDTH="53" HEIGHT="21" WC="0.96" CONTENT="dock"/>
						</TextLine>
						<TextLine ID="line_35" HPOS="137" VPOS="1380" WIDTH="758" HEIGHT="29">
							<String ID="string_305" HPOS="137" VPOS="1380" WIDTH="67" HEIGHT="27" WC="0.93" CONTENT="enligt"/><SP WIDTH="21" VPOS="1380" HPOS="204"/>
							<String ID="string_306" HPOS="225" VPOS="1381" WIDTH="133" HEIGHT="21" WC="0.92" CONTENT="sökandenas"/><SP WIDTH="18" VPOS="1381" HPOS="358"/>
							<String ID="string_307" HPOS="376" VPOS="1381" WIDTH="118" HEIGHT="28" WC="0.92" CONTENT="beräkning"/><SP WIDTH="25" VPOS="1381" HPOS="494"/>
							<String ID="string_308" HPOS="519" VPOS="1382" WIDTH="69" HEIGHT="21" WC="0.93" CONTENT="skulle"/><SP WIDTH="22" VPOS="1382" HPOS="588"/>
							<String ID="string_309" HPOS="610" VPOS="1382" WIDTH="88" HEIGHT="21" WC="0.89" CONTENT="betäcka"/><SP WIDTH="15" VPOS="1382" HPOS="698"/>
							<String ID="string_310" HPOS="713" VPOS="1383" WIDTH="53" HEIGHT="20" WC="0.92" CONTENT="blott"/><SP WIDTH="15" VPOS="1383" HPOS="766"/>
							<String ID="string_311" HPOS="781" VPOS="1389" WIDTH="27" HEIGHT="14" WC="0.97" CONTENT="en"/><SP WIDTH="15" VPOS="1389" HPOS="808"/>
							<String ID="string_312" HPOS="823" VPOS="1382" WIDTH="35" HEIGHT="21" WC="0.96" CONTENT="del"/><SP WIDTH="15" VPOS="1382" HPOS="858"/>
							<String ID="string_313" HPOS="873" VPOS="1382" WIDTH="22" HEIGHT="21" WC="0.96" CONTENT="af"/>
						</TextLine>
						<TextLine ID="line_36" HPOS="137" VPOS="1414" WIDTH="757" HEIGHT="30">
							<String ID="string_314" HPOS="137" VPOS="1414" WIDTH="105" HEIGHT="28" WC="0.92" CONTENT="behofvet,"/><SP WIDTH="23" VPOS="1414" HPOS="242"/>
							<String ID="string_315" HPOS="265" VPOS="1416" WIDTH="38" HEIGHT="20" WC="0.96" CONTENT="och"/><SP WIDTH="26" VPOS="1416" HPOS="303"/>
							<String ID="string_316" HPOS="329" VPOS="1415" WIDTH="27" HEIGHT="21" WC="0.93" CONTENT="dä"/><SP WIDTH="15" VPOS="1415" HPOS="356"/>
							<String ID="string_317" HPOS="371" VPOS="1415" WIDTH="106" HEIGHT="22" WC="0.93" CONTENT="Utskottet"/><SP WIDTH="16" VPOS="1415" HPOS="477"/>
							<String ID="string_318" HPOS="493" VPOS="1417" WIDTH="19" HEIGHT="26" WC="0.93" CONTENT="ej"/><SP WIDTH="17" VPOS="1417" HPOS="512"/>
							<String ID="string_319" HPOS="529" VPOS="1417" WIDTH="41" HEIGHT="20" WC="0.96" CONTENT="kan"/><SP WIDTH="15" VPOS="1417" HPOS="570"/>
							<String ID="string_320" HPOS="585" VPOS="1419" WIDTH="66" HEIGHT="18" WC="0.93" CONTENT="annat"/><SP WIDTH="15" VPOS="1419" HPOS="651"/>
							<String ID="string_321" HPOS="666" VPOS="1419" WIDTH="38" HEIGHT="25" WC="0.92" CONTENT="tro,"/><SP WIDTH="15" VPOS="1419" HPOS="704"/>
							<String ID="string_322" HPOS="719" VPOS="1419" WIDTH="26" HEIGHT="18" WC="0.97" CONTENT="än"/><SP WIDTH="16" VPOS="1419" HPOS="745"/>
							<String ID="string_323" HPOS="761" VPOS="1419" WIDTH="31" HEIGHT="19" WC="0.93" CONTENT="att"/><SP WIDTH="14" VPOS="1419" HPOS="792"/>
							<String ID="string_324" HPOS="806" VPOS="1416" WIDTH="88" HEIGHT="28" WC="0.92" CONTENT="förlags-"/>
						</TextLine>
						<TextLine ID="line_37" HPOS="136" VPOS="1448" WIDTH="758" HEIGHT="29">
							<String ID="string_325" HPOS="136" VPOS="1448" WIDTH="80" HEIGHT="27" WC="0.92" CONTENT="kapital"/><SP WIDTH="14" VPOS="1448" HPOS="216"/>
							<String ID="string_326" HPOS="230" VPOS="1449" WIDTH="7" HEIGHT="20" WC="0.93" CONTENT="i"/><SP WIDTH="15" VPOS="1449" HPOS="237"/>
							<String ID="string_327" HPOS="252" VPOS="1449" WIDTH="73" HEIGHT="27" WC="0.92" CONTENT="hvarje"/><SP WIDTH="15" VPOS="1449" HPOS="325"/>
							<String ID="string_328" HPOS="340" VPOS="1449" WIDTH="36" HEIGHT="21" WC="0.96" CONTENT="fall"/><SP WIDTH="16" VPOS="1449" HPOS="376"/>
							<String ID="string_329" HPOS="392" VPOS="1450" WIDTH="54" HEIGHT="21" WC="0.96" CONTENT="skall"/><SP WIDTH="15" VPOS="1450" HPOS="446"/>
							<String ID="string_330" HPOS="461" VPOS="1450" WIDTH="74" HEIGHT="21" WC="0.96" CONTENT="kunna"/><SP WIDTH="15" VPOS="1450" HPOS="535"/>
							<String ID="string_331" HPOS="550" VPOS="1451" WIDTH="33" HEIGHT="20" WC="0.96" CONTENT="för"/><SP WIDTH="15" VPOS="1451" HPOS="583"/>
							<String ID="string_332" HPOS="598" VPOS="1453" WIDTH="29" HEIGHT="18" WC="0.96" CONTENT="ett"/><SP WIDTH="16" VPOS="1453" HPOS="627"/>
							<String ID="string_333" HPOS="643" VPOS="1451" WIDTH="23" HEIGHT="20" WC="0.93" CONTENT="sä"/><SP WIDTH="18" VPOS="1451" HPOS="666"/>
							<String ID="string_334" HPOS="684" VPOS="1451" WIDTH="159" HEIGHT="26" WC="0.93" CONTENT="betydelsefullt"/><SP WIDTH="14" VPOS="1451" HPOS="843"/>
							<String ID="string_335" HPOS="857" VPOS="1453" WIDTH="37" HEIGHT="18" WC="0.92" CONTENT="än-"/>
						</TextLine>
					</TextBlock>
					<TextBlock ID="block_3" HPOS="206" VPOS="1487" WIDTH="346" HEIGHT="20">
						<TextLine ID="line_38" HPOS="206" VPOS="1487" WIDTH="346" HEIGHT="20">
							<String ID="string_336" HPOS="206" VPOS="1487" WIDTH="144" HEIGHT="18" WC="0.72" CONTENT="Bankutskottets"/><SP WIDTH="12" VPOS="1487" HPOS="350"/>
							<String ID="string_337" HPOS="362" VPOS="1489" WIDTH="110" HEIGHT="17" WC="0.96" CONTENT="betänkande"/><SP WIDTH="13" VPOS="1489" HPOS="472"/>
							<String ID="string_338" HPOS="485" VPOS="1491" WIDTH="38" HEIGHT="16" WC="0.96" CONTENT="N:o"/><SP WIDTH="12" VPOS="1491" HPOS="523"/>
							<String ID="string_339" HPOS="535" VPOS="1490" WIDTH="17" HEIGHT="17" WC="0.96" CONTENT="3."/>
						</TextLine>
					</TextBlock>
				</ComposedBlock>
				<GraphicalElement ID="cblock_1" HPOS="1072" VPOS="30" WIDTH="6" HEIGHT="1095"></GraphicalElement >
			</PrintSpace>
		</Page>
	</Layout>
</alto>
