1078 1692
841 157 25 19 91

140 224 124 32 veterligt:
301 224 35 24 På
358 224 119 24 Finlands
497 224 113 24 Ständers
629 224 165 32 underdåniga
812 224 84 24 anhål-

141 258 43 24 lan
212 258 52 24 vele
282 258 35 24 Vi
335 258 40 24 till
394 258 141 24 efterlefnad
553 259 109 31 kungöra
680 258 105 32 följande
804 259 24 23 af
846 259 52 23 dem

140 293 42 23 vid
209 293 110 23 sednaste
346 293 115 31 landtdag
481 295 106 29 antagna
605 293 149 23 instruktion
773 293 35 23 för
826 292 70 24 Stän-

142 327 86 24 dernas
247 326 240 32 Bankfullmäktige:

209 361 24 31 a)
254 360 146 24 Ständernas
419 360 227 32 Bankfullmäktige
665 361 94 31 äligger
778 363 34 21 att
830 368 66 24 sorg-

139 396 81 31 fälligt
238 395 65 24 vaka
321 395 113 30 deröfver,
453 397 35 22 att
506 395 117 24 Finlands
637 395 71 24 Bank
720 398 119 29 noggrant
849 395 47 23 för-

140 430 81 23 valtas
250 429 76 32 enligt
347 430 27 23 de
393 430 98 31 stadgar
510 430 43 23 och
571 430 168 31 reglementen,
757 430 86 23 hvilka
860 437 36 15 re-

141 464 47 23 dan
215 464 83 31 gjorda
324 466 40 21 äro
395 464 58 23 eller
480 464 83 23 vidare
587 464 9 23 i
614 464 57 31 laga
698 464 102 31 ordning
826 466 70 29 göras

139 498 97 31 kunna;

210 531 24 29 b)
259 532 12 23 I
293 532 86 23 sådant
406 532 112 23 ändamål
537 532 42 24 och
597 531 37 24 till
655 534 35 22 att
708 532 107 23 inhemta
841 534 55 20 när-

139 574 66 16 mare
224 566 132 24 kännedom
375 566 25 24 af
418 566 64 24 hvad
501 566 36 23 för
555 566 114 24 Bankens
689 566 107 32 ordning,
815 566 81 24 säker-

140 601 47 29 het,
204 600 99 24 beständ
322 600 43 24 och
383 600 124 24 förkofran
530 600 124 30 erfordras,
673 603 27 20 är
718 600 85 31 hvarje
815 599 81 24 Bank-

141 635 141 31 fullmäktig
308 634 134 32 berättigad
470 637 41 28 att,
529 637 44 21 när
591 634 50 24 han
659 634 79 24 finner
757 634 86 31 nödigt,
862 633 34 23 öf-

141 676 103 16 vervara
270 668 235 24 Bankdirektionens
533 668 199 30 sammanträden,
756 668 58 24 dock
837 670 59 21 utan

141 703 148 31 delaktighet
307 703 8 23 i
334 703 215 31 öfverläggningar
561 703 43 23 och
615 703 85 30 beslut,
710 702 123 24 äfvensom
847 702 49 24 alla

140 737 115 23 Bankens
273 736 164 32 räkenskaper
455 737 44 23 och
517 737 154 31 handlingar,
688 737 25 23 af
724 737 66 23 hvad
800 736 95 24 beskaf-

141 771 81 24 fenhet
249 772 26 22 de
299 779 60 16 vara
380 773 46 29 må,
443 772 58 23 böra
519 771 35 23 för
571 771 227 31 Bankfullmäktige
815 770 80 24 hållas

141 805 168 32 tillgängliga;

210 839 22 30 c)
252 839 91 31 Hvarje
355 839 88 23 månad
455 839 70 24 skola
536 838 233 32 Bankfullmäktige,
778 840 31 29 pä
818 838 79 31 grund

141 873 25 24 af
184 873 114 24 Bankens
317 873 85 24 böcker
420 873 41 24 vid
479 873 201 23 hufvudkontoret
694 875 62 21 samt
768 872 128 31 veckorap-

141 909 112 30 porterna
279 907 55 24 frän
361 907 115 24 kontoren
504 907 9 23 i
540 907 144 30 landsorten,
711 908 117 30 genomgä
855 906 40 23 och

141 941 108 32 granska
266 941 115 24 Bankens
399 941 88 24 rörelse
507 941 42 24 och
567 941 114 32 utlåning
693 941 75 23 under
780 940 116 24 nästföre-

141 976 89 31 gående
248 976 100 30 månad;

211 1009 23 31 d)
253 1009 227 32 Bankfullmäktige
499 1012 40 21 äro
557 1009 101 32 pligtige
671 1011 35 22 att
718 1009 64 24 doldt
794 1009 43 23 och
849 1008 47 23 för-

142 1044 81 31 tegadt
249 1045 89 22 bevara
356 1043 51 31 allt,
426 1051 50 16 som
494 1046 65 21 rörer
577 1043 111 24 enskilda
706 1051 125 24 personers
849 1043 47 22 för-

140 1078 115 23 hållande
282 1078 40 23 till
344 1077 101 24 Banken
464 1078 59 23 eller
541 1078 8 23 i
568 1077 73 32 öfrigt
658 1077 42 24 vid
717 1077 181 31 förvaltningen

141 1112 50 24 kan
208 1112 111 24 förefalla
338 1112 25 23 af
382 1112 75 24 sådan
476 1112 170 30 beskaffenhet,
665 1113 35 22 att
718 1112 38 23 det
768 1111 77 32 enligt
857 1111 41 31 lag

141 1146 44 24 och
202 1146 239 32 bankförfattningar
458 1148 52 29 tyst
527 1154 60 16 vara
605 1147 53 29 bör;

211 1180 21 31 e)
252 1181 26 30 Ej
300 1182 38 22 må
356 1180 217 32 Bankfullmäktig
590 1182 59 22 utan
667 1180 57 31 laga
743 1179 82 24 förfall
844 1179 55 24 sina

141 1215 194 31 tjenstegöromål
354 1215 131 23 åsidosätta
503 1215 57 23 eller
579 1214 55 23 från
652 1213 177 24 sammanträde
847 1215 50 21 ute-

141 1248 83 24 blifva.
260 1249 116 23 Inträffar
403 1249 87 23 sådant
515 1248 90 31 förfall,
633 1249 39 22 bör
690 1248 50 23 han
758 1248 78 23 derom
855 1255 42 15 an-

142 1282 65 24 mäla
224 1283 44 23 hos
287 1283 163 30 ordföranden,
469 1290 50 16 som
535 1283 127 31 suppleant
682 1282 40 23 till
739 1281 160 32 tjenstgöring

142 1317 9 23 i
170 1316 81 24 stället
278 1319 86 29 genast
390 1317 115 23 inkallar.
540 1317 56 23 Vill
613 1315 214 32 Bankfullmäktig
845 1323 54 15 resa

142 1350 56 24 från
216 1351 89 30 staden,
330 1351 66 23 skall
414 1351 49 24 han
482 1351 116 23 likaledes
617 1351 79 23 derom
713 1351 43 22 hos
776 1349 122 24 ordföran-

142 1385 45 23 den
215 1385 97 23 anmäla
336 1385 43 23 och
402 1385 52 23 med
472 1385 98 31 behörig
589 1385 127 31 suppleant
734 1383 71 24 träffa
824 1383 75 24 sådan

142 1419 246 30 öfverenskommelse,
406 1421 35 21 att
460 1419 127 32 suppleant
605 1419 49 23 före
675 1419 44 23 den
738 1418 160 31 tjenstgöran-

142 1453 39 23 des
209 1453 80 23 afresa
316 1453 55 23 från
398 1453 84 23 staden
506 1453 77 23 finnes
602 1454 31 30 på
651 1454 71 22 orten.
759 1451 139 24 Föranlåtes
