1078 1692
849 160 33 24 73

210 350 84 24 Hans
318 348 182 33 Kejserliga
523 348 167 32 Majestäts
715 348 118 32 Nådiga

424 388 200 33 Kungörelse,

154 439 151 28 innefattande
321 446 28 21 ny
361 439 133 21 instruktion
506 438 42 28 för
562 438 112 21 Finlands
690 438 104 21 Ständers
810 438 75 21 Bank-

447 473 150 28 fullmäktige.

250 518 77 22 Gifven
343 519 6 21 i
365 519 142 27 Helsingfors,
524 519 41 21 den
581 520 26 20 14
623 519 90 21 Januari
730 521 63 19 1879.

211 594 44 24 Wi
278 594 228 24 ALEXANDER
533 595 53 23 den
613 595 105 30 Andre,
737 595 61 23 med
817 594 82 24 Guds

141 628 84 32 Nåde,
247 629 123 31 Kejsare
392 629 50 23 och
465 628 235 32 Sjelfherrskare
725 628 80 24 öfver
831 628 69 24 hela

142 663 155 31 Ryssland,
315 663 71 24 Tsar
404 663 28 23 af
452 663 101 31 Polen,
570 663 172 24 Storfurste
763 663 53 23 till
834 663 65 23 Fin-

142 698 80 30 land,
248 700 48 21 etc.
320 700 47 21 etc.
394 700 47 21 etc.
486 697 61 24 Göre
570 698 126 31 veterligt:
724 697 36 24 På
781 697 118 24 Finlands

143 732 115 24 Ständers
282 732 165 31 underdäniga
472 732 118 24 anhällan
608 732 52 24 vele
678 732 42 23 Wi
737 732 40 23 till
796 731 104 24 efterlef-

142 766 48 24 nad
202 766 111 32 kungöra
324 766 105 31 följande
441 766 25 24 af
478 766 52 24 dem
542 766 42 24 vid
597 768 83 22 senast
692 766 115 23 förflutna
819 766 81 23 landt-

143 801 46 31 dag
219 802 107 30 antagna
355 800 149 24 instruktion
531 800 36 24 för
595 800 146 24 Ständernas
769 800 130 24 Banktfull-

143 834 117 32 mäktige:

213 868 23 31 a)
256 868 146 25 Ständernas
421 868 226 32 Bankfullmäktige
666 868 93 32 åligger
780 870 35 22 att
833 875 67 24 sorg-

144 903 82 31 fälligt
252 903 65 23 vaka
344 903 113 30 deröfver,
484 905 36 22 att
537 903 117 24 Finlands
673 902 72 24 Bank
763 904 139 30 noggrannt

143 937 117 24 förvaltas
288 937 76 32 enligt
391 937 27 24 de
445 937 99 32 stadgar
567 937 43 24 och
628 937 168 32 reglementen,
813 936 89 24 hvilka

143 971 74 24 redan
244 971 83 32 gjorda
349 974 39 21 äro
416 971 58 24 eller
498 972 83 23 vidare
608 971 8 24 i
635 971 57 32 laga
710 971 102 32 ordning
829 973 73 29 göras

144 1005 96 31 kunna;

213 1039 24 31 b)
260 1040 12 23 I
295 1040 87 23 sådant
405 1040 113 23 ändamål
541 1040 43 23 och
607 1040 39 23 till
665 1042 35 21 att
718 1040 108 23 inhemta
844 1041 57 21 när-

144 1081 65 16 mare
226 1074 134 23 kännedom
379 1074 25 24 af
421 1074 65 24 hvad
504 1074 37 24 för
558 1074 114 23 Bankens
692 1074 108 31 ordning,
818 1073 83 24 säker-

144 1108 47 30 het,
209 1109 98 23 bestånd
326 1109 42 23 och
386 1108 122 24 förkofran
529 1109 124 30 erfordras,
672 1111 26 20 är
716 1108 85 31 hvarje
818 1107 83 24 Bank-

143 1142 142 32 fullmäktig
311 1143 133 31 berättigad
471 1145 41 28 att,
534 1145 45 21 när
596 1143 47 23 han
663 1142 79 24 finner
760 1142 88 32 nödigt,
866 1141 35 24 öf-

143 1184 105 16 vervara
274 1177 235 24 Bankdirektionens
536 1177 200 30 sammanträden,
763 1177 58 23 dock
842 1178 59 22 utan

144 1211 148 32 delaktighet
310 1211 9 23 i
337 1211 216 32 öfverläggningar
566 1211 43 24 och
621 1211 84 30 beslut,
715 1211 124 24 äfvensom
851 1210 53 24 alla

144 1244 115 25 Bankens
277 1245 164 32 räkenskaper
460 1245 44 24 och
522 1245 156 32 handlingar,
691 1245 25 24 af
728 1245 65 24 hvad
805 1244 97 25 beskaf-

144 1278 82 25 fenhet
244 1280 26 23 de
289 1287 61 16 vara
376 1281 44 29 må,
447 1280 58 23 böra
523 1279 36 24 för
577 1279 226 32 Bankfullmäktige
821 1279 81 24 hållas

144 1313 168 32 tillgänglige;

213 1347 22 31 c)
253 1347 226 32 Bankfullmäktige
499 1348 69 23 skola
586 1348 75 23 minst
672 1349 42 22 två
726 1349 92 30 gånger
830 1347 9 24 i
851 1349 51 22 må-

144 1381 78 24 naden
246 1383 118 31 genomgå
390 1382 44 24 och
452 1382 109 32 granska
579 1382 27 24 de
623 1382 77 24 under
717 1382 186 24 mellantiderna

145 1415 24 24 af
196 1415 222 25 Bankdirektionen
445 1416 115 24 belånade
584 1416 156 24 förbindelser
758 1417 43 23 och
820 1416 82 24 säker-

144 1449 202 33 hetshandlingar
374 1453 62 21 samt
463 1451 8 22 i
499 1451 132 32 anledning
649 1450 67 24 deraf
734 1451 169 31 ofördröjligen
