1078 1692
228 130 28 22 22

200 190 41 21 allt
264 193 25 18 är
311 190 89 21 utfördt
422 192 30 26 på
476 190 39 21 det
537 192 59 19 mest
619 189 148 29 omsorgfulla
790 191 45 20 sätt
858 189 42 21 och
926 190 26 21 af

199 225 65 22 bästa
282 225 108 28 material,
412 226 91 21 hvadan
523 228 72 26 några
615 225 177 29 anmärkningar
811 224 137 23 härutinnan

200 260 26 22 af
238 268 36 14 oss
290 261 20 29 ej
327 261 77 22 kunna
419 264 72 26 göras.

269 297 35 21 På
318 297 75 29 grund
409 296 26 22 af
448 297 39 21 det
501 304 32 14 nu
549 296 95 22 anförda
659 297 43 21 och
717 297 62 22 hvad
794 297 24 22 vi
833 296 35 22 för
878 296 71 29 öfrigt

199 332 39 22 vid
258 332 223 29 syneförrättningen
500 332 79 22 erfarit
597 332 24 22 få
639 332 24 22 vi
682 334 74 20 såsom
775 334 41 20 vår
835 333 59 29 åsigt
913 334 35 20 ut-

199 368 51 25 tala,
273 370 35 19 att
326 368 273 29 ständerhusbyggnaden
617 368 9 21 i
644 368 44 22 alla
706 368 126 28 afseenden,
852 368 49 22 icke
917 368 31 21 al-

199 403 73 22 lenast
292 410 83 22 genom
396 404 44 21 den
460 404 72 28 insigt
551 404 43 21 och
613 404 159 28 noggrannhet
787 404 9 21 i
811 404 135 27 utförandet,

199 446 48 14 som
265 441 31 27 på
314 439 129 21 densamma
459 439 80 22 blifvit
553 439 98 29 nedlagd
668 439 42 21 och
728 439 94 22 hvarom
837 439 67 22 äfven
920 439 28 21 de

199 474 84 22 minsta
306 474 95 29 detaljer
423 475 55 21 bära
493 475 80 27 vittne,
600 477 56 19 utan
679 475 91 22 äfven
762 470 14 39 i
796 475 152 29 konstnärligt

199 510 127 22 hänseende
346 512 73 20 måste
438 518 64 14 anses
521 518 49 14 som
588 513 33 19 ett
637 511 145 29 synnerligen
797 510 151 22 framstående

199 546 184 29 byggnadsverk.

273 588 38 22 Th.
328 588 82 28 Höijer.
599 588 58 22 Karl
672 588 73 28 Magn.
762 588 113 22 Kullman.

272 624 28 22 K.
318 624 95 28 Moring.
675 624 31 22 M.
724 623 91 23 Strukel.

632 660 72 28 Björn
726 660 149 27 Wasastjerna.

201 796 81 28 Bilaga
298 796 50 22 III.

200 849 166 28 Förteckning
382 849 70 23 öfver
467 850 110 27 arbeten,
593 849 86 23 hvilka
695 851 66 21 ännu
773 850 76 22 borde
860 850 8 21 i
879 849 67 23 Stän-

457 885 116 23 derhuset
589 885 103 23 utföras.

273 939 19 21 1.
323 939 171 29 Dekoreringen
509 939 26 22 af
548 939 194 29 tympanonfältet
757 939 8 21 i
780 939 93 28 gafveln
884 939 64 22 öfver

199 974 125 29 peristylen
340 977 48 19 mot
402 975 171 28 Nikolaigatan.

271 1011 35 20 De
334 1010 35 21 för
395 1010 158 22 ständerhuset
576 1010 119 21 faststälda
718 1010 229 29 hufvudritningarne

200 1045 101 29 angifva,
321 1048 35 19 att
378 1045 145 29 gafvelfältet
544 1046 57 21 skall
622 1046 95 28 utfyllas
739 1046 51 21 med
813 1046 133 29 skulpturer,

199 1081 87 28 egnade
308 1083 34 20 att
361 1082 74 28 pryda
455 1082 74 21 denna
552 1081 90 29 viktiga
665 1082 36 21 del
724 1081 27 22 af
766 1081 182 23 hufvudfasaden

200 1117 42 21 och
266 1117 74 22 tillika
363 1117 95 29 angifva
481 1117 150 29 byggnadens
654 1117 162 22 bestämmelse.
847 1117 51 22 Den
912 1117 36 22 för

199 1152 150 29 byggnadens
367 1153 142 28 uppförande
527 1155 83 26 ytterst
629 1153 52 21 kort
699 1153 108 22 tillmätta
826 1153 62 21 tiden
906 1153 42 21 har

199 1187 64 30 gjort
282 1189 39 21 det
342 1189 105 28 omöjligt
468 1191 34 19 att
521 1189 145 28 färdigställa
689 1189 158 28 skulpturerna
870 1189 76 21 samti-

200 1224 51 29 digt
269 1224 51 21 med
339 1225 144 28 byggnaden.
515 1225 84 21 Likväl
617 1225 41 21 har
674 1224 94 29 gafveln
782 1224 69 29 bygts
867 1226 29 25 så,
913 1226 34 19 att

200 1259 43 22 den
259 1260 52 21 med
326 1260 172 29 nödvändighet
513 1260 88 21 fordrar
617 1268 28 13 en
660 1259 147 30 fulländning
822 1260 70 21 sådan
906 1260 40 21 rit-

199 1295 111 29 ningarne
328 1295 100 29 angifva.
463 1295 200 30 Tympanonfältet
682 1299 24 18 är
727 1295 114 29 nemligen
861 1295 85 29 fördju-

199 1331 57 28 padt
271 1331 106 22 innanför
392 1331 43 22 den
451 1331 180 30 underliggande
646 1331 81 22 frisens
742 1331 55 29 plan
812 1331 42 21 och
870 1331 76 22 krans-

199 1366 69 22 listen
288 1367 64 22 öfver
374 1367 146 28 gafvelfältet
539 1367 42 22 har
600 1367 92 22 erhällit
712 1375 28 13 en
761 1367 64 27 form,
842 1373 48 14 som
910 1375 36 13 en-

200 1402 52 21 dast
269 1403 87 28 lämpar
374 1403 36 28 sig
429 1403 65 22 öfver
509 1405 34 19 ett
560 1403 51 21 med
627 1403 84 28 figurer
728 1402 110 29 uppfyldt
852 1401 49 23 fält.
918 1416 29 2 —

199 1438 80 22 Eskiss
304 1438 35 21 till
361 1438 78 22 fältets
463 1438 134 29 dekorering
616 1439 41 21 har
677 1438 48 28 ock,
750 1440 31 27 pä
804 1438 142 21 ständerhus-
