1078 1692
340 124 84 22 Ständ.
440 122 55 23 Skr.
513 136 27 3 —
556 122 114 23 XXXVL.
821 126 26 18 27

132 190 78 27 ringen
233 190 58 21 skall
314 189 157 27 ofördröjligen
494 190 117 26 upprättas
631 189 41 21 och
690 189 111 21 meddelas
817 189 61 22 säväl

131 225 199 27 bankfullmäktige
352 232 46 15 som
424 224 141 22 direktionen
587 224 35 22 för
645 225 133 27 vidtagande
799 224 24 22 af
836 225 42 21 den

132 262 85 27 åtgärd,
233 261 91 22 hvartill
339 260 165 28 förrättningen
519 260 45 22 kan
579 260 119 22 föranleda.

475 345 29 20 41
519 344 20 28 5.

202 410 104 22 Bankens
329 409 92 23 hufvud-
445 410 56 21 eller
524 409 206 28 afdelningskontor
750 410 67 27 jemte
839 409 39 22 der

132 445 117 23 förvarade
271 446 144 21 redbarheter
437 446 41 27 må,
504 446 28 21 då
554 446 100 22 bankens
675 446 106 22 säkerhet
800 446 78 21 sådant

132 482 92 27 fordrar,
245 481 109 28 förflyttas
375 482 35 21 till
430 488 73 15 annan
523 483 36 20 ort
573 482 59 21 inom
646 482 82 26 landet,
744 488 46 15 som
805 481 23 22 af
842 481 36 22 Se-

133 519 78 20 natens
226 518 278 27 Ekonomiedepartement,
521 518 29 26 pä
565 517 213 27 bankfullmäktiges
788 516 89 28 förslag,

132 554 138 21 bestämmes.

445 656 69 30 Kap.
533 656 34 24 V.

201 726 43 22 Om
259 726 109 22 bankens
384 726 99 27 kontor,
499 726 132 27 agenturer
646 726 47 22 och
709 726 97 22 ombud.

471 805 28 20 42
519 804 18 28 8.

205 869 106 22 Rörelsen
334 869 37 22 vid
391 869 62 22 säväl
474 869 99 22 bankens
589 869 163 22 hufvudkontor
768 875 45 16 som
828 869 50 22 dess

135 904 204 28 afdelningskontor
358 905 58 21 inom
437 905 75 22 landet
527 905 102 21 omfattar
645 905 27 22 de
688 905 7 21 i
712 907 12 19 2
741 905 12 28 &
769 906 111 26 upptagna

134 940 243 27 verksamhetsgrenar;
394 941 55 21 dock
465 942 33 20 att
513 941 14 21 ä
538 941 150 21 direktionens
700 940 111 22 särskilda
820 940 59 27 pröf-

133 975 54 28 ning
202 976 71 28 beror,
290 976 107 22 huruvida
412 975 206 28 afdelningskontor
633 977 35 20 mä
683 977 122 26 berättigas
818 976 8 21 i
835 975 43 22 för-

134 1018 40 15 var
189 1013 109 26 emottaga
313 1013 136 27 handlingar,
466 1012 154 27 värdepapper
636 1013 40 21 och
692 1012 151 27 dyrbarheter.

205 1047 212 28 Afdelningskontor
432 1048 87 30 åligger
533 1048 36 21 för
585 1047 67 28 öfrigt
668 1050 33 19 att
711 1048 8 21 i
729 1048 31 21 all
770 1047 35 22 sin
814 1047 66 22 verk-

135 1083 84 22 samhet
240 1083 99 28 iakttaga
359 1084 27 21 de
407 1083 24 22 af
449 1083 201 28 bankfullmäktige
668 1084 56 21 eller
742 1083 138 22 direktionen

135 1119 74 22 derom
224 1119 104 27 vidtagna
344 1120 171 27 bestämningar.

205 1155 104 22 Bankens
329 1155 206 28 afdelningskontor
555 1155 8 22 i
583 1155 33 22 S:t
635 1155 136 28 Petersburg
790 1155 31 22 in-
841 1155 39 21 och

135 1191 101 21 utvexlar
254 1191 65 27 ryskt
334 1193 67 25 mynt,
418 1191 67 27 säljer
501 1191 143 27 anvisningar
659 1191 13 21 å
687 1191 73 21 finska
775 1191 62 21 mark
852 1191 28 26 på

134 1226 99 21 bankens
254 1226 79 21 kontor
352 1227 58 21 inom
430 1227 83 27 landet,
534 1227 83 21 inlöser
632 1226 148 28 anvisningar,
798 1232 45 15 som
858 1225 25 22 af

135 1261 50 22 dem
203 1262 27 26 på
246 1261 102 22 kontoret
362 1262 98 28 utstälts,
477 1264 57 19 samt
549 1261 60 22 utför
624 1262 8 21 i
648 1261 68 28 öfrigt
731 1262 27 21 de
774 1261 105 27 uppdrag,

135 1303 46 15 som
197 1297 25 21 af
234 1297 138 22 direktionen
387 1298 75 21 kunna
477 1298 103 21 kontoret
595 1297 116 22 anförtros.

206 1333 34 22 De
260 1333 64 28 tider,
346 1333 27 22 då
393 1333 100 22 bankens
512 1333 93 22 hufvud-
621 1333 39 22 och
676 1333 204 27 afdelningskontor

135 1368 64 22 skola
213 1375 53 18 vara
276 1368 36 23 för
322 1369 147 22 allmänheten
480 1369 146 27 tillgängliga,
636 1369 132 22 bestämmas
780 1368 24 22 af
811 1368 67 21 bank-

135 1403 139 28 fullmäktige
289 1405 28 26 pä
332 1405 151 22 direktionens
499 1404 169 27 framställning.
