1078 1692
208 154 31 24 20

534 224 13 28 s
570 222 37 24 50.

255 278 102 24 Nedsatt
378 279 57 32 gods
446 279 84 30 skall,
553 279 41 23 vid
613 279 137 29 anfordran,
768 278 120 24 utlemnas
907 279 39 23 till

189 313 135 24 insättaren
342 313 58 24 eller
418 313 61 24 hans
499 314 90 30 ombud,
609 315 61 21 emot
684 313 186 31 inlagsbevisets
884 314 61 22 äter-

189 347 119 24 ställande
326 348 53 23 med
397 348 128 23 ätecknadt
538 348 83 31 gvitto.
650 347 50 24 Och
712 347 102 24 Banken
827 355 119 16 ansvarar

188 382 52 23 icke
267 382 37 24 för
330 390 83 16 annan
437 382 76 24 skada
537 384 14 22 å
573 382 83 32 godset
674 384 31 21 än
724 382 50 29 den,
794 389 49 16 som
861 382 84 23 medan

188 416 132 24 detsamma
344 416 8 23 i
375 416 102 24 Banken
499 416 146 30 förvarades,
668 416 126 31 verkligen
812 416 89 24 vällats
921 416 25 23 af

188 450 115 24 Bankens
321 451 144 31 tjenstemän
483 451 59 23 eller
562 451 106 31 betjente.

256 485 137 32 Uppgifver
417 486 123 29 insättare,
560 487 35 21 att
613 485 175 32 inlagsbeviset
807 485 36 23 för
860 485 85 23 honom

188 520 52 30 gätt
265 519 121 31 förloradt,
414 520 89 23 äterfär
529 520 52 23 han
603 520 38 23 det
664 520 110 23 nedsatta
792 520 88 31 godset,
898 521 48 21 mot

187 553 117 25 särskildt
322 554 155 32 fullständigt
494 554 81 31 gvitto.

490 630 9 13 +
534 624 13 28 8
560 623 45 29 51.

256 673 54 24 Har
332 674 94 23 nedsatt
444 674 57 32 gods
520 674 121 24 förvarats
665 674 4 23 i
688 673 102 24 Banken
809 675 34 21 tre
862 674 27 22 är
908 676 36 21 ut-

187 707 67 24 öfver
276 708 44 24 den
344 708 40 30 tid,
408 708 36 23 för
467 708 102 24 hvilken
588 708 101 32 stadgad
707 708 124 31 provision
849 708 96 31 erlagts,

188 741 65 24 skall
272 742 220 24 Bankdirektionen
511 750 85 24 genom
612 742 144 32 kungörelse
770 742 8 23 i
791 742 153 32 tidningarne

187 784 123 23 uppmana
336 777 135 24 insättaren
498 777 59 23 eller
581 778 63 23 hans
668 776 223 25 rättsinnehafvare
910 779 35 21 att

186 810 65 24 inom
271 819 42 16 sex
331 812 113 23 mänader
463 814 84 28 uttaga
565 812 81 31 godset
665 812 43 23 och
720 811 106 23 inbetala
839 810 43 24 den
895 811 49 23 bri-

186 845 86 24 stande
299 845 158 31 provisionen.
496 845 157 24 Hörsammas
681 845 180 32 uppmaningen
884 845 60 29 icke,

188 881 56 29 äger
271 879 157 24 Direktionen
451 882 57 29 taga
526 879 134 24 kännedom
682 888 36 15 om
742 879 87 32 sjelfva
851 879 93 32 godsets

187 913 164 24 beskaffenhet
378 917 63 21 samt
467 913 100 24 derefter
597 915 97 23 anmäla
716 913 161 24 förhällandet
901 914 43 23 hos

187 946 227 34 Bankfullmäktige
435 949 39 23 till
493 949 45 23 den
557 949 91 31 åtgärd,
666 949 27 23 de
706 949 69 23 finna
786 956 59 15 vara
859 948 24 23 af
895 955 48 16 om-

187 982 197 31 ständigheterna
402 983 119 31 päkallad.

507 1106 60 28 Kap.
583 1106 34 22 11.

187 1181 149 32 Styrelsen
355 1182 56 24 och
429 1183 212 31 förvaltningen
660 1183 30 24 af
707 1183 136 24 Finlands
856 1183 87 24 Bank.

421 1255 43 23 Om
482 1255 226 32 Bankfullmäktige.

531 1320 13 27 8
566 1319 37 23 52.

256 1367 124 31 Styrelsen
400 1369 25 22 af
442 1369 117 24 Finlands
579 1369 71 24 Bank
668 1369 152 24 handhafves
835 1369 24 24 af
872 1369 70 24 Stän-

185 1401 87 24 dernas
291 1401 230 34 Bankfullmäktige,
540 1404 96 23 utsedde
653 1404 71 31 jemte
744 1403 153 32 suppleanter
913 1405 31 30 pä

185 1437 48 22 sätt
252 1435 273 34 Landtdagsordningen
544 1437 162 24 föreskrifver.
