1078 1692
353 150 29 22 U.
398 150 27 22 B.
441 163 27 2 —
484 150 211 28 Postsparbanken

426 560 252 22 Statsutskottets
709 560 194 23 betänkande

355 594 53 22 N:o
430 594 12 22 7
466 594 8 22 i
495 594 134 28 anledning
651 594 27 22 af
696 594 207 28 Postsparbanks-

355 628 135 28 styrelsens
512 628 42 22 till
575 628 137 22 Ständerna
733 628 94 28 afgifna
841 629 61 22 rela-

356 662 54 22 tion
426 668 38 16 om
487 663 224 28 postsparbankens
726 662 116 23 tillstånd
858 663 45 22 och

356 696 154 28 förvaltning
525 696 80 22 under
621 696 59 22 ären
696 697 66 27 1887,
784 697 58 22 1888
858 697 44 22 och

357 730 67 22 1889.

220 834 11 20 I
248 833 103 28 enlighet
368 832 53 23 med
435 833 177 28 bestämningen
627 834 8 20 i
650 833 87 28 nädiga
753 834 151 27 kungörelsen

153 867 44 22 den
214 868 26 20 24
256 867 46 28 maj
320 868 53 20 1886
388 867 63 28 fingo
468 867 130 21 Ständerna
613 867 39 21 vid
670 868 54 21 1888
740 868 37 21 ärs
792 867 114 28 landtdag

152 903 104 26 mottaga
277 901 98 21 relation
391 908 37 14 om
443 901 209 28 postsparbankens
668 901 8 21 i
691 901 101 22 Finland
799 901 107 21 tillständ

153 935 43 22 och
211 935 144 28 förvaltning
370 935 73 21 under
459 935 24 21 år
500 936 61 25 1887,
577 935 39 21 det
631 935 72 22 första
722 935 25 22 af
766 935 51 21 dess
840 935 66 21 verk-

153 969 95 22 samhet.
277 969 197 28 Räkenskaperna
488 969 37 22 för
540 969 142 22 sistnämnda
699 970 25 21 är
738 977 57 14 voro
805 969 101 22 emeller-

152 1003 35 22 tid
203 1003 29 22 dä
247 1007 63 18 ännu
324 1003 51 21 icke
391 1003 120 27 afslutade,
527 1003 96 22 hvarför
638 1003 44 22 den
697 1003 209 22 relation
807 999 12 35 i
827 1003 79 22 samma

153 1041 74 23 ämne,
244 1045 48 14 som
306 1037 93 29 jämlikt
415 1037 71 29 sagda
501 1037 138 29 kungörelse
655 1037 119 22 aflemnats
790 1037 37 22 till
841 1037 65 22 inne-

155 1072 102 21 varande
273 1071 156 22 ständermöte
445 1071 43 22 och
504 1071 26 22 af
549 1072 108 28 samtliga
678 1071 68 22 stånd
766 1072 140 21 remitterats

153 1106 37 21 till
214 1106 184 27 Statsutskottet,
422 1105 127 22 innefattar
571 1113 29 14 en
621 1105 146 29 redogörelse
788 1105 36 22 för
845 1107 62 27 post-

154 1140 158 28 sparbankens
327 1139 136 29 utveckling
477 1139 53 22 frän
546 1139 79 29 början
641 1139 26 22 af
687 1139 51 22 dess
761 1139 147 22 verksamhet

153 1173 46 22 den
216 1175 9 20 1
240 1174 92 29 januari
349 1175 53 20 1887
419 1173 37 22 till
470 1174 120 28 utgången
606 1174 25 21 af
645 1174 24 21 år
686 1175 60 21 1889.

222 1208 127 27 Utskottet,
371 1215 49 14 som
440 1208 61 28 tagit
519 1208 130 21 kännedom
670 1215 38 14 om
728 1208 44 22 den
788 1207 26 22 af
827 1207 79 29 styrel-

154 1249 41 14 sen
214 1242 36 21 för
274 1241 197 30 postsparbanken
489 1241 116 22 inrättade
619 1241 165 30 bokföringen,
800 1242 42 21 har
856 1241 52 22 fun-

154 1276 36 21 nit
220 1276 160 29 anordningen
404 1275 189 30 ändamälsenlig,
616 1276 43 21 och
681 1284 69 21 synas
770 1276 87 28 jämväl
880 1275 28 22 de

153 1310 8 21 i
184 1310 129 22 relationen
336 1310 122 21 omnämda
475 1310 114 28 ätgärder,
611 1317 83 22 genom
710 1311 80 21 hvilka
805 1309 103 22 bankens

154 1344 98 28 styrelse
273 1344 52 22 sökt
340 1344 44 21 öka
400 1344 87 21 antalet
494 1344 235 29 försäljningsställen
743 1344 37 22 för
795 1347 113 26 sparmär-

154 1378 52 28 ken,
217 1386 57 14 vara
288 1379 8 21 i
312 1379 44 21 allo
371 1378 118 29 lämpliga.
519 1379 46 20 Det
580 1382 25 17 är
620 1378 77 22 därför
712 1381 34 19 att
761 1378 94 29 hoppas,
874 1380 35 19 att

155 1412 114 29 sistsagda
291 1412 70 29 detalj
377 1413 8 20 i
400 1413 283 28 postsparbanksrörelsen
698 1412 59 22 efter
772 1412 63 21 hand
850 1411 59 22 skall

153 1447 110 21 utveckla
271 1447 36 28 sig
322 1447 8 20 i
345 1447 71 28 högre
432 1446 58 29 grad
506 1450 30 18 än
551 1447 61 21 hvad
634 1446 115 22 härintills
765 1446 61 23 varit
836 1445 71 24 fallet.

223 1487 138 16 Statsutskottets
374 1486 109 17 betänkande
496 1488 37 15 N:o
549 1487 15 16 7.
