<?xml version="1.0" encoding="UTF-8"?>
<alto xmlns="http://www.loc.gov/standards/alto/ns-v3#" xmlns:xlink="http://www.w3.org/1999/xlink" xmlns:xsi="http://www.w3.org/2001/XMLSchema-instance" xsi:schemaLocation="http://www.loc.gov/standards/alto/ns-v3# http://www.loc.gov/alto/v3/alto-3-0.xsd">
	<Description>
		<MeasurementUnit>pixel</MeasurementUnit>
		<sourceImageInformation>
			<fileName>/tmp/tess_31z6__tj_input.PNG</fileName>
		</sourceImageInformation>
		<OCRProcessing ID="OCR_0">
			<ocrProcessingStep>
				<processingSoftware>
					<softwareName>tesseract 5.3.4</softwareName>
				</processingSoftware>
			</ocrProcessingStep>
		</OCRProcessing>
	</Description>
	<Layout>
		<Page WIDTH="1078" HEIGHT="1692" PHYSICAL_IMG_NR="0" ID="page_0">
			<PrintSpace HPOS="0" VPOS="0" WIDTH="1078" HEIGHT="1692">
				<ComposedBlock ID="cblock_0" HPOS="840" VPOS="151" WIDTH="30" HEIGHT="23">
					<TextBlock ID="block_0" HPOS="840" VPOS="151" WIDTH="30" HEIGHT="23">
						<TextLine ID="line_0" HPOS="840" VPOS="151" WIDTH="30" HEIGHT="23">
							<String ID="string_0" HPOS="840" VPOS="151" WIDTH="30" HEIGHT="23" WC="0.96" CONTENT="13"/>
						</TextLine>
					</TextBlock>
				</ComposedBlock>
				<ComposedBlock ID="cblock_1" HPOS="131" VPOS="220" WIDTH="757" HEIGHT="178">
					<TextBlock ID="block_1" HPOS="131" VPOS="220" WIDTH="757" HEIGHT="135">
						<TextLine ID="line_1" HPOS="132" VPOS="220" WIDTH="756" HEIGHT="31">
							<String ID="string_1" HPOS="132" VPOS="220" WIDTH="122" HEIGHT="24" WC="0.95" CONTENT="desamma"/><SP WIDTH="24" VPOS="220" HPOS="254"/>
							<String ID="string_2" HPOS="278" VPOS="228" WIDTH="49" HEIGHT="15" WC="0.95" CONTENT="som"/><SP WIDTH="22" VPOS="228" HPOS="327"/>
							<String ID="string_3" HPOS="349" VPOS="220" WIDTH="41" HEIGHT="23" WC="0.96" CONTENT="vid"/><SP WIDTH="19" VPOS="220" HPOS="390"/>
							<String ID="string_4" HPOS="409" VPOS="220" WIDTH="168" HEIGHT="31" WC="0.96" CONTENT="ansökningen"/><SP WIDTH="19" VPOS="220" HPOS="577"/>
							<String ID="string_5" HPOS="596" VPOS="228" WIDTH="37" HEIGHT="15" WC="0.96" CONTENT="om"/><SP WIDTH="19" VPOS="228" HPOS="633"/>
							<String ID="string_6" HPOS="652" VPOS="220" WIDTH="88" HEIGHT="31" WC="0.95" CONTENT="sjelfva"/><SP WIDTH="19" VPOS="220" HPOS="740"/>
							<String ID="string_7" HPOS="759" VPOS="220" WIDTH="70" HEIGHT="29" WC="0.96" CONTENT="lånet,"/><SP WIDTH="19" VPOS="220" HPOS="829"/>
							<String ID="string_8" HPOS="848" VPOS="220" WIDTH="40" HEIGHT="23" WC="0.96" CONTENT="bör"/>
						</TextLine>
						<TextLine ID="line_2" HPOS="131" VPOS="254" WIDTH="757" HEIGHT="32">
							<String ID="string_9" HPOS="131" VPOS="256" WIDTH="71" HEIGHT="30" WC="0.96" CONTENT="göras"/><SP WIDTH="24" VPOS="256" HPOS="202"/>
							<String ID="string_10" HPOS="226" VPOS="256" WIDTH="28" HEIGHT="22" WC="0.96" CONTENT="så"/><SP WIDTH="24" VPOS="256" HPOS="254"/>
							<String ID="string_11" HPOS="278" VPOS="254" WIDTH="76" HEIGHT="32" WC="0.95" CONTENT="tidigt,"/><SP WIDTH="22" VPOS="254" HPOS="354"/>
							<String ID="string_12" HPOS="376" VPOS="256" WIDTH="35" HEIGHT="22" WC="0.96" CONTENT="att"/><SP WIDTH="19" VPOS="256" HPOS="411"/>
							<String ID="string_13" HPOS="430" VPOS="255" WIDTH="178" HEIGHT="31" WC="0.96" CONTENT="omsättningen"/><SP WIDTH="19" VPOS="255" HPOS="608"/>
							<String ID="string_14" HPOS="627" VPOS="254" WIDTH="55" HEIGHT="31" WC="0.95" CONTENT="kan,"/><SP WIDTH="19" VPOS="254" HPOS="682"/>
							<String ID="string_15" HPOS="701" VPOS="255" WIDTH="69" HEIGHT="31" WC="0.96" CONTENT="jemte"/><SP WIDTH="20" VPOS="255" HPOS="770"/>
							<String ID="string_16" HPOS="790" VPOS="254" WIDTH="36" HEIGHT="24" WC="0.96" CONTENT="det"/><SP WIDTH="19" VPOS="254" HPOS="826"/>
							<String ID="string_17" HPOS="845" VPOS="254" WIDTH="43" HEIGHT="23" WC="0.96" CONTENT="den"/>
						</TextLine>
						<TextLine ID="line_3" HPOS="131" VPOS="288" WIDTH="757" HEIGHT="33">
							<String ID="string_18" HPOS="131" VPOS="289" WIDTH="126" HEIGHT="32" WC="0.92" CONTENT="upplupna"/><SP WIDTH="21" VPOS="289" HPOS="257"/>
							<String ID="string_19" HPOS="278" VPOS="291" WIDTH="87" HEIGHT="22" WC="0.96" CONTENT="räntan"/><SP WIDTH="21" VPOS="291" HPOS="365"/>
							<String ID="string_20" HPOS="386" VPOS="288" WIDTH="126" HEIGHT="31" WC="0.96" CONTENT="inbetalas,"/><SP WIDTH="19" VPOS="288" HPOS="512"/>
							<String ID="string_21" HPOS="531" VPOS="292" WIDTH="46" HEIGHT="28" WC="0.96" CONTENT="äga"/><SP WIDTH="18" VPOS="292" HPOS="577"/>
							<String ID="string_22" HPOS="595" VPOS="296" WIDTH="54" HEIGHT="16" WC="0.96" CONTENT="rum"/><SP WIDTH="19" VPOS="296" HPOS="649"/>
							<String ID="string_23" HPOS="668" VPOS="289" WIDTH="46" HEIGHT="23" WC="0.95" CONTENT="sist"/><SP WIDTH="19" VPOS="289" HPOS="714"/>
							<String ID="string_24" HPOS="733" VPOS="290" WIDTH="31" HEIGHT="30" WC="0.92" CONTENT="på"/><SP WIDTH="18" VPOS="290" HPOS="764"/>
							<String ID="string_25" HPOS="782" VPOS="288" WIDTH="106" HEIGHT="24" WC="0.90" CONTENT="förfallo-"/>
						</TextLine>
						<TextLine ID="line_4" HPOS="133" VPOS="323" WIDTH="82" HEIGHT="32">
							<String ID="string_26" HPOS="133" VPOS="323" WIDTH="82" HEIGHT="32" WC="0.95" CONTENT="dagen."/>
						</TextLine>
					</TextBlock>
					<TextBlock ID="block_2" HPOS="475" VPOS="369" WIDTH="73" HEIGHT="29">
						<TextLine ID="line_5" HPOS="475" VPOS="369" WIDTH="73" HEIGHT="29">
							<String ID="string_27" HPOS="475" VPOS="370" WIDTH="14" HEIGHT="28" WC="0.60" CONTENT="8"/><SP WIDTH="21" VPOS="370" HPOS="489"/>
							<String ID="string_28" HPOS="510" VPOS="369" WIDTH="38" HEIGHT="23" WC="0.96" CONTENT="26."/>
						</TextLine>
					</TextBlock>
				</ComposedBlock>
				<ComposedBlock ID="cblock_2" HPOS="133" VPOS="420" WIDTH="757" HEIGHT="134">
					<TextBlock ID="block_3" HPOS="133" VPOS="420" WIDTH="757" HEIGHT="134">
						<TextLine ID="line_6" HPOS="203" VPOS="420" WIDTH="687" HEIGHT="31">
							<String ID="string_29" HPOS="203" VPOS="420" WIDTH="117" HEIGHT="24" WC="0.96" CONTENT="Finlands"/><SP WIDTH="22" VPOS="420" HPOS="320"/>
							<String ID="string_30" HPOS="342" VPOS="420" WIDTH="72" HEIGHT="24" WC="0.95" CONTENT="Bank"/><SP WIDTH="20" VPOS="420" HPOS="414"/>
							<String ID="string_31" HPOS="434" VPOS="420" WIDTH="104" HEIGHT="31" WC="0.89" CONTENT="beviljar"/><SP WIDTH="18" VPOS="420" HPOS="538"/>
							<String ID="string_32" HPOS="556" VPOS="420" WIDTH="180" HEIGHT="24" WC="0.92" CONTENT="kassakreditiv"/><SP WIDTH="19" VPOS="420" HPOS="736"/>
							<String ID="string_33" HPOS="755" VPOS="420" WIDTH="69" HEIGHT="23" WC="0.96" CONTENT="såväl"/><SP WIDTH="19" VPOS="420" HPOS="824"/>
							<String ID="string_34" HPOS="843" VPOS="421" WIDTH="47" HEIGHT="21" WC="0.96" CONTENT="mot"/>
						</TextLine>
						<TextLine ID="line_7" HPOS="133" VPOS="454" WIDTH="757" HEIGHT="32">
							<String ID="string_35" HPOS="133" VPOS="454" WIDTH="143" HEIGHT="32" WC="0.94" CONTENT="inteckning"/><SP WIDTH="23" VPOS="454" HPOS="276"/>
							<String ID="string_36" HPOS="299" VPOS="455" WIDTH="8" HEIGHT="23" WC="0.91" CONTENT="i"/><SP WIDTH="19" VPOS="455" HPOS="307"/>
							<String ID="string_37" HPOS="326" VPOS="454" WIDTH="218" HEIGHT="32" WC="0.91" CONTENT="kreditivtagarens"/><SP WIDTH="19" VPOS="454" HPOS="544"/>
							<String ID="string_38" HPOS="563" VPOS="454" WIDTH="65" HEIGHT="24" WC="0.96" CONTENT="fasta"/><SP WIDTH="18" VPOS="454" HPOS="628"/>
							<String ID="string_39" HPOS="646" VPOS="454" WIDTH="64" HEIGHT="32" WC="0.96" CONTENT="gods,"/><SP WIDTH="19" VPOS="454" HPOS="710"/>
							<String ID="string_40" HPOS="729" VPOS="462" WIDTH="51" HEIGHT="16" WC="0.96" CONTENT="som"/><SP WIDTH="18" VPOS="462" HPOS="780"/>
							<String ID="string_41" HPOS="798" VPOS="456" WIDTH="47" HEIGHT="21" WC="0.96" CONTENT="mot"/><SP WIDTH="18" VPOS="456" HPOS="845"/>
							<String ID="string_42" HPOS="863" VPOS="454" WIDTH="27" HEIGHT="23" WC="0.95" CONTENT="de"/>
						</TextLine>
						<TextLine ID="line_8" HPOS="134" VPOS="487" WIDTH="756" HEIGHT="33">
							<String ID="string_43" HPOS="134" VPOS="488" WIDTH="55" HEIGHT="32" WC="0.96" CONTENT="slag"/><SP WIDTH="19" VPOS="488" HPOS="189"/>
							<String ID="string_44" HPOS="208" VPOS="489" WIDTH="24" HEIGHT="23" WC="0.96" CONTENT="af"/><SP WIDTH="18" VPOS="489" HPOS="232"/>
							<String ID="string_45" HPOS="250" VPOS="491" WIDTH="63" HEIGHT="29" WC="0.96" CONTENT="pant,"/><SP WIDTH="19" VPOS="491" HPOS="313"/>
							<String ID="string_46" HPOS="332" VPOS="496" WIDTH="50" HEIGHT="16" WC="0.96" CONTENT="som"/><SP WIDTH="18" VPOS="496" HPOS="382"/>
							<String ID="string_47" HPOS="400" VPOS="492" WIDTH="102" HEIGHT="20" WC="0.93" CONTENT="nämnas"/><SP WIDTH="20" VPOS="492" HPOS="502"/>
							<String ID="string_48" HPOS="522" VPOS="489" WIDTH="118" HEIGHT="23" WC="0.92" CONTENT="härofvan"/><SP WIDTH="19" VPOS="489" HPOS="640"/>
							<String ID="string_49" HPOS="659" VPOS="489" WIDTH="9" HEIGHT="23" WC="0.96" CONTENT="i"/><SP WIDTH="19" VPOS="489" HPOS="668"/>
							<String ID="string_50" HPOS="687" VPOS="496" WIDTH="67" HEIGHT="16" WC="0.96" CONTENT="mom."/><SP WIDTH="20" VPOS="496" HPOS="754"/>
							<String ID="string_51" HPOS="774" VPOS="488" WIDTH="29" HEIGHT="31" WC="0.95" CONTENT="a),"/><SP WIDTH="16" VPOS="488" HPOS="803"/>
							<String ID="string_52" HPOS="819" VPOS="488" WIDTH="31" HEIGHT="30" WC="0.72" CONTENT="b),"/><SP WIDTH="12" VPOS="488" HPOS="850"/>
							<String ID="string_53" HPOS="862" VPOS="487" WIDTH="28" HEIGHT="31" WC="0.73" CONTENT="€),"/>
						</TextLine>
						<TextLine ID="line_9" HPOS="135" VPOS="523" WIDTH="219" HEIGHT="31">
							<String ID="string_54" HPOS="135" VPOS="524" WIDTH="44" HEIGHT="22" WC="0.93" CONTENT="och"/><SP WIDTH="18" VPOS="524" HPOS="179"/>
							<String ID="string_55" HPOS="197" VPOS="523" WIDTH="23" HEIGHT="31" WC="0.90" CONTENT="d)"/><SP WIDTH="20" VPOS="523" HPOS="220"/>
							<String ID="string_56" HPOS="240" VPOS="524" WIDTH="25" HEIGHT="23" WC="0.96" CONTENT="af"/><SP WIDTH="20" VPOS="524" HPOS="265"/>
							<String ID="string_57" HPOS="285" VPOS="524" WIDTH="29" HEIGHT="23" WC="0.93" CONTENT="19"/><SP WIDTH="20" VPOS="524" HPOS="314"/>
							<String ID="string_58" HPOS="334" VPOS="525" WIDTH="20" HEIGHT="28" WC="0.92" CONTENT="$."/>
						</TextLine>
					</TextBlock>
				</ComposedBlock>
				<ComposedBlock ID="cblock_3" HPOS="135" VPOS="586" WIDTH="757" HEIGHT="215">
					<TextBlock ID="block_4" HPOS="495" VPOS="586" WIDTH="72" HEIGHT="30">
						<TextLine ID="line_10" HPOS="495" VPOS="586" WIDTH="72" HEIGHT="30">
							<String ID="string_59" HPOS="495" VPOS="588" WIDTH="14" HEIGHT="28" WC="0.79" CONTENT="$"/><SP WIDTH="21" VPOS="588" HPOS="509"/>
							<String ID="string_60" HPOS="530" VPOS="586" WIDTH="37" HEIGHT="23" WC="0.96" CONTENT="27."/>
						</TextLine>
					</TextBlock>
					<TextBlock ID="block_5" HPOS="135" VPOS="631" WIDTH="757" HEIGHT="170">
						<TextLine ID="line_11" HPOS="204" VPOS="631" WIDTH="687" HEIGHT="33">
							<String ID="string_61" HPOS="204" VPOS="632" WIDTH="50" HEIGHT="23" WC="0.91" CONTENT="Vid"/><SP WIDTH="27" VPOS="632" HPOS="254"/>
							<String ID="string_62" HPOS="281" VPOS="632" WIDTH="137" HEIGHT="32" WC="0.91" CONTENT="ansökning"/><SP WIDTH="26" VPOS="632" HPOS="418"/>
							<String ID="string_63" HPOS="444" VPOS="640" WIDTH="37" HEIGHT="16" WC="0.93" CONTENT="om"/><SP WIDTH="22" VPOS="640" HPOS="481"/>
							<String ID="string_64" HPOS="503" VPOS="632" WIDTH="178" HEIGHT="24" WC="0.92" CONTENT="kassakreditiv"/><SP WIDTH="25" VPOS="632" HPOS="681"/>
							<String ID="string_65" HPOS="706" VPOS="632" WIDTH="41" HEIGHT="23" WC="0.93" CONTENT="bör"/><SP WIDTH="18" VPOS="632" HPOS="747"/>
							<String ID="string_66" HPOS="765" VPOS="631" WIDTH="126" HEIGHT="27" WC="0.93" CONTENT="sökanden,"/>
						</TextLine>
						<TextLine ID="line_12" HPOS="135" VPOS="666" WIDTH="756" HEIGHT="31">
							<String ID="string_67" HPOS="135" VPOS="666" WIDTH="145" HEIGHT="24" WC="0.96" CONTENT="beträffande"/><SP WIDTH="24" VPOS="666" HPOS="280"/>
							<String ID="string_68" HPOS="304" VPOS="666" WIDTH="44" HEIGHT="24" WC="0.93" CONTENT="den"/><SP WIDTH="25" VPOS="666" HPOS="348"/>
							<String ID="string_69" HPOS="373" VPOS="667" WIDTH="115" HEIGHT="30" WC="0.91" CONTENT="erbjudna"/><SP WIDTH="23" VPOS="667" HPOS="488"/>
							<String ID="string_70" HPOS="511" VPOS="666" WIDTH="149" HEIGHT="30" WC="0.92" CONTENT="säkerheten,"/><SP WIDTH="19" VPOS="666" HPOS="660"/>
							<String ID="string_71" HPOS="679" VPOS="666" WIDTH="73" HEIGHT="23" WC="0.92" CONTENT="ställa"/><SP WIDTH="19" VPOS="666" HPOS="752"/>
							<String ID="string_72" HPOS="771" VPOS="666" WIDTH="38" HEIGHT="31" WC="0.93" CONTENT="sig"/><SP WIDTH="19" VPOS="666" HPOS="809"/>
							<String ID="string_73" HPOS="828" VPOS="666" WIDTH="63" HEIGHT="23" WC="0.92" CONTENT="stad-"/>
						</TextLine>
						<TextLine ID="line_13" HPOS="136" VPOS="700" WIDTH="756" HEIGHT="32">
							<String ID="string_74" HPOS="136" VPOS="701" WIDTH="110" HEIGHT="31" WC="0.92" CONTENT="gandena"/><SP WIDTH="27" VPOS="701" HPOS="246"/>
							<String ID="string_75" HPOS="273" VPOS="701" WIDTH="8" HEIGHT="23" WC="0.94" CONTENT="i"/><SP WIDTH="29" VPOS="701" HPOS="281"/>
							<String ID="string_76" HPOS="310" VPOS="701" WIDTH="30" HEIGHT="23" WC="0.93" CONTENT="21"/><SP WIDTH="29" VPOS="701" HPOS="340"/>
							<String ID="string_77" HPOS="369" VPOS="702" WIDTH="13" HEIGHT="28" WC="0.80" CONTENT="$"/><SP WIDTH="25" VPOS="702" HPOS="382"/>
							<String ID="string_78" HPOS="407" VPOS="701" WIDTH="38" HEIGHT="23" WC="0.93" CONTENT="till"/><SP WIDTH="23" VPOS="701" HPOS="445"/>
							<String ID="string_79" HPOS="468" VPOS="700" WIDTH="170" HEIGHT="30" WC="0.92" CONTENT="efterrättelse;"/><SP WIDTH="23" VPOS="700" HPOS="638"/>
							<String ID="string_80" HPOS="661" VPOS="700" WIDTH="128" HEIGHT="24" WC="0.92" CONTENT="hvarutom"/><SP WIDTH="18" VPOS="700" HPOS="789"/>
							<String ID="string_81" HPOS="807" VPOS="700" WIDTH="85" HEIGHT="24" WC="0.96" CONTENT="honom"/>
						</TextLine>
						<TextLine ID="line_14" HPOS="136" VPOS="734" WIDTH="756" HEIGHT="32">
							<String ID="string_82" HPOS="136" VPOS="735" WIDTH="93" HEIGHT="31" WC="0.95" CONTENT="åligger"/><SP WIDTH="19" VPOS="735" HPOS="229"/>
							<String ID="string_83" HPOS="248" VPOS="737" WIDTH="34" HEIGHT="21" WC="0.93" CONTENT="att"/><SP WIDTH="18" VPOS="737" HPOS="282"/>
							<String ID="string_84" HPOS="300" VPOS="735" WIDTH="80" HEIGHT="31" WC="0.96" CONTENT="bifoga"/><SP WIDTH="19" VPOS="735" HPOS="380"/>
							<String ID="string_85" HPOS="399" VPOS="735" WIDTH="44" HEIGHT="23" WC="0.93" CONTENT="den"/><SP WIDTH="23" VPOS="735" HPOS="443"/>
							<String ID="string_86" HPOS="466" VPOS="735" WIDTH="191" HEIGHT="31" WC="0.90" CONTENT="namnteckning"/><SP WIDTH="16" VPOS="735" HPOS="657"/>
							<String ID="string_87" HPOS="673" VPOS="734" WIDTH="58" HEIGHT="24" WC="0.97" CONTENT="eller"/><SP WIDTH="17" VPOS="734" HPOS="731"/>
							<String ID="string_88" HPOS="748" VPOS="734" WIDTH="77" HEIGHT="31" WC="0.96" CONTENT="firma,"/><SP WIDTH="18" VPOS="734" HPOS="825"/>
							<String ID="string_89" HPOS="843" VPOS="742" WIDTH="49" HEIGHT="16" WC="0.96" CONTENT="som"/>
						</TextLine>
						<TextLine ID="line_15" HPOS="137" VPOS="769" WIDTH="755" HEIGHT="32">
							<String ID="string_90" HPOS="137" VPOS="769" WIDTH="65" HEIGHT="24" WC="0.96" CONTENT="skall"/><SP WIDTH="18" VPOS="769" HPOS="202"/>
							<String ID="string_91" HPOS="220" VPOS="769" WIDTH="25" HEIGHT="24" WC="0.96" CONTENT="af"/><SP WIDTH="18" VPOS="769" HPOS="245"/>
							<String ID="string_92" HPOS="263" VPOS="770" WIDTH="85" HEIGHT="23" WC="0.96" CONTENT="honom"/><SP WIDTH="13" VPOS="770" HPOS="348"/>
							<String ID="string_93" HPOS="361" VPOS="770" WIDTH="40" HEIGHT="22" WC="0.93" CONTENT="vid"/><SP WIDTH="20" VPOS="770" HPOS="401"/>
							<String ID="string_94" HPOS="421" VPOS="770" WIDTH="158" HEIGHT="31" WC="0.90" CONTENT="invisningar"/><SP WIDTH="15" VPOS="770" HPOS="579"/>
							<String ID="string_95" HPOS="594" VPOS="771" WIDTH="13" HEIGHT="21" WC="0.80" CONTENT="&amp;"/><SP WIDTH="18" VPOS="771" HPOS="607"/>
							<String ID="string_96" HPOS="625" VPOS="769" WIDTH="127" HEIGHT="24" WC="0.92" CONTENT="kreditivet"/><SP WIDTH="12" VPOS="769" HPOS="752"/>
							<String ID="string_97" HPOS="764" VPOS="770" WIDTH="128" HEIGHT="30" WC="0.92" CONTENT="begagnas."/>
						</TextLine>
					</TextBlock>
				</ComposedBlock>
				<ComposedBlock ID="cblock_4" HPOS="481" VPOS="838" WIDTH="72" HEIGHT="29">
					<TextBlock ID="block_6" HPOS="481" VPOS="838" WIDTH="72" HEIGHT="29">
						<TextLine ID="line_16" HPOS="481" VPOS="838" WIDTH="72" HEIGHT="29">
							<String ID="string_98" HPOS="481" VPOS="839" WIDTH="12" HEIGHT="28" WC="0.76" CONTENT="S"/><SP WIDTH="22" VPOS="839" HPOS="493"/>
							<String ID="string_99" HPOS="515" VPOS="838" WIDTH="38" HEIGHT="23" WC="0.95" CONTENT="28."/>
						</TextLine>
					</TextBlock>
				</ComposedBlock>
				<ComposedBlock ID="cblock_5" HPOS="121" VPOS="883" WIDTH="776" HEIGHT="445">
					<TextBlock ID="block_7" HPOS="137" VPOS="883" WIDTH="759" HEIGHT="238">
						<TextLine ID="line_17" HPOS="206" VPOS="883" WIDTH="688" HEIGHT="32">
							<String ID="string_100" HPOS="206" VPOS="883" WIDTH="102" HEIGHT="24" WC="0.84" CONTENT="Bifalles"/><SP WIDTH="20" VPOS="883" HPOS="308"/>
							<String ID="string_101" HPOS="328" VPOS="883" WIDTH="173" HEIGHT="32" WC="0.96" CONTENT="ansökningen,"/><SP WIDTH="14" VPOS="883" HPOS="501"/>
							<String ID="string_102" HPOS="515" VPOS="883" WIDTH="66" HEIGHT="24" WC="0.93" CONTENT="skall"/><SP WIDTH="12" VPOS="883" HPOS="581"/>
							<String ID="string_103" HPOS="593" VPOS="883" WIDTH="301" HEIGHT="29" WC="0.92" CONTENT="kassakreditivkontrakt,"/>
						</TextLine>
						<TextLine ID="line_18" HPOS="137" VPOS="917" WIDTH="757" HEIGHT="32">
							<String ID="string_104" HPOS="137" VPOS="917" WIDTH="111" HEIGHT="24" WC="0.91" CONTENT="affattadt"/><SP WIDTH="18" VPOS="917" HPOS="248"/>
							<String ID="string_105" HPOS="266" VPOS="917" WIDTH="76" HEIGHT="32" WC="0.93" CONTENT="enligt"/><SP WIDTH="18" VPOS="917" HPOS="342"/>
							<String ID="string_106" HPOS="360" VPOS="917" WIDTH="123" HEIGHT="24" WC="0.90" CONTENT="faststäldt"/><SP WIDTH="19" VPOS="917" HPOS="483"/>
							<String ID="string_107" HPOS="502" VPOS="918" WIDTH="117" HEIGHT="23" WC="0.96" CONTENT="formulär"/><SP WIDTH="18" VPOS="918" HPOS="619"/>
							<String ID="string_108" HPOS="637" VPOS="918" WIDTH="40" HEIGHT="24" WC="0.93" CONTENT="och"/><SP WIDTH="21" VPOS="918" HPOS="677"/>
							<String ID="string_109" HPOS="698" VPOS="917" WIDTH="151" HEIGHT="32" WC="0.93" CONTENT="upptagande"/><SP WIDTH="19" VPOS="917" HPOS="849"/>
							<String ID="string_110" HPOS="868" VPOS="917" WIDTH="26" HEIGHT="23" WC="0.96" CONTENT="de"/>
						</TextLine>
						<TextLine ID="line_19" HPOS="139" VPOS="951" WIDTH="755" HEIGHT="33">
							<String ID="string_111" HPOS="139" VPOS="952" WIDTH="8" HEIGHT="23" WC="0.96" CONTENT="i"/><SP WIDTH="18" VPOS="952" HPOS="147"/>
							<String ID="string_112" HPOS="165" VPOS="951" WIDTH="105" HEIGHT="32" WC="0.93" CONTENT="följande"/><SP WIDTH="24" VPOS="951" HPOS="270"/>
							<String ID="string_113" HPOS="294" VPOS="953" WIDTH="29" HEIGHT="29" WC="0.93" CONTENT="$$"/><SP WIDTH="22" VPOS="953" HPOS="323"/>
							<String ID="string_114" HPOS="345" VPOS="952" WIDTH="37" HEIGHT="23" WC="0.93" CONTENT="för"/><SP WIDTH="22" VPOS="952" HPOS="382"/>
							<String ID="string_115" HPOS="404" VPOS="952" WIDTH="117" HEIGHT="24" WC="0.90" CONTENT="kreditivs"/><SP WIDTH="20" VPOS="952" HPOS="521"/>
							<String ID="string_116" HPOS="541" VPOS="953" WIDTH="156" HEIGHT="31" WC="0.93" CONTENT="begagnande"/><SP WIDTH="19" VPOS="953" HPOS="697"/>
							<String ID="string_117" HPOS="716" VPOS="952" WIDTH="113" HEIGHT="31" WC="0.92" CONTENT="stadgade"/><SP WIDTH="18" VPOS="952" HPOS="829"/>
							<String ID="string_118" HPOS="847" VPOS="951" WIDTH="47" HEIGHT="24" WC="0.93" CONTENT="vil-"/>
						</TextLine>
						<TextLine ID="line_20" HPOS="137" VPOS="985" WIDTH="757" HEIGHT="32">
							<String ID="string_119" HPOS="137" VPOS="985" WIDTH="50" HEIGHT="31" WC="0.93" CONTENT="kor,"/><SP WIDTH="18" VPOS="985" HPOS="187"/>
							<String ID="string_120" HPOS="205" VPOS="988" WIDTH="125" HEIGHT="29" WC="0.90" CONTENT="upprättas"/><SP WIDTH="20" VPOS="988" HPOS="330"/>
							<String ID="string_121" HPOS="350" VPOS="986" WIDTH="7" HEIGHT="23" WC="0.93" CONTENT="i"/><SP WIDTH="19" VPOS="986" HPOS="357"/>
							<String ID="string_122" HPOS="376" VPOS="988" WIDTH="42" HEIGHT="21" WC="0.92" CONTENT="tvä"/><SP WIDTH="17" VPOS="988" HPOS="418"/>
							<String ID="string_123" HPOS="435" VPOS="987" WIDTH="129" HEIGHT="30" WC="0.92" CONTENT="exemplar,"/><SP WIDTH="19" VPOS="987" HPOS="564"/>
							<String ID="string_124" HPOS="583" VPOS="987" WIDTH="25" HEIGHT="23" WC="0.93" CONTENT="af"/><SP WIDTH="18" VPOS="987" HPOS="608"/>
							<String ID="string_125" HPOS="626" VPOS="987" WIDTH="86" HEIGHT="23" WC="0.93" CONTENT="hvilka"/><SP WIDTH="18" VPOS="987" HPOS="712"/>
							<String ID="string_126" HPOS="730" VPOS="987" WIDTH="38" HEIGHT="23" WC="0.96" CONTENT="det"/><SP WIDTH="18" VPOS="987" HPOS="768"/>
							<String ID="string_127" HPOS="786" VPOS="994" WIDTH="45" HEIGHT="15" WC="0.93" CONTENT="ena"/><SP WIDTH="16" VPOS="994" HPOS="831"/>
							<String ID="string_128" HPOS="847" VPOS="986" WIDTH="47" HEIGHT="23" WC="0.92" CONTENT="för-"/>
						</TextLine>
						<TextLine ID="line_21" HPOS="138" VPOS="1020" WIDTH="756" HEIGHT="32">
							<String ID="string_129" HPOS="138" VPOS="1020" WIDTH="89" HEIGHT="24" WC="0.91" CONTENT="blifver"/><SP WIDTH="27" VPOS="1020" HPOS="227"/>
							<String ID="string_130" HPOS="254" VPOS="1021" WIDTH="7" HEIGHT="22" WC="0.94" CONTENT="i"/><SP WIDTH="28" VPOS="1021" HPOS="261"/>
							<String ID="string_131" HPOS="289" VPOS="1021" WIDTH="101" HEIGHT="23" WC="0.96" CONTENT="Banken"/><SP WIDTH="28" VPOS="1021" HPOS="390"/>
							<String ID="string_132" HPOS="418" VPOS="1021" WIDTH="43" HEIGHT="24" WC="0.96" CONTENT="och"/><SP WIDTH="28" VPOS="1021" HPOS="461"/>
							<String ID="string_133" HPOS="489" VPOS="1021" WIDTH="38" HEIGHT="23" WC="0.96" CONTENT="det"/><SP WIDTH="24" VPOS="1021" HPOS="527"/>
							<String ID="string_134" HPOS="551" VPOS="1021" WIDTH="76" HEIGHT="24" WC="0.93" CONTENT="andra"/><SP WIDTH="22" VPOS="1021" HPOS="627"/>
							<String ID="string_135" HPOS="649" VPOS="1021" WIDTH="70" HEIGHT="31" WC="0.92" CONTENT="jemte"/><SP WIDTH="23" VPOS="1021" HPOS="719"/>
							<String ID="string_136" HPOS="742" VPOS="1029" WIDTH="27" HEIGHT="16" WC="0.95" CONTENT="en"/><SP WIDTH="21" VPOS="1029" HPOS="769"/>
							<String ID="string_137" HPOS="790" VPOS="1020" WIDTH="104" HEIGHT="24" WC="0.96" CONTENT="särskild"/>
						</TextLine>
						<TextLine ID="line_22" HPOS="138" VPOS="1055" WIDTH="758" HEIGHT="32">
							<String ID="string_138" HPOS="138" VPOS="1055" WIDTH="94" HEIGHT="23" WC="0.87" CONTENT="motbok"/><SP WIDTH="18" VPOS="1055" HPOS="232"/>
							<String ID="string_139" HPOS="250" VPOS="1055" WIDTH="120" HEIGHT="24" WC="0.91" CONTENT="utlemnas"/><SP WIDTH="18" VPOS="1055" HPOS="370"/>
							<String ID="string_140" HPOS="388" VPOS="1055" WIDTH="40" HEIGHT="24" WC="0.93" CONTENT="till"/><SP WIDTH="18" VPOS="1055" HPOS="428"/>
							<String ID="string_141" HPOS="446" VPOS="1055" WIDTH="214" HEIGHT="32" WC="0.91" CONTENT="kreditivtagaren,"/><SP WIDTH="18" VPOS="1055" HPOS="660"/>
							<String ID="string_142" HPOS="678" VPOS="1058" WIDTH="59" HEIGHT="21" WC="0.96" CONTENT="emot"/><SP WIDTH="13" VPOS="1058" HPOS="737"/>
							<String ID="string_143" HPOS="750" VPOS="1055" WIDTH="38" HEIGHT="24" WC="0.96" CONTENT="det"/><SP WIDTH="11" VPOS="1055" HPOS="788"/>
							<String ID="string_144" HPOS="799" VPOS="1057" WIDTH="35" HEIGHT="21" WC="0.96" CONTENT="att"/><SP WIDTH="13" VPOS="1057" HPOS="834"/>
							<String ID="string_145" HPOS="847" VPOS="1055" WIDTH="49" HEIGHT="23" WC="0.96" CONTENT="han"/>
						</TextLine>
						<TextLine ID="line_23" HPOS="139" VPOS="1089" WIDTH="634" HEIGHT="32">
							<String ID="string_146" HPOS="139" VPOS="1089" WIDTH="110" HEIGHT="32" WC="0.92" CONTENT="erlägger"/><SP WIDTH="18" VPOS="1089" HPOS="249"/>
							<String ID="string_147" HPOS="267" VPOS="1089" WIDTH="209" HEIGHT="32" WC="0.87" CONTENT="inträdesafgiften"/><SP WIDTH="19" VPOS="1089" HPOS="476"/>
							<String ID="string_148" HPOS="495" VPOS="1090" WIDTH="41" HEIGHT="23" WC="0.93" CONTENT="till"/><SP WIDTH="19" VPOS="1090" HPOS="536"/>
							<String ID="string_149" HPOS="555" VPOS="1090" WIDTH="111" HEIGHT="31" WC="0.92" CONTENT="stadgadt"/><SP WIDTH="18" VPOS="1090" HPOS="666"/>
							<String ID="string_150" HPOS="684" VPOS="1090" WIDTH="89" HEIGHT="31" WC="0.93" CONTENT="belopp."/>
						</TextLine>
					</TextBlock>
					<TextBlock ID="block_8" HPOS="139" VPOS="1123" WIDTH="757" HEIGHT="67">
						<TextLine ID="line_24" HPOS="207" VPOS="1123" WIDTH="689" HEIGHT="32">
							<String ID="string_151" HPOS="207" VPOS="1123" WIDTH="85" HEIGHT="24" WC="0.88" CONTENT="Denna"/><SP WIDTH="24" VPOS="1123" HPOS="292"/>
							<String ID="string_152" HPOS="316" VPOS="1123" WIDTH="77" HEIGHT="32" WC="0.88" CONTENT="afgift,"/><SP WIDTH="21" VPOS="1123" HPOS="393"/>
							<String ID="string_153" HPOS="414" VPOS="1124" WIDTH="129" HEIGHT="24" WC="0.91" CONTENT="hvarifrän"/><SP WIDTH="21" VPOS="1124" HPOS="543"/>
							<String ID="string_154" HPOS="564" VPOS="1125" WIDTH="86" HEIGHT="23" WC="0.92" CONTENT="kassor"/><SP WIDTH="19" VPOS="1125" HPOS="650"/>
							<String ID="string_155" HPOS="669" VPOS="1124" WIDTH="44" HEIGHT="24" WC="0.93" CONTENT="och"/><SP WIDTH="18" VPOS="1124" HPOS="713"/>
							<String ID="string_156" HPOS="731" VPOS="1123" WIDTH="165" HEIGHT="32" WC="0.92" CONTENT="inrättningar"/>
						</TextLine>
						<TextLine ID="line_25" HPOS="139" VPOS="1158" WIDTH="757" HEIGHT="32">
							<String ID="string_157" HPOS="139" VPOS="1158" WIDTH="51" HEIGHT="23" WC="0.88" CONTENT="med"/><SP WIDTH="26" VPOS="1158" HPOS="190"/>
							<String ID="string_158" HPOS="216" VPOS="1158" WIDTH="184" HEIGHT="32" WC="0.88" CONTENT="allmännyttigt"/><SP WIDTH="22" VPOS="1158" HPOS="400"/>
							<String ID="string_159" HPOS="422" VPOS="1159" WIDTH="118" HEIGHT="29" WC="0.91" CONTENT="ändamäl,"/><SP WIDTH="22" VPOS="1159" HPOS="540"/>
							<String ID="string_160" HPOS="562" VPOS="1161" WIDTH="79" HEIGHT="22" WC="0.91" CONTENT="säsom"/><SP WIDTH="23" VPOS="1161" HPOS="641"/>
							<String ID="string_161" HPOS="664" VPOS="1158" WIDTH="154" HEIGHT="31" WC="0.91" CONTENT="sparbanker,"/><SP WIDTH="21" VPOS="1158" HPOS="818"/>
							<String ID="string_162" HPOS="839" VPOS="1165" WIDTH="57" HEIGHT="23" WC="0.92" CONTENT="pen-"/>
						</TextLine>
					</TextBlock>
					<TextBlock ID="block_9" HPOS="121" VPOS="1192" WIDTH="776" HEIGHT="136">
						<TextLine ID="line_26" HPOS="121" VPOS="1192" WIDTH="775" HEIGHT="33">
							<String ID="string_163" HPOS="121" VPOS="1195" WIDTH="2" HEIGHT="2" WC="0.87" CONTENT="*"/><SP WIDTH="16" VPOS="1195" HPOS="123"/>
							<String ID="string_164" HPOS="139" VPOS="1192" WIDTH="77" HEIGHT="24" WC="0.91" CONTENT="sions-"/><SP WIDTH="20" VPOS="1192" HPOS="216"/>
							<String ID="string_165" HPOS="236" VPOS="1193" WIDTH="43" HEIGHT="23" WC="0.93" CONTENT="och"/><SP WIDTH="16" VPOS="1193" HPOS="279"/>
							<String ID="string_166" HPOS="295" VPOS="1192" WIDTH="326" HEIGHT="33" WC="0.92" CONTENT="försäkringsinrättningar,"/><SP WIDTH="15" VPOS="1192" HPOS="621"/>
							<String ID="string_167" HPOS="636" VPOS="1193" WIDTH="28" HEIGHT="30" WC="0.35" CONTENT="hy"/><SP WIDTH="5" VPOS="1193" HPOS="664"/>
							<String ID="string_168" HPOS="669" VPOS="1192" WIDTH="227" HEIGHT="32" WC="0.35" CONTENT="poteksföreningar,"/>
						</TextLine>
						<TextLine ID="line_27" HPOS="139" VPOS="1226" WIDTH="757" HEIGHT="33">
							<String ID="string_169" HPOS="139" VPOS="1226" WIDTH="316" HEIGHT="33" WC="0.91" CONTENT="välgörenhetsföreningar,"/><SP WIDTH="19" VPOS="1226" HPOS="455"/>
							<String ID="string_170" HPOS="474" VPOS="1228" WIDTH="53" HEIGHT="23" WC="0.96" CONTENT="med"/><SP WIDTH="18" VPOS="1228" HPOS="527"/>
							<String ID="string_171" HPOS="545" VPOS="1227" WIDTH="59" HEIGHT="24" WC="0.93" CONTENT="flera"/><SP WIDTH="18" VPOS="1227" HPOS="604"/>
							<String ID="string_172" HPOS="622" VPOS="1227" WIDTH="91" HEIGHT="31" WC="0.96" CONTENT="dylika,"/><SP WIDTH="18" VPOS="1227" HPOS="713"/>
							<String ID="string_173" HPOS="731" VPOS="1230" WIDTH="41" HEIGHT="20" WC="0.96" CONTENT="äro"/><SP WIDTH="15" VPOS="1230" HPOS="772"/>
							<String ID="string_174" HPOS="787" VPOS="1226" WIDTH="109" HEIGHT="30" WC="0.96" CONTENT="befriade,"/>
						</TextLine>
						<TextLine ID="line_28" HPOS="139" VPOS="1260" WIDTH="758" HEIGHT="33">
							<String ID="string_175" HPOS="139" VPOS="1261" WIDTH="119" HEIGHT="24" WC="0.95" CONTENT="beräknas"/><SP WIDTH="22" VPOS="1261" HPOS="258"/>
							<String ID="string_176" HPOS="280" VPOS="1261" WIDTH="58" HEIGHT="24" WC="0.93" CONTENT="efter"/><SP WIDTH="22" VPOS="1261" HPOS="338"/>
							<String ID="string_177" HPOS="360" VPOS="1261" WIDTH="141" HEIGHT="30" WC="0.92" CONTENT="kreditivets"/><SP WIDTH="23" VPOS="1261" HPOS="501"/>
							<String ID="string_178" HPOS="524" VPOS="1261" WIDTH="56" HEIGHT="24" WC="0.93" CONTENT="hela"/><SP WIDTH="22" VPOS="1261" HPOS="580"/>
							<String ID="string_179" HPOS="602" VPOS="1261" WIDTH="89" HEIGHT="32" WC="0.96" CONTENT="belopp,"/><SP WIDTH="18" VPOS="1261" HPOS="691"/>
							<String ID="string_180" HPOS="709" VPOS="1264" WIDTH="60" HEIGHT="21" WC="0.93" CONTENT="utan"/><SP WIDTH="19" VPOS="1264" HPOS="769"/>
							<String ID="string_181" HPOS="788" VPOS="1260" WIDTH="109" HEIGHT="24" WC="0.95" CONTENT="afseende"/>
						</TextLine>
						<TextLine ID="line_29" HPOS="140" VPOS="1295" WIDTH="521" HEIGHT="33">
							<String ID="string_182" HPOS="140" VPOS="1297" WIDTH="15" HEIGHT="21" WC="0.93" CONTENT="å"/><SP WIDTH="17" VPOS="1297" HPOS="155"/>
							<String ID="string_183" HPOS="172" VPOS="1295" WIDTH="64" HEIGHT="24" WC="0.96" CONTENT="huru"/><SP WIDTH="18" VPOS="1295" HPOS="236"/>
							<String ID="string_184" HPOS="254" VPOS="1296" WIDTH="38" HEIGHT="23" WC="0.96" CONTENT="det"/><SP WIDTH="18" VPOS="1296" HPOS="292"/>
							<String ID="string_185" HPOS="310" VPOS="1298" WIDTH="39" HEIGHT="21" WC="0.96" CONTENT="mä"/><SP WIDTH="18" VPOS="1298" HPOS="349"/>
							<String ID="string_186" HPOS="367" VPOS="1296" WIDTH="94" HEIGHT="24" WC="0.96" CONTENT="komma"/><SP WIDTH="19" VPOS="1296" HPOS="461"/>
							<String ID="string_187" HPOS="480" VPOS="1298" WIDTH="35" HEIGHT="21" WC="0.93" CONTENT="att"/><SP WIDTH="19" VPOS="1298" HPOS="515"/>
							<String ID="string_188" HPOS="534" VPOS="1297" WIDTH="127" HEIGHT="31" WC="0.88" CONTENT="begagnas."/>
						</TextLine>
					</TextBlock>
				</ComposedBlock>
				<ComposedBlock ID="cblock_6" HPOS="484" VPOS="1359" WIDTH="72" HEIGHT="29">
					<TextBlock ID="block_10" HPOS="484" VPOS="1359" WIDTH="72" HEIGHT="29">
						<TextLine ID="line_30" HPOS="484" VPOS="1359" WIDTH="72" HEIGHT="29">
							<String ID="string_189" HPOS="484" VPOS="1360" WIDTH="13" HEIGHT="28" WC="0.89" CONTENT="8"/><SP WIDTH="22" VPOS="1360" HPOS="497"/>
							<String ID="string_190" HPOS="519" VPOS="1359" WIDTH="37" HEIGHT="24" WC="0.95" CONTENT="29."/>
						</TextLine>
					</TextBlock>
				</ComposedBlock>
				<ComposedBlock ID="cblock_7" HPOS="141" VPOS="1409" WIDTH="756" HEIGHT="67">
					<TextBlock ID="block_11" HPOS="141" VPOS="1409" WIDTH="756" HEIGHT="67">
						<TextLine ID="line_31" HPOS="209" VPOS="1409" WIDTH="688" HEIGHT="33">
							<String ID="string_191" HPOS="209" VPOS="1410" WIDTH="46" HEIGHT="23" WC="0.93" CONTENT="För"/><SP WIDTH="17" VPOS="1410" HPOS="255"/>
							<String ID="string_192" HPOS="272" VPOS="1410" WIDTH="131" HEIGHT="32" WC="0.92" CONTENT="uttagning"/><SP WIDTH="19" VPOS="1410" HPOS="403"/>
							<String ID="string_193" HPOS="422" VPOS="1412" WIDTH="13" HEIGHT="22" WC="0.91" CONTENT="å"/><SP WIDTH="19" VPOS="1412" HPOS="435"/>
							<String ID="string_194" HPOS="454" VPOS="1411" WIDTH="117" HEIGHT="30" WC="0.92" CONTENT="beviljadt"/><SP WIDTH="12" VPOS="1411" HPOS="571"/>
							<String ID="string_195" HPOS="583" VPOS="1409" WIDTH="179" HEIGHT="24" WC="0.93" CONTENT="kassakreditiv"/><SP WIDTH="14" VPOS="1409" HPOS="762"/>
							<String ID="string_196" HPOS="776" VPOS="1409" WIDTH="121" HEIGHT="31" WC="0.93" CONTENT="begagnas"/>
						</TextLine>
						<TextLine ID="line_32" HPOS="141" VPOS="1443" WIDTH="756" HEIGHT="33">
							<String ID="string_197" HPOS="141" VPOS="1444" WIDTH="115" HEIGHT="32" WC="0.96" CONTENT="skriftlig,"/><SP WIDTH="19" VPOS="1444" HPOS="256"/>
							<String ID="string_198" HPOS="275" VPOS="1444" WIDTH="25" HEIGHT="24" WC="0.93" CONTENT="af"/><SP WIDTH="12" VPOS="1444" HPOS="300"/>
							<String ID="string_199" HPOS="312" VPOS="1444" WIDTH="207" HEIGHT="32" WC="0.92" CONTENT="kreditivtagaren"/><SP WIDTH="12" VPOS="1444" HPOS="519"/>
							<String ID="string_200" HPOS="531" VPOS="1444" WIDTH="40" HEIGHT="24" WC="0.97" CONTENT="till"/><SP WIDTH="17" VPOS="1444" HPOS="571"/>
							<String ID="string_201" HPOS="588" VPOS="1445" WIDTH="39" HEIGHT="30" WC="0.93" CONTENT="sig"/><SP WIDTH="12" VPOS="1445" HPOS="627"/>
							<String ID="string_202" HPOS="639" VPOS="1443" WIDTH="56" HEIGHT="32" WC="0.92" CONTENT="sjelf"/><SP WIDTH="11" VPOS="1443" HPOS="695"/>
							<String ID="string_203" HPOS="706" VPOS="1443" WIDTH="59" HEIGHT="24" WC="0.96" CONTENT="eller"/><SP WIDTH="12" VPOS="1443" HPOS="765"/>
							<String ID="string_204" HPOS="777" VPOS="1443" WIDTH="52" HEIGHT="23" WC="0.96" CONTENT="viss"/><SP WIDTH="14" VPOS="1443" HPOS="829"/>
							<String ID="string_205" HPOS="843" VPOS="1450" WIDTH="54" HEIGHT="15" WC="0.96" CONTENT="man"/>
						</TextLine>
					</TextBlock>
				</ComposedBlock>
				<GraphicalElement ID="cblock_8" HPOS="1073" VPOS="645" WIDTH="5" HEIGHT="337"></GraphicalElement >
			</PrintSpace>
		</Page>
	</Layout>
</alto>
