1078 1692
827 138 26 22 27

128 200 26 28 pä
177 201 30 20 ett
224 200 192 22 tillfredsställande
435 201 42 20 sätt
495 200 88 22 förestäs
598 200 23 22 af
634 200 40 21 den
691 200 32 21 för
738 200 118 22 ändamålet
870 199 12 21 ä

128 234 101 22 ordinarie
252 235 42 21 stat
316 234 94 21 anstälde
428 234 99 21 kassören
545 235 55 20 samt
619 234 55 27 förty
689 234 107 26 föreslagit
811 235 31 20 att
857 240 25 14 en

129 268 63 21 andre
207 269 131 21 vexelkassör
352 268 64 21 mätte
432 268 46 21 frän
493 268 41 20 den
551 270 9 19 1
577 268 52 21 Juni
645 268 56 21 1890
715 268 7 20 i
733 268 87 20 Banken
831 268 52 20 tills-

128 302 69 22 vidare
220 303 100 21 anställas
339 303 55 20 emot
413 303 30 20 ett
462 302 75 21 arvode
553 302 12 21 &
580 303 57 20 extra
653 303 42 20 stat
710 302 23 20 af
746 302 42 21 250
802 302 59 20 mark
876 300 7 21 i

127 337 110 26 mänaden,
246 337 106 21 äfvensom
364 337 30 20 att
406 336 141 27 ifrägakomne
558 336 73 21 kassör
641 336 55 26 finge
708 335 175 21 omhänderhafva

129 377 26 15 en
170 372 62 20 kassa
246 371 24 21 af
283 371 75 25 75,000
372 370 65 21 mark.
456 370 11 21 I
482 370 97 21 afseende
595 370 12 21 å
621 370 63 21 häraf
696 370 96 27 påkallad
802 369 81 27 utvidg-

128 405 51 27 ning
198 405 20 21 af
232 405 164 21 vexelkontorets
411 404 55 22 lokal
481 404 117 22 hemstälde
613 404 189 21 Bankdirektionen
817 403 65 21 tillika

129 445 34 15 om
181 439 167 27 bemyndigande
367 440 31 20 att
416 439 42 21 låta
472 438 49 22 med
536 439 93 21 nämnda
643 438 55 22 lokal
713 438 71 21 förena
799 438 37 21 och
851 437 31 21 för

129 473 119 21 ändamålet
269 473 73 21 inreda
364 473 35 21 det
421 473 94 21 derinvid
533 473 90 27 belägna
640 473 56 21 förra
714 471 169 23 arkivrummet
871 467 16 37 i

129 507 93 27 enlighet
243 508 50 20 med
316 514 25 14 en
360 507 23 21 af
399 507 122 21 Arkitekten
535 507 26 21 K.
577 507 24 21 G.
616 507 102 27 Nyström
733 506 100 28 uppgjord
848 505 36 21 rit-

129 542 51 26 ning
195 542 48 20 med
258 542 132 25 tillhörande,
406 541 11 21 å
433 542 63 25 2,520
510 542 60 20 mark
586 542 31 26 sig
633 541 96 21 slutande
744 540 139 22 kostnadsför-

129 576 51 26 slag.
209 576 32 21 Dä
259 576 155 26 ifrägavarande
433 575 156 27 framställning
608 576 70 27 syntes
694 574 189 26 Bankfullmäktige

130 610 20 20 af
169 610 205 26 omständigheterna
393 610 48 20 fullt
459 610 102 27 päkallad,
577 610 82 21 anhöllo
674 610 138 26 Fullmäktige
826 609 8 20 i
849 615 35 15 en-

129 644 67 26 lighet
211 644 84 21 dermed
310 644 32 21 uti
356 644 106 21 skrifvelse
478 644 32 21 för
525 644 41 21 den
581 645 14 20 4
609 644 89 21 Januari
714 644 55 21 1890
783 644 37 20 hos
835 642 49 27 Kej-

131 678 75 26 serliga
222 678 96 26 Senaten,
334 679 31 20 att
380 684 25 15 en
420 678 64 21 andre
500 678 131 22 vexelkassör
645 678 55 27 finge
716 678 7 20 i
737 677 86 21 Banken
838 677 45 21 frän

130 712 41 21 den
194 712 10 20 1
224 712 51 21 Juni
294 712 63 27 sagde
376 712 22 22 är
414 713 26 27 pä
455 712 116 28 extraistat
586 712 113 21 tillsvidare
715 712 98 21 anställas
829 712 55 20 emot

129 747 30 20 ett
175 746 75 22 arvode
266 746 23 22 af
301 747 63 25 3,000
378 747 59 21 mark
453 753 34 15 om
501 747 50 25 äret,
562 746 267 28 missräkningspenningar
840 745 43 21 deri

129 780 128 28 inbegripne,
280 782 54 20 samt
351 782 31 20 att
400 781 40 21 den
455 781 68 25 kassa,
538 788 45 14 som
599 782 53 20 skall
667 781 23 21 af
702 780 95 22 bemälde
812 780 71 21 kassör

129 814 193 26 omhänderhafvas,
344 815 64 21 måtte
432 815 128 21 bestämmas
579 816 32 20 till
631 815 75 25 75,000
721 815 64 21 mark.
815 814 68 21 Sedan

129 847 68 22 denna
212 848 127 21 hemställan
354 849 23 21 af
389 849 116 26 Kejserliga
522 849 91 21 Senaten
628 849 40 21 den
684 849 27 21 22
722 849 88 21 Januari
823 848 59 24 1890,

129 882 65 27 enligt
208 883 32 20 till
255 883 190 27 Bankfullmäktige
461 883 71 21 aflätet
547 883 47 22 bref
606 883 32 21 för
646 890 80 14 samma
738 883 46 26 dag,
793 882 90 25 bifallits,

129 916 62 21 hafva
212 917 190 27 Bankfullmäktige
425 917 136 28 bemyndigat
583 917 191 22 Bankdirektionen
793 917 30 20 att
841 917 42 20 läta

131 950 74 27 bringa
227 951 32 20 till
277 951 109 21 utförande
405 952 40 21 den
460 952 8 20 i
482 951 131 22 förestående
629 952 65 21 måtto
709 951 117 27 föreslagna
841 957 42 14 om-

129 985 110 26 bygnaden
255 985 23 22 af
290 986 159 21 vexelkontoret.

473 1044 12 26 8
502 1044 32 21 13.

196 1089 88 21 Jemlikt
305 1089 131 21 föreskriften
459 1089 7 20 i
488 1089 11 27 &
519 1089 12 21 6
551 1089 22 21 af
589 1089 77 26 nådiga
680 1088 147 27 förordningen
842 1087 40 22 den

127 1123 28 21 28
170 1123 41 26 Maj
228 1123 62 26 1889,
306 1123 106 27 angäende
428 1123 101 21 särskilda
545 1123 111 27 ändringar
671 1123 31 21 uti
718 1123 37 21 och
767 1122 73 27 tillägg
850 1122 32 20 till

129 1157 137 26 reglementet
280 1157 32 21 för
327 1157 99 21 Finlands
441 1157 60 21 Bank
517 1157 23 21 af
553 1157 40 21 den
609 1158 26 21 27
651 1157 52 22 Juni
720 1157 53 21 1878
789 1156 38 21 och
842 1156 40 21 den

127 1190 32 21 för
174 1191 87 21 Banken
276 1191 41 21 den
334 1192 26 21 12
374 1191 59 28 April
450 1191 54 21 1886
520 1191 109 21 utfärdade
645 1192 48 25 stat,
707 1191 38 21 har
755 1190 128 22 Bankdirek-

127 1224 71 21 tionen
220 1225 7 20 i
249 1225 97 22 afseende
369 1226 12 21 &
403 1225 98 28 pröfning
520 1225 38 21 och
576 1225 134 22 fastställelse
728 1225 33 21 till
775 1224 108 21 Bankfull-

126 1258 92 27 mäktige
234 1259 146 22 öfverlemnat:

198 1292 39 27 1:0)
253 1293 78 27 förslag
346 1294 32 20 till
394 1293 184 28 depositionsbevis
594 1293 56 22 öfver
665 1294 7 20 i
685 1293 69 22 förvar
764 1294 119 25 emottagna

128 1327 69 27 öppna
215 1327 137 27 depositioner
371 1328 106 21 äfvensom
494 1328 34 21 till
546 1328 65 21 vilkor
626 1328 38 21 och
679 1327 158 22 bestämmelser
851 1328 33 19 rö-

127 1361 65 21 rande
208 1361 70 27 dylika
293 1362 146 27 depositioner;

196 1395 41 27 2:0)
256 1395 99 22 formulär
371 1396 32 21 till
419 1396 131 27 förteckning
565 1396 57 21 öfver
637 1397 25 20 de
678 1397 146 26 värdepapper,
839 1401 45 15 som

127 1429 33 20 till
174 1429 88 21 Banken
276 1430 103 21 inlemnas
395 1430 68 21 säsom
479 1431 67 26 öppen
561 1431 121 26 deposition,
698 1431 54 20 samt

196 1462 41 28 3:0)
252 1463 78 27 förslag
344 1464 33 20 till
392 1463 109 28 bokföring
517 1464 56 21 öfver
589 1465 67 26 öppna
672 1464 143 27 depositioner.

909 1078 71 29 Åtgärd
992 1084 28 17 be-

917 1107 93 22 träffande

900 1132 62 24 öppna
974 1130 52 22 depo-

894 1155 88 15 sitroners
988 1154 44 15 mot-

914 1175 78 23 tagande
1004 1175 9 17 i

922 1199 82 17 Banken.
