1078 1692
199 142 13 21 2
380 142 29 24 U.
424 143 27 22 B.
463 156 28 3 —
506 143 216 29 Postsparbanken

238 207 53 22 Den
305 207 129 21 relationen
453 206 128 30 åtföljande
609 206 80 22 tablån
719 206 65 22 öfver
810 209 118 27 postspar-

170 242 103 22 bankens
303 242 113 28 ställning
430 241 46 22 den
492 242 25 22 31
543 241 120 21 december
693 242 55 21 1889
772 241 88 22 utvisar
874 241 51 21 icke

170 276 78 28 någon
278 276 72 22 snabb
380 276 105 28 stegring
514 275 26 22 af
567 275 103 22 bankens
700 276 149 28 omsättning,
883 275 43 22 och

170 310 52 22 dess
237 310 282 28 förvaltningskostnader
535 310 130 28 öfverstego
680 309 36 22 för
732 310 26 21 år
773 310 54 22 1889
850 312 76 20 ränte-

169 344 94 22 vinsten
279 344 53 22 med
347 344 108 30 omkring
473 345 75 24 11,000
566 344 71 22 mark.
668 344 124 22 Förlusten
814 344 37 22 för
872 344 54 22 hela

170 378 183 29 treårsperioden
369 378 59 22 hade
443 378 62 22 varit
520 378 113 28 betydlig,
651 385 37 15 om
703 378 52 22 icke
770 386 83 21 genom
869 379 57 21 kon-

169 413 119 29 vertering
303 413 27 22 af
342 420 28 15 en
386 412 37 23 del
439 413 26 22 af
478 412 103 22 bankens
597 412 153 29 obligationer
771 413 25 21 år
820 414 52 21 1889
896 420 28 15 en

169 448 118 28 agiovinst
294 448 26 21 af
326 448 57 22 Fmk
390 449 84 25 54,461:
483 449 27 21 46
525 447 90 22 kunnat
623 446 114 22 bokföras.
752 446 46 22 Det
806 447 119 22 ärsåledes

169 482 88 29 troligt,
273 484 35 20 att
322 482 199 29 postsparbanken
536 485 62 18 ännu
613 481 73 21 under
700 481 74 29 några
793 482 25 21 år
840 482 86 22 framåt

168 516 52 22 icke
236 516 59 22 skall
310 516 77 22 lemna
401 516 74 29 något
489 516 135 26 öfverskott,
641 518 59 19 samt
714 518 35 19 att
758 514 165 31 utvecklingen

169 550 26 22 af
208 550 76 22 denna
298 550 137 29 inrättning,
451 557 49 15 som
515 550 9 22 i
538 549 55 23 flera
608 549 80 22 länder
707 550 118 22 verksamt
847 550 76 22 bidra-

168 585 37 28 git
218 585 37 21 till
270 584 100 30 höjande
385 584 27 23 af
423 585 180 29 befolkningens
617 584 115 27 välstånd,
740 584 134 22 förutsätter
889 588 35 18 ett

168 619 122 29 oaflåtligt
311 619 44 22 och
376 619 107 22 vaksamt
504 619 97 21 intresse
617 618 51 22 från
683 618 239 30 postförvaltningens

167 653 58 25 sida,

236 688 81 22 Ehuru
331 688 122 23 Utskottet
481 688 51 22 icke
561 687 80 22 funnit
669 687 51 22 skäl
742 686 114 30 föreligga
884 688 38 21 till

167 723 156 28 anmärkning
342 725 49 19 mot
420 722 211 30 postsparbankens
656 721 144 29 förvaltning
815 722 55 21 eller
884 722 38 21 till

167 757 111 22 särskildt
298 757 89 29 förslag
408 756 144 23 beträffande
567 756 137 28 densamma,
727 756 86 21 tillåter
828 756 36 28 sig
878 756 44 22 Ut-

166 791 94 28 skottet,
282 792 9 21 i
316 792 104 28 enlighet
441 791 53 22 med
515 790 144 23 förfarandet
679 790 41 22 vid
741 793 90 19 senaste
846 790 75 22 landt-

166 825 52 29 dag,
234 826 118 21 vördsamt
366 825 93 22 föreslå:

440 925 33 19 att
488 923 125 22 Ständerna
631 923 48 21 ville
689 923 71 28 jämte
782 922 136 29 underdånig

372 957 112 26 skrifvelse
496 957 95 21 insända
607 957 57 21 detta
679 956 113 22 uttalande
807 957 35 20 till
856 956 62 21 Hans

371 991 124 29 Kejserliga
510 991 111 28 Majestät,
635 991 48 22 med
698 991 113 27 anhållan,
827 993 32 19 att
874 991 45 21 det-

371 1033 83 14 samma
473 1021 68 33 blefve
562 1027 9 20 i
588 1026 102 28 afseende
706 1026 14 20 å
742 1025 120 21 kännedom
884 1025 35 21 till

371 1060 124 28 Kejserliga
511 1057 92 25 Senaten
618 1059 163 29 öfverlemnadt.

231 1229 47 22 Vid
293 1231 175 29 granskningen
483 1231 26 22 af
521 1231 129 22 relationen
666 1230 120 30 angående
801 1232 115 27 postspar-

162 1263 105 22 bankens
282 1264 107 23 tillstånd
404 1265 43 22 och
462 1265 144 30 förvaltning
621 1265 43 22 och
684 1265 54 22 med
760 1264 91 29 hänsyn
865 1265 51 21 icke

161 1297 61 22 blott
244 1298 37 21 till
302 1298 46 22 den
369 1299 26 22 af
414 1299 131 22 Ständerna
567 1299 40 22 vid
630 1301 54 21 1885
700 1299 37 22 års
752 1298 114 29 landtdag
879 1299 37 22 för

160 1332 202 29 postsparbanken
377 1333 114 30 beviljade
509 1334 150 29 statsgaranti
673 1336 58 19 utan
753 1333 43 22 ock
818 1333 37 22 till
876 1333 40 22 det

160 1368 58 19 nära
238 1366 138 23 sambandet
397 1367 98 22 emellan
515 1367 76 22 denna
605 1368 134 22 institution
755 1367 43 23 och
812 1370 103 26 postver-

159 1399 48 27 ket,
229 1399 70 23 hvars
321 1401 139 28 tjenstemän
481 1402 9 21 i
513 1402 127 22 allmänhet
659 1402 77 22 tillika
758 1405 39 18 äro
811 1401 103 22 bankens

159 1433 170 30 funktionärer,
352 1435 42 22 har
416 1436 121 22 Utskottet
559 1437 50 21 icke
631 1437 91 21 kunnat
743 1436 121 22 underlåta
880 1439 34 19 att

230 1473 142 20 Statsutskottets
384 1475 110 19 betänkande
505 1478 36 17 N:o
557 1477 15 18 7.
