1078 1692
240 126 28 20 22
420 124 82 23 Ständ.
519 125 54 23 Skr.
589 138 29 3 —
634 124 113 23 XXXVI.

551 193 28 19 27
597 191 18 29 8.

282 238 39 22 Om
336 240 54 26 pant
405 239 54 21 eller
474 239 130 28 inteckning
614 239 49 22 icke
673 239 77 22 vidare
760 245 64 15 anses
835 238 71 22 lemna
916 239 36 26 på-

210 274 85 21 räknad
315 274 110 28 säkerhet,
446 275 58 22 skall
524 275 130 27 låntagaren
673 276 29 26 på
717 274 149 22 direktionens
882 274 71 22 anfor-

210 310 55 21 dran
281 310 66 22 ställa
363 310 67 22 sådan
445 310 210 28 fyllnadssäkerbet,
672 318 46 15 som
733 310 25 22 af
771 310 138 23 direktionen
919 309 35 22 för

209 346 125 22 ändamålet
348 346 133 28 godkännes.
505 346 46 22 Gör
566 347 44 21 han
626 347 38 21 det
676 347 50 22 icke
736 347 58 21 inom
804 346 100 28 förelagd
913 346 39 27 tid,

209 383 25 19 är
250 381 61 22 lånet
326 384 78 25 genast
418 381 99 23 förfallet
531 382 36 22 till
582 382 119 28 betalning.

552 450 27 20 28
596 448 19 29 8.

280 495 84 28 Hvarje
380 496 26 22 år
420 496 7 22 i
442 496 94 22 Januari
552 496 79 22 månad
646 496 40 22 och
702 496 66 22 äfven
784 496 28 27 på
827 502 72 15 annan
913 496 39 27 tid,

209 532 41 20 när
269 532 119 27 anledning
403 532 74 22 dertill
492 532 153 28 förekommer,
662 532 86 27 åligger
764 532 37 22 det
817 531 136 22 direktionen

209 568 33 20 att
262 567 39 21 hos
316 567 164 23 vederbörande
497 568 158 22 domhafvande
671 568 55 22 eller
741 567 162 23 rådstufvurätt
918 574 34 14 an-

208 602 60 22 hålla
288 609 34 15 om
340 604 139 28 upplysning,
499 604 109 22 huruvida
623 604 8 21 i
646 604 104 22 afseende
767 604 13 21 å
796 603 156 27 eganderätten

208 638 35 22 till
264 638 113 29 fastighet,
399 640 62 22 hvari
479 640 88 22 banken
585 640 41 22 har
641 639 251 28 inteckningssäkerhet,
908 638 43 22 för-

209 674 95 28 ändring
323 675 99 22 inträffat
441 676 55 21 eller
511 676 56 22 tvist
582 676 108 26 uppstått;
706 676 39 21 och
761 676 40 20 bör
816 675 67 21 sådan
898 681 53 21 upp-

209 710 43 27 gift
268 712 52 20 utan
336 710 103 28 dröjsmål
454 711 101 27 afgifvas.

547 773 28 19 29
592 771 18 29 8.

280 818 40 22 Om
335 818 37 22 lån
388 818 54 22 eller
457 818 165 22 kreditivskuld
637 819 49 21 icke
701 819 29 26 på
745 818 159 27 förfallodagen
919 818 32 21 in-

208 853 91 28 betalas,
316 856 26 19 är
357 854 86 22 banken
458 854 126 27 berättigad
598 856 33 19 att
642 856 52 19 utan
704 854 141 27 låntagarens
856 853 96 22 hörande

208 888 97 28 föryttra
319 892 86 24 panten.

547 927 28 20 30
591 925 18 29 8.

280 973 43 21 Till
344 973 86 22 banken
450 973 191 27 pantförskrifven
661 973 45 22 fast
721 973 55 21 eller
792 973 32 21 lös
841 972 109 27 egendom,

208 1014 46 15 som
270 1009 114 22 exekutivt
400 1009 108 27 försäljes,
525 1009 35 22 får
575 1009 35 21 till
626 1009 129 27 skyddande
766 1008 25 21 af
799 1008 97 21 bankens
906 1009 46 20 rätt

208 1043 35 22 för
264 1044 50 22 dess
334 1045 96 27 räkning
449 1045 94 27 inropas,
567 1051 49 15 men
637 1045 64 26 skall,
723 1045 25 20 så
769 1046 62 19 snart
846 1043 39 22 ske
900 1044 50 27 kan,

208 1079 49 22 åter
272 1079 108 28 försäljas.

551 1118 27 19 31
595 1115 18 29 8.

278 1163 88 21 Räntan
379 1164 28 26 på
418 1164 36 21 lån
464 1163 111 22 beräknas
586 1163 50 22 från
647 1163 42 22 den
700 1163 49 28 dag,
761 1163 28 21 då
799 1163 60 21 lånet
868 1162 83 27 lyftats.

278 1198 32 22 På
332 1199 165 22 kassakreditiv
519 1199 104 27 erlägger
646 1199 190 26 kreditivtagaren
855 1199 64 20 ränta
939 1199 13 20 å

208 1234 77 27 hvarje
305 1236 86 26 uttaget
409 1235 79 27 belopp
509 1235 50 21 från
575 1234 206 28 uttagningsdagen.
811 1234 46 21 För
871 1234 81 21 insatta

207 1270 79 27 medel,
302 1277 46 15 som
364 1271 49 22 icke
429 1271 121 27 öfverstiga
565 1271 38 21 det
618 1271 13 21 å
647 1270 121 22 kreditivet
778 1272 91 25 uttagna
879 1269 72 27 belop-

207 1307 45 26 pet,
273 1306 93 27 godtgör
386 1307 88 21 banken
489 1306 191 27 kreditivtagaren
695 1305 114 22 enahanda
823 1307 65 20 ränta
903 1304 49 22 från

207 1343 65 20 nästa
287 1341 95 28 helgfria
398 1342 42 27 dag
456 1342 57 22 efter
528 1342 49 27 den,
594 1342 28 21 då
637 1342 152 27 insättningen
804 1341 65 22 skett.

278 1377 169 28 Kreditivafgift
462 1378 102 27 erlägges
580 1377 142 22 förskottsvis
738 1377 50 22 med
802 1377 45 22 viss
863 1378 90 25 procent

207 1412 35 21 för
258 1413 25 21 är
298 1413 14 21 å
327 1413 132 22 kreditivets
474 1414 85 26 belopp.
