1078 1692
840 146 27 20 25

142 209 56 19 velat
213 208 90 26 Nådigst
318 208 72 20 bifalla
405 209 40 20 den
460 208 121 26 föreslagna
597 208 87 20 skolans
703 209 118 20 inrättande
841 210 55 18 samt

143 243 68 20 tillika
226 243 106 20 förordnat
347 245 31 17 att
392 243 67 26 sagda
475 242 77 24 50,000
567 243 58 20 rubel
640 243 57 26 finge
712 244 22 18 af
747 243 70 19 finska
831 245 65 18 stats-

143 278 72 20 verket
230 279 118 24 emottagas
364 278 32 19 för
411 279 30 18 att
455 276 27 27 på
497 277 175 26 fördelaktigaste
688 278 42 19 sätt
750 278 62 25 göras
830 278 66 18 frukt-

143 312 56 23 bara,
219 312 49 20 med
287 312 127 19 förbindelse
433 312 32 19 för
483 312 128 19 statsverket
626 313 30 18 att
672 311 12 20 å
700 312 48 19 dem
762 312 33 19 till
810 312 86 19 skolans

143 346 91 26 styrelse
256 345 81 27 årligen
356 346 86 26 erlägga
464 346 61 19 ränta
546 346 23 19 af
589 352 36 14 sex
647 346 32 20 för
693 346 87 25 hundra,
798 346 53 20 dock
866 346 30 18 att

143 382 75 22 staten,
234 387 47 13 som
296 380 123 26 därigenom
433 380 47 20 icke
495 380 64 20 borde
575 387 63 13 anses
653 380 63 20 hafva
731 380 67 20 iklädt
813 381 34 25 sig
858 378 38 22 nå-

143 421 42 19 gon
201 414 135 26 ansvarighet
351 416 31 18 för
398 414 87 20 skolans
505 415 138 19 ekonomiska
664 414 96 24 bestånd,
783 415 52 25 egde
856 416 40 18 rätt

144 450 36 22 att,
196 456 33 12 om
246 450 68 19 denna
328 449 112 20 framdeles
455 449 48 20 icke
517 450 72 19 vidare
604 450 133 19 motsvarade
753 450 33 18 sin
805 450 91 19 bestäm-

144 484 65 19 melse
232 484 50 20 eller
304 484 40 20 ock
366 490 69 13 annan
455 484 64 19 orsak
537 484 70 19 därtill
628 484 128 23 föranledde,
771 484 8 19 i
794 482 102 27 gångbart

144 520 61 24 mynt
227 517 95 21 återbära
336 518 109 26 kapitalet.
475 518 46 20 Den
538 518 25 20 18
579 519 89 19 februari
686 518 52 20 1863
756 518 38 26 gaf
811 517 85 26 Kejser-

143 552 45 26 liga
203 552 91 20 Senaten
309 553 114 19 resolution
438 553 7 19 i
461 553 75 23 saken;
552 553 118 26 hvarjämte
693 553 91 20 Senaten
807 553 40 19 den
871 552 25 20 18

144 588 112 18 november
280 586 52 21 1863
356 587 91 19 anbefalt
469 588 132 19 direktionen
619 588 31 19 för
665 587 101 20 Finlands
788 587 56 19 bank
866 588 30 18 att

145 622 137 19 omförmälda
297 622 79 26 kapital
392 620 71 21 såsom
478 628 27 13 en
520 622 92 19 särskild
627 622 49 19 fond
691 622 89 19 förvalta
802 621 41 20 och
864 620 32 20 till

144 655 78 26 högsta
236 656 89 26 möjliga
339 657 61 19 ränta
419 655 78 20 utlåna.
528 656 118 20 Omordade
665 656 79 26 kapital
766 655 130 20 levererades

144 690 33 19 till
199 690 82 20 banken
304 691 64 19 under
387 690 50 20 åren
461 690 54 20 1863
535 690 40 20 och
598 690 53 20 1864
670 692 55 18 samt
740 690 75 23 skulle,
831 690 66 24 enligt

145 724 118 26 Kejserliga
285 724 103 20 Senatens
408 725 40 19 den
466 724 25 20 16
507 725 85 25 augusti
610 724 53 20 1863
682 725 40 19 och
737 725 41 19 den
800 724 11 20 6
835 724 61 19 okto-

145 759 36 19 ber
205 758 53 20 1864
280 759 58 25 gifna
356 760 135 22 föreskrifter,
511 760 104 18 omsättas
633 760 8 18 i
654 758 242 27 hypoteksföreningens

145 793 147 25 obligationer;
313 794 109 19 äfvensom
445 793 92 20 Senaten
559 794 107 25 sistsagda
688 794 42 25 dag
752 792 40 20 och
813 793 40 19 den
871 792 24 19 15

145 834 56 12 mars
219 827 53 20 1865
287 828 107 19 förordnat
408 829 37 22 att,
461 828 66 19 sedan
543 828 22 19 af
579 828 63 19 dessa
656 828 138 25 obligationer
811 827 85 24 inköpts

145 861 32 20 för
197 861 91 24 240,000
311 862 65 23 mark,
398 861 81 20 hvilket
499 862 112 19 inträffade
632 862 40 20 den
695 862 11 19 2
728 861 84 26 augusti
836 859 60 24 1865,

145 895 40 20 den
208 895 12 20 å
242 896 166 25 obligationerna
428 896 118 26 inflytande
567 897 74 19 räntan
660 897 64 19 borde
743 896 32 19 till
791 895 106 20 allmänna

145 930 131 19 statsfonden
292 931 34 18 vid
341 930 73 26 hvarje
430 929 33 20 års
480 931 43 19 slut
537 931 114 19 öfverföras
667 931 47 19 med
735 930 73 23 12,000
831 929 65 23 mark,

145 964 147 19 motsvarande
308 971 35 12 sex
358 966 86 24 procent
459 963 12 21 å
487 965 35 19 det
537 965 104 20 donerade
656 965 108 26 kapitalet.
791 965 56 18 Efter
862 963 35 20 det

145 997 118 26 Kejserliga
286 998 91 20 Senaten
392 999 39 19 den
448 999 12 19 8
476 999 53 26 april
547 999 52 20 1880
621 999 85 20 beslutit
730 1000 30 18 att
783 998 114 19 Siitoinska

145 1031 120 20 folkskolan
280 1033 49 19 med
344 1033 41 25 maj
402 1032 89 20 månads
506 1032 81 27 utgång
603 1040 81 13 samma
700 1032 22 21 år
740 1033 68 19 skulle
827 1032 71 19 indra-

145 1072 45 19 gas,
207 1066 37 19 har
267 1066 91 20 Senaten
374 1067 18 25 ej
408 1067 81 20 mindre
505 1068 40 19 den
561 1067 27 20 28
603 1067 53 26 april
680 1067 52 20 1880
756 1067 91 19 bestämt
868 1067 30 18 att

145 1100 33 19 till
193 1101 131 19 statsfonden
339 1101 63 20 borde
418 1102 115 19 öfverföras
549 1102 40 19 den
604 1102 92 19 nämnda
719 1102 49 19 fond
790 1099 46 21 från
859 1099 39 20 Sii-

145 1135 85 19 toinska
244 1135 182 20 folkskolefonden
441 1136 161 19 tillkommande
617 1137 60 19 ränta
692 1136 76 19 endast
782 1135 55 19 intill
858 1135 40 18 den

147 1168 10 19 1
171 1169 47 25 juni
240 1169 60 23 1880,
315 1168 46 21 från
376 1169 86 20 hvilken
478 1170 42 25 dag
535 1171 74 18 räntan
629 1170 68 19 skulle
720 1169 119 20 oafkortadt
858 1168 40 19 till-

145 1202 52 19 falla
211 1202 89 21 berörda
314 1203 162 24 folkskolefond,
493 1205 27 18 än
535 1204 41 19 den
591 1204 27 20 30
634 1205 51 24 april
703 1204 53 19 1880
774 1203 61 26 gifvit
845 1203 54 19 före-

146 1236 61 19 skrift
222 1243 34 13 om
272 1238 132 25 utbetalning
419 1238 22 19 af
455 1238 106 19 särskilda
576 1238 130 26 löneanslag,
728 1238 32 19 till
782 1237 75 26 belopp
879 1237 23 18 af

145 1270 77 19 inalles
238 1271 62 23 7,000
315 1272 65 22 mark,
396 1271 21 20 åt
431 1272 75 23 lärare,
521 1272 116 20 lärarinnor
652 1272 39 20 och
706 1279 26 13 en
745 1270 154 23 hushållerska,

146 1310 47 13 som
214 1305 54 19 varit
290 1306 106 19 anställda
410 1307 35 18 vid
468 1307 139 19 omförmälda
621 1307 103 26 indragna
739 1306 66 23 skola,
828 1305 72 20 hvilka

146 1339 76 25 anslag
242 1339 69 20 skulle
332 1340 105 19 utbetalas
457 1339 13 20 å
492 1341 100 19 ränteriet
609 1341 8 18 i
635 1341 91 25 Viborgs
741 1341 42 22 län,
798 1340 33 19 till
845 1340 55 18 före-

147 1372 113 21 ståndaren
274 1374 32 19 för
322 1374 74 19 skolan
412 1374 40 19 och
472 1374 196 20 föreståndarinnan
688 1376 31 19 för
742 1375 49 19 dess
812 1373 88 26 qvinno-

147 1407 107 26 afdelning
270 1408 54 19 intill
340 1409 48 18 dess
404 1408 26 19 de
445 1409 71 19 kunde
531 1409 64 19 vinna
610 1415 69 14 annan
690 1409 135 24 anställning,
839 1407 62 19 hvar-

146 1441 84 26 igenom
246 1442 62 19 deras
322 1443 95 18 utkomst
431 1443 151 26 betryggades,
598 1445 54 17 samt
668 1443 32 20 till
715 1444 25 19 de
756 1442 67 25 öfriga
835 1441 66 20 under
