1078 1692
237 143 83 22 Ständ.
337 144 53 21 Skr.
408 156 24 2 —
449 143 168 27 Längmanska
633 143 129 22 fonderna.

400 447 118 22 Finlands
541 447 115 22 Ständers
681 446 129 23 skrifvelse
838 446 42 22 till

333 482 224 27 Bankfullmäktige
573 481 125 27 angående
716 480 164 28 Längmanska

334 516 276 22 testamentsfondernas
620 516 154 27 förvaltning
786 515 45 22 och
842 521 38 15 an-

334 550 156 28 vändningen
513 550 26 22 af
560 550 69 22 deras
653 550 140 28 disponibla
808 549 72 21 vinst.

234 654 38 28 Till
301 654 107 28 Finlands
435 653 114 29 Ständers
569 654 211 34 Bankfullmäktige.

203 734 31 20 På
248 733 156 27 framställning
427 734 38 20 och
487 734 80 26 förslag
589 734 23 20 af
633 734 166 21 Bankutskottet
822 733 62 21 hafva

134 768 118 21 Ständerna
265 768 6 20 i
283 767 61 27 fråga
359 774 33 14 om
404 767 145 28 fördelningen
561 768 22 21 af
592 768 149 26 Längmanska
751 769 132 20 testaments-

135 802 115 22 fondernas
266 802 119 26 disponibla
400 802 124 21 vinstmedel
540 802 94 22 beslutit:

406 867 31 18 att
453 864 30 27 af
494 864 24 21 de
531 864 124 27 disponibla
669 864 132 25 vinstmedel,
812 863 72 21 hvilka

338 898 41 20 den
395 899 28 20 31
446 898 115 21 December
577 899 57 20 1890
655 899 111 20 innestodo
781 899 8 19 i
800 898 85 27 fonden

340 932 52 21 Litt.
410 932 31 25 B.,
458 933 34 20 till
507 933 71 21 nedan
594 933 149 28 omförmälda
758 933 106 27 samfund
879 933 8 19 i

340 969 26 18 ett
382 967 38 25 för
435 967 41 20 allt
491 967 106 21 utbetalas
608 968 104 27 följande
729 967 81 27 belopp,
829 973 57 14 nem-

340 1001 57 27 ligen
413 1002 44 20 till:

341 1035 96 21 Societas
449 1043 42 20 pro
504 1036 76 27 fauna
605 1039 20 18 et
646 1036 56 24 fora

364 1070 95 27 fennica
483 1085 5 5 .
519 1087 4 3 .
660 1085 5 6 +
696 1085 4 6 .
730 1070 57 21 Fink
816 1071 70 24 6,000.

342 1103 178 29 Finsk-Ugriska
536 1086 118 46 sällskapet
746 1121 11 10 »
801 1105 86 26 20,000,

410 1139 86 27 hvaraf
521 1139 66 20 minst
616 1139 86 28 hälften

410 1175 26 19 är
463 1173 80 27 afsedd
569 1175 32 18 att
625 1175 78 26 utgöra

410 1207 119 21 understöd
544 1207 43 28 för
607 1207 97 21 arkeolo-

409 1241 65 28 giska
494 1237 10 37 —
510 1242 149 27 forskningar
696 1242 8 20 i

411 1276 74 21 Asien.

344 1310 125 21 Historiska
485 1310 127 27 samfundet
628 1325 5 5 .
748 1326 12 9 5
818 1310 72 24 8,000.

343 1345 278 27 Fornminnesföreningen
662 1360 5 5 .
700 1361 2 3 .
748 1360 12 9 »
819 1345 71 25 6,000.

345 1379 94 20 Svenska
457 1374 10 35 —
473 1378 233 27 Literatursällskapet
725 1374 13 35 =
750 1394 12 9 ,,
806 1379 84 24 10,000.

345 1413 124 27 Sällskapet
481 1413 44 27 för
541 1413 106 20 Finlands
658 1419 44 21 geo-

372 1447 87 28 grofi
455 1443 15 36 .
488 1463 3 4 .
523 1463 4 4 .
629 1464 4 5 .
700 1462 5 5 S
750 1464 11 9 oa
821 1447 71 24 6,000.
