1078 1692
400 150 22 21 U.
438 150 22 21 B.
479 163 25 3 —
519 150 92 21 XXXVI.
841 150 14 20 5

128 220 32 20 för
176 219 26 21 de
217 225 110 21 personer,
343 219 72 21 hvilka
431 219 6 20 i
452 225 85 15 samma
553 218 109 28 egenskap
678 225 54 15 voro
747 218 137 22 verksamma

128 248 35 21 vid
179 247 67 27 öfriga
271 247 84 26 kontor,
379 248 79 20 medan
479 248 99 21 deremot
600 247 203 27 bankfullmäktiges
825 248 59 20 ställ-

129 277 51 27 ning
195 276 69 22 blefve
280 276 140 23 oförändrad,

198 306 7 20 I
220 306 36 20 sitt
272 304 80 28 förslag
367 305 30 21 till
414 305 115 27 ändringar
545 305 6 21 i
567 305 141 27 reglementet
718 304 83 22 införde
811 304 72 22 Bank-

128 334 104 22 utskottet
256 334 41 21 den
320 334 23 21 af
361 334 132 26 fullmäktige
513 333 115 22 förordade
649 333 184 22 diskontkomiten
848 334 35 20 vid

128 362 188 25 hufvudkontoret,
338 363 6 20 i
360 362 68 28 något
442 363 126 21 modifierad
583 362 62 26 form,
661 368 50 16 men
726 364 82 26 upptog
823 362 60 22 dess-

129 394 60 19 utom
207 392 47 20 äter
269 392 36 20 det
320 392 35 20 vid
371 390 130 28 föregäende
516 392 103 26 landtdag
635 391 79 21 väckta
729 391 107 27 förslaget,
853 394 31 18 att

128 420 114 22 fördubbla
257 420 202 27 bankfullmäktiges
475 420 64 21 antal.
564 420 57 21 Efter
636 420 140 27 upprepande
792 420 22 21 af
827 420 57 21 hvad

129 449 56 21 förut
203 449 82 21 anförts
305 449 33 21 för
356 455 27 15 en
404 449 145 27 förstärkning
565 448 22 22 af
601 448 202 28 bankfullmäktiges
819 449 65 26 antal,

129 478 99 21 framhöll
246 478 108 21 Utskottet
372 478 129 27 ytterligare,
521 480 30 19 att
568 478 125 26 derigenom
709 477 122 22 Ständerna
846 478 38 21 be-

129 507 77 21 reddes
221 506 80 22 tillfälle
317 509 31 19 att
363 507 35 20 vid
414 507 57 21 valet
481 506 23 22 af
513 507 64 21 dessa
589 507 47 20 sina
646 506 176 22 förtroendemän
833 508 51 26 taga

128 542 61 15 mera
205 536 83 27 hänsyn
304 536 30 20 till
350 536 42 20 alla
408 536 25 21 de
449 535 58 21 olika
522 536 89 26 insigter
627 536 42 20 och
684 536 140 27 egenskaper,
836 542 48 15 som

129 571 52 15 man
197 564 96 22 önskade
309 570 23 15 se
346 564 41 21 hos
403 564 49 22 dem
467 564 185 28 representerade,
669 570 50 16 men
732 564 72 22 hvilka
815 564 68 22 sällan

129 594 78 20 funnos
226 593 103 21 förenade
344 593 40 21 hos
401 600 26 14 en
443 593 56 21 enda
516 600 84 20 person.
630 593 104 21 Särskildt
751 600 82 15 vunnes
849 594 35 20 sä-

129 622 66 22 lunda
213 622 65 27 utsigt
297 622 32 20 för
347 624 32 18 att
399 622 65 21 bland
479 622 191 27 bankfullmäktige
685 622 87 22 komme
788 624 31 19 att
834 622 50 26 ingå

129 651 64 21 äfven
212 651 122 25 affärsmän,
354 651 80 21 hvilket
454 651 50 21 med
523 650 102 22 afseende
643 652 13 20 ä
671 651 176 21 beskafienheten
863 650 24 21 af

129 680 28 21 de
178 680 72 26 frägor
273 680 131 26 fullmäktige
428 686 40 20 ega
486 682 31 18 att
536 680 128 26 handlägga,
684 680 64 26 enligt
766 680 118 21 Utskottets

130 709 65 21 tanke
210 715 52 15 vore
278 708 24 21 af
314 710 46 20 stor
374 708 50 27 vigt.
449 708 71 27 Nägot
536 708 89 22 resultat
640 715 54 15 vans
710 709 117 21 emellertid
837 708 47 22 icke

130 738 66 21 heller
211 738 35 20 vid
262 737 71 21 denna
349 737 108 27 landtdag.

199 766 79 21 Säsom
300 766 67 21 redan
390 768 87 19 nämnts
500 766 95 21 uttalade
614 766 32 27 sig
666 766 41 21 ock
722 766 42 21 den
780 766 23 21 af
815 766 69 20 bank-

130 794 131 28 fullmäktige
277 795 6 20 i
299 795 117 27 anledning
431 794 23 21 af
468 794 135 22 Ständernas
618 795 35 20 vid
670 795 54 21 1882
736 796 35 20 ärs
782 795 102 26 landtdag

130 824 75 20 derom
221 823 80 21 fattade
314 824 70 21 beslut
400 824 88 20 tillsatta
504 824 96 20 komiten
616 823 32 22 för
664 830 27 15 en
707 823 146 27 förstärkning
863 823 24 21 af

130 851 202 28 bankfullmäktiges
348 852 64 21 antal.
442 852 102 21 Komiten
562 852 99 27 föreslog,
681 853 31 20 att
727 851 157 22 bankfullmäk-

129 881 55 26 tiges
207 881 59 20 antal
288 881 67 21 skulle
374 881 117 20 fastställas
511 881 31 20 till
557 881 44 26 tolf,
618 887 48 15 men
682 880 84 22 införde
782 881 103 26 derjemte

130 909 42 22 den
194 909 144 28 bestämning,
362 912 31 19 att
414 909 99 27 kollegiet
532 910 6 20 i
558 910 32 20 sin
605 910 72 21 helhet
692 909 67 22 skulle
775 916 111 15 samman-

129 938 63 21 träda
208 938 77 21 endast
299 941 33 18 tre
348 939 80 26 gänger
444 945 36 14 om
496 939 54 25 äret,
566 941 61 18 utom
643 939 27 20 dä
686 938 106 21 särskilda
805 938 80 21 förhäl-

130 967 77 21 landen
230 967 112 27 påkallade
365 970 61 19 extra
449 967 183 22 sammanträden.
662 967 100 21 Komiten
779 967 106 26 framhöll,

130 997 32 20 att
181 995 22 21 af
220 996 26 21 de
265 995 129 27 funktioner,
410 1002 49 15 som
477 995 72 28 åligga
568 995 196 28 bankfullmäktige,
782 996 25 21 de
824 996 60 27 vigti-

129 1026 62 25 gaste
206 1031 53 14 voro
275 1024 24 21 af
312 1025 41 21 den
369 1027 70 24 natur,
456 1027 31 18 att
503 1025 27 20 de
545 1025 48 21 icke
613 1025 113 26 påkallade
741 1027 70 19 tätare
827 1031 58 15 sam-

130 1053 134 21 manträden.
290 1053 87 22 Sådana
393 1053 72 28 frågor
480 1060 53 15 vore
549 1053 141 28 meddelande
702 1053 23 22 af
731 1053 154 22 ansvarsfrihet

130 1083 23 20 åt
163 1082 141 27 direktionen,
320 1083 132 20 tillsättande
463 1082 24 21 af
494 1082 135 21 komiterade
639 1082 37 21 vid
686 1082 199 27 afdelningskonto-

129 1117 46 20 ren,
192 1111 100 26 åtgärder
307 1111 33 21 för
355 1111 129 22 besättande
499 1111 25 21 af
541 1111 193 22 direktörsembete
750 1111 50 22 eller
815 1111 69 21 bank-

129 1139 279 28 kommissariebefattning,
430 1140 78 21 liksom
530 1140 41 21 ock
593 1139 81 28 förslag
695 1140 31 21 till
747 1140 138 27 ändringar
874 1135 14 36 i

130 1169 146 26 reglementet,
296 1169 41 20 och
356 1169 67 21 skulle
442 1169 64 21 dessa
521 1169 129 26 hänskjutas
664 1169 32 20 till
710 1169 174 21 bankfullmäkti-

130 1203 38 21 ges
198 1197 123 27 afgörande.
356 1197 32 22 Då
413 1197 118 22 emellertid
554 1197 68 27 jemte
646 1197 64 22 dessa
735 1197 96 22 ärenden
857 1198 29 26 på

129 1225 203 28 bankfullmäktiges
347 1226 161 27 handläggning
524 1226 118 21 ankomma
652 1226 64 21 äfven
727 1226 69 21 andra
805 1226 79 27 frågor,

130 1254 71 21 hvilka
216 1255 45 21 dels
277 1255 48 21 icke
343 1255 108 27 medgifva
470 1255 99 27 uppskof,
589 1255 44 21 dels
649 1256 39 20 äro
704 1255 23 20 af
740 1255 42 22 den
798 1257 39 24 art,
853 1257 32 18 att

130 1283 33 22 för
185 1283 63 22 deras
271 1283 118 28 afgörande
412 1283 47 22 icke
475 1283 108 22 erfordras
599 1289 28 16 en
642 1283 24 22 så
681 1284 64 21 talrik
760 1283 126 28 myndighet

130 1319 48 14 som
201 1311 190 28 bankfullmäktige
409 1314 57 19 samt
484 1312 28 21 då
531 1312 99 27 slutligen
645 1312 190 27 bankfullmäktige
850 1312 35 21 vid

130 1341 48 21 sina
193 1341 178 21 sammanträden
386 1341 48 21 icke
449 1341 74 21 kunna
538 1341 51 27 ingå
601 1341 7 20 i
619 1347 27 15 en
656 1341 198 27 detaljgranskning
864 1340 24 21 af

129 1370 99 21 bankens
243 1369 137 27 förvaltning,
396 1370 70 27 ansåg
481 1370 98 21 komitén
590 1370 132 27 nödvändigt
734 1372 30 19 att
775 1369 33 22 för
815 1369 70 22 hand-

129 1399 129 26 läggningen
274 1398 23 21 af
310 1398 72 27 dylika
397 1398 96 22 ärenden
509 1399 36 20 vid
560 1399 62 20 sidan
637 1398 23 21 af
674 1399 135 21 direktionen
823 1398 63 21 ställa

130 1434 27 14 en
173 1427 125 28 myndighet
311 1427 155 22 motsvarande
477 1427 195 27 privatbankernas
684 1427 141 21 bankutskott
835 1427 51 21 eller

130 1455 231 28 förvaltningskonselj,
386 1457 57 20 samt
465 1455 95 28 föreslog
582 1456 6 20 i
607 1456 59 21 detta
687 1455 101 22 afseende
810 1455 76 22 tillsät-

199 1495 149 18 Bankutskottets
359 1495 110 18 betänkande
482 1496 34 17 N:o
529 1496 18 16 2.
