1078 1692
238 139 27 19 84

275 202 69 18 Denna
367 197 43 24 sida
427 202 20 18 af
467 198 69 23 sedeln
556 202 108 24 begränsas
680 202 19 18 af
714 208 25 12 en
759 208 41 12 ram
815 201 6 19 i
837 203 55 17 svart
908 202 56 24 tryck

207 229 139 21 föreställande
361 230 45 19 blad
421 230 36 19 och
472 230 35 19 bär
521 230 20 19 af
556 230 59 25 lager.

276 258 82 20 Sedelns
380 258 49 20 midt
446 259 78 24 intages
539 259 20 19 af
573 264 25 14 en
614 258 83 20 ornerad
717 258 53 19 rund
786 258 55 20 sköld
856 259 45 19 med
915 258 49 20 talet

208 287 32 24 10,
262 287 53 19 hvitt
337 287 55 19 inom
412 293 25 13 en
456 287 135 25 guillocherad
610 288 72 24 rosett;
698 287 62 19 nedra
775 286 57 20 delen
847 287 19 19 af
881 288 81 18 skölden

206 315 97 25 omgifves
318 316 20 18 af
352 317 73 18 tvenne
441 316 129 24 furuqvistar,
585 315 69 19 nedtill
670 315 157 19 sammanhållna
837 316 20 18 af
866 317 29 18 ett
904 316 58 19 band.

205 343 95 21 Ofvanför
315 344 63 20 denna
396 344 55 19 sköld
466 344 52 20 läsas
534 344 71 19 orden:
621 344 138 24 .,Kymmenen
772 344 108 25 Markkaa'",
890 345 6 19 i
907 346 54 18 svart

205 372 48 25 färg.
284 372 66 20 Under
365 372 81 20 skölden
461 373 89 19 befinner
565 372 31 25 sig
611 373 39 19 den
665 372 61 25 ryska
740 372 154 20 hufvudtexten.

273 400 86 20 Nederst
380 402 64 18 finnes
464 401 6 19 i
485 401 102 25 perlskrift
607 401 26 25 på
654 401 69 24 finska,
746 402 87 18 svenska
848 402 36 19 och
900 402 59 24 ryska

205 428 86 26 språken
310 436 26 13 en
354 430 78 19 erinran
451 436 33 13 om
499 430 128 24 lagstadgadt
646 436 73 13 ansvar
734 430 30 19 för
778 430 130 25 förfalskning
922 430 37 20 och

204 457 130 26 utprångling
349 458 19 19 af
383 458 50 20 falsk
449 458 59 20 sedel.

271 486 29 20 På
314 487 48 19 hvar
378 486 32 20 sin
425 487 42 19 sida
483 493 32 13 om
531 487 82 19 skölden
628 487 6 19 i
650 487 79 19 sedelns
745 486 51 20 midt
810 488 64 18 finnes
886 487 72 25 upptill

201 520 25 14 en
241 514 68 20 enkelt
324 515 65 25 prydd
404 515 61 24 sköld,
481 515 38 19 den
535 517 82 17 venstra
632 516 44 18 med
689 515 81 25 svensk,
786 516 37 19 den
839 516 59 25 högra
913 516 42 19 med

201 543 49 24 rysk
265 543 85 25 påskrift
365 544 118 24 angifvande
499 544 78 19 sedelns
594 544 64 24 valör;
679 544 65 19 under
760 544 80 19 skölden
856 544 36 19 och
908 544 48 20 före-

201 571 62 19 stäldt
285 572 105 25 hängande
409 572 33 19 vid
464 572 116 20 densamma
599 574 21 18 är
637 573 83 25 anbragt
736 574 28 18 ett
780 574 108 22 ornament,
904 578 51 14 sam-

200 601 88 18 mansatt
303 600 19 19 af
337 600 88 24 emblem,
448 600 117 20 tillhörande
580 601 24 19 de
619 601 30 19 till
664 602 82 18 venster
765 601 106 24 industrin,
886 601 24 19 de
926 601 29 19 till

201 628 60 25 höger
275 628 120 26 jordbruket.

267 656 104 21 Nedanom
392 658 59 19 dessa
477 660 104 17 ornament
605 664 61 18 synas
689 658 56 20 hvita
768 658 35 20 fält
824 658 29 19 för
875 660 78 17 vatten-

197 685 99 20 märkena.

238 782 66 20 Hans
327 782 140 26 Kejserliga
489 783 128 25 Majestäts
639 783 94 25 Nådiga
756 783 162 25 Förordning,

194 838 99 25 angående
314 839 129 25 anbringande
462 840 29 24 på
513 840 100 18 mekanisk
631 841 35 24 väg
681 840 25 25 af
708 840 31 19 de
754 840 8 18 i
776 840 138 24 förordningen
929 841 25 24 af

263 867 36 19 den
315 867 25 19 13
355 867 57 25 April
427 868 51 19 1874
493 868 119 25 föreskrifna
627 868 228 25 namnunderskrifterna
869 868 13 19 &

363 895 94 20 Finlands
472 896 67 19 Banks
553 897 62 18 sedlar
630 897 25 24 af
666 897 50 24 lägre
731 897 54 19 valör

477 926 28 17 än
519 925 66 24 femtio
600 925 61 19 mark.

311 969 71 20 Gifven
398 969 5 19 i
418 970 130 25 Helsingfors,
564 971 39 18 den
618 971 13 18 4
646 971 108 18 December
770 971 60 19 1882.

260 1025 25 20 Vi
307 1025 160 20 ALEXANDER
488 1027 39 19 den
548 1026 75 25 Tredje,
645 1027 44 19 med
712 1027 57 20 Guds
785 1027 61 24 Näde,
866 1027 80 25 Kejsare

190 1054 37 19 och
242 1054 151 25 Sjelfherrskare
408 1055 54 20 öfver
476 1055 45 20 hela
535 1055 108 25 Ryssland,
658 1055 50 20 Tsar
722 1055 20 19 af
757 1055 66 25 Polen,
837 1055 109 20 Storfurste

189 1082 30 19 till
234 1083 89 20 Finland,
338 1085 36 18 etc.
390 1085 36 18 etc.
441 1085 37 18 ete.
507 1084 50 19 Göre
577 1084 101 25 veterligt:
708 1084 10 19 I
738 1084 206 20 öfverensstämmelse

189 1111 45 19 med
256 1111 94 20 Finlands
371 1112 34 19 vid
427 1112 106 20 sisthällna
554 1113 95 24 landtdag
664 1112 118 20 församlade
797 1113 94 19 Ständers
906 1113 37 20 hos

187 1138 39 20 Oss
242 1139 7 19 i
264 1139 159 26 underdänighet
437 1141 116 20 framstälda
567 1141 78 25 förslag,
660 1141 44 19 vele
719 1141 25 18 Vi
759 1141 115 25 härigenom
888 1141 7 19 i
907 1141 35 20 nä-

186 1167 36 19 der
236 1167 98 26 förordna,
348 1170 30 18 att
392 1169 12 19 &
418 1169 94 20 Finlands
528 1170 66 19 Banks
610 1169 64 20 sedlar
688 1169 20 20 af
723 1169 55 26 lägre
792 1169 55 20 valör
860 1163 21 36 än
893 1170 49 19 fem-

186 1195 28 20 tio
229 1196 57 19 mark
300 1196 24 19 de
339 1197 7 18 i
360 1197 73 25 nädiga
447 1198 141 25 förordningen
602 1198 20 19 af
639 1198 38 19 den
701 1198 26 19 13
751 1197 56 26 April
830 1198 54 19 1874
906 1198 35 25 pä-

185 1223 75 26 bjudna
275 1225 231 21 namnunderskrifterna
521 1227 32 19 mä
568 1227 26 25 pä
609 1226 103 20 mekanisk
727 1228 39 23 väg
780 1227 54 19 inom
849 1227 91 20 Bankens

184 1251 52 20 lokal
252 1253 112 25 anbringas.
394 1254 37 20 Det
446 1255 43 24 alle,
505 1261 43 14 som
564 1255 99 24 vederbör,
684 1255 30 19 till
735 1255 125 25 underdänig
882 1255 58 20 efter-

183 1281 83 19 rättelse
277 1281 73 20 länder.
381 1282 130 27 Helsingfors,
526 1284 39 19 den
581 1285 13 18 4
609 1284 107 21 December
733 1284 61 21 1882.

258 1337 68 26 Enligt
343 1339 65 20 Hans
426 1339 137 28 Kejserliga
581 1343 127 25 Majestäts
728 1345 51 26 Eget
793 1349 70 22 Beslut

423 1369 37 19 och
474 1369 6 20 i
496 1370 50 20 Dess
559 1371 56 26 Höga
626 1373 70 27 Namn,

339 1401 51 20 Dess
407 1403 146 22 tillförordnade
569 1406 60 21 Senat
644 1408 29 20 för
687 1410 90 22 Finland.
