1078 1692
383 146 32 25 U.
428 146 31 26 B,
477 158 24 3 —
518 146 114 26 XXXVI.

338 482 252 25 Bankutskottets
603 483 193 24 betänkande
811 484 46 22 N:o
873 484 13 21 1

268 518 12 23 i
293 517 137 27 anledning
444 516 28 23 af
484 517 128 25 verkstäld
625 517 156 29 gramskuing
792 512 27 38 af
829 517 56 28 Fin-

270 552 70 24 lands
367 551 81 24 Banks
475 552 106 27 styrelse
609 551 46 24 och
681 551 117 25 tillstånd
825 552 61 23 åren

270 586 159 23 1888—1890.

202 689 87 27 Jämlikt
301 696 65 14 mom.
381 696 21 20 g.
418 691 6 19 i
439 689 100 27 gällande
557 690 129 21 instruktion
704 690 25 21 af
748 690 42 22 den
814 694 22 22 15
857 689 31 27 ja-

133 725 59 20 nuari
210 724 52 26 1883
278 724 64 20 hafva
357 723 195 27 Bankfullmäktige
567 724 32 20 till
613 724 169 23 Bankutskottet
803 724 85 26 afgifvit

133 765 28 14 en
183 758 121 22 sedermera
324 758 80 26 jämväl
425 759 60 19 inom
507 758 90 20 stånden
618 758 88 23 utdelad
721 757 116 23 berättelse
852 764 36 16 om

135 792 98 20 Bankens
255 792 96 20 tillstånd
374 798 26 14 m.
420 799 27 13 m.
467 792 32 20 för
518 792 50 20 åren
589 792 145 26 1888--1890.
768 792 11 20 1
796 792 42 20 och
855 792 33 20 för

132 826 45 21 den
191 826 165 27 undersökning,
372 826 115 21 Utskottet
503 826 66 27 enligt
590 826 14 27 $
629 827 24 25 38
676 827 26 20 L.
724 826 28 21 O.
776 826 38 20 bör
833 832 55 21 egna

134 860 98 21 Bankens
256 859 134 27 förvaltning,
414 859 38 21 har
477 859 115 22 Utskottet
613 861 129 26 genomgått
765 859 19 27 ej
807 859 81 21 mindre

133 894 93 21 nämnda
241 893 124 26 berättelse,
382 894 27 20 än
424 893 41 21 ock
479 893 156 28 Fullmäktiges
650 893 117 28 protokoll,
786 893 103 24 brefkon-

134 931 51 24 cept
201 928 41 20 och
257 928 66 22 andra
338 928 32 21 till
385 928 62 20 deras
466 927 60 21 arkiv
545 928 96 21 hörande
663 928 131 27 handlingar,
817 927 72 21 äfven-

135 969 46 14 som
197 961 205 22 Bankrevisorernas
418 962 127 21 berättelser
567 962 32 20 för
613 963 51 20 åren
674 963 144 25 1888—1890,
827 961 62 21 hvar-

134 996 66 27 jämte
229 995 196 23 Bankdirektionen
449 995 151 28 tillhandagått
626 995 114 23 Utskottet
765 996 50 22 med
834 1003 55 20 upp-

135 1031 107 26 lysningar
258 1037 36 13 om
316 1030 105 21 särskilda
442 1029 89 22 Banken
552 1030 92 22 rörande
666 1030 157 25 förhållanden;
847 1029 41 24 och

135 1064 38 21 har
188 1064 115 21 Utskottet
318 1064 74 21 vidare
407 1071 80 20 genom
502 1064 201 27 protokollsutdrag
721 1065 46 20 från
790 1064 99 27 samtliga

136 1099 63 20 stånd
214 1098 82 21 erhållit
311 1098 35 21 del
361 1098 25 21 af
398 1099 28 20 de
440 1100 7 19 i
462 1098 115 27 anledning
591 1099 26 20 af
625 1098 204 27 Bankfullmäktiges
853 1098 36 20 be-

136 1133 88 21 rättelse
238 1134 59 21 inom
312 1133 91 20 stånden
419 1132 112 21 förehafda
546 1133 152 21 diskussioner.

204 1167 44 20 Det
271 1167 116 25 utlåtande,
410 1173 47 14 som
480 1166 115 21 Utskottet
619 1168 6 19 i
647 1167 115 26 anledning
776 1166 24 21 af
812 1166 78 21 omför-

136 1201 71 20 mälda
222 1201 131 27 granskning
367 1201 89 21 härmed
471 1201 32 21 får
518 1201 31 20 till
563 1200 121 24 Ständerna
695 1201 97 24 aflemna,
813 1200 77 21 omfat-

133 1237 36 18 tar
184 1235 47 20 icke
247 1235 37 21 det
299 1237 6 18 i
320 1235 207 26 Bankfullmäktiges
541 1235 117 21 berättelse
670 1235 106 27 ingående
788 1235 102 26 förslaget

137 1269 31 21 till
182 1272 49 23 nytt
246 1269 132 27 reglemente
393 1269 42 20 och
443 1276 30 19 ny
483 1272 44 18 stat
542 1269 33 21 för
583 1269 103 22 Finlands
694 1269 67 25 Bank,
770 1269 60 20 öfver
838 1268 52 21 hvil-

137 1302 37 21 ket
189 1303 80 27 förslag
284 1303 100 21 särskildt
400 1303 137 21 betänkande
559 1303 97 21 kommer
678 1307 32 17 att
734 1303 24 21 af
777 1302 113 22 Utskottet

136 1337 98 27 afgifvas.

207 1484 142 17 Bankutskottets
363 1484 109 17 betänkande
484 1483 38 18 N:o
534 1485 15 16 1.
