1078 1692
232 132 26 21 28
578 134 10 20 I

203 200 32 21 för
251 200 65 28 öfrigt
334 202 3 20 i
353 202 151 28 hufvudsaklig
519 203 222 22 öfverensstämmelse
761 204 48 20 med
828 203 132 23 Ständernas

203 234 127 23 förberörda
353 238 87 25 motion,
464 240 99 25 uppgöra
586 240 49 25 nytt
657 238 80 28 förslag
760 238 32 21 till
812 238 149 28 författning
949 230 15 40 i

205 272 71 19 ämnet
288 271 38 21 och
342 272 5 20 i
364 272 64 27 nådig
443 272 135 27 proposition
589 272 109 28 förelägga
710 272 121 22 Ständerna
843 274 119 21 detsamma

203 305 34 20 vid
254 305 146 22 innevarande
415 306 111 28 landtdag.

274 340 40 21 5:0.
345 340 47 21 Den
412 342 12 20 6
444 336 92 32 Augusti
559 343 53 20 1889
631 342 39 21 har
685 343 61 20 Hans
762 342 118 28 Kejserliga
895 342 66 28 Maje-

204 375 45 19 stät
264 374 50 20 lätit
328 374 7 21 i
352 374 221 23 öfverensstämmelse
588 376 48 21 med
652 378 32 20 ett
700 376 22 21 af
736 376 121 22 Ständerna
872 378 6 20 i
890 377 72 21 anled-

204 408 52 27 ning
279 408 23 22 af
322 410 63 21 väckt
408 411 81 21 motion
513 413 89 25 antaget
625 411 80 27 förslag
725 412 32 20 till
775 411 133 28 författning,
926 418 37 14 an-

205 443 82 27 gäende
310 444 151 26 upphäfvande
480 445 23 21 af
521 446 40 20 den
583 452 15 14 s.
615 446 20 20 k.
651 446 258 27 bergstingsgästningen,
929 448 34 19 ut-

204 476 62 22 färda
282 478 65 26 nådig
362 478 132 28 förordning.

231 575 32 23 C.
293 572 106 33 Ärenden,
416 578 32 22 uti
464 578 77 22 hvilka
557 579 121 21 Ständerna
694 579 36 21 till
746 578 57 22 Hans
819 578 123 29 Kejserliga

358 617 100 29 Majestät
474 619 113 21 inkommit
603 619 47 21 med
666 618 151 28 underdåniga

486 658 198 30 framställningar.

278 722 37 19 1:0.
346 721 70 21 Jemte
432 721 111 21 skrifvelse
559 722 22 20 af
595 722 40 20 den
653 723 25 20 29
695 722 43 27 Maj
757 722 54 20 1888
827 721 61 21 hafva
900 722 64 20 Stän-

206 753 67 21 derna
296 754 32 20 till
349 755 59 21 Hans
428 756 118 27 Kejserliga
566 756 102 27 Majestät
683 756 89 21 insändt
788 756 176 21 statsutskottets

205 787 138 23 betänkande
359 790 6 20 i
382 790 115 27 anledning
514 790 23 21 af
550 791 244 26 Finansexpeditionens
809 791 7 20 i
827 790 93 22 Senaten
932 790 32 21 till

207 821 122 23 Ständerna
346 824 80 26 afgifna
441 825 90 20 relation
549 831 34 14 om
595 826 143 20 statsverkets
753 825 104 26 tillstånd,
868 825 47 20 med
928 832 37 13 an-

206 857 71 21 hållan
302 860 32 18 att
358 859 119 21 detsamma
496 859 67 21 blefve
583 859 156 22 öfverlemnadt
755 859 32 21 till
803 859 92 21 Senaten
912 859 5 20 i
935 858 29 21 af-

207 892 79 21 seende
305 893 12 20 å
332 893 131 26 vidtagande
479 894 23 21 af
516 894 25 21 de
557 894 108 26 åtgärder,
687 894 32 21 till
734 893 72 21 hvilka
822 894 26 21 de
864 893 22 21 af
899 895 65 20 stats-

207 926 108 21 utskottet
338 927 76 27 gjorda
437 929 120 26 erinringar
576 929 39 20 och
635 929 86 26 förslag,
738 928 70 21 såvidt
824 928 25 21 de
865 927 23 22 af
902 928 62 21 Stän-

208 961 67 20 derna
290 961 114 26 godkänts,
421 963 72 20 kunde
508 963 57 26 gifva
580 963 122 27 anledning.

276 995 63 21 Hvad
343 991 14 39 i
376 996 52 27 följd
443 997 64 21 häraf
520 997 69 21 blifvit
604 997 104 28 tillgjordt
723 999 124 19 omnämnes
857 997 6 20 i
875 997 89 20 Finans-

207 1030 162 26 expeditionens
392 1031 91 22 relation
507 1032 32 21 till
563 1031 122 22 Ständerna
708 1032 35 21 vid
767 1031 69 21 denna
859 1031 106 26 landtdag

208 1065 111 25 angående
335 1067 142 20 statsverkets
494 1067 104 20 tillstånd.

277 1101 40 19 2:0.
348 1099 61 22 Efter
432 1101 36 20 det
491 1100 122 22 Ständerna
628 1102 6 20 i
651 1101 110 21 skrifvelse
785 1100 22 21 af
823 1101 39 20 den
880 1101 26 20 28
922 1100 42 27 Maj

209 1134 54 20 1888
279 1135 6 20 i
301 1135 173 25 underdänighet
490 1135 87 26 anmält,
595 1137 32 19 att
644 1135 78 22 aflidne
737 1135 99 21 Hofrätts
853 1136 59 19 extra
928 1140 38 15 no-

207 1169 71 20 tarien
301 1169 43 20 Elis
363 1169 64 21 Holm
442 1176 77 20 genom
535 1176 26 14 en
577 1170 24 20 är
619 1171 51 19 1881
688 1169 121 27 upprättad
825 1170 140 20 testamenta-

207 1203 45 21 risk
268 1203 127 26 disposition
412 1204 32 21 till
460 1211 26 14 en
504 1204 181 27 ,Nödhjelpsfond
702 1203 33 22 för
750 1204 48 21 hela
811 1203 103 22 Finland*
928 1209 37 15 an-

207 1237 64 27 slagit
288 1244 25 15 en
325 1244 84 15 summa
420 1238 22 21 af
453 1240 90 24 100,000
557 1239 68 26 mark,
637 1240 33 19 att
680 1238 24 21 af
712 1238 103 21 Finlands
826 1237 140 22 Statskontor

207 1272 182 27 omhändertagas
406 1273 38 21 och
464 1273 69 21 under
547 1273 209 26 Bankfullmäktiges
776 1273 94 20 kontroll
886 1272 79 21 förval-

207 1308 41 24 tas,
265 1309 56 18 samt
337 1308 33 20 att
386 1307 123 22 Ständerna
525 1308 22 20 ät
563 1307 108 27 Styrelsen
688 1307 141 21 öfverlemnat
846 1309 32 18 att
894 1307 71 26 dispo-

207 1347 53 15 nera
282 1341 91 22 fondens
397 1344 76 19 räntor
488 1342 33 21 till
537 1343 26 20 de
578 1343 6 20 i
600 1344 141 19 testamentet
758 1341 86 27 angifna
859 1341 106 25 ändamål,

207 1375 39 22 har
269 1376 61 21 Hans
353 1376 119 27 Kejserliga
494 1377 109 26 Majestät,
626 1377 48 20 med
692 1376 159 27 godkännande
867 1375 22 21 af
903 1375 63 21 Stän-

208 1410 78 21 dernas
309 1411 150 26 underdåniga
474 1411 165 26 framställning,
655 1411 71 20 täckts
745 1410 7 21 i
768 1410 66 21 nåder
857 1409 108 26 förordna,

208 1446 32 19 att
256 1445 166 26 ifrågavarande
437 1445 62 21 fonds
515 1447 76 19 räntor
607 1445 61 21 skola
684 1445 22 20 af
721 1444 107 27 Styrelsen
841 1444 126 26 disponeras
