1078 1692
226 156 26 20 50
472 154 19 22 U
515 154 24 22 B.
555 154 118 22 III-XXV

196 224 46 14 rum
264 217 55 21 efter
342 217 26 21 de
390 217 180 27 grundprinciper,
593 217 7 21 i
618 216 94 28 enlighet
727 217 49 21 med
791 216 73 22 hvilka
878 223 49 15 man
942 216 7 21 i

196 252 67 20 andra
285 252 75 21 länder
374 252 51 21 ökat
439 252 187 27 kronoskogarnes
640 251 64 21 areal.
734 252 42 26 Jag
791 250 96 22 anhäller
902 251 48 21 där-

197 286 39 26 för,
253 288 33 19 att
300 286 54 21 först
370 286 21 21 fä
406 288 112 19 omnämna
533 286 67 27 nägra
615 286 24 20 af
652 286 26 20 de
693 286 105 26 ätgärder,
808 292 45 14 som
866 285 7 21 i
884 285 66 21 andra

196 320 75 21 länder
289 320 101 27 vidtagits
406 320 33 21 till
454 320 117 22 förökande
587 320 24 21 af
625 322 81 19 statens
721 320 156 27 skogsmarker,
893 319 56 27 isyn-

196 354 76 22 nerhet
288 360 45 16 som
348 354 37 22 det
399 354 141 28 uppköpande
556 354 23 22 af
590 355 50 27 jord
651 354 33 22 för
694 354 92 21 kronans
797 354 95 27 räkning,
904 360 45 14 som

196 389 68 21 under
286 389 73 27 loppet
378 388 24 22 af
422 389 26 21 de
474 390 23 20 13
514 391 84 19 senaste
613 389 50 21 ären
679 388 114 22 verkstälts
808 388 7 21 i
831 388 47 21 värt
893 388 55 26 land,

197 423 57 21 skett
269 422 55 22 efter
339 423 67 21 andra
420 423 84 21 länders
519 423 99 25 förebild,
635 423 66 21 ehuru
717 423 69 21 denna
800 422 97 26 förebild,
914 428 35 15 en-

195 457 41 27 ligt
257 457 45 21 min
317 458 71 24 tanke,
403 457 38 21 hos
457 463 34 15 oss
507 457 71 22 blifvit
593 457 89 27 oriktigt
698 456 119 28 uppfattad.
847 456 101 22 Vidkom-

196 492 78 20 mande
296 491 54 21 först
370 491 91 27 Sverige,
478 498 45 15 som
538 491 39 21 hos
593 497 35 15 oss
644 491 97 27 vanligen
756 492 60 26 tages
831 490 33 22 till
880 497 69 15 exem-

196 526 41 26 pel,
254 526 24 21 sä
292 527 24 19 är
332 526 36 20 det
382 532 26 14 en
423 526 57 21 känd
495 526 45 24 sak,
557 527 32 20 att
604 526 91 21 svenska
709 526 82 20 kronan
806 525 78 21 iforna
894 525 55 21 tider

196 561 36 26 egt
252 561 58 20 stora
332 560 165 27 skogsomräden
512 560 7 21 i
534 560 43 21 alla
593 560 59 21 delar
666 560 24 20 af
703 560 79 26 landet,
798 566 48 14 men
861 561 32 19 att
908 559 40 21 den

198 594 67 21 under
287 594 95 21 tidernas
403 594 48 27 lopp
467 594 110 21 öfverlätit
592 596 79 19 största
686 594 61 21 delen
762 593 24 21 af
800 594 61 21 dessa
875 594 73 26 skogs-

196 628 86 22 marker
296 628 23 21 ät
334 628 95 22 enskilde
443 628 34 22 till
492 628 124 28 uppodling.
646 628 65 22 Utom
727 630 32 19 att
774 634 49 15 man
837 628 8 20 i
862 628 86 27 Sverige

197 663 21 21 åt
234 662 96 22 enskilde
345 662 7 21 i
368 664 44 20 stor
426 662 147 28 utsträckning
587 663 93 27 upplätit
692 662 40 22 och
739 662 80 27 jämväl
830 664 55 19 ännu
896 669 52 20 upp-

196 697 56 21 läter
268 697 80 21 sädana
362 697 93 21 kronans
470 696 199 28 öfverloppsjordar,
683 697 73 21 hvilka
768 698 36 20 äro
815 696 87 28 tjenliga
915 697 33 21 till

196 731 172 25 hemmansbruk,
384 730 38 22 har
437 731 108 21 dessutom
561 732 79 20 största
655 731 60 21 delen
731 730 24 22 af
769 731 97 27 Sveriges
876 732 72 26 egent-

196 765 44 27 liga
255 771 16 15 s.
288 765 19 21 k.
320 765 145 27 kronoparker
475 765 70 21 blifvit
555 765 105 27 föryttrad
670 766 23 20 ät
705 765 102 21 enskilde.
837 765 45 21 Den
896 765 52 21 sista

197 801 69 19 större
288 799 126 27 försäljning
435 799 24 21 af
479 800 146 26 kronoparker
645 800 6 20 i
675 799 87 27 Sverige
784 799 52 27 egde
851 806 46 14 rum
912 799 35 21 vid

196 834 114 26 riksdagen
333 833 24 20 är
381 834 60 25 1824,
465 833 26 21 dä
513 840 50 14 man
578 834 69 21 beslöt
662 835 33 20 att
709 834 22 20 ät
746 833 96 21 enskilde
857 833 91 27 föryttra

198 867 36 21 tvä
256 867 130 27 tredjedelar
406 867 24 20 af
442 867 93 21 nämnda
549 868 152 26 kronoparker,
718 867 24 21 sä
756 869 33 19 att
803 867 72 21 dessas
890 867 58 21 areal

196 901 94 21 därefter
312 901 92 27 nedgick
424 901 33 22 till
479 902 78 25 50,546
579 902 110 21 tunnland.
720 901 51 22 Man
793 901 38 22 har
849 901 98 22 stundom

196 935 47 21 frän
263 935 125 27 forstnärlig
403 935 106 27 synpunkt
523 935 50 22 hört
588 935 69 22 denna
671 935 77 28 ätgärd
762 935 100 22 klandras
877 936 69 21 säsom

195 969 8 21 i
217 969 44 27 hög
276 969 53 27 grad
344 969 84 27 skadlig
442 969 33 21 för
491 969 92 28 Sverige,
599 976 49 15 men
663 970 36 21 det
713 969 146 22 blomstrande
868 970 78 21 ekono-

195 1003 71 21 miska
287 1003 103 26 tillständ,
410 1009 45 15 som
470 1003 62 21 räder
547 1003 7 21 i
569 1004 67 27 sagda
650 1004 56 26 land,
722 1005 39 26 gör
776 1005 31 20 ett
821 1003 51 22 slikt
887 1004 60 21 klan-

199 1037 37 22 der
251 1037 89 21 alldeles
356 1037 149 28 oberättigadt.
535 1037 34 22 Dä
579 1038 90 21 svenska
678 1038 83 21 kronan
771 1039 56 20 ännu
837 1037 110 28 förfogade

195 1071 60 22 öfver
270 1077 26 15 en
312 1073 45 19 stor
372 1071 77 27 mängd
463 1072 111 21 oanvända
584 1071 267 28 kronoöfverloppsjordar,
863 1079 37 14 var
910 1073 36 21 det

195 1105 110 28 naturligt,
322 1107 32 19 att
366 1111 48 15 man
425 1105 36 21 vid
472 1105 72 22 dessas
554 1106 129 27 upplätande
694 1106 34 21 till
738 1106 79 27 odling,
828 1106 33 21 till
871 1107 75 21 krono-

194 1139 79 27 parker
288 1138 92 23 afskilde
395 1139 75 21 endast
485 1139 33 21 till
534 1139 201 28 skogshushällning
750 1139 88 28 tjenliga
853 1140 7 21 i
879 1140 67 27 lämp-

193 1173 44 27 liga
257 1173 83 21 trakter
354 1173 91 27 belägna
459 1173 91 22 marker.
568 1186 25 2 —
609 1174 131 27 Visserligen
756 1174 39 21 har
808 1181 50 14 man
873 1174 7 21 i
895 1175 50 21 Sve-

192 1207 46 27 rige
261 1207 51 21 ökat
333 1207 184 28 kronoskogarnes
540 1207 57 22 areal
619 1207 62 22 äfven
696 1214 76 20 genom
788 1209 31 20 att
834 1208 33 21 för
882 1209 63 21 ända-

192 1241 67 20 mälet
280 1241 101 26 uppköpa
396 1241 125 22 ofruktbara
536 1241 67 22 delvis
618 1242 100 27 skoglösa
732 1242 85 21 marker
837 1242 39 21 och
893 1242 51 29 flyg-

191 1274 102 27 sandfält,
316 1275 68 20 under
405 1275 51 21 ären
475 1275 140 22 1875—1888
631 1276 156 27 sammanlagdt
802 1277 77 26 24,278
894 1277 50 21 hek-

191 1310 58 19 tarer
265 1308 34 21 för
313 1310 32 19 ett
360 1309 44 26 pris
418 1309 25 21 af
456 1309 89 28 524,082
561 1310 85 21 kronor.
676 1310 66 21 Detta
753 1310 77 27 belopp
841 1310 39 21 har
890 1311 54 21 dock

190 1341 102 22 &terfätts
306 1349 77 20 genom
398 1343 130 27 upplåtande
543 1343 23 22 ät
581 1344 96 21 enskilde
692 1343 24 22 af
730 1350 26 15 en
766 1345 78 26 mängd
854 1345 88 26 mindre,

189 1376 83 21 kronan
292 1376 111 27 tillhöriga
425 1377 84 21 marker
532 1377 40 22 och
591 1377 106 26 hemman,
719 1378 84 21 hvilkas
818 1378 126 28 försäljning

189 1410 69 21 under
273 1410 51 21 ären
340 1411 141 22 1875—1888
496 1411 86 28 inbragt
598 1413 90 26 977,023
704 1413 85 21 kronor.

259 1477 141 19 Statsutskoltets
413 1478 110 19 betänkande
535 1479 38 17 N:o
585 1479 17 17 3.
