1078 1692
834 128 26 20 41

201 183 73 32 Äfven
296 188 36 27 för
350 188 74 22 andra
442 188 105 28 vigtigare
563 189 101 21 ärenden
679 190 36 20 må
730 189 160 27 bankfullmäk-

134 222 46 28 tige,
202 222 28 22 då
247 222 25 21 de
292 222 64 27 finna
370 222 48 22 skäl
432 223 73 21 dertill
517 224 145 26 förekomma,
679 224 59 21 kalla
754 224 137 22 direktionen

134 256 33 21 till
185 259 129 26 gemensamt
333 258 168 21 sammanträde.
531 252 111 28 Åstundar
664 258 136 22 direktionen
822 259 68 21 sådan

133 291 166 27 öfverläggning,
316 293 52 25 göre
384 292 75 22 derom
475 292 157 28 framställning
643 293 40 21 hos
694 292 196 29 bankfullmäktige.

132 325 41 22 Vid
195 326 63 21 dessa
280 327 178 21 sammanträden
480 326 57 22 föres
559 328 130 26 protokollet
711 328 23 20 af
746 328 144 27 tullmäktiges

133 361 138 21 sekreterare.

477 396 12 27 $
505 396 34 22 50.

201 436 66 21 Hvad
282 436 25 27 af
322 435 194 29 bankfullmäktige
532 436 34 21 till
581 436 91 28 ledning
682 436 36 28 för
728 436 160 22 verksamheten

133 470 36 22 vid
191 470 228 28 afdelmingskontoren
441 470 140 28 föreskrifves
605 471 66 21 varde
690 478 77 21 genom
788 472 98 21 direktio-

133 512 45 15 nen
192 505 100 28 delgifvet
306 504 157 22 vederbörande
478 505 163 22 kommissarier
656 505 37 22 och
708 506 135 22 komiterade.

421 557 11 27 $
448 557 33 21 51.
517 557 20 28 (8
553 558 43 26 50)

200 592 138 27 Tjenstemän
356 592 7 20 i
378 592 87 21 banken
481 594 51 19 äro:

200 627 35 20 vid
250 626 191 22 hufvudkontoret:

201 668 27 14 en
250 660 205 22 Dbankkommissarie
476 661 88 21 hvilken
587 662 40 25 det,
651 662 96 26 förutom
768 662 47 20 dei
830 662 15 27 $
860 661 29 21 39

133 696 93 28 angifna
247 695 102 29 göromål,
371 695 74 21 tillhör
467 697 34 20 att
524 696 117 26 öfvervaka
663 696 97 22 bankens
775 696 113 28 bokföring

132 730 36 22 och
191 730 111 22 bokslutets
324 730 140 28 uppgörande
487 732 58 19 samt
566 730 8 21 i
597 731 67 27 öfrigt
682 731 97 28 fullgöra
794 731 24 21 de
833 730 54 28 älig-

130 765 94 27 ganden,
247 772 44 14 som
314 765 76 21 honom
413 765 30 27 af
468 764 197 29 bankfullmäktige
684 766 33 26 pä
742 765 146 21 direktionens

132 800 81 27 förslag
231 800 79 21 kunna
325 799 99 25 tilldelas,

201 841 27 14 en
250 835 140 25 sekreterare,
414 840 27 15 en
460 834 152 27 ombudsman,
632 841 27 15 en
675 834 67 22 förste
757 835 130 25 kamrerare,

134 875 26 15 en
176 869 66 21 andre
258 869 130 26 kamrerare,
412 875 26 14 en
462 868 145 27 öfverkassör,
632 875 27 15 en
677 869 67 21 förste
762 869 83 26 kassör,
861 875 27 16 en

133 903 66 22 andre
221 903 83 26 kassör,
321 909 26 16 eu
362 903 146 26 vexelkassör,
525 909 27 15 en
567 903 134 27 registrator,
717 903 37 22 tvä
773 903 58 22 äldre
847 904 41 21 och

132 938 47 27 fyra
194 945 66 20 yngre
274 937 126 22 bokhällare
416 937 112 22 äfvensom
544 938 28 26 pä
588 940 60 19 extra
664 940 44 19 stat
723 944 27 15 en
761 938 127 21 biträdande

132 973 138 21 vexelkassör
285 973 41 21 och
342 973 74 26 nödigt
431 973 60 20 antal
506 972 125 27 kanslister
623 968 12 36 ;

200 1008 35 20 vid
253 1007 238 27 afdelningskontoren:

178 1067 2 2 —
203 1041 94 28 förutom
313 1048 27 15 en
355 1041 212 26 lankkommissarie,
583 1041 89 22 hvarom
682 1042 8 20 i
700 1042 14 26 $
725 1041 14 22 9
749 1043 27 20 är
784 1041 66 28 sagdt,
862 1048 26 15 en

132 1077 77 21 kassör
224 1079 62 24 samt,
302 1077 38 20 der
355 1076 102 21 behofvet
473 1076 78 21 sädant
567 1075 104 28 päkallar,
688 1083 27 15 en
726 1077 50 21 eller
787 1077 36 21 tvä
834 1077 54 20 kon-

131 1111 157 25 torsskrifvare,
304 1111 26 22 de
346 1111 136 21 sistnämnda
497 1111 30 26 pä
542 1113 61 19 extra
619 1113 47 19 stat.

365 1163 12 26 $
393 1162 34 21 52.
457 1162 34 28 ($$
508 1162 27 21 51
553 1163 42 20 och
613 1163 42 26 52)

201 1203 45 22 Den
261 1203 36 21 vid
312 1203 183 21 hufvudkontoret
505 1203 100 21 anstälde
616 1203 228 22 bankkommissarien
854 1205 34 19 ut-

132 1239 91 20 nämnes
246 1237 23 22 af
288 1237 106 22 Senatens
417 1237 273 27 Ekonomiedepartement
711 1238 7 20 i
736 1244 87 15 samma
839 1237 49 22 ord-

132 1272 51 27 ning
199 1279 47 15 som
262 1272 252 21 bankkommissarierna
530 1272 35 21 vid
581 1272 235 27 afdelningskontoren.

201 1302 72 32 Öfriga
288 1308 130 26 tjenstemän
433 1307 35 20 vid
483 1306 191 27 hufvudkontoret,
691 1307 23 21 af
727 1307 72 21 hvilka
815 1307 74 21 sekre-

131 1343 87 20 teraren
233 1341 42 22 och
290 1341 187 22 ombudsmannen
493 1341 55 21 böra
563 1341 66 21 hafva
644 1341 116 28 ådagalagt
772 1342 65 26 insigt
848 1341 41 22 och

132 1375 121 22 erfarenhet
275 1376 7 21 i
304 1375 84 22 landets
410 1375 61 27 lagar
494 1376 43 21 och
551 1375 231 28 rättegängsväsende,
798 1378 91 25 antagas

132 1411 41 21 och
195 1412 116 19 utnämnas
334 1410 23 21 af
376 1410 141 27 direktionen,
535 1417 54 20 som,
606 1410 53 22 efter
674 1411 36 21 det
725 1411 94 27 tjensten
833 1410 57 22 varit

131 1445 106 27 kungjord
252 1445 30 21 till
298 1445 122 26 ansökning
435 1445 60 21 inom
511 1445 73 21 trettio
601 1445 73 27 dagar,
689 1447 116 19 utnämner
816 1445 41 21 den
868 1445 24 21 af

900 667 30 23 ($$
937 667 29 18 82,
973 666 27 23 89,
1008 667 30 21 95;

900 696 22 16 89
932 701 16 11 0.
958 696 21 17 95
990 696 49 17 1882

914 725 12 17 8
939 724 62 22 1889).

912 1216 28 23 ($$
954 1215 28 21 83,
995 1215 34 22 90),
