1078 1692
236 132 28 21 68

549 196 11 27 S
577 196 32 21 16.

276 242 204 26 Bankfullmäktiges
496 241 156 27 framställning
667 241 32 21 till
716 240 123 27 regeringen
855 240 55 22 skall
921 241 33 21 till

207 276 43 21 alla
265 276 59 22 delar
339 276 83 21 bifallas
437 276 51 21 eller
503 276 72 21 afslås.

549 332 12 28 8
578 334 32 20 17.

274 379 90 27 Förslag
381 379 32 21 till
432 379 89 26 ändring
541 379 6 20 i
567 378 58 22 detta
645 378 129 27 reglemente
793 378 34 21 må
841 379 51 26 utgå
907 377 47 22 från

206 413 245 27 Kejsaren-Storfursten
471 413 52 21 eller
542 413 47 21 från
606 412 124 27 Ständerna,
747 412 38 22 och
801 412 61 26 gälle,
876 412 76 21 utom
937 408 19 36 i

206 448 26 21 de
247 448 7 21 i
270 448 12 27 8
301 448 27 22 15
346 447 137 22 omförmälda
501 447 44 26 fall,
564 448 6 20 i
590 447 64 27 öfrigt
673 447 47 21 med
739 446 99 22 afseende
857 447 13 21 &
888 446 65 22 sådan

207 482 91 27 ändring
313 482 55 21 hvad
384 488 32 15 om
432 482 100 21 stiftande
547 481 23 22 af
584 482 77 20 allmän
678 482 34 26 lag
728 483 24 19 är
766 481 105 27 stadgadt.

522 568 61 34 Kap.
601 568 32 26 IL

412 637 35 22 Om
461 637 99 22 bankens
576 635 178 30 sedelutgifning.

551 700 11 28 8
579 701 33 21 18.

272 740 104 27 Beloppet
394 740 22 21 af
432 740 93 22 bankens
543 740 127 27 utelöpande
690 740 72 22 sedlar
780 740 33 21 må
828 740 47 22 med
890 740 64 27 högst

205 774 73 22 trettio
297 775 105 21 millioner
421 774 58 22 mark
498 775 115 26 öfverstiga
633 775 48 21 dess
696 775 73 21 valuta
783 774 33 21 för
831 774 121 27 sedelutgif-

204 809 113 27 ningsrätt,
336 809 85 21 hvartill
440 809 76 21 räknas
536 809 18 27 ej
574 809 55 21 blott
645 809 93 21 bankens
755 809 119 21 metalliska
889 809 63 21 kassa

203 843 67 26 jemte
287 842 80 27 silfver,
382 845 49 19 utan
447 843 38 21 ock
499 843 94 21 bankens
609 843 103 26 ostridiga
722 843 120 26 fordringar
853 843 39 21 hos
904 843 48 21 dess

205 877 115 21 utländska
338 877 75 21 ombud
432 879 55 19 samt
504 877 83 22 banken
602 877 116 27 tillhöriga,
735 877 13 21 å
762 877 109 21 utländskt
886 879 66 25 mynt-

205 911 47 26 slag
268 911 90 27 lydande
374 911 143 27 obligationer,
532 911 110 28 kuponger
659 911 39 22 och
714 911 78 22 sedlar.

272 945 75 21 Såsom
362 945 126 27 utelöpande
503 946 71 21 sedlar
596 946 60 21 skola
679 946 79 27 jemväl
778 952 61 15 anses
859 946 93 21 bankens

203 979 36 21 vid
258 979 114 22 anfordran
391 979 98 22 förfallna
504 980 140 21 förbindelser
659 980 47 21 med
722 980 107 27 undantag
844 980 23 21 af
880 981 6 20 i
903 980 49 21 ban-

203 1013 41 21 ken
261 1013 137 22 innestående
413 1014 74 27 belopp
503 1014 13 21 å
530 1015 105 26 beviljade
651 1014 163 21 kassakreditiv.

546 1077 11 27 8
573 1077 33 22 19.

274 1121 73 22 Såsom
364 1122 104 21 metallisk
483 1123 63 20 kassa
561 1129 72 15 anses:

203 1155 67 22 finskt
284 1156 119 27 guldmynt;

203 1190 59 26 guld,
279 1196 45 15 som
339 1190 33 21 för
386 1191 93 21 bankens
495 1191 88 27 räkning
598 1191 95 22 innestår
708 1191 39 21 hos
762 1191 142 27 myntverket;

204 1224 62 27 ryskt
281 1225 39 21 och
336 1225 109 22 utländskt
459 1226 116 27 guldmynt,
591 1226 40 21 och

204 1259 110 26 omyntadt
328 1259 58 27 guld.

271 1293 99 22 Bankens
395 1294 119 21 metalliska
535 1294 64 21 kassa
620 1295 33 21 får
674 1294 48 22 icke
744 1294 118 22 bibehållas
883 1295 68 22 under

202 1326 63 27 tjugu
280 1327 106 22 millioner
400 1328 67 22 mark.

270 1361 44 22 För
329 1361 40 22 den
384 1363 119 21 metalliska
517 1363 89 21 kassans
621 1363 149 21 förstärkande
785 1365 24 19 är
824 1363 82 22 landets
918 1370 32 15 re-

201 1395 76 27 gering
294 1395 121 28 berättigad
433 1399 37 25 att,
489 1397 53 22 efter
561 1397 71 22 derom
648 1397 23 22 af
684 1397 190 27 bankfullmäktige
889 1397 61 27 gjord

201 1428 165 29 framställning,
383 1431 27 26 på
425 1431 130 22 Ständernas
569 1433 80 25 vägnar
663 1433 115 26 garantera
793 1431 109 22 utländskt
915 1431 35 22 lån

200 1463 54 21 eller
268 1463 72 22 kredit
354 1464 27 27 på
394 1465 63 27 högst
472 1466 29 21 tio
516 1465 106 22 millioner
637 1465 67 22 mark.
