<?xml version="1.0" encoding="UTF-8"?>
<alto xmlns="http://www.loc.gov/standards/alto/ns-v3#" xmlns:xlink="http://www.w3.org/1999/xlink" xmlns:xsi="http://www.w3.org/2001/XMLSchema-instance" xsi:schemaLocation="http://www.loc.gov/standards/alto/ns-v3# http://www.loc.gov/alto/v3/alto-3-0.xsd">
	<Description>
		<MeasurementUnit>pixel</MeasurementUnit>
		<sourceImageInformation>
			<fileName>/tmp/tess_me_4yoa8_input.PNG</fileName>
		</sourceImageInformation>
		<OCRProcessing ID="OCR_0">
			<ocrProcessingStep>
				<processingSoftware>
					<softwareName>tesseract 5.3.4</softwareName>
				</processingSoftware>
			</ocrProcessingStep>
		</OCRProcessing>
	</Description>
	<Layout>
		<Page WIDTH="1078" HEIGHT="1692" PHYSICAL_IMG_NR="0" ID="page_0">
			<PrintSpace HPOS="0" VPOS="0" WIDTH="1078" HEIGHT="1692">
				<ComposedBlock ID="cblock_0" HPOS="833" VPOS="129" WIDTH="28" HEIGHT="21">
					<TextBlock ID="block_0" HPOS="833" VPOS="129" WIDTH="28" HEIGHT="21">
						<TextLine ID="line_0" HPOS="833" VPOS="129" WIDTH="28" HEIGHT="21">
							<String ID="string_0" HPOS="833" VPOS="129" WIDTH="28" HEIGHT="21" WC="0.95" CONTENT="35"/>
						</TextLine>
					</TextBlock>
				</ComposedBlock>
				<ComposedBlock ID="cblock_1" HPOS="137" VPOS="194" WIDTH="756" HEIGHT="173">
					<TextBlock ID="block_1" HPOS="483" VPOS="194" WIDTH="61" HEIGHT="27">
						<TextLine ID="line_1" HPOS="483" VPOS="194" WIDTH="61" HEIGHT="27">
							<String ID="string_1" HPOS="483" VPOS="194" WIDTH="12" HEIGHT="27" WC="0.85" CONTENT="$"/><SP WIDTH="16" VPOS="194" HPOS="495"/>
							<String ID="string_2" HPOS="511" VPOS="194" WIDTH="33" HEIGHT="21" WC="0.88" CONTENT="34."/>
						</TextLine>
					</TextBlock>
					<TextBlock ID="block_2" HPOS="137" VPOS="234" WIDTH="756" HEIGHT="133">
						<TextLine ID="line_2" HPOS="205" VPOS="234" WIDTH="685" HEIGHT="28">
							<String ID="string_3" HPOS="205" VPOS="235" WIDTH="120" HEIGHT="27" WC="0.96" CONTENT="Anvisning"/><SP WIDTH="22" VPOS="235" HPOS="325"/>
							<String ID="string_4" HPOS="347" VPOS="237" WIDTH="57" HEIGHT="19" WC="0.96" CONTENT="samt"/><SP WIDTH="22" VPOS="237" HPOS="404"/>
							<String ID="string_5" HPOS="426" VPOS="235" WIDTH="60" HEIGHT="21" WC="0.96" CONTENT="bevis"/><SP WIDTH="23" VPOS="235" HPOS="486"/>
							<String ID="string_6" HPOS="509" VPOS="234" WIDTH="60" HEIGHT="22" WC="0.96" CONTENT="öfver"/><SP WIDTH="22" VPOS="234" HPOS="569"/>
							<String ID="string_7" HPOS="591" VPOS="234" WIDTH="137" HEIGHT="28" WC="0.96" CONTENT="deponerade"/><SP WIDTH="23" VPOS="234" HPOS="728"/>
							<String ID="string_8" HPOS="751" VPOS="234" WIDTH="69" HEIGHT="21" WC="0.94" CONTENT="medel"/><SP WIDTH="20" VPOS="234" HPOS="820"/>
							<String ID="string_9" HPOS="840" VPOS="234" WIDTH="50" HEIGHT="21" WC="0.96" CONTENT="eller"/>
						</TextLine>
						<TextLine ID="line_3" HPOS="137" VPOS="268" WIDTH="754" HEIGHT="29">
							<String ID="string_10" HPOS="137" VPOS="270" WIDTH="86" HEIGHT="21" WC="0.95" CONTENT="nedsatt"/><SP WIDTH="16" VPOS="270" HPOS="223"/>
							<String ID="string_11" HPOS="239" VPOS="270" WIDTH="53" HEIGHT="27" WC="0.96" CONTENT="gods"/><SP WIDTH="15" VPOS="270" HPOS="292"/>
							<String ID="string_12" HPOS="307" VPOS="270" WIDTH="74" HEIGHT="20" WC="0.96" CONTENT="kunna"/><SP WIDTH="15" VPOS="270" HPOS="381"/>
							<String ID="string_13" HPOS="396" VPOS="270" WIDTH="7" HEIGHT="20" WC="0.96" CONTENT="i"/><SP WIDTH="15" VPOS="270" HPOS="403"/>
							<String ID="string_14" HPOS="418" VPOS="270" WIDTH="49" HEIGHT="26" WC="0.96" CONTENT="laga"/><SP WIDTH="16" VPOS="270" HPOS="467"/>
							<String ID="string_15" HPOS="483" VPOS="269" WIDTH="91" HEIGHT="27" WC="0.96" CONTENT="ordning"/><SP WIDTH="16" VPOS="269" HPOS="574"/>
							<String ID="string_16" HPOS="590" VPOS="269" WIDTH="74" HEIGHT="26" WC="0.95" CONTENT="dödas,"/><SP WIDTH="15" VPOS="269" HPOS="664"/>
							<String ID="string_17" HPOS="679" VPOS="269" WIDTH="28" HEIGHT="27" WC="0.96" CONTENT="på"/><SP WIDTH="11" VPOS="269" HPOS="707"/>
							<String ID="string_18" HPOS="718" VPOS="270" WIDTH="43" HEIGHT="19" WC="0.96" CONTENT="sätt"/><SP WIDTH="10" VPOS="270" HPOS="761"/>
							<String ID="string_19" HPOS="771" VPOS="274" WIDTH="36" HEIGHT="15" WC="0.93" CONTENT="om"/><SP WIDTH="10" VPOS="274" HPOS="807"/>
							<String ID="string_20" HPOS="817" VPOS="268" WIDTH="74" HEIGHT="21" WC="0.92" CONTENT="vexlar"/>
						</TextLine>
						<TextLine ID="line_4" HPOS="139" VPOS="302" WIDTH="754" HEIGHT="29">
							<String ID="string_21" HPOS="139" VPOS="306" WIDTH="25" HEIGHT="20" WC="0.92" CONTENT="är"/><SP WIDTH="21" VPOS="306" HPOS="164"/>
							<String ID="string_22" HPOS="185" VPOS="304" WIDTH="106" HEIGHT="27" WC="0.91" CONTENT="stadgadt,"/><SP WIDTH="20" VPOS="304" HPOS="291"/>
							<String ID="string_23" HPOS="311" VPOS="304" WIDTH="51" HEIGHT="21" WC="0.92" CONTENT="derå"/><SP WIDTH="14" VPOS="304" HPOS="362"/>
							<String ID="string_24" HPOS="376" VPOS="304" WIDTH="155" HEIGHT="26" WC="0.91" CONTENT="anvisningens"/><SP WIDTH="15" VPOS="304" HPOS="531"/>
							<String ID="string_25" HPOS="546" VPOS="304" WIDTH="51" HEIGHT="21" WC="0.93" CONTENT="eller"/><SP WIDTH="15" VPOS="304" HPOS="597"/>
							<String ID="string_26" HPOS="612" VPOS="302" WIDTH="229" HEIGHT="28" WC="0.90" CONTENT="depositionsbevisets"/><SP WIDTH="14" VPOS="302" HPOS="841"/>
							<String ID="string_27" HPOS="855" VPOS="302" WIDTH="38" HEIGHT="22" WC="0.92" CONTENT="be-"/>
						</TextLine>
						<TextLine ID="line_5" HPOS="138" VPOS="337" WIDTH="598" HEIGHT="30">
							<String ID="string_28" HPOS="138" VPOS="340" WIDTH="51" HEIGHT="27" WC="0.95" CONTENT="lopp"/><SP WIDTH="15" VPOS="340" HPOS="189"/>
							<String ID="string_29" HPOS="204" VPOS="339" WIDTH="50" HEIGHT="22" WC="0.95" CONTENT="eller"/><SP WIDTH="16" VPOS="339" HPOS="254"/>
							<String ID="string_30" HPOS="270" VPOS="338" WIDTH="76" HEIGHT="28" WC="0.96" CONTENT="godset"/><SP WIDTH="15" VPOS="338" HPOS="346"/>
							<String ID="string_31" HPOS="361" VPOS="339" WIDTH="37" HEIGHT="21" WC="0.96" CONTENT="må"/><SP WIDTH="14" VPOS="339" HPOS="398"/>
							<String ID="string_32" HPOS="412" VPOS="338" WIDTH="31" HEIGHT="21" WC="0.96" CONTENT="till"/><SP WIDTH="15" VPOS="338" HPOS="443"/>
							<String ID="string_33" HPOS="458" VPOS="338" WIDTH="163" HEIGHT="22" WC="0.93" CONTENT="vederbörande"/><SP WIDTH="16" VPOS="338" HPOS="621"/>
							<String ID="string_34" HPOS="637" VPOS="337" WIDTH="99" HEIGHT="28" WC="0.91" CONTENT="utgifvas."/>
						</TextLine>
					</TextBlock>
				</ComposedBlock>
				<ComposedBlock ID="cblock_2" HPOS="141" VPOS="396" WIDTH="757" HEIGHT="206">
					<TextBlock ID="block_3" HPOS="490" VPOS="396" WIDTH="62" HEIGHT="27">
						<TextLine ID="line_6" HPOS="490" VPOS="396" WIDTH="62" HEIGHT="27">
							<String ID="string_35" HPOS="490" VPOS="396" WIDTH="12" HEIGHT="27" WC="0.96" CONTENT="8"/><SP WIDTH="16" VPOS="396" HPOS="502"/>
							<String ID="string_36" HPOS="518" VPOS="396" WIDTH="34" HEIGHT="21" WC="0.96" CONTENT="35."/>
						</TextLine>
					</TextBlock>
					<TextBlock ID="block_4" HPOS="141" VPOS="432" WIDTH="757" HEIGHT="170">
						<TextLine ID="line_7" HPOS="208" VPOS="432" WIDTH="686" HEIGHT="32">
							<String ID="string_37" HPOS="208" VPOS="432" WIDTH="44" HEIGHT="26" WC="0.90" CONTENT="Äro"/><SP WIDTH="15" VPOS="432" HPOS="252"/>
							<String ID="string_38" HPOS="267" VPOS="436" WIDTH="150" HEIGHT="28" WC="0.92" CONTENT="värdepapper"/><SP WIDTH="14" VPOS="436" HPOS="417"/>
							<String ID="string_39" HPOS="431" VPOS="436" WIDTH="122" HEIGHT="22" WC="0.92" CONTENT="inlemnade"/><SP WIDTH="16" VPOS="436" HPOS="553"/>
							<String ID="string_40" HPOS="569" VPOS="436" WIDTH="30" HEIGHT="21" WC="0.93" CONTENT="till"/><SP WIDTH="15" VPOS="436" HPOS="599"/>
							<String ID="string_41" HPOS="614" VPOS="436" WIDTH="73" HEIGHT="22" WC="0.93" CONTENT="förvar"/><SP WIDTH="15" VPOS="436" HPOS="687"/>
							<String ID="string_42" HPOS="702" VPOS="436" WIDTH="6" HEIGHT="20" WC="0.93" CONTENT="i"/><SP WIDTH="16" VPOS="436" HPOS="708"/>
							<String ID="string_43" HPOS="724" VPOS="436" WIDTH="86" HEIGHT="21" WC="0.92" CONTENT="banken"/><SP WIDTH="11" VPOS="436" HPOS="810"/>
							<String ID="string_44" HPOS="821" VPOS="436" WIDTH="73" HEIGHT="20" WC="0.92" CONTENT="säsom"/>
						</TextLine>
						<TextLine ID="line_8" HPOS="141" VPOS="469" WIDTH="757" HEIGHT="30">
							<String ID="string_45" HPOS="141" VPOS="474" WIDTH="70" HEIGHT="25" WC="0.96" CONTENT="öppen"/><SP WIDTH="20" VPOS="474" HPOS="211"/>
							<String ID="string_46" HPOS="231" VPOS="471" WIDTH="128" HEIGHT="27" WC="0.96" CONTENT="deposition,"/><SP WIDTH="19" VPOS="471" HPOS="359"/>
							<String ID="string_47" HPOS="378" VPOS="471" WIDTH="38" HEIGHT="21" WC="0.93" CONTENT="mä"/><SP WIDTH="14" VPOS="471" HPOS="416"/>
							<String ID="string_48" HPOS="430" VPOS="470" WIDTH="87" HEIGHT="22" WC="0.93" CONTENT="banken"/><SP WIDTH="15" VPOS="470" HPOS="517"/>
							<String ID="string_49" HPOS="532" VPOS="470" WIDTH="65" HEIGHT="28" WC="0.92" CONTENT="ätaga"/><SP WIDTH="16" VPOS="470" HPOS="597"/>
							<String ID="string_50" HPOS="613" VPOS="471" WIDTH="32" HEIGHT="27" WC="0.97" CONTENT="sig"/><SP WIDTH="16" VPOS="471" HPOS="645"/>
							<String ID="string_51" HPOS="661" VPOS="472" WIDTH="31" HEIGHT="20" WC="0.96" CONTENT="att"/><SP WIDTH="14" VPOS="472" HPOS="692"/>
							<String ID="string_52" HPOS="706" VPOS="470" WIDTH="53" HEIGHT="28" WC="0.93" CONTENT="lyfta"/><SP WIDTH="15" VPOS="470" HPOS="759"/>
							<String ID="string_53" HPOS="774" VPOS="469" WIDTH="124" HEIGHT="22" WC="0.92" CONTENT="dividender"/>
						</TextLine>
						<TextLine ID="line_9" HPOS="141" VPOS="504" WIDTH="751" HEIGHT="29">
							<String ID="string_54" HPOS="141" VPOS="506" WIDTH="41" HEIGHT="22" WC="0.96" CONTENT="och"/><SP WIDTH="15" VPOS="506" HPOS="182"/>
							<String ID="string_55" HPOS="197" VPOS="507" WIDTH="75" HEIGHT="20" WC="0.93" CONTENT="räntor"/><SP WIDTH="10" VPOS="507" HPOS="272"/>
							<String ID="string_56" HPOS="282" VPOS="506" WIDTH="13" HEIGHT="21" WC="0.93" CONTENT="å"/><SP WIDTH="10" VPOS="506" HPOS="295"/>
							<String ID="string_57" HPOS="305" VPOS="506" WIDTH="27" HEIGHT="21" WC="0.96" CONTENT="de"/><SP WIDTH="10" VPOS="506" HPOS="332"/>
							<String ID="string_58" HPOS="342" VPOS="505" WIDTH="138" HEIGHT="28" WC="0.93" CONTENT="deponerade"/><SP WIDTH="10" VPOS="505" HPOS="480"/>
							<String ID="string_59" HPOS="490" VPOS="506" WIDTH="165" HEIGHT="26" WC="0.92" CONTENT="värdepappren"/><SP WIDTH="11" VPOS="506" HPOS="655"/>
							<String ID="string_60" HPOS="666" VPOS="508" WIDTH="57" HEIGHT="18" WC="0.96" CONTENT="samt"/><SP WIDTH="11" VPOS="508" HPOS="723"/>
							<String ID="string_61" HPOS="734" VPOS="506" WIDTH="31" HEIGHT="20" WC="0.96" CONTENT="att"/><SP WIDTH="9" VPOS="506" HPOS="765"/>
							<String ID="string_62" HPOS="774" VPOS="504" WIDTH="8" HEIGHT="21" WC="0.96" CONTENT="i"/><SP WIDTH="11" VPOS="504" HPOS="782"/>
							<String ID="string_63" HPOS="793" VPOS="504" WIDTH="99" HEIGHT="22" WC="0.96" CONTENT="afseende"/>
						</TextLine>
						<TextLine ID="line_10" HPOS="141" VPOS="538" WIDTH="753" HEIGHT="29">
							<String ID="string_64" HPOS="141" VPOS="542" WIDTH="14" HEIGHT="20" WC="0.93" CONTENT="å"/><SP WIDTH="22" VPOS="542" HPOS="155"/>
							<String ID="string_65" HPOS="177" VPOS="541" WIDTH="48" HEIGHT="21" WC="0.96" CONTENT="dem"/><SP WIDTH="22" VPOS="541" HPOS="225"/>
							<String ID="string_66" HPOS="247" VPOS="540" WIDTH="7" HEIGHT="21" WC="0.96" CONTENT="i"/><SP WIDTH="16" VPOS="540" HPOS="254"/>
							<String ID="string_67" HPOS="270" VPOS="540" WIDTH="63" HEIGHT="27" WC="0.96" CONTENT="öfrigt"/><SP WIDTH="15" VPOS="540" HPOS="333"/>
							<String ID="string_68" HPOS="348" VPOS="540" WIDTH="76" HEIGHT="21" WC="0.96" CONTENT="utföra"/><SP WIDTH="15" VPOS="540" HPOS="424"/>
							<String ID="string_69" HPOS="439" VPOS="540" WIDTH="26" HEIGHT="21" WC="0.96" CONTENT="de"/><SP WIDTH="14" VPOS="540" HPOS="465"/>
							<String ID="string_70" HPOS="479" VPOS="540" WIDTH="104" HEIGHT="27" WC="0.96" CONTENT="uppdrag,"/><SP WIDTH="17" VPOS="540" HPOS="583"/>
							<String ID="string_71" HPOS="600" VPOS="546" WIDTH="48" HEIGHT="15" WC="0.96" CONTENT="som"/><SP WIDTH="16" VPOS="546" HPOS="648"/>
							<String ID="string_72" HPOS="664" VPOS="540" WIDTH="74" HEIGHT="20" WC="0.96" CONTENT="kunna"/><SP WIDTH="15" VPOS="540" HPOS="738"/>
							<String ID="string_73" HPOS="753" VPOS="538" WIDTH="23" HEIGHT="22" WC="0.93" CONTENT="af"/><SP WIDTH="13" VPOS="538" HPOS="776"/>
							<String ID="string_74" HPOS="789" VPOS="538" WIDTH="105" HEIGHT="22" WC="0.90" CONTENT="bankfull-"/>
						</TextLine>
						<TextLine ID="line_11" HPOS="141" VPOS="574" WIDTH="575" HEIGHT="28">
							<String ID="string_75" HPOS="141" VPOS="575" WIDTH="94" HEIGHT="27" WC="0.96" CONTENT="mäktige"/><SP WIDTH="15" VPOS="575" HPOS="235"/>
							<String ID="string_76" HPOS="250" VPOS="575" WIDTH="28" HEIGHT="27" WC="0.96" CONTENT="på"/><SP WIDTH="15" VPOS="575" HPOS="278"/>
							<String ID="string_77" HPOS="293" VPOS="574" WIDTH="81" HEIGHT="28" WC="0.96" CONTENT="förslag"/><SP WIDTH="15" VPOS="574" HPOS="374"/>
							<String ID="string_78" HPOS="389" VPOS="574" WIDTH="24" HEIGHT="22" WC="0.96" CONTENT="af"/><SP WIDTH="13" VPOS="574" HPOS="413"/>
							<String ID="string_79" HPOS="426" VPOS="574" WIDTH="134" HEIGHT="22" WC="0.96" CONTENT="direktionen"/><SP WIDTH="15" VPOS="574" HPOS="560"/>
							<String ID="string_80" HPOS="575" VPOS="574" WIDTH="141" HEIGHT="22" WC="0.95" CONTENT="bestämmas."/>
						</TextLine>
					</TextBlock>
				</ComposedBlock>
				<ComposedBlock ID="cblock_3" HPOS="143" VPOS="632" WIDTH="759" HEIGHT="378">
					<TextBlock ID="block_5" HPOS="491" VPOS="632" WIDTH="62" HEIGHT="28">
						<TextLine ID="line_12" HPOS="491" VPOS="632" WIDTH="62" HEIGHT="28">
							<String ID="string_81" HPOS="491" VPOS="632" WIDTH="12" HEIGHT="28" WC="0.59" CONTENT="8"/><SP WIDTH="17" VPOS="632" HPOS="503"/>
							<String ID="string_82" HPOS="520" VPOS="632" WIDTH="33" HEIGHT="22" WC="0.96" CONTENT="36."/>
						</TextLine>
					</TextBlock>
					<TextBlock ID="block_6" HPOS="143" VPOS="670" WIDTH="756" HEIGHT="98">
						<TextLine ID="line_13" HPOS="210" VPOS="670" WIDTH="686" HEIGHT="29">
							<String ID="string_83" HPOS="210" VPOS="672" WIDTH="43" HEIGHT="22" WC="0.96" CONTENT="För"/><SP WIDTH="14" VPOS="672" HPOS="253"/>
							<String ID="string_84" HPOS="267" VPOS="672" WIDTH="97" HEIGHT="22" WC="0.93" CONTENT="bankens"/><SP WIDTH="16" VPOS="672" HPOS="364"/>
							<String ID="string_85" HPOS="380" VPOS="672" WIDTH="80" HEIGHT="26" WC="0.92" CONTENT="vexlar,"/><SP WIDTH="15" VPOS="672" HPOS="460"/>
							<String ID="string_86" HPOS="475" VPOS="672" WIDTH="140" HEIGHT="27" WC="0.96" CONTENT="anvisningar"/><SP WIDTH="15" VPOS="672" HPOS="615"/>
							<String ID="string_87" HPOS="630" VPOS="672" WIDTH="42" HEIGHT="21" WC="0.96" CONTENT="och"/><SP WIDTH="15" VPOS="672" HPOS="672"/>
							<String ID="string_88" HPOS="687" VPOS="672" WIDTH="61" HEIGHT="21" WC="0.96" CONTENT="bevis"/><SP WIDTH="11" VPOS="672" HPOS="748"/>
							<String ID="string_89" HPOS="759" VPOS="671" WIDTH="59" HEIGHT="21" WC="0.93" CONTENT="öfver"/><SP WIDTH="11" VPOS="671" HPOS="818"/>
							<String ID="string_90" HPOS="829" VPOS="670" WIDTH="67" HEIGHT="28" WC="0.92" CONTENT="depo-"/>
						</TextLine>
						<TextLine ID="line_14" HPOS="143" VPOS="705" WIDTH="756" HEIGHT="29">
							<String ID="string_91" HPOS="143" VPOS="707" WIDTH="79" HEIGHT="22" WC="0.91" CONTENT="nerade"/><SP WIDTH="19" VPOS="707" HPOS="222"/>
							<String ID="string_92" HPOS="241" VPOS="707" WIDTH="70" HEIGHT="21" WC="0.96" CONTENT="medel"/><SP WIDTH="16" VPOS="707" HPOS="311"/>
							<String ID="string_93" HPOS="327" VPOS="707" WIDTH="50" HEIGHT="21" WC="0.95" CONTENT="eller"/><SP WIDTH="15" VPOS="707" HPOS="377"/>
							<String ID="string_94" HPOS="392" VPOS="706" WIDTH="87" HEIGHT="22" WC="0.96" CONTENT="nedsatt"/><SP WIDTH="15" VPOS="706" HPOS="479"/>
							<String ID="string_95" HPOS="494" VPOS="707" WIDTH="54" HEIGHT="27" WC="0.96" CONTENT="gods"/><SP WIDTH="15" VPOS="707" HPOS="548"/>
							<String ID="string_96" HPOS="563" VPOS="707" WIDTH="67" HEIGHT="27" WC="0.95" CONTENT="gäller"/><SP WIDTH="15" VPOS="707" HPOS="630"/>
							<String ID="string_97" HPOS="645" VPOS="706" WIDTH="48" HEIGHT="22" WC="0.96" CONTENT="icke"/><SP WIDTH="15" VPOS="706" HPOS="693"/>
							<String ID="string_98" HPOS="708" VPOS="706" WIDTH="42" HEIGHT="22" WC="0.96" CONTENT="den"/><SP WIDTH="15" VPOS="706" HPOS="750"/>
							<String ID="string_99" HPOS="765" VPOS="706" WIDTH="34" HEIGHT="22" WC="0.96" CONTENT="för"/><SP WIDTH="14" VPOS="706" HPOS="799"/>
							<String ID="string_100" HPOS="813" VPOS="705" WIDTH="86" HEIGHT="27" WC="0.95" CONTENT="vanliga"/>
						</TextLine>
						<TextLine ID="line_15" HPOS="143" VPOS="741" WIDTH="493" HEIGHT="27">
							<String ID="string_101" HPOS="143" VPOS="742" WIDTH="163" HEIGHT="26" WC="0.90" CONTENT="förskrifningar"/><SP WIDTH="15" VPOS="742" HPOS="306"/>
							<String ID="string_102" HPOS="321" VPOS="741" WIDTH="106" HEIGHT="27" WC="0.91" CONTENT="stadgade"/><SP WIDTH="15" VPOS="741" HPOS="427"/>
							<String ID="string_103" HPOS="442" VPOS="741" WIDTH="194" HEIGHT="27" WC="0.91" CONTENT="preskriptionstid."/>
						</TextLine>
					</TextBlock>
					<TextBlock ID="block_7" HPOS="143" VPOS="774" WIDTH="759" HEIGHT="236">
						<TextLine ID="line_16" HPOS="212" VPOS="774" WIDTH="682" HEIGHT="29">
							<String ID="string_104" HPOS="212" VPOS="776" WIDTH="39" HEIGHT="21" WC="0.96" CONTENT="Till"/><SP WIDTH="15" VPOS="776" HPOS="251"/>
							<String ID="string_105" HPOS="266" VPOS="776" WIDTH="72" HEIGHT="21" WC="0.96" CONTENT="förvar"/><SP WIDTH="14" VPOS="776" HPOS="338"/>
							<String ID="string_106" HPOS="352" VPOS="776" WIDTH="87" HEIGHT="21" WC="0.96" CONTENT="nedsatt"/><SP WIDTH="14" VPOS="776" HPOS="439"/>
							<String ID="string_107" HPOS="453" VPOS="776" WIDTH="54" HEIGHT="27" WC="0.96" CONTENT="gods"/><SP WIDTH="16" VPOS="776" HPOS="507"/>
							<String ID="string_108" HPOS="523" VPOS="776" WIDTH="43" HEIGHT="21" WC="0.96" CONTENT="kan"/><SP WIDTH="15" VPOS="776" HPOS="566"/>
							<String ID="string_109" HPOS="581" VPOS="776" WIDTH="70" HEIGHT="26" WC="0.96" CONTENT="likväl,"/><SP WIDTH="17" VPOS="776" HPOS="651"/>
							<String ID="string_110" HPOS="668" VPOS="782" WIDTH="36" HEIGHT="15" WC="0.96" CONTENT="om"/><SP WIDTH="16" VPOS="782" HPOS="704"/>
							<String ID="string_111" HPOS="720" VPOS="775" WIDTH="115" HEIGHT="27" WC="0.91" CONTENT="anledning"/><SP WIDTH="11" VPOS="775" HPOS="835"/>
							<String ID="string_112" HPOS="846" VPOS="774" WIDTH="48" HEIGHT="22" WC="0.91" CONTENT="der-"/>
						</TextLine>
						<TextLine ID="line_17" HPOS="143" VPOS="809" WIDTH="756" HEIGHT="29">
							<String ID="string_113" HPOS="143" VPOS="811" WIDTH="31" HEIGHT="21" WC="0.94" CONTENT="till"/><SP WIDTH="19" VPOS="811" HPOS="174"/>
							<String ID="string_114" HPOS="193" VPOS="810" WIDTH="151" HEIGHT="28" WC="0.95" CONTENT="förekommer,"/><SP WIDTH="22" VPOS="810" HPOS="344"/>
							<String ID="string_115" HPOS="366" VPOS="810" WIDTH="23" HEIGHT="22" WC="0.96" CONTENT="af"/><SP WIDTH="12" VPOS="810" HPOS="389"/>
							<String ID="string_116" HPOS="401" VPOS="811" WIDTH="87" HEIGHT="21" WC="0.96" CONTENT="banken"/><SP WIDTH="15" VPOS="811" HPOS="488"/>
							<String ID="string_117" HPOS="503" VPOS="811" WIDTH="31" HEIGHT="21" WC="0.96" CONTENT="till"/><SP WIDTH="16" VPOS="811" HPOS="534"/>
							<String ID="string_118" HPOS="550" VPOS="811" WIDTH="113" HEIGHT="27" WC="0.93" CONTENT="uttagning"/><SP WIDTH="15" VPOS="811" HPOS="663"/>
							<String ID="string_119" HPOS="678" VPOS="812" WIDTH="114" HEIGHT="26" WC="0.93" CONTENT="uppsägas."/><SP WIDTH="29" VPOS="812" HPOS="792"/>
							<String ID="string_120" HPOS="821" VPOS="810" WIDTH="9" HEIGHT="21" WC="0.92" CONTENT="I"/><SP WIDTH="14" VPOS="810" HPOS="830"/>
							<String ID="string_121" HPOS="844" VPOS="809" WIDTH="55" HEIGHT="22" WC="0.92" CONTENT="hän-"/>
						</TextLine>
						<TextLine ID="line_18" HPOS="145" VPOS="844" WIDTH="753" HEIGHT="29">
							<String ID="string_122" HPOS="145" VPOS="845" WIDTH="58" HEIGHT="22" WC="0.96" CONTENT="delse"/><SP WIDTH="17" VPOS="845" HPOS="203"/>
							<String ID="string_123" HPOS="220" VPOS="845" WIDTH="73" HEIGHT="28" WC="0.96" CONTENT="godset"/><SP WIDTH="19" VPOS="845" HPOS="293"/>
							<String ID="string_124" HPOS="312" VPOS="845" WIDTH="85" HEIGHT="22" WC="0.96" CONTENT="ändock"/><SP WIDTH="16" VPOS="845" HPOS="397"/>
							<String ID="string_125" HPOS="413" VPOS="845" WIDTH="47" HEIGHT="22" WC="0.96" CONTENT="icke"/><SP WIDTH="15" VPOS="845" HPOS="460"/>
							<String ID="string_126" HPOS="475" VPOS="847" WIDTH="91" HEIGHT="25" WC="0.96" CONTENT="uttages,"/><SP WIDTH="17" VPOS="847" HPOS="566"/>
							<String ID="string_127" HPOS="583" VPOS="851" WIDTH="50" HEIGHT="21" WC="0.96" CONTENT="eger"/><SP WIDTH="15" VPOS="851" HPOS="633"/>
							<String ID="string_128" HPOS="648" VPOS="845" WIDTH="135" HEIGHT="22" WC="0.95" CONTENT="direktionen"/><SP WIDTH="15" VPOS="845" HPOS="783"/>
							<String ID="string_129" HPOS="798" VPOS="850" WIDTH="38" HEIGHT="15" WC="0.93" CONTENT="sex"/><SP WIDTH="15" VPOS="850" HPOS="836"/>
							<String ID="string_130" HPOS="851" VPOS="844" WIDTH="47" HEIGHT="21" WC="0.90" CONTENT="må-"/>
						</TextLine>
						<TextLine ID="line_19" HPOS="145" VPOS="877" WIDTH="754" HEIGHT="24">
							<String ID="string_131" HPOS="145" VPOS="879" WIDTH="68" HEIGHT="22" WC="0.95" CONTENT="nader"/><SP WIDTH="22" VPOS="879" HPOS="213"/>
							<String ID="string_132" HPOS="235" VPOS="879" WIDTH="53" HEIGHT="22" WC="0.95" CONTENT="efter"/><SP WIDTH="23" VPOS="879" HPOS="288"/>
							<String ID="string_133" HPOS="311" VPOS="879" WIDTH="35" HEIGHT="22" WC="0.93" CONTENT="det"/><SP WIDTH="22" VPOS="879" HPOS="346"/>
							<String ID="string_134" HPOS="368" VPOS="880" WIDTH="119" HEIGHT="21" WC="0.92" CONTENT="insättaren"/><SP WIDTH="20" VPOS="880" HPOS="487"/>
							<String ID="string_135" HPOS="507" VPOS="880" WIDTH="50" HEIGHT="21" WC="0.95" CONTENT="eller"/><SP WIDTH="18" VPOS="880" HPOS="557"/>
							<String ID="string_136" HPOS="575" VPOS="880" WIDTH="55" HEIGHT="21" WC="0.93" CONTENT="hans"/><SP WIDTH="19" VPOS="880" HPOS="630"/>
							<String ID="string_137" HPOS="649" VPOS="878" WIDTH="195" HEIGHT="23" WC="0.91" CONTENT="rättsinnehafvare"/><SP WIDTH="16" VPOS="878" HPOS="844"/>
							<String ID="string_138" HPOS="860" VPOS="877" WIDTH="39" HEIGHT="23" WC="0.96" CONTENT="fått"/>
						</TextLine>
						<TextLine ID="line_20" HPOS="145" VPOS="913" WIDTH="757" HEIGHT="28">
							<String ID="string_139" HPOS="145" VPOS="913" WIDTH="89" HEIGHT="28" WC="0.92" CONTENT="bevislig"/><SP WIDTH="20" VPOS="913" HPOS="234"/>
							<String ID="string_140" HPOS="254" VPOS="913" WIDTH="34" HEIGHT="22" WC="0.96" CONTENT="del"/><SP WIDTH="22" VPOS="913" HPOS="288"/>
							<String ID="string_141" HPOS="310" VPOS="913" WIDTH="24" HEIGHT="22" WC="0.93" CONTENT="af"/><SP WIDTH="20" VPOS="913" HPOS="334"/>
							<String ID="string_142" HPOS="354" VPOS="913" WIDTH="146" HEIGHT="22" WC="0.92" CONTENT="direktionens"/><SP WIDTH="23" VPOS="913" HPOS="500"/>
							<String ID="string_143" HPOS="523" VPOS="914" WIDTH="70" HEIGHT="21" WC="0.95" CONTENT="beslut"/><SP WIDTH="19" VPOS="914" HPOS="593"/>
							<String ID="string_144" HPOS="612" VPOS="914" WIDTH="52" HEIGHT="21" WC="0.96" CONTENT="eller"/><SP WIDTH="19" VPOS="914" HPOS="664"/>
							<String ID="string_145" HPOS="683" VPOS="914" WIDTH="129" HEIGHT="27" WC="0.96" CONTENT="kungörelse"/><SP WIDTH="15" VPOS="914" HPOS="812"/>
							<String ID="string_146" HPOS="827" VPOS="913" WIDTH="75" HEIGHT="22" WC="0.96" CONTENT="derom"/>
						</TextLine>
						<TextLine ID="line_21" HPOS="145" VPOS="947" WIDTH="757" HEIGHT="28">
							<String ID="string_147" HPOS="145" VPOS="949" WIDTH="56" HEIGHT="21" WC="0.96" CONTENT="varit"/><SP WIDTH="17" VPOS="949" HPOS="201"/>
							<String ID="string_148" HPOS="218" VPOS="949" WIDTH="7" HEIGHT="20" WC="0.96" CONTENT="i"/><SP WIDTH="15" VPOS="949" HPOS="225"/>
							<String ID="string_149" HPOS="240" VPOS="948" WIDTH="84" HEIGHT="22" WC="0.96" CONTENT="landets"/><SP WIDTH="16" VPOS="948" HPOS="324"/>
							<String ID="string_150" HPOS="340" VPOS="948" WIDTH="98" HEIGHT="22" WC="0.96" CONTENT="officiella"/><SP WIDTH="14" VPOS="948" HPOS="438"/>
							<String ID="string_151" HPOS="452" VPOS="949" WIDTH="110" HEIGHT="26" WC="0.96" CONTENT="tidningar"/><SP WIDTH="14" VPOS="949" HPOS="562"/>
							<String ID="string_152" HPOS="576" VPOS="951" WIDTH="33" HEIGHT="19" WC="0.96" CONTENT="tre"/><SP WIDTH="15" VPOS="951" HPOS="609"/>
							<String ID="string_153" HPOS="624" VPOS="947" WIDTH="82" HEIGHT="28" WC="0.96" CONTENT="gånger"/><SP WIDTH="15" VPOS="947" HPOS="706"/>
							<String ID="string_154" HPOS="721" VPOS="948" WIDTH="77" HEIGHT="27" WC="0.96" CONTENT="införd,"/><SP WIDTH="15" VPOS="948" HPOS="798"/>
							<String ID="string_155" HPOS="813" VPOS="947" WIDTH="89" HEIGHT="23" WC="0.96" CONTENT="dermed"/>
						</TextLine>
						<TextLine ID="line_22" HPOS="146" VPOS="983" WIDTH="695" HEIGHT="27">
							<String ID="string_156" HPOS="146" VPOS="983" WIDTH="87" HEIGHT="27" WC="0.96" CONTENT="vidtaga"/><SP WIDTH="15" VPOS="983" HPOS="233"/>
							<String ID="string_157" HPOS="248" VPOS="983" WIDTH="42" HEIGHT="21" WC="0.96" CONTENT="den"/><SP WIDTH="16" VPOS="983" HPOS="290"/>
							<String ID="string_158" HPOS="306" VPOS="983" WIDTH="82" HEIGHT="27" WC="0.96" CONTENT="åtgärd,"/><SP WIDTH="16" VPOS="983" HPOS="388"/>
							<String ID="string_159" HPOS="404" VPOS="989" WIDTH="47" HEIGHT="16" WC="0.96" CONTENT="som"/><SP WIDTH="16" VPOS="989" HPOS="451"/>
							<String ID="string_160" HPOS="467" VPOS="983" WIDTH="44" HEIGHT="21" WC="0.95" CONTENT="kan"/><SP WIDTH="16" VPOS="983" HPOS="511"/>
							<String ID="string_161" HPOS="527" VPOS="983" WIDTH="22" HEIGHT="21" WC="0.95" CONTENT="af"/><SP WIDTH="12" VPOS="983" HPOS="549"/>
							<String ID="string_162" HPOS="561" VPOS="983" WIDTH="164" HEIGHT="22" WC="0.96" CONTENT="förhållandena"/><SP WIDTH="14" VPOS="983" HPOS="725"/>
							<String ID="string_163" HPOS="739" VPOS="983" WIDTH="102" HEIGHT="27" WC="0.95" CONTENT="påkallas."/>
						</TextLine>
					</TextBlock>
				</ComposedBlock>
				<ComposedBlock ID="cblock_4" HPOS="147" VPOS="1041" WIDTH="757" HEIGHT="206">
					<TextBlock ID="block_8" HPOS="498" VPOS="1041" WIDTH="61" HEIGHT="28">
						<TextLine ID="line_23" HPOS="498" VPOS="1041" WIDTH="61" HEIGHT="28">
							<String ID="string_164" HPOS="498" VPOS="1041" WIDTH="12" HEIGHT="28" WC="0.94" CONTENT="8"/><SP WIDTH="16" VPOS="1041" HPOS="510"/>
							<String ID="string_165" HPOS="526" VPOS="1041" WIDTH="33" HEIGHT="21" WC="0.94" CONTENT="37."/>
						</TextLine>
					</TextBlock>
					<TextBlock ID="block_9" HPOS="147" VPOS="1080" WIDTH="757" HEIGHT="97">
						<TextLine ID="line_24" HPOS="216" VPOS="1080" WIDTH="688" HEIGHT="29">
							<String ID="string_166" HPOS="216" VPOS="1081" WIDTH="101" HEIGHT="22" WC="0.93" CONTENT="Bankens"/><SP WIDTH="15" VPOS="1081" HPOS="317"/>
							<String ID="string_167" HPOS="332" VPOS="1081" WIDTH="76" HEIGHT="22" WC="0.96" CONTENT="kurser"/><SP WIDTH="15" VPOS="1081" HPOS="408"/>
							<String ID="string_168" HPOS="423" VPOS="1081" WIDTH="61" HEIGHT="22" WC="0.93" CONTENT="skola"/><SP WIDTH="15" VPOS="1081" HPOS="484"/>
							<String ID="string_169" HPOS="499" VPOS="1082" WIDTH="68" HEIGHT="21" WC="0.91" CONTENT="hällas"/><SP WIDTH="16" VPOS="1082" HPOS="567"/>
							<String ID="string_170" HPOS="583" VPOS="1081" WIDTH="105" HEIGHT="28" WC="0.91" CONTENT="anslagna"/><SP WIDTH="13" VPOS="1081" HPOS="688"/>
							<String ID="string_171" HPOS="701" VPOS="1082" WIDTH="29" HEIGHT="27" WC="0.93" CONTENT="pä"/><SP WIDTH="10" VPOS="1082" HPOS="730"/>
							<String ID="string_172" HPOS="740" VPOS="1081" WIDTH="101" HEIGHT="27" WC="0.89" CONTENT="lämpliga"/><SP WIDTH="10" VPOS="1081" HPOS="841"/>
							<String ID="string_173" HPOS="851" VPOS="1080" WIDTH="53" HEIGHT="21" WC="0.89" CONTENT="stäl-"/>
						</TextLine>
						<TextLine ID="line_25" HPOS="147" VPOS="1114" WIDTH="754" HEIGHT="29">
							<String ID="string_174" HPOS="147" VPOS="1116" WIDTH="35" HEIGHT="21" WC="0.93" CONTENT="len"/><SP WIDTH="15" VPOS="1116" HPOS="182"/>
							<String ID="string_175" HPOS="197" VPOS="1116" WIDTH="60" HEIGHT="21" WC="0.92" CONTENT="säväl"/><SP WIDTH="15" VPOS="1116" HPOS="257"/>
							<String ID="string_176" HPOS="272" VPOS="1116" WIDTH="7" HEIGHT="21" WC="0.93" CONTENT="i"/><SP WIDTH="15" VPOS="1116" HPOS="279"/>
							<String ID="string_177" HPOS="294" VPOS="1115" WIDTH="183" HEIGHT="23" WC="0.92" CONTENT="hufvudkontoret"/><SP WIDTH="11" VPOS="1115" HPOS="477"/>
							<String ID="string_178" HPOS="488" VPOS="1123" WIDTH="48" HEIGHT="14" WC="0.96" CONTENT="som"/><SP WIDTH="10" VPOS="1123" HPOS="536"/>
							<String ID="string_179" HPOS="546" VPOS="1117" WIDTH="6" HEIGHT="20" WC="0.93" CONTENT="i"/><SP WIDTH="11" VPOS="1117" HPOS="552"/>
							<String ID="string_180" HPOS="563" VPOS="1115" WIDTH="228" HEIGHT="28" WC="0.92" CONTENT="afdelningskontoren"/><SP WIDTH="10" VPOS="1115" HPOS="791"/>
							<String ID="string_181" HPOS="801" VPOS="1117" WIDTH="57" HEIGHT="19" WC="0.93" CONTENT="samt"/><SP WIDTH="10" VPOS="1117" HPOS="858"/>
							<String ID="string_182" HPOS="868" VPOS="1114" WIDTH="33" HEIGHT="22" WC="0.91" CONTENT="of-"/>
						</TextLine>
						<TextLine ID="line_26" HPOS="148" VPOS="1150" WIDTH="502" HEIGHT="27">
							<String ID="string_183" HPOS="148" VPOS="1150" WIDTH="139" HEIGHT="27" WC="0.92" CONTENT="fentliggöras"/><SP WIDTH="15" VPOS="1150" HPOS="287"/>
							<String ID="string_184" HPOS="302" VPOS="1151" WIDTH="6" HEIGHT="20" WC="0.93" CONTENT="i"/><SP WIDTH="15" VPOS="1151" HPOS="308"/>
							<String ID="string_185" HPOS="323" VPOS="1151" WIDTH="85" HEIGHT="21" WC="0.93" CONTENT="landets"/><SP WIDTH="16" VPOS="1151" HPOS="408"/>
							<String ID="string_186" HPOS="424" VPOS="1150" WIDTH="99" HEIGHT="22" WC="0.91" CONTENT="officiella"/><SP WIDTH="14" VPOS="1150" HPOS="523"/>
							<String ID="string_187" HPOS="537" VPOS="1150" WIDTH="113" HEIGHT="27" WC="0.92" CONTENT="tidningar."/>
						</TextLine>
					</TextBlock>
					<TextBlock ID="block_10" HPOS="150" VPOS="1183" WIDTH="753" HEIGHT="64">
						<TextLine ID="line_27" HPOS="216" VPOS="1183" WIDTH="687" HEIGHT="28">
							<String ID="string_188" HPOS="216" VPOS="1185" WIDTH="140" HEIGHT="26" WC="0.92" CONTENT="Kungörelse,"/><SP WIDTH="20" VPOS="1185" HPOS="356"/>
							<String ID="string_189" HPOS="376" VPOS="1191" WIDTH="48" HEIGHT="16" WC="0.96" CONTENT="som"/><SP WIDTH="20" VPOS="1191" HPOS="424"/>
							<String ID="string_190" HPOS="444" VPOS="1184" WIDTH="23" HEIGHT="22" WC="0.93" CONTENT="af"/><SP WIDTH="15" VPOS="1184" HPOS="467"/>
							<String ID="string_191" HPOS="482" VPOS="1185" WIDTH="86" HEIGHT="21" WC="0.92" CONTENT="banken"/><SP WIDTH="20" VPOS="1185" HPOS="568"/>
							<String ID="string_192" HPOS="588" VPOS="1184" WIDTH="103" HEIGHT="27" WC="0.92" CONTENT="utfärdas,"/><SP WIDTH="19" VPOS="1184" HPOS="691"/>
							<String ID="string_193" HPOS="710" VPOS="1184" WIDTH="40" HEIGHT="22" WC="0.93" CONTENT="bör"/><SP WIDTH="17" VPOS="1184" HPOS="750"/>
							<String ID="string_194" HPOS="767" VPOS="1184" WIDTH="87" HEIGHT="27" WC="0.92" CONTENT="jemväl,"/><SP WIDTH="15" VPOS="1184" HPOS="854"/>
							<String ID="string_195" HPOS="869" VPOS="1183" WIDTH="34" HEIGHT="22" WC="0.96" CONTENT="för"/>
						</TextLine>
						<TextLine ID="line_28" HPOS="150" VPOS="1219" WIDTH="653" HEIGHT="28">
							<String ID="string_196" HPOS="150" VPOS="1221" WIDTH="31" HEIGHT="18" WC="0.93" CONTENT="att"/><SP WIDTH="14" VPOS="1221" HPOS="181"/>
							<String ID="string_197" HPOS="195" VPOS="1225" WIDTH="41" HEIGHT="21" WC="0.93" CONTENT="ega"/><SP WIDTH="14" VPOS="1225" HPOS="236"/>
							<String ID="string_198" HPOS="250" VPOS="1219" WIDTH="89" HEIGHT="27" WC="0.92" CONTENT="vitsord,"/><SP WIDTH="16" VPOS="1219" HPOS="339"/>
							<String ID="string_199" HPOS="355" VPOS="1219" WIDTH="83" HEIGHT="22" WC="0.96" CONTENT="införas"/><SP WIDTH="15" VPOS="1219" HPOS="438"/>
							<String ID="string_200" HPOS="453" VPOS="1220" WIDTH="7" HEIGHT="20" WC="0.93" CONTENT="i"/><SP WIDTH="15" VPOS="1220" HPOS="460"/>
							<String ID="string_201" HPOS="475" VPOS="1219" WIDTH="85" HEIGHT="22" WC="0.93" CONTENT="landets"/><SP WIDTH="16" VPOS="1219" HPOS="560"/>
							<String ID="string_202" HPOS="576" VPOS="1219" WIDTH="98" HEIGHT="22" WC="0.92" CONTENT="officiella"/><SP WIDTH="15" VPOS="1219" HPOS="674"/>
							<String ID="string_203" HPOS="689" VPOS="1219" WIDTH="114" HEIGHT="28" WC="0.93" CONTENT="tidningär."/>
						</TextLine>
					</TextBlock>
				</ComposedBlock>
				<ComposedBlock ID="cblock_5" HPOS="151" VPOS="1271" WIDTH="759" HEIGHT="204">
					<TextBlock ID="block_11" HPOS="499" VPOS="1271" WIDTH="62" HEIGHT="28">
						<TextLine ID="line_29" HPOS="499" VPOS="1271" WIDTH="62" HEIGHT="28">
							<String ID="string_204" HPOS="499" VPOS="1271" WIDTH="13" HEIGHT="28" WC="0.64" CONTENT="8"/><SP WIDTH="15" VPOS="1271" HPOS="512"/>
							<String ID="string_205" HPOS="527" VPOS="1271" WIDTH="34" HEIGHT="21" WC="0.64" CONTENT="38."/>
						</TextLine>
					</TextBlock>
					<TextBlock ID="block_12" HPOS="151" VPOS="1310" WIDTH="759" HEIGHT="165">
						<TextLine ID="line_30" HPOS="219" VPOS="1310" WIDTH="687" HEIGHT="29">
							<String ID="string_206" HPOS="219" VPOS="1311" WIDTH="79" HEIGHT="27" WC="0.91" CONTENT="Ovitto,"/><SP WIDTH="16" VPOS="1311" HPOS="298"/>
							<String ID="string_207" HPOS="314" VPOS="1311" WIDTH="110" HEIGHT="22" WC="0.92" CONTENT="utfärdadt"/><SP WIDTH="15" VPOS="1311" HPOS="424"/>
							<String ID="string_208" HPOS="439" VPOS="1311" WIDTH="20" HEIGHT="22" WC="0.93" CONTENT="af"/><SP WIDTH="13" VPOS="1311" HPOS="459"/>
							<String ID="string_209" HPOS="472" VPOS="1311" WIDTH="79" HEIGHT="22" WC="0.92" CONTENT="kassör"/><SP WIDTH="10" VPOS="1311" HPOS="551"/>
							<String ID="string_210" HPOS="561" VPOS="1311" WIDTH="60" HEIGHT="22" WC="0.93" CONTENT="öfver"/><SP WIDTH="10" VPOS="1311" HPOS="621"/>
							<String ID="string_211" HPOS="631" VPOS="1311" WIDTH="133" HEIGHT="28" WC="0.91" CONTENT="inketalning"/><SP WIDTH="9" VPOS="1311" HPOS="764"/>
							<String ID="string_212" HPOS="773" VPOS="1311" WIDTH="31" HEIGHT="21" WC="0.89" CONTENT="till"/><SP WIDTH="9" VPOS="1311" HPOS="804"/>
							<String ID="string_213" HPOS="813" VPOS="1310" WIDTH="93" HEIGHT="27" WC="0.92" CONTENT="banken,"/>
						</TextLine>
						<TextLine ID="line_31" HPOS="151" VPOS="1345" WIDTH="757" HEIGHT="27">
							<String ID="string_214" HPOS="151" VPOS="1345" WIDTH="65" HEIGHT="27" WC="0.92" CONTENT="gäller"/><SP WIDTH="15" VPOS="1345" HPOS="216"/>
							<String ID="string_215" HPOS="231" VPOS="1346" WIDTH="49" HEIGHT="21" WC="0.91" CONTENT="icke"/><SP WIDTH="15" VPOS="1346" HPOS="280"/>
							<String ID="string_216" HPOS="295" VPOS="1346" WIDTH="7" HEIGHT="21" WC="0.96" CONTENT="i"/><SP WIDTH="16" VPOS="1346" HPOS="302"/>
							<String ID="string_217" HPOS="318" VPOS="1346" WIDTH="41" HEIGHT="21" WC="0.96" CONTENT="och"/><SP WIDTH="16" VPOS="1346" HPOS="359"/>
							<String ID="string_218" HPOS="375" VPOS="1348" WIDTH="47" HEIGHT="19" WC="0.93" CONTENT="mot"/><SP WIDTH="14" VPOS="1348" HPOS="422"/>
							<String ID="string_219" HPOS="436" VPOS="1345" WIDTH="94" HEIGHT="27" WC="0.92" CONTENT="banken,"/><SP WIDTH="15" VPOS="1345" HPOS="530"/>
							<String ID="string_220" HPOS="545" VPOS="1352" WIDTH="36" HEIGHT="15" WC="0.95" CONTENT="om"/><SP WIDTH="16" VPOS="1352" HPOS="581"/>
							<String ID="string_221" HPOS="597" VPOS="1346" WIDTH="36" HEIGHT="21" WC="0.93" CONTENT="det"/><SP WIDTH="10" VPOS="1346" HPOS="633"/>
							<String ID="string_222" HPOS="643" VPOS="1346" WIDTH="47" HEIGHT="21" WC="0.93" CONTENT="icke"/><SP WIDTH="11" VPOS="1346" HPOS="690"/>
							<String ID="string_223" HPOS="701" VPOS="1345" WIDTH="70" HEIGHT="22" WC="0.88" CONTENT="blifvit"/><SP WIDTH="9" VPOS="1345" HPOS="771"/>
							<String ID="string_224" HPOS="780" VPOS="1346" WIDTH="41" HEIGHT="21" WC="0.93" CONTENT="hos"/><SP WIDTH="11" VPOS="1346" HPOS="821"/>
							<String ID="string_225" HPOS="832" VPOS="1345" WIDTH="76" HEIGHT="22" WC="0.89" CONTENT="veder-"/>
						</TextLine>
						<TextLine ID="line_32" HPOS="151" VPOS="1379" WIDTH="759" HEIGHT="29">
							<String ID="string_226" HPOS="151" VPOS="1380" WIDTH="96" HEIGHT="21" WC="0.91" CONTENT="börande"/><SP WIDTH="18" VPOS="1380" HPOS="247"/>
							<String ID="string_227" HPOS="265" VPOS="1380" WIDTH="125" HEIGHT="22" WC="0.92" CONTENT="kamrerare"/><SP WIDTH="19" VPOS="1380" HPOS="390"/>
							<String ID="string_228" HPOS="409" VPOS="1380" WIDTH="50" HEIGHT="21" WC="0.93" CONTENT="eller"/><SP WIDTH="15" VPOS="1380" HPOS="459"/>
							<String ID="string_229" HPOS="474" VPOS="1380" WIDTH="211" HEIGHT="22" WC="0.92" CONTENT="bankkommissarie"/><SP WIDTH="15" VPOS="1380" HPOS="685"/>
							<String ID="string_230" HPOS="700" VPOS="1381" WIDTH="115" HEIGHT="27" WC="0.92" CONTENT="uppvisadt"/><SP WIDTH="15" VPOS="1381" HPOS="815"/>
							<String ID="string_231" HPOS="830" VPOS="1379" WIDTH="42" HEIGHT="22" WC="0.97" CONTENT="och"/><SP WIDTH="15" VPOS="1379" HPOS="872"/>
							<String ID="string_232" HPOS="887" VPOS="1379" WIDTH="23" HEIGHT="22" WC="0.97" CONTENT="af"/>
						</TextLine>
						<TextLine ID="line_33" HPOS="151" VPOS="1414" WIDTH="758" HEIGHT="28">
							<String ID="string_233" HPOS="151" VPOS="1415" WIDTH="82" HEIGHT="20" WC="0.93" CONTENT="honom"/><SP WIDTH="15" VPOS="1415" HPOS="233"/>
							<String ID="string_234" HPOS="248" VPOS="1414" WIDTH="138" HEIGHT="27" WC="0.92" CONTENT="pätecknadt,"/><SP WIDTH="10" VPOS="1414" HPOS="386"/>
							<String ID="string_235" HPOS="396" VPOS="1415" WIDTH="93" HEIGHT="21" WC="0.91" CONTENT="hvarom"/><SP WIDTH="10" VPOS="1415" HPOS="489"/>
							<String ID="string_236" HPOS="499" VPOS="1415" WIDTH="70" HEIGHT="27" WC="0.92" CONTENT="tryckt"/><SP WIDTH="10" VPOS="1415" HPOS="569"/>
							<String ID="string_237" HPOS="579" VPOS="1415" WIDTH="205" HEIGHT="27" WC="0.92" CONTENT="tillkännagifvande"/><SP WIDTH="11" VPOS="1415" HPOS="784"/>
							<String ID="string_238" HPOS="795" VPOS="1414" WIDTH="53" HEIGHT="22" WC="0.92" CONTENT="skall"/><SP WIDTH="10" VPOS="1414" HPOS="848"/>
							<String ID="string_239" HPOS="858" VPOS="1414" WIDTH="51" HEIGHT="27" WC="0.92" CONTENT="ingä"/>
						</TextLine>
						<TextLine ID="line_34" HPOS="152" VPOS="1449" WIDTH="516" HEIGHT="26">
							<String ID="string_240" HPOS="152" VPOS="1453" WIDTH="6" HEIGHT="20" WC="0.96" CONTENT="i"/><SP WIDTH="16" VPOS="1453" HPOS="158"/>
							<String ID="string_241" HPOS="174" VPOS="1449" WIDTH="26" HEIGHT="21" WC="0.93" CONTENT="de"/><SP WIDTH="16" VPOS="1449" HPOS="200"/>
							<String ID="string_242" HPOS="216" VPOS="1449" WIDTH="125" HEIGHT="26" WC="0.91" CONTENT="gvittenser,"/><SP WIDTH="16" VPOS="1449" HPOS="341"/>
							<String ID="string_243" HPOS="357" VPOS="1455" WIDTH="49" HEIGHT="15" WC="0.96" CONTENT="som"/><SP WIDTH="17" VPOS="1455" HPOS="406"/>
							<String ID="string_244" HPOS="423" VPOS="1449" WIDTH="24" HEIGHT="21" WC="0.93" CONTENT="af"/><SP WIDTH="12" VPOS="1449" HPOS="447"/>
							<String ID="string_245" HPOS="459" VPOS="1449" WIDTH="79" HEIGHT="21" WC="0.92" CONTENT="kassör"/><SP WIDTH="15" VPOS="1449" HPOS="538"/>
							<String ID="string_246" HPOS="553" VPOS="1449" WIDTH="115" HEIGHT="22" WC="0.93" CONTENT="meddelas."/>
						</TextLine>
					</TextBlock>
				</ComposedBlock>
				<ComposedBlock ID="cblock_6" HPOS="906" VPOS="230" WIDTH="139" HEIGHT="24">
					<TextBlock ID="block_13" HPOS="906" VPOS="230" WIDTH="139" HEIGHT="24">
						<TextLine ID="line_35" HPOS="906" VPOS="230" WIDTH="139" HEIGHT="24">
							<String ID="string_247" HPOS="906" VPOS="232" WIDTH="29" HEIGHT="22" WC="0.85" CONTENT="(88"/><SP WIDTH="7" VPOS="232" HPOS="935"/>
							<String ID="string_248" HPOS="942" VPOS="233" WIDTH="28" HEIGHT="20" WC="0.94" CONTENT="18,"/><SP WIDTH="6" VPOS="233" HPOS="970"/>
							<String ID="string_249" HPOS="976" VPOS="232" WIDTH="27" HEIGHT="22" WC="0.95" CONTENT="45,"/><SP WIDTH="7" VPOS="232" HPOS="1003"/>
							<String ID="string_250" HPOS="1010" VPOS="230" WIDTH="35" HEIGHT="22" WC="0.96" CONTENT="50)."/>
						</TextLine>
					</TextBlock>
				</ComposedBlock>
				<ComposedBlock ID="cblock_7" HPOS="924" VPOS="437" WIDTH="115" HEIGHT="24">
					<TextBlock ID="block_14" HPOS="924" VPOS="437" WIDTH="115" HEIGHT="24">
						<TextLine ID="line_36" HPOS="924" VPOS="437" WIDTH="115" HEIGHT="24">
							<String ID="string_251" HPOS="924" VPOS="438" WIDTH="17" HEIGHT="23" WC="0.89" CONTENT="($"/><SP WIDTH="13" VPOS="438" HPOS="941"/>
							<String ID="string_252" HPOS="954" VPOS="440" WIDTH="11" HEIGHT="16" WC="0.93" CONTENT="6"/><SP WIDTH="12" VPOS="440" HPOS="965"/>
							<String ID="string_253" HPOS="977" VPOS="437" WIDTH="62" HEIGHT="23" WC="0.70" CONTENT="1869)."/>
						</TextLine>
					</TextBlock>
				</ComposedBlock>
				<ComposedBlock ID="cblock_8" HPOS="912" VPOS="673" WIDTH="137" HEIGHT="51">
					<TextBlock ID="block_15" HPOS="912" VPOS="673" WIDTH="137" HEIGHT="51">
						<TextLine ID="line_37" HPOS="912" VPOS="673" WIDTH="137" HEIGHT="23">
							<String ID="string_254" HPOS="912" VPOS="674" WIDTH="30" HEIGHT="22" WC="0.65" CONTENT="(88"/><SP WIDTH="28" VPOS="674" HPOS="942"/>
							<String ID="string_255" HPOS="970" VPOS="674" WIDTH="28" HEIGHT="20" WC="0.78" CONTENT="44,"/><SP WIDTH="24" VPOS="674" HPOS="998"/>
							<String ID="string_256" HPOS="1022" VPOS="673" WIDTH="27" HEIGHT="21" WC="0.44" CONTENT="11,"/>
						</TextLine>
						<TextLine ID="line_38" HPOS="936" VPOS="702" WIDTH="38" HEIGHT="22">
							<String ID="string_257" HPOS="936" VPOS="702" WIDTH="38" HEIGHT="22" WC="0.96" CONTENT="56)."/>
						</TextLine>
					</TextBlock>
				</ComposedBlock>
				<ComposedBlock ID="cblock_9" HPOS="919" VPOS="1079" WIDTH="129" HEIGHT="25">
					<TextBlock ID="block_16" HPOS="919" VPOS="1079" WIDTH="129" HEIGHT="25">
						<TextLine ID="line_39" HPOS="919" VPOS="1079" WIDTH="129" HEIGHT="25">
							<String ID="string_258" HPOS="919" VPOS="1081" WIDTH="30" HEIGHT="23" WC="0.91" CONTENT="($$"/><SP WIDTH="13" VPOS="1081" HPOS="949"/>
							<String ID="string_259" HPOS="962" VPOS="1080" WIDTH="28" HEIGHT="21" WC="0.92" CONTENT="69,"/><SP WIDTH="13" VPOS="1080" HPOS="990"/>
							<String ID="string_260" HPOS="1003" VPOS="1079" WIDTH="45" HEIGHT="23" WC="0.94" CONTENT="130)."/>
						</TextLine>
					</TextBlock>
				</ComposedBlock>
				<ComposedBlock ID="cblock_10" HPOS="950" VPOS="1315" WIDTH="78" HEIGHT="23">
					<TextBlock ID="block_17" HPOS="950" VPOS="1315" WIDTH="78" HEIGHT="23">
						<TextLine ID="line_40" HPOS="950" VPOS="1315" WIDTH="78" HEIGHT="23">
							<String ID="string_261" HPOS="950" VPOS="1315" WIDTH="19" HEIGHT="23" WC="0.85" CONTENT="(8"/><SP WIDTH="14" VPOS="1315" HPOS="969"/>
							<String ID="string_262" HPOS="983" VPOS="1315" WIDTH="45" HEIGHT="22" WC="0.96" CONTENT="122)."/>
						</TextLine>
					</TextBlock>
				</ComposedBlock>
				<GraphicalElement ID="cblock_11" HPOS="1067" VPOS="233" WIDTH="11" HEIGHT="615"></GraphicalElement >
			</PrintSpace>
		</Page>
	</Layout>
</alto>
