1078 1692
819 152 24 19 11

120 221 69 21 Anm.
207 219 41 27 1:0)
264 219 29 21 Af
307 219 39 21 den
362 219 164 21 utbalanserade
536 218 148 27 behållningen
695 219 7 20 i
713 218 160 22 hufvudkassan

204 254 39 21 har
258 255 68 19 större
344 253 69 27 delen,
430 254 69 20 såsom
519 253 120 26 utgörande
654 253 82 21 insatta
751 253 69 21 medel
835 259 39 15 un-

205 288 37 21 der
264 288 118 20 December
404 287 89 21 månads
517 293 74 15 senare
608 286 59 27 hälft,
684 287 54 21 först
754 287 67 21 under
837 287 35 26 på-

205 322 92 27 följande
314 322 89 22 Januari
419 322 77 21 månad
512 322 34 20 till
561 322 80 20 kassan
656 321 85 21 influtit.

118 358 70 21 Anm.
204 357 43 26 2:0)
263 357 75 21 Staten
354 356 32 21 för
401 356 197 27 postsparbankens
609 356 95 26 styrelse,
715 355 107 21 fastställd
833 354 40 20 den

205 393 11 19 7
241 391 119 21 December
384 392 61 25 1886,
469 393 112 24 upptager,
604 390 66 21 bland
690 392 70 24 annat,
776 389 33 21 till
825 388 49 22 aflö-

206 426 70 20 nande
293 424 23 22 af
330 427 60 19 extra
405 425 99 21 biträden
520 426 64 25 4,800
600 424 39 21 och
655 424 33 21 till
700 430 101 21 expenser
812 424 62 25 2,500

206 460 76 27 marki
311 460 68 20 Dessa
402 459 73 27 anslag
498 459 65 21 hafva
585 459 129 27 sedermera,
734 460 69 19 såsom
820 457 55 21 otill-

206 494 101 26 räckliga,
330 493 71 21 blifvit
423 493 24 21 af
475 493 120 27 Kejserliga
611 493 92 21 Senaten
719 492 104 27 förhöjda,
841 492 35 20 det

206 528 59 21 förra
286 528 34 20 för
346 528 54 21 1888
424 527 49 21 med
495 528 61 26 1,200
572 528 39 20 och
627 527 33 21 för
679 528 53 20 1889
749 527 48 21 med
813 527 62 25 4,200

207 562 67 26 mark,
292 562 35 21 det
342 568 75 15 senare
433 562 33 21 för
482 562 24 21 år
524 563 53 20 1888
593 562 48 21 med
654 563 61 25 1,000
726 562 39 20 och
776 560 33 22 för
821 561 53 21 1889

207 597 49 21 med
270 598 64 25 2,000
350 596 65 21 mark.

151 672 48 22 VIL.
229 665 111 35 Åtgärder
355 671 37 22 till
406 670 149 30 befrämjande
571 670 24 22 af
608 670 121 22 kännedom
744 676 34 16 om
792 670 55 28 post-

423 705 145 29 sparbanken.

194 752 11 20 I
228 751 99 21 ändamål
350 753 33 19 att
405 751 38 21 hos
459 750 145 22 allmänheten
619 750 73 27 sprida
707 749 120 21 kännedom
843 755 33 15 om

124 785 184 27 postsparbanken
324 785 39 21 har
378 784 77 27 utdrag
470 791 26 14 ur
511 784 84 27 Nådiga
605 784 151 26 förordningen
767 789 34 15 om
812 783 64 26 sagde

123 819 63 27 bank,
209 819 70 27 gifven
303 820 39 20 den
366 820 26 20 24
415 819 42 26 Maj
475 820 61 25 1886,
557 819 103 26 anslagits
675 819 7 20 i
697 818 130 21 förrummen
843 817 33 21 till

123 854 42 20 alla
188 853 133 26 postkontor,
337 853 198 26 postexpeditioner
550 853 38 20 och
603 853 159 26 poststationer,
778 851 75 21 införts
868 851 7 20 i

125 889 53 20 1887
203 887 34 22 års
259 887 112 22 almanack
394 888 38 21 och
448 887 6 21 i
470 887 25 21 de
511 887 32 21 för
559 887 103 21 insättare
678 887 88 21 afsedda
782 885 93 22 motböc-

124 922 72 25 kerne,
213 924 55 19 samt
283 921 179 22 tillhandahållits
478 921 100 26 samtliga
593 920 240 27 sparmärksförsäljare,
845 919 30 21 äf-

123 963 86 14 vensom
232 957 6 20 i
254 956 86 21 korthet
362 956 103 21 affattade
488 956 157 27 upplysningar,
671 956 91 20 rörande
785 954 90 26 banken,

123 991 83 26 tryckts
229 991 13 20 å
264 991 104 20 baksidan
384 990 22 21 af
420 991 135 26 sparkorten.
585 991 112 20 Dessutom
713 989 63 22 hafva
792 989 42 21 alla
850 989 25 20 de

126 1025 160 26 postanstalter,
301 1031 45 15 som
362 1025 69 21 tillika
447 1027 37 19 äro
503 1025 205 26 sparbankskontor,
725 1023 88 22 försetts
828 1023 48 21 med

124 1059 87 27 skyltar,
228 1059 128 27 angifvande
372 1059 62 22 deras
451 1059 133 21 sistnämnda
599 1059 113 27 egenskap.

400 1133 58 22 VIII.
484 1133 118 28 Styrelsen.

191 1185 110 26 Styrelsen
325 1184 32 21 för
380 1185 185 26 postsparbanken
587 1185 40 20 har
645 1184 55 21 varit
716 1182 161 23 sammansatt
866 1178 15 37 i

124 1218 95 27 enlighet
242 1219 48 20 med
309 1219 128 26 stadgandet
451 1219 7 20 i
474 1219 11 27 $
504 1219 25 20 18
546 1219 7 20 i
569 1218 62 21 ofvan
646 1218 134 27 åbberopade
796 1217 81 21 förord-

123 1253 52 26 ning
191 1253 40 20 och
246 1253 134 26 följaktligen
396 1253 91 27 utgjorts
503 1253 23 20 af
539 1253 74 21 chefen
629 1253 33 20 för
674 1252 124 27 postverket
808 1251 69 21 såsom

123 1287 129 21 ordförande
268 1287 37 21 och
321 1289 78 19 tvänne
410 1287 23 21 af
443 1287 104 22 Senatens
557 1287 268 26 Ekonomiedepartement
835 1285 43 21 till-

122 1321 132 30 förordnade
270 1322 125 26 ledamöter,
411 1321 24 22 af
448 1321 72 22 hvilka
537 1322 39 21 den
593 1328 44 19 ena,
646 1321 85 27 jemlikt
741 1327 82 15 samma
833 1320 45 27 lag-

122 1361 54 20 rum,
200 1357 77 20 utsetts
301 1356 66 21 bland
390 1356 148 21 direktörerne
561 1356 7 21 i
587 1355 165 22 Statskontoret.
781 1355 47 20 Den
843 1353 35 22 vid

122 1389 110 27 styrelsen,
249 1390 66 27 enligt
330 1392 72 19 staten
417 1390 34 21 för
466 1390 131 26 densamma,
613 1389 105 21 anställda
729 1389 100 27 personal
839 1388 39 21 har

124 1424 47 21 åter
186 1424 81 21 bestått
282 1424 24 21 af
320 1431 25 14 en
362 1425 129 25 kamrerare,
509 1424 100 26 anställd,
626 1424 76 21 liksom
710 1423 168 25 vaktmästaren,

122 1457 29 27 på
166 1459 107 20 ordinarie
293 1460 49 24 stat,
358 1465 27 15 en
401 1459 83 26 kassör,
500 1458 79 21 tillsatt
594 1457 118 22 tillsvidare
726 1457 28 27 på
770 1459 60 20 extra
846 1463 32 15 or-
