1078 1692
817 130 26 20 31

187 188 63 25 Öfver
275 192 137 20 förenämnda
433 191 141 27 inspektioner
596 191 62 21 hafva
680 191 122 21 berättelser
828 191 44 21 dels

119 226 32 20 till
168 225 191 27 Bankfullmäktige
378 226 112 20 inlemnats
506 225 39 21 och
559 225 105 27 delgifvits
680 225 193 25 Bankdirektionen,

119 260 44 20 dels
179 260 22 21 af
213 260 135 22 Direktionen
362 260 8 20 i
385 260 81 20 afskrift
481 259 96 21 tillstälts
592 259 146 27 Fullmäktige.

187 295 73 21 Ehuru
274 295 110 20 kontorens
400 294 127 26 förvaltning
543 294 66 20 under
624 300 29 14 nu
667 293 156 27 ifrågavarande
839 299 34 21 pe-

119 328 44 21 riod
178 328 86 27 fortgått
278 330 52 19 utan
344 328 65 26 några
424 328 105 26 egentliga
540 328 110 26 störingar,
661 327 122 21 föranledda
794 327 23 21 af
825 328 49 20 kon-

119 363 69 20 torens
203 363 131 26 tjenstemän,
349 362 38 20 har
402 362 30 20 ett
447 362 108 26 undantag
570 362 127 20 härutinnan
713 362 51 20 dock
779 362 34 26 egt
827 367 47 15 rum

119 396 127 21 beträffande
268 396 96 21 kontoret
384 396 8 20 i
414 395 145 26 Tammerfors,
577 396 85 20 hvarest
680 395 36 21 vid
730 396 143 26 inspektionen

120 430 40 21 den
183 431 27 21 22
231 430 60 28 April
314 430 54 21 1889
391 436 26 14 en
434 430 115 20 kassabrist
568 429 23 21 af
604 430 76 23 28,202
695 430 60 20 mark
770 429 26 21 83
811 429 63 27 penni

119 464 87 21 befanns
228 465 76 20 stanna
325 464 154 21 vederbörande
501 464 73 20 kassör
597 464 32 20 till
651 464 47 21 last,
720 464 83 20 hvilken
821 463 53 21 brist

121 498 115 22 emellertid
251 504 79 15 samma
346 498 46 26 dag,
408 498 65 20 innan
483 498 185 26 undersökningen
680 497 102 25 afslutats,
792 497 82 21 betäck-

121 533 37 20 tes.
186 532 40 20 För
244 531 156 27 ifrågavarande
419 532 140 26 förskingring
574 532 39 20 har
628 532 42 20 åtal
684 531 72 21 väckts
771 532 55 20 emot
839 531 36 21 be-

120 567 69 21 mälde
211 567 77 24 kassör,
312 572 44 15 som
374 565 23 21 af
412 566 191 20 Bankdirektionen
619 566 129 20 omedelbart
762 565 45 21 från
822 565 52 27 tjen-

121 602 56 20 stens
193 600 96 27 utöfning
304 600 169 27 suspenderades.
502 600 105 26 Föröfrigt
622 600 58 20 torde
695 600 63 20 bland
774 599 100 27 åtgärder,

121 641 44 15 som
179 634 8 21 i
202 634 112 27 anledning
330 634 22 21 af
364 634 120 20 förberörda
498 634 142 27 inspektioner
659 633 104 27 vidtagits,
778 632 97 22 särskildt

121 669 20 21 få
159 668 119 22 framhållas
298 668 24 21 de
341 668 133 23 föreskrifter,
494 668 70 20 hvilka
579 668 24 20 af
614 667 189 21 Bankdirektionen
818 666 57 21 med-

121 703 66 21 delats
209 703 95 21 kontoret
326 702 7 20 i
355 702 103 26 Uleåborg
480 702 33 20 för
535 702 133 26 afhjelpande
688 701 22 21 af
726 701 101 21 särskilda
841 700 34 21 vid

121 737 92 21 nämnda
226 737 73 21 kontor
315 742 74 21 genom
404 736 169 27 inspektionerna
588 736 41 20 den
642 736 25 20 17
680 736 38 20 och
730 736 26 20 18
767 735 44 21 Juli
821 735 55 21 samt

122 772 40 20 den
183 772 27 20 21
234 771 38 21 och
294 772 27 20 22
339 770 90 27 Augusti
449 770 54 21 1888
522 770 124 27 uppdagade
665 769 211 27 oregelbundenheter

122 806 38 20 och
174 804 202 22 missförhållanden.

191 839 18 26 e)
232 839 68 20 Sedan
318 838 76 21 vordne
412 838 129 21 Ledamoten
556 838 7 20 i
578 838 99 20 Komitén
692 838 32 20 för
738 838 66 20 finska
819 838 58 19 ären-

123 873 52 21 dena
189 873 8 20 i
213 873 31 21 S:t
258 873 128 26 Petersburg
401 872 160 21 Geheimerådet
575 878 40 15 von
629 871 123 26 Haartman,
767 877 49 19 som,
825 871 52 26 jem-

122 907 38 21 likt
174 907 114 26 Kejserlige
306 907 101 20 Senatens
422 906 40 21 den
477 906 15 21 4
506 906 59 27 April
582 905 55 22 1882
649 906 71 21 derom
731 905 57 27 gifna
798 904 78 21 förord-

122 941 75 26 nande,
211 941 97 21 förrättat
323 940 183 27 inventeringarna
521 940 35 21 vid
570 940 98 21 Bankens
684 940 72 21 kontor
771 939 7 21 i
794 939 31 21 S:t
839 939 38 20 Pe-

123 975 101 27 tersburg,
239 975 41 21 den
296 975 12 21 2
323 975 99 20 Februari
438 974 55 21 1888
509 974 102 21 frikallats
622 974 46 21 från
678 974 89 21 berörda
778 973 99 27 uppdrag.

122 1010 38 20 har
178 1009 123 26 detsamma,
317 1009 7 20 i
344 1009 93 26 enlighet
455 1009 49 20 med
521 1008 101 21 Senatens
638 1008 112 27 nästsagde
766 1008 40 26 dag
820 1006 58 21 med-

123 1043 72 22 delade
214 1043 110 21 föreskrift,
343 1042 113 21 handhafts
476 1043 23 20 af
513 1042 101 21 Senatorn
631 1042 123 21 Cederholm
768 1041 54 21 intill
837 1041 40 20 den

125 1078 26 21 14
165 1078 117 21 November
297 1077 111 26 nästsagde
424 1077 27 24 är,
463 1077 26 20 dä
500 1077 137 20 Presidenten
648 1077 39 20 och
700 1076 100 21 Senatorn
811 1074 68 21 Mont-

123 1118 85 21 gomery
229 1111 117 22 förordnats
366 1112 31 20 att
415 1111 158 26 ifrågavarande
591 1111 155 26 inventeringar
761 1109 117 22 verkställa.

123 1146 112 21 Dessutom
250 1146 62 21 hafva
326 1146 105 20 kontorets
447 1145 72 20 kassor
538 1145 3 20 i
556 1145 41 26 Maj
614 1145 76 20 mänad
706 1145 49 20 ären
772 1143 53 21 1888
841 1143 38 20 och

125 1180 54 21 1889
199 1181 55 20 samt
271 1180 7 20 i
296 1179 100 22 Februari
410 1179 76 21 mänad
502 1179 23 20 är
542 1179 55 21 1890
611 1179 127 20 inventerats
754 1177 22 22 af
788 1176 91 21 Bankdi-

123 1215 96 20 rektören
235 1213 143 28 Charpentier.

474 1271 11 26 8
503 1271 33 20 17.

192 1316 88 21 Jemlikt
301 1315 131 22 föreskriften
451 1316 8 20 i
477 1322 63 15 mom.
559 1322 11 14 c
585 1315 23 21 af
619 1315 154 21 instruktionen
786 1314 31 21 för
832 1313 48 20 Fin-

124 1350 60 21 lands
201 1350 99 21 Ständers
315 1349 191 27 Bankfullmäktige
523 1349 22 21 af
559 1349 40 21 den
611 1349 26 21 15
649 1349 87 21 Januari
750 1349 59 24 1883,
817 1347 63 20 hafva

124 1384 190 27 Bankfullmäktige
334 1383 72 26 hvarje
424 1383 83 23 månad,
527 1383 26 27 pä
571 1383 68 26 grund
658 1383 22 20 af
693 1383 97 20 Bankens
805 1381 75 20 böcker

124 1418 35 21 vid
183 1417 176 22 hufvudkontoret
384 1418 55 20 samt
464 1417 199 27 veckorapporterna
684 1417 45 20 från
751 1416 100 21 kontoren
873 1415 8 20 i

124 1452 120 21 landsorten
264 1452 121 26 genomgätt
401 1451 38 20 och
455 1451 100 26 granskat
569 1451 97 20 Bankens
682 1451 76 20 rörelse
774 1449 38 21 och
828 1449 54 20 utlä-

891 836 17 20 €)
923 834 28 17 vid
963 834 58 17 konto-

894 858 26 16 ret
932 857 5 17 i
951 857 25 16 S:t
988 857 30 16 Pe-

914 880 85 21 tersburg.

904 1311 120 22 Granskning

901 1335 23 22 af
934 1335 85 16 Bankens

904 1357 112 18 länerörelse.
