1078 1692
425 137 20 22 U.
462 137 21 21 B.
499 150 27 2 —
542 138 93 21 XXXVI.
866 138 13 20 9

497 362 64 26 Kap.
578 362 15 22 I.

380 419 115 22 Allmänna
510 419 168 28 bestämningar.

218 471 32 21 Då
273 471 133 27 utgifvandet
426 471 23 21 af
465 472 71 21 sedlar
551 472 47 21 icke
613 471 44 21 kan
673 470 103 22 hänföras
790 470 31 21 till
836 470 70 26 ,,före-
920 471 11 25 8
946 470 21 21 2.

150 499 72 22 målen
238 500 32 21 för
292 500 98 22 bankens
408 500 160 27 verksamhet",
587 500 40 21 har
643 500 42 21 den
700 500 24 20 af
737 500 109 21 Utskottet
861 500 46 20 vid-

150 531 66 25 tagna
239 528 153 28 förändringen
415 530 6 20 i
441 529 78 27 början
537 529 23 21 af
573 529 12 27 $
601 529 20 26 2,
637 529 142 27 hvarigenom
795 528 112 27 förslagets

150 557 67 21 första
232 564 65 15 mom.
314 558 125 27 inbegripits
455 558 6 21 i
477 558 42 22 den
535 558 113 21 inledande
664 560 80 24 satsen,
759 560 82 18 ansetts
854 557 53 21 nöd-

149 586 85 27 vändig.

218 615 76 27 Fjerde
312 622 64 14 mom.
398 615 45 27 (det
462 616 69 26 tredje
546 616 7 20 i
569 615 119 21 Utskottets
704 615 88 27 förslag)
808 614 56 22 afser
880 621 26 15 en

150 644 126 27 utvidgning
292 644 23 20 af
328 644 42 21 den
385 644 74 21 hittills
474 644 99 27 gällande
589 644 173 27 bestämningen,
779 644 64 26 enligt
853 644 54 20 hvil-

149 672 43 22 ken
215 674 13 20 å
247 673 79 26 vexlar,
348 679 48 15 som
416 673 145 21 diskonterats
577 673 6 21 i
599 673 93 26 banken,
709 672 117 22 erfordrats
842 672 65 21 minst

150 703 80 20 tvänne
253 702 59 20 inom
333 702 73 21 landet
421 702 88 21 bosatta
524 702 69 21 finska
609 702 155 26 medborgares
780 701 127 21 namnteck-

150 731 82 26 ningar.
262 730 32 21 Då
310 730 35 21 det
361 731 17 27 ej
395 730 44 21 kan
454 737 66 15 anses
535 731 124 26 betänkligt,
676 737 36 15 om
728 730 86 21 banken
829 730 77 21 tillåtes

150 759 125 21 diskontera
290 759 79 26 vexlar,
385 760 95 20 utstälda
495 760 24 20 af
532 760 69 20 solida
616 759 115 22 utländska
742 759 112 26 affärshus,
866 760 41 20 och

150 788 143 27 accepterade
308 788 24 21 af
344 788 99 21 inhemsk
459 788 62 21 firma
537 789 64 21 eller
594 784 13 37 i
616 788 73 21 landet
699 788 74 21 bosatt
783 788 54 20 finsk
847 788 60 21 med-

149 816 99 27 borgare,
269 816 39 21 har
328 817 108 21 Utskottet
451 818 88 20 anslutit
554 818 32 25 sig
601 817 31 21 till
647 817 202 26 bankfullmäktiges
864 816 43 22 för-

149 845 47 26 slag
214 846 5 19 i
239 845 71 21 denna
325 845 33 21 del
375 846 41 21 och
432 846 78 21 endast
526 845 106 28 aflägsnat
648 852 27 15 en
691 845 144 27 oegentlighet
852 845 4 20 i
873 851 33 16 re-

149 874 124 21 daktionen.

219 903 7 20 I
242 902 64 22 femte
322 902 84 28 (fjerde)
424 909 64 15 mom.
504 903 29 21 ha
553 903 52 21 sista
623 903 67 21 orden
710 903 67 20 blifvit
791 903 113 20 uteslutna.

149 931 33 21 Då
202 931 108 27 nämligen
329 932 5 20 i
377 931 33 22 för
426 931 63 28 öfrigt
505 931 98 22 bankens
618 932 58 21 olika
691 932 160 26 rörelsegrenar
866 937 38 15 en-

147 960 49 21 dast
211 960 130 27 uppräknas,
358 961 40 20 har
413 961 36 21 det
465 963 82 19 ansetts
559 961 88 26 onödigt
658 963 32 18 att
700 961 90 26 specielt
800 960 39 21 här
850 967 54 20 upp-

147 991 52 24 taga
221 995 27 15 en
271 989 176 28 pröfningsregel,
467 996 49 15 som
534 989 40 22 bör
589 989 108 27 tillämpas
713 989 64 22 äfven
792 989 28 26 pä
836 989 67 21 andra

147 1018 143 27 operationer.

216 1047 6 20 I
245 1047 141 26 reglementet
402 1047 39 21 har
459 1047 74 21 hittills
554 1047 90 21 saknats
660 1047 138 26 bestämning
813 1053 43 18 om,
873 1048 31 19 att

146 1075 87 21 banken
256 1075 42 21 kan
321 1075 116 22 verkställa
456 1076 167 27 inkasseringar.
653 1075 33 22 Då
705 1082 27 15 en
751 1075 56 28 dylik
823 1075 80 21 rörelse

146 1104 68 21 redan
230 1104 62 27 länge
307 1104 111 22 bedrifvits
435 1104 23 21 af
471 1105 86 20 banken
573 1105 42 21 och
631 1105 47 20 icke
693 1105 43 20 kan
747 1104 125 21 underlätas
883 1104 23 21 af

146 1138 27 15 en
199 1133 57 20 bank
278 1133 48 21 med
348 1133 116 22 utländska
487 1133 148 26 förbindelser,
659 1133 115 28 tillstyrker
796 1133 106 21 Utskottet

146 1161 202 28 bankfullmäktiges
364 1161 80 28 förslag
459 1163 54 20 häri.

215 1191 7 20 I
240 1191 80 21 nionde
335 1190 108 28 (åttonde)
459 1197 66 15 mom.
540 1191 40 20 har
595 1191 158 26 hänvisningen
769 1190 30 21 till
816 1190 25 21 12
855 1190 47 26 kap.

145 1218 24 21 H.
186 1219 21 20 B.
223 1218 67 22 blifvit
306 1219 71 27 utbytt
391 1222 47 19 mot
453 1220 37 21 det
505 1219 100 28 generela
621 1226 63 20 ,,som
699 1219 35 28 lag
750 1219 108 26 stadgar."

213 1247 7 20 I
237 1248 36 21 sitt
284 1248 138 21 betänkande
432 1249 39 21 N:o
485 1250 18 25 1,
515 1249 5 20 i
531 1248 117 27 anledning
658 1248 24 21 af
690 1248 109 21 verkstäld
810 1246 91 29 gransk-
916 1245 9 24 5

145 1275 52 27 ning
219 1276 23 21 af
263 1277 101 21 Finlands
383 1277 73 21 Banks
475 1277 90 28 styrelse
581 1277 42 21 och
638 1277 96 21 tillstånd
750 1277 53 21 åren
819 1277 83 20 1888—

146 1304 61 27 1890,
224 1305 40 21 har
279 1305 109 22 Utskottet
402 1306 69 21 redan
487 1306 100 27 framlagt
603 1306 101 26 motiven,
720 1305 89 22 hvarför
822 1311 27 16 en
860 1304 43 21 för-

145 1333 113 28 stärkning
280 1334 24 21 af
323 1334 99 21 bankens
445 1334 77 22 fonder
542 1335 69 20 måste
631 1341 63 15 anses
711 1334 130 27 nödvändig.
871 1333 31 21 Då

145 1362 68 27 sagda
234 1363 139 21 betänkande
396 1363 69 21 blifvit
485 1363 117 28 godkändt,
622 1363 62 22 torde
703 1363 108 22 Utskottet
827 1363 40 20 här
882 1362 21 21 få

144 1391 118 22 inskränka
277 1392 33 27 sig
325 1392 30 21 till
370 1394 31 19 ett
417 1391 140 28 åberopande
573 1392 23 21 af
609 1392 57 21 hvad
678 1392 122 21 detsamma
810 1391 92 21 rörande

145 1419 71 22 denna
235 1420 61 27 fråga
314 1421 123 21 innehåller.
469 1421 12 27 $
497 1421 14 21 3
526 1421 72 27 skiljer
613 1421 33 26 sig
661 1420 57 28 förty
733 1420 49 21 från
797 1419 106 22 bankfull-

144 1449 106 26 mäktiges
266 1449 79 27 förslag
361 1449 77 22 endast
454 1449 51 27 deri,
523 1452 30 19 att
564 1449 156 28 grundfonden,
732 1449 5 20 i
750 1449 93 26 enlighet
854 1449 49 21 med

213 1488 149 18 Bankutskottets
374 1489 109 17 betänkande
496 1489 33 17 N:o
543 1489 17 17 2.

915 1247 11 23 VÄ

943 1245 20 20 =
