1078 1692
229 139 27 20 42
573 139 14 27 I

201 206 100 22 verförda
323 208 37 20 två
382 208 105 21 millioner
509 208 68 27 mark,
602 214 25 15 en
650 208 80 21 million
754 208 121 21 sexhundra
893 210 63 19 tusen

202 242 62 20 mark
287 242 35 21 må
336 242 34 21 för
384 242 101 21 bildande
501 242 22 21 af
536 242 138 22 kommunala
688 242 125 22 lånefonder
833 242 85 21 utlånas
934 243 22 20 åt

202 276 161 21 vederbörande
378 277 126 21 kommuner
520 278 45 20 mot
580 277 113 21 kommuns
708 283 158 21 gemensamma
881 283 75 14 ansva-

202 310 70 28 righet
295 311 38 21 och
357 311 120 27 skyldighet
500 312 17 26 ej
537 312 84 20 mindre
639 313 33 19 att
688 312 12 20 å
716 312 89 20 erhållet
819 312 36 20 lån
872 312 85 26 erlägga

201 352 82 14 samma
298 347 65 20 ränta
378 346 51 21 eller
443 348 33 19 tre
486 349 97 24 procent,
595 352 46 16 som
652 346 188 27 utlåningsfonden
851 346 33 21 för
895 346 62 21 dessa

201 380 68 21 medel
293 380 84 22 betalar
400 381 22 20 åt
444 381 83 27 Fattig-
543 381 39 21 och
602 380 200 27 arbetshusfonden,
819 383 27 19 än
862 381 40 21 ock
917 382 39 23 att,

201 414 7 21 i
225 414 100 22 afseende
341 416 13 20 å
368 415 140 21 lånefondens
523 415 131 27 förvaltning
664 416 39 20 och
713 415 155 21 lånerörelsens
879 415 78 21 bedrif-

202 449 76 27 vande,
302 450 64 21 ställa
388 450 32 27 sig
442 450 33 21 till
498 449 144 22 efterrättelse
664 450 26 21 de
710 452 99 19 närmare
824 450 134 21 föreskrifter

203 483 101 28 Senaten,
320 485 7 20 i
342 484 151 27 hufvudsaklig
508 484 221 22 öfverensstämmelse
740 485 48 21 med
798 484 79 27 nådiga
888 485 69 21 cirku-

202 518 116 22 lärbrefvet
334 519 23 21 af
370 519 41 21 den
428 520 25 20 26
465 519 51 21 Juni
529 520 60 26 1885,
602 520 110 26 angående
722 519 101 21 bildande
834 518 23 22 af
865 519 93 27 odlings-

202 553 76 21 fonder
294 554 57 21 inom
367 554 219 21 landskommunerna
601 554 47 21 med
664 554 143 21 låneförskott
821 560 27 15 ur
859 555 99 20 statsme-

203 588 39 27 del,
260 595 50 21 eger
325 588 97 27 utfärda;
438 591 56 19 samt

274 625 33 19 att
323 624 137 21 återstående
475 623 198 27 fyrahundratusen
688 624 62 20 mark
765 624 35 20 mä
816 623 22 21 af
845 623 113 21 Statskon-

203 659 58 20 toret
284 658 93 28 utgifvas
400 659 71 21 såsom
493 658 36 21 län
546 659 22 20 ät
584 658 95 22 enskilde
691 658 146 28 jordbrukare
852 658 28 26 pä
894 658 64 27 högst

204 694 26 19 20
246 693 25 20 år
288 695 56 19 emot
360 694 33 20 tre
408 693 39 21 och
463 699 26 15 en
505 693 46 21 half
563 695 101 25 procents
680 695 64 19 ränta
760 695 55 19 samt
831 692 26 21 de
872 692 85 21 vilkor
944 688 17 36 i

202 726 71 28 öfrigt,
290 727 92 21 Senaten
398 728 42 20 kan
457 727 59 21 finna
531 728 80 26 skäligt
626 727 134 22 föreskrifva.

340 790 162 22 Presteståndet

202 830 39 21 har
264 831 33 20 uti
316 830 110 22 skrifvelse
442 831 23 21 af
482 832 40 20 den
539 833 26 20 26
581 832 42 27 Maj
642 832 53 20 1888
711 832 7 20 i
734 831 170 26 underdånighet
921 838 37 13 an-

202 864 61 21 hållit
279 867 33 18 att
328 865 26 21 de
369 867 85 25 prester
470 866 38 20 och
523 865 103 27 prestbol,
642 865 71 22 hvilka
728 865 115 22 innehafva
854 865 104 21 del
891 860 14 37 i
913 865 45 21 lax-

203 898 83 23 fiskena
301 900 32 21 uti
349 900 67 27 Kemi,
434 900 37 27 Ijo,
488 901 64 26 Simo,
568 901 134 21 Kuivaniemi
715 900 39 22 och
763 901 143 26 Haukipudas
922 900 36 21 elf-

202 939 38 15 var
256 933 110 22 äfvensom
382 935 131 26 skärgården
529 935 89 21 utanför
634 935 114 27 desamma,
764 935 67 21 blefve
841 935 35 21 vid
888 935 70 20 denna

203 967 47 22 dem
266 969 130 21 tillhörande
410 969 82 22 förmån
509 970 127 21 bibehållna.

274 1003 29 21 Af
317 1003 121 28 åberopade
457 1004 110 21 skrifvelse
585 1004 101 28 framgår,
703 1006 33 19 att
752 1005 40 20 den
808 1004 150 27 underdåniga

201 1037 120 26 petitionen
337 1037 119 23 föranledts
476 1039 61 21 deraf
551 1040 33 20 att
599 1039 83 21 kronan
698 1039 82 27 tillsagt
796 1039 26 21 de
837 1039 121 26 lägenhets-

201 1071 146 28 innehafvare,
363 1073 72 21 hvilka
450 1073 97 28 begagna
563 1074 94 21 nämnda
672 1073 74 27 fisken,
764 1075 32 20 att
807 1073 86 21 dermed
904 1079 54 21 upp-

202 1105 54 22 höra
272 1107 41 21 den
331 1109 25 20 14
372 1107 58 22 Mars
448 1109 53 20 1888
518 1108 39 21 och
574 1108 85 21 afträda
674 1109 109 20 desamma
798 1107 33 22 till
846 1108 90 21 kronan.

274 1141 60 22 Efter
358 1142 36 21 det
416 1142 94 22 Senaten
531 1143 48 21 med
598 1143 115 27 anledning
728 1142 64 22 häraf
805 1143 32 20 uti
853 1142 106 21 underdå-

202 1176 36 27 nig
261 1176 111 22 skrifvelse
395 1176 23 22 af
434 1177 41 21 den
497 1178 24 20 17
545 1177 104 22 Februari
674 1179 54 20 1890
744 1177 87 26 anmält,
849 1178 38 25 att,
904 1183 55 15 eme-

203 1209 41 22 dan
261 1211 97 21 kronans
369 1211 59 21 talan
440 1218 35 15 om
489 1212 73 21 bättre
578 1213 45 20 rätt
638 1212 32 21 till
681 1211 164 28 ifrågavarande
856 1210 101 22 laxfisken

201 1246 111 25 gentemot
336 1246 25 21 de
384 1246 257 27 lägenhetsinnehafvare,
664 1247 72 21 hvilka
755 1246 108 21 innehade
878 1246 33 21 del
927 1246 31 21 uti

202 1279 116 27 desamma,
334 1279 110 22 befunnits
464 1281 79 26 tvistig,
561 1281 65 21 saken
643 1281 151 21 öfverlemnats
810 1280 32 21 till
858 1281 100 26 pröfning

201 1313 7 20 i
224 1313 152 28 domstolsväg,
393 1315 56 20 samt
466 1316 39 25 att,
522 1317 52 19 enär
589 1315 130 27 prestbolen,
732 1315 66 26 enligt
808 1314 56 21 hvad
875 1315 31 20 uti
918 1315 41 20 den

201 1347 150 28 underdäniga
376 1349 230 26 petitionsskrifvelsen
629 1348 206 30 vidhandengifvits,
851 1348 55 22 hade
926 1349 34 20 del

200 1382 7 21 i
230 1382 142 22 omförmälda
394 1383 67 22 fisken
481 1384 69 21 under
569 1384 113 21 enahanda
697 1383 75 26 vilkor,
788 1389 46 15 som
851 1383 25 21 de
892 1382 68 27 öfriga

197 1416 213 28 jordlägenheterna,
422 1417 60 22 äfven
498 1418 135 27 prestbolens
648 1420 46 20 rätt
709 1418 32 21 uti
752 1417 95 22 nämnda
857 1417 102 22 laxfisken
