1078 1692
195 135 14 22 4
440 136 23 22 U.
478 136 23 22 B.
518 149 26 3 —
560 137 94 23 XXXVL

374 204 67 28 inköp
457 205 40 21 och
514 205 128 28 försäljning
657 205 25 22 af
694 206 103 27 myntadt
806 206 36 22 ock
852 213 73 21 omyn-

375 240 47 20 tadt
440 240 53 27 guld
512 240 41 21 och
573 240 73 22 silfver
660 242 60 20 samt
736 240 25 28 af
776 240 148 28 obligationer,

376 273 113 28 kuponger
510 274 41 22 och
575 275 78 27 sedlar,
673 274 97 28 lydande
784 275 15 21 &
813 275 62 28 ryskt
888 275 37 21 och

375 308 140 28 främmande
537 308 64 23 lands
623 311 63 26 mynt
711 310 131 22 bestämmas
857 310 25 22 af
895 310 30 22 di-

376 342 119 22 rektionen.

519 413 12 27 S
547 412 35 22 34.

239 462 185 28 Borgareståndet
437 463 40 22 har
492 464 169 21 återremitterat
676 464 12 28 $
704 464 35 21 för
750 466 32 19 att
794 464 81 22 erhålla
886 471 39 14 un-

172 496 61 28 gefär
256 496 96 28 följande
374 498 89 28 lydelse:
484 498 120 28 Anvisning
625 501 55 19 samt
696 498 60 22 bevis
771 498 60 22 öfver
845 498 81 22 insatta

171 531 123 28 penningar
310 534 55 19 samt
380 533 73 27 öppna
469 533 40 21 och
525 533 72 21 slutna
613 533 149 27 depositioner
776 533 88 22 kunna
855 527 11 38 i
877 533 49 28 laga

172 566 93 27 ordning
280 573 18 14 o.
314 573 17 15 s.
346 574 19 14 v.
382 566 66 28 enligt
464 567 121 22 Utskottets
601 567 87 28 förslag.

239 606 35 22 Då
293 606 121 22 Utskottets
433 607 82 27 förslag
529 607 109 27 godkänts
652 614 80 21 genom
747 610 33 19 tre
795 608 79 21 Stånds
890 607 36 22 be-

173 640 49 28 slut,
238 642 26 20 är
280 640 72 22 vidare
368 642 76 26 åtgärd
459 642 19 27 ej
495 641 110 29 påkallad.

520 717 12 27 s
547 717 35 21 39.

241 768 161 21 Presteständet
416 768 39 21 har
471 770 71 20 ansett
557 769 70 21 andra
643 775 63 15 mom.
722 768 54 22 böra
791 768 81 22 erhålla
884 769 42 21 den

172 801 81 28 lydelse
276 803 37 20 det
335 802 40 22 har
396 802 7 21 i
426 802 207 28 bankfullmäktiges
655 802 90 28 förslag,
768 804 24 20 så
811 805 33 19 att
860 803 66 21 orden

174 836 75 27 »hvart
264 837 50 20 med
329 837 37 21 två
380 836 58 22 olika
453 837 44 20 läs*
513 836 71 22 skulle
599 838 58 25 utgå.

241 876 76 21 Ehuru
333 877 12 27 8
360 883 77 21 genom
452 879 33 20 tre
502 877 80 22 Stånds
597 877 71 22 beslut
684 878 24 20 är
723 877 107 27 godkänd,
841 877 40 22 har
891 877 38 22 Ut-

173 910 88 26 skottet,
281 911 64 21 hvars
364 912 193 27 uppmärksamhet
575 912 70 21 blifvit
660 911 73 22 fästad
750 912 28 27 på
793 911 56 22 vissa
864 911 65 28 prak-

173 945 57 21 tiska
246 945 48 22 skäl
308 945 33 22 till
356 946 91 28 ändring
463 947 24 21 af
500 947 166 27 ifrågavarande
682 953 71 18 mom.,
766 953 34 14 om
811 946 40 21 ock
861 947 18 27 ej
892 953 35 14 en-

172 979 41 27 ligt
232 980 50 21 dess
300 979 80 28 lydelse
402 981 7 20 i
431 981 207 27 bankfullmäktiges
655 980 88 27 förslag,
760 982 54 19 trott
829 981 32 27 sig
876 981 53 21 böra

173 1013 40 22 hos
235 1014 101 29 samtliga
358 1014 72 22 Stånd
449 1015 80 22 föreslå
545 1015 96 28 följande
656 1014 116 22 redaktion
788 1014 33 22 för
836 1016 13 20 2
864 1022 63 14 mom.

174 1048 9 21 i
197 1049 14 26 $
226 1049 38 22 39:

451 1101 102 22 Bankens
567 1101 70 28 öfriga
649 1101 74 21 förräd
736 1101 25 21 af
772 1101 52 27 guld
835 1101 39 21 och
885 1101 45 21 silf-

380 1142 43 21 ver,
450 1137 99 27 myntadt
575 1135 40 22 och
638 1136 118 27 omyntadt,
779 1135 150 28 kopparmynt,

382 1170 78 26 sedlar,
477 1167 140 31 statspapper
633 1170 39 21 och
689 1169 144 28 obligationer
849 1170 33 21 stä
892 1177 38 14 un-

382 1205 37 21 der
441 1205 162 21 vederbörande
625 1204 87 21 kassörs
735 1205 53 20 värd
802 1204 41 21 och
859 1204 71 28 tillsyn

382 1239 40 21 och
447 1239 98 22 förvaras
569 1239 8 21 i
604 1239 114 21 brandfria
744 1238 65 26 hvalf,
831 1239 100 27 försedda

382 1273 66 22 hvart
468 1274 47 21 med
531 1274 36 21 tvä
582 1273 58 22 olika
656 1273 38 27 läs,
712 1273 34 22 till
760 1273 80 26 hvilka,
857 1273 74 22 liksom

382 1308 34 21 till
430 1309 25 21 de
471 1309 8 21 i
494 1308 103 28 hvalfven
610 1308 111 28 befintliga
732 1307 123 28 kassaskäp,
867 1308 65 28 nyck-

381 1343 62 21 larna
465 1343 201 26 omhänderhafvas,
690 1343 36 21 vid
749 1342 183 22 hufvudkontoret

382 1377 25 22 af
424 1377 165 22 kommissarien
605 1377 40 22 och
660 1377 166 22 öfverkassören
841 1377 41 21 och
896 1377 35 22 vid

382 1411 231 28 afdelningskontoren
639 1411 24 22 af
685 1411 161 22 vederbörande
871 1411 61 22 kom-

382 1446 97 21 missarie
495 1446 40 21 och
551 1446 81 21 kassör.

245 1485 149 18 Bankutskottets
405 1485 109 18 betänkande
526 1485 33 18 N:o
573 1487 16 17 .2
