1078 1692
75 907 91 22 Prägling
179 907 24 22 af

78 929 73 22 silfver-
163 930 32 17 och

73 952 132 23 kopparskilje-

107 977 58 20 mynt.

246 130 28 21 20

218 192 36 21 det
268 192 98 22 Bankens
381 192 246 27 sedelförbränningsugn
643 192 6 20 i
664 192 100 21 Februari
774 192 77 22 månad
862 193 54 21 1889
926 192 47 22 blif-

217 227 31 20 vit
265 226 8 21 i
291 227 87 27 ordning
394 227 54 21 stäld
463 226 95 27 sålunda,
574 228 31 19 att
620 226 120 21 förberörda
756 228 34 20 rör
805 226 23 22 af
841 227 74 21 eldfast
929 228 43 20 lera

218 260 82 27 utbytts
321 262 44 20 mot
388 267 25 15 en
432 261 64 21 retort
515 260 23 22 af
551 261 53 26 jern,
620 267 44 14 som
679 260 85 21 försetts
779 261 48 21 med
843 262 29 20 ett
887 261 86 21 dubbelt

217 295 47 21 lock
279 295 38 21 och
333 295 61 21 säkra
409 295 36 25 lås,
457 295 38 21 allt
509 294 32 21 för
557 301 25 15 en
598 294 88 22 kostnad
702 294 23 22 af
738 295 61 25 1,048
819 296 63 24 mark,
898 295 75 26 afprof-

217 328 63 21 vades
297 328 67 22 denna
380 336 42 20 ugn
437 329 40 21 den
492 329 27 21 21
535 329 7 20 i
559 335 80 15 samma
653 329 77 20 månad
745 329 23 21 af
775 329 197 26 Bankfullmäktige,

217 362 73 21 dervid
308 362 95 22 förslitna
421 363 42 21 fem
481 363 70 21 marks
569 363 69 21 sedlar
656 363 32 20 till
704 364 30 20 ett
749 363 73 27 belopp
838 363 23 21 af
875 364 11 27 +
901 362 71 27 miljon

217 396 60 21 mark
295 396 127 22 förbrändes.
451 397 56 21 Enär
525 403 76 21 genom
621 397 137 21 omförmälda
776 397 150 27 profbränning
940 398 33 19 ut-

217 431 77 25 röntes,
307 431 31 20 att
355 430 156 28 ifrågavarande
526 438 43 20 ugn
585 438 36 14 var
636 431 31 21 för
684 431 119 21 ändamålet
818 431 48 21 fullt
881 431 91 21 använd-

217 464 43 26 bar,
276 464 7 21 i
298 464 35 22 det
348 466 31 20 att
394 466 138 26 sedelpartiet,
547 472 45 14 som
607 466 7 20 i
630 466 90 20 retorten
735 466 82 24 insatts,
832 466 34 20 vid
877 466 95 20 densam-

217 505 46 14 mas
283 499 108 27 öppnande
411 499 87 27 påföljde
517 506 86 20 morgon
622 499 88 22 befanns
728 499 133 27 fullständigt
878 499 94 25 förtärdt,

217 532 63 21 hafva
302 533 189 27 Bankfullmäktige
515 533 123 25 sedermera,
660 534 52 20 efter
731 534 57 20 hand
811 540 44 14 som
876 534 96 20 förslitna

218 566 69 21 sedlar
309 567 32 20 till
358 567 87 21 Banken
464 568 110 20 inkommit
592 568 38 20 och
649 568 83 26 aflagts,
750 568 48 21 lätit
816 568 106 27 uppräkna
937 568 35 20 det

218 600 108 27 befintliga
348 601 90 21 förrädet
460 602 69 26 dylika
553 602 74 24 sedlar,
645 602 70 20 hvilka
738 602 89 20 derefter
845 602 127 21 omedelbart

217 634 105 22 förbränts
336 636 32 20 uti
382 635 119 21 förberörda
517 642 48 20 ugn.
596 636 110 27 Uppgifter
722 642 33 14 om
770 636 100 27 beloppen
885 636 87 20 sälunda

217 668 113 22 förbrända
345 670 68 20 sedlar
427 670 48 26 ingä
490 670 7 20 i
512 670 202 26 Bankfullmäktiges
730 670 99 26 protokoll
844 670 31 20 för
890 670 40 20 den
944 670 26 21 21

217 703 105 25 Februari,
341 704 28 20 20
387 704 62 25 Mars,
469 704 25 21 14
512 704 57 25 Juni,
589 704 26 21 15
633 704 95 26 Augusti,
745 704 26 21 19
786 704 89 21 Oktober
890 704 38 20 och
946 704 25 21 12

217 736 115 22 December
352 737 54 22 1889
424 739 54 19 samt
497 738 40 20 den
557 738 26 21 19
601 738 62 24 Mars,
682 738 26 21 27
728 738 90 26 Augusti
836 738 36 21 och
889 738 27 21 10
930 738 41 21 De-

218 772 82 20 cember
317 772 59 21 1890.

573 853 11 26 s
599 839 20 45 9.

286 909 94 20 Emedan
402 909 31 20 för
456 909 102 21 rörelsens
576 909 7 20 i
601 909 100 20 Finlands
719 909 61 20 Bank
795 909 110 21 oafbrutna
920 916 51 20 upp-

216 942 140 21 rätthällande
372 943 95 27 prägling
483 943 22 20 af
518 943 131 27 silfvermynt
664 943 32 20 till
712 943 28 22 50
756 943 38 21 och
809 943 28 21 25
852 943 72 27 pennis
936 949 35 15 va-

216 976 55 21 lörer
294 976 105 22 äfvensom
422 977 22 20 af
463 977 138 27 kopparmynt
619 977 7 20 i
644 977 14 21 5
677 977 38 21 och
732 978 9 19 1
758 977 63 27 penni
837 977 85 27 stycken
936 978 36 20 be-

216 1010 61 21 fanns
300 1011 126 27 erforderlig,
444 1011 61 21 hafva
525 1011 197 27 Bankfullmäktige,
741 1011 26 27 pä
782 1011 154 26 framställning
951 1011 23 20 af

215 1044 197 26 Bankdirektionen,
427 1045 31 20 uti
473 1045 106 20 skrifvelse
595 1045 32 20 för
642 1045 40 21 den
697 1045 27 21 31
741 1045 116 21 December
868 1045 54 21 1887
933 1045 38 20 hos

215 1078 78 21 Finans
306 1079 149 26 Expeditionen
466 1079 7 20 i
483 1079 116 26 Kejserliga
611 1079 90 21 Senaten
712 1079 80 21 anmält
802 1086 33 14 om
845 1079 95 21 behofvet
951 1079 23 20 af

286 1113 91 25 500,000
385 1113 65 32 mark
468 1113 131 27 silfivermynt
616 1113 7 20 i
638 1114 28 20 50
680 1113 63 27 penni
760 1113 91 27 stycken,

284 1146 92 23 300,000
419 1163 10 9 ,
527 1163 10 9 4
614 1163 11 9 n
637 1148 27 21 250
708 1163 10 9 »
796 1163 9 8 ”

287 1181 89 24 100,000—
420 1197 10 8 ,
459 1181 139 27 kopparmynt
613 1197 10 9 ,,
649 1181 13 21 5
706 1196 11 10 »
794 1197 10 9 5
864 1181 38 20 och

298 1214 78 26 50,000
528 1231 11 9 ”
616 1231 10 9 »
653 1216 11 19 1
710 1231 10 9 »
797 1230 10 9 ”

213 1248 113 21 hvarutom
344 1249 146 27 Fullmäktige,
508 1250 49 20 enär
577 1249 117 21 sedermera
710 1249 78 26 jemväl
803 1249 91 20 förrådet
908 1249 23 21 af
945 1250 26 20 10

214 1282 64 27 penni
301 1283 86 26 stycken
406 1283 70 21 visade
495 1283 32 27 sig
546 1283 91 21 erfordra
655 1283 148 26 förstärkning,
819 1283 31 20 uti
865 1283 105 21 skrifvelse

214 1317 33 20 till
268 1316 128 21 förbemälde
418 1317 123 27 Expedition
559 1317 24 20 af
599 1317 40 21 den
657 1317 27 21 28
703 1317 90 26 Augusti
811 1316 53 21 1889
880 1317 90 21 anmälte

214 1357 34 14 om
263 1350 97 21 behofvet
375 1351 23 20 af

316 1384 78 25 50,000
408 1385 59 20 mark
482 1385 138 27 kopparmynt
634 1385 7 20 i
658 1385 26 21 10
699 1385 62 27 penni
778 1385 92 27 stycken.

282 1418 12 21 I
309 1418 114 27 anledning
438 1419 62 21 häraf
512 1419 94 27 uppdrog
621 1417 117 29 Kejserliga
755 1419 98 25 Senaten,
863 1419 65 26 enligt
938 1419 33 20 Fi-

213 1457 54 15 nans
282 1452 161 27 Expeditionens
459 1453 32 21 till
506 1453 191 27 Bankfullmäktige
713 1453 78 21 aflätna
806 1453 118 21 skrifvelser
939 1453 32 20 för
