1078 1692
839 147 23 20 15

274 211 116 26 bättringar
405 212 7 18 i
426 211 135 19 landtbruket
575 218 24 12 ur
617 211 77 19 fonden
717 211 98 25 utgifvas,
838 210 53 20 dock

274 247 37 21 att,
333 252 35 13 om
391 245 124 27 synnerliga
533 246 47 19 skäl
597 246 68 19 dertill
681 245 136 23 förekomma,
833 244 58 20 låne-

274 280 96 25 beloppet
386 278 34 21 må
435 279 62 26 höjas
513 280 32 19 till
563 279 60 23 1,000
639 280 69 23 mark;

342 315 29 18 att
393 313 36 20 lån
451 314 158 25 öfverstigande
631 314 41 19 400
694 314 61 19 mark
770 314 19 25 ej
806 312 35 20 må
855 313 36 19 be-

275 347 63 26 viljas
359 348 49 20 med
430 348 82 19 mindre
533 348 153 26 läneagronom
710 348 51 19 eller
783 354 69 13 annan
870 347 24 19 af

274 382 130 25 guvernören
420 382 101 26 antingen
533 382 130 20 omedelbart
678 382 52 20 eller
740 380 27 27 på
777 381 115 20 framställ-

274 416 52 25 ning
341 416 23 19 af
376 416 230 20 kommunalnämnden
622 416 69 20 dertill
703 416 77 19 utsedd
790 422 101 20 agronom

274 450 51 20 eller
347 450 81 26 kunnig
450 450 136 25 jordbrukare
608 451 99 25 uppgjort
726 450 50 26 plan
791 450 32 20 till
837 450 53 19 före-

274 485 58 25 taget
348 484 40 20 och
403 485 118 19 detsamma
536 485 102 23 förordat;

343 520 30 18 att
396 518 12 20 å
425 518 69 24 lånen,
517 525 47 14 som
586 518 21 21 få
630 518 94 26 åtnjutas
746 519 7 19 i
768 518 65 26 högst
857 518 34 26 sju

274 551 34 21 års
324 553 36 23 tid,
383 553 98 25 erläggas
497 553 12 19 3
525 553 37 26 9/,,
577 555 87 24 procent
678 553 7 19 i
701 554 61 18 ränta
784 559 34 13 om
841 551 49 24 året,

275 587 59 19 deraf
354 587 64 26 högst
440 586 37 28 /,,
493 589 85 24 procent
600 586 35 20 mä
657 587 110 20 användas
788 587 33 19 till
849 587 41 19 för-

274 621 263 26 valtningskostnadernas
552 622 144 23 bestridande;
712 623 56 18 samt

344 657 30 18 att
388 656 113 19 berättelse
516 656 41 20 och
572 656 136 26 redovisning
725 656 58 20 öfver
801 655 89 20 fondens

274 689 97 27 utläning
386 690 40 20 och
440 690 129 26 förvaltning
584 689 81 27 ärligen
686 690 56 20 skall
761 690 32 19 till
814 695 76 21 guver-

274 725 66 19 nören
355 725 97 25 afgifvas.

207 792 42 22 4:0)
270 793 111 23 Kommun,
404 799 46 13 som
465 793 32 19 för
511 793 100 19 bildande
626 793 22 19 af
661 792 136 26 odlingsfond
811 791 79 20 önskar

138 826 85 20 komma
238 827 7 18 i
260 826 123 27 ätnjutande
406 828 22 18 af
447 826 42 24 län,
513 833 49 19 eger
584 827 64 19 innan
668 826 109 26 utgängen
795 826 22 19 af
830 826 60 19 inne-

137 861 92 19 varande
252 860 22 20 är
296 861 73 20 därom
391 861 39 20 hos
452 862 131 25 guvernören
606 861 119 26 skriftligen
740 860 87 23 ansöka,
851 859 40 20 och

137 893 82 28 äligger
241 895 35 20 det
298 896 90 19 därefter
409 896 131 25 guvernören
562 897 31 18 att
615 894 27 27 pä
664 894 85 27 engäng
770 894 121 25 handlägga

138 929 42 19 alla
202 929 108 20 inkomma
332 929 193 26 läneansökningar
547 931 62 22 samt,
631 930 51 19 efter
704 929 97 26 pröfning
823 929 24 18 af
865 928 26 19 de

138 963 70 20 skilda
222 964 163 19 kommunernas
401 963 68 24 behof,
484 964 67 19 under
561 964 137 25 iakttagande
709 965 30 18 att
749 963 41 20 den
802 968 88 17 summa,

138 1004 46 13 som
200 999 6 18 i
222 997 150 20 ofvanstäende
388 997 65 20 mätto
469 997 27 27 pä
510 998 58 19 länet
582 998 108 23 fördelats,
706 997 91 20 likasom
809 997 41 20 ock
860 998 31 18 att

138 1032 182 26 maximibeloppet
342 1033 32 18 för
396 1032 73 26 hvarje
489 1033 102 19 kommun
613 1032 48 20 icke
676 1031 148 26 öfverskrides,
840 1031 52 19 fast-

139 1067 63 19 ställa
216 1067 36 19 det
266 1066 74 26 belopp
355 1066 73 26 hvarje
443 1065 132 21 länsökande
590 1067 101 19 kommun
706 1067 38 18 bör
759 1064 80 21 erhälla
851 1065 40 19 och

139 1101 72 19 därom
226 1101 44 19 före
285 1101 40 19 den
343 1101 9 19 1
369 1107 56 13 mars
443 1100 53 20 1891
512 1101 122 19 underrätta
648 1100 102 20 Finlands
763 1099 130 20 statskontor

139 1135 109 19 äfvensom
270 1135 155 19 vederbörande
447 1135 130 22 kommuner,
598 1135 48 19 med
661 1134 107 20 föreskrift
783 1134 31 19 för
829 1133 64 20 dessa

139 1170 30 18 att
184 1169 32 19 till
234 1169 131 26 guvernören
380 1169 109 19 inkomma
505 1169 47 19 med
567 1169 139 25 fullständiga
718 1167 176 26 länehandlingar

139 1202 12 20 &
167 1203 26 19 de
208 1202 22 20 ät
244 1203 152 19 kommunerna
410 1203 106 25 beviljade
531 1203 109 25 beloppen.

207 1237 69 19 Dessa
298 1236 175 26 länehandlingar
495 1237 103 19 insändas
614 1237 119 19 sedermera
748 1237 23 18 af
788 1236 105 25 guvernö-

139 1277 37 13 ren
190 1271 34 18 till
238 1271 159 23 statskontoret,
417 1277 52 17 som,
491 1271 72 19 därest
585 1271 26 19 de
633 1271 95 20 befinnas
750 1269 144 26 fullständiga,

139 1305 32 19 till
197 1306 131 24 guvernören
351 1305 118 20 remitterar
490 1305 150 20 motsvarande
661 1305 103 20 kontanta
779 1303 69 20 medel
863 1304 32 19 för

139 1340 30 18 att
189 1345 76 19 genom
282 1340 144 25 guvernörens
441 1339 83 26 försorg
539 1339 32 19 till
586 1339 156 20 vederbörande
760 1339 134 19 kommuner-

139 1373 92 26 utgifvas
247 1375 43 18 mot
306 1373 122 26 gvittanser,
444 1379 46 14 som
503 1373 51 20 böra
569 1373 32 19 till
612 1373 152 20 statskontoret
775 1373 7 19 i
792 1371 102 21 afseende

139 1406 13 21 å
167 1407 69 20 förvar
251 1407 144 20 öfversändas.
