1078 1692
820 136 27 22 69

472 201 12 27 8
499 201 34 21 20.

197 242 87 22 Banken
299 244 24 19 är
338 242 114 26 förpligtad
468 242 31 20 att
515 240 57 22 såväl
587 240 36 21 vid
638 239 178 22 hufvudkontoret
830 244 44 15 som

131 277 34 21 vid
182 276 222 27 afdelningskontoren
421 276 56 20 inom
494 275 72 21 landet
581 274 35 21 vid
631 274 114 21 anfordran
756 273 46 21 med
812 272 64 22 finskt

130 311 110 27 guldmynt
254 311 68 21 inlösa
338 310 45 21 sina
398 310 77 21 sedlar.

197 346 41 21 Vid
254 344 224 27 afdelningskontoren
494 343 34 21 må
543 343 60 26 dock,
619 343 7 20 i
641 336 101 27 händelse
758 343 66 20 större
839 340 37 22 be-

130 380 49 26 lopp
198 379 108 26 samtidigt
324 379 32 21 till
376 378 81 21 inlösen
477 378 86 26 företes,
579 377 47 21 med
646 376 108 22 sedlarnes
771 375 104 26 invexling

131 414 66 26 anstå,
216 414 104 20 intilldess
341 412 208 27 kassaförstärkniog
567 412 7 20 i
593 411 117 22 metalliskt
728 412 57 26 mynt
801 410 74 21 hunnit

130 447 47 22 från
191 447 180 22 hufvudkontoret
385 446 92 22 inträffa.

473 510 11 27 8
500 510 33 21 21.

199 550 124 27 Banksedel,
343 556 45 16 som
406 552 24 19 är
449 550 92 26 söndrig,
557 550 55 21 skall
631 550 86 26 inlösas,
736 548 88 22 säframt
839 554 37 15 an-

129 585 71 27 tingen
224 585 55 21 bäda
300 584 183 22 underskrifterna
503 584 66 27 jemte
592 584 79 22 endera
693 590 108 15 nummern
823 582 53 22 eller

129 620 66 26 högra
210 625 109 15 nummern
332 619 66 27 jemte
414 618 67 27 nägon
497 619 34 21 del
547 618 22 22 af
581 618 182 22 underskrifterna
773 618 101 20 inlemnas

129 654 204 26 sammanhängande
349 655 55 19 samt
418 653 85 21 sedelns
518 654 59 20 valör
592 653 70 21 tillika
674 652 42 22 kan
726 651 148 26 tillförlitligen

129 688 105 26 urskiljas.
256 688 94 26 Uppstär
364 687 73 21 tvifvel
453 694 34 14 om
503 687 69 22 sedels
587 687 105 27 giltighet,
703 686 121 22 ankommer
839 685 37 21 det

129 722 27 26 pä
178 722 189 26 bankfullmäktige
389 723 37 25 att,
445 722 55 21 efter
522 722 156 26 framställning
697 721 23 21 af
736 720 139 31 direktionen,

130 756 74 26 afgöra
218 756 104 21 huruvida
338 756 64 20 sädan
418 756 58 21 sedel
493 756 55 21 skall
563 756 23 20 af
599 756 83 20 banken
697 755 86 21 inlösas.

197 790 105 22 Försliten
325 790 53 22 eller
400 790 86 26 söndrig
509 790 59 22 sedel
591 790 34 21 mä
646 790 19 26 ej
684 790 7 20 i
710 789 93 22 rörelsen
821 788 53 27 änyo

130 825 110 20 utlemnas.

471 881 12 27 &
499 882 34 21 22.

197 921 31 21 Pä
246 921 132 22 direktionen
396 922 123 21 ankommer
537 923 32 20 att
583 921 87 27 vidtaga
684 921 78 27 nödiga
776 919 99 28 ätgärder

130 955 33 21 för
185 956 232 27 sedeltillverkningen;
441 963 46 14 men
511 956 7 21 i
540 956 72 27 frågor
635 956 22 21 af
674 958 69 19 större
762 955 43 26 vigt
823 955 52 21 eller

129 990 37 21 der
189 989 33 22 för
244 991 120 20 ändamålet
386 991 101 21 särskildt
510 991 74 26 anslag
603 991 23 21 af
643 991 94 20 bankens
757 989 67 22 medel
843 995 32 15 er-

127 1023 91 27 fordras,
233 1024 81 27 äligger
332 1025 36 21 det
386 1025 63 21 likväl
469 1025 133 21 direktionen
621 1027 31 19 att
670 1025 128 21 öfverlemna
815 1025 60 20 ären-

129 1058 36 21 det
179 1058 32 21 till
227 1059 201 27 bankfallmäktiges
447 1059 122 26 afgörande.

470 1123 12 27 8
497 1123 34 21 23.

197 1161 38 21 Om
259 1162 109 21 sedlarnes
386 1163 65 26 valör,
472 1162 81 27 lydelse
572 1164 55 20 samt
645 1163 53 21 form
717 1162 38 21 och
774 1161 100 22 utseende

127 1196 24 19 är
167 1195 99 22 särskildt
282 1196 106 27 stadgadt.

435 1293 61 34 Kap.
514 1294 48 26 II.

197 1349 36 22 Om
248 1349 98 24 bankens
361 1350 135 23 länerörelse
513 1352 39 21 och
567 1351 72 28 öfriga
653 1352 145 22 verksamhet.

469 1397 11 27 8
496 1398 35 21 24.

193 1435 43 22 Län
261 1436 33 21 mä
316 1436 46 21 icke
385 1436 88 27 beviljas
497 1440 56 19 emot
575 1439 51 25 pant
647 1438 23 21 af
686 1444 68 20 varor,
773 1442 44 15 som
835 1438 37 19 äro

125 1470 155 21 underkastade
295 1471 146 26 förskämning
458 1471 54 22 eller
527 1472 95 26 läckage.
