1078 1692
204 128 28 20 38
386 125 83 23 Ständ.
485 126 55 22 Skr.
556 138 30 4 —
601 124 113 23 XXXVI

174 198 35 16 om
224 192 64 27 fråga
303 192 93 26 uppstår
411 192 114 27 angående
541 191 147 27 anmärkning
702 191 56 22 eller
768 196 72 16 annan
851 192 72 20 anmä-

174 228 44 26 lan,
241 228 63 21 skola
324 227 102 27 samtliga
446 227 111 22 revisorer
578 227 8 21 i
607 226 169 28 öfverläggning
796 226 40 22 och
851 226 73 22 beslut

175 263 74 22 derom
266 263 94 27 deltaga.

247 298 99 27 Uppstår
362 298 155 28 skiljaktighet
531 298 8 21 i
555 298 120 27 meningar,
692 298 58 27 gälle
767 297 71 22 såsom
852 297 73 22 beslut

176 334 42 22 den
241 334 65 27 åsigt,
330 334 92 22 hvilken
443 334 102 22 omfattas
567 333 25 22 af
610 334 27 21 de
657 333 63 22 flesta
740 335 108 20 rösterna.
882 333 43 22 Vid

175 369 47 22 lika
237 370 61 21 antal
312 371 74 20 röster
401 369 35 22 för
451 370 60 21 olika
526 370 115 26 meningar
656 369 40 21 har
707 368 147 22 ordföranden
864 369 60 27 afgö-

175 405 69 22 rande
260 407 54 19 röst.

247 440 44 22 Vid
306 441 151 22 revisorernas
472 440 176 22 sammanträden
659 440 60 22 föres
730 440 110 27 protokoll
850 440 25 22 af
883 440 43 22 den

175 476 141 22 revisorerna
332 476 76 22 dertill
423 479 54 19 utse.

521 550 28 19 68
566 548 19 28 &.

248 608 52 21 Alla
318 608 28 21 de
365 608 87 27 böcker,
469 608 159 26 räkenskaper,
645 608 110 26 protokoll
771 608 39 20 och
826 607 99 21 handlin-

176 649 46 21 gar,
244 649 47 15 som
310 644 141 21 revisorerna
471 649 53 15 anse
540 642 35 22 för
591 643 34 27 sig
641 643 86 27 nödiga,
744 643 63 21 skola
823 643 48 21 dem
889 648 37 22 ge-

177 685 49 15 nom
242 678 152 22 direktionens
410 678 87 28 försorg
513 679 186 21 tillhandahållas.

248 714 148 22 Direktionen
407 717 25 19 är
442 715 81 27 pligtig
533 714 100 22 meddela
644 715 140 21 revisorerna
793 715 43 21 alla
844 714 82 22 äskade

177 750 167 27 upplysningar.

248 786 106 21 Bankens
370 786 141 22 ombudsman
527 786 86 27 åligger
629 788 33 20 att
678 786 84 28 afgifva
778 786 96 22 särskild
888 786 38 22 be-

176 822 96 21 rättelse
292 822 94 21 rörande
407 822 44 21 alla
471 822 35 21 till
526 822 55 21 hans
602 822 79 27 åtgärd
700 821 170 28 öfverlemnade,
889 821 38 21 vid

177 856 135 27 föregående
328 857 37 21 års
381 857 84 27 utgång
480 857 50 22 icke
546 857 108 22 slutförda
670 857 98 22 ärenden
781 856 35 22 för
827 859 32 19 att
869 857 58 21 revi-

178 898 92 15 sorerna
286 892 186 22 tillhandahållas.

521 965 28 20 69
566 964 18 28 &.

249 1016 45 22 Det
310 1017 86 27 åligger
411 1018 149 21 revisorerna:

178 1053 33 20 att
225 1051 117 22 inventera
358 1052 200 23 hufvudkontorets
569 1053 75 22 kassa-
656 1053 39 22 och
707 1052 181 28 handlingshvalf
896 1052 31 22 äf-

249 1093 91 16 vensom
360 1088 145 22 kassörernas
527 1088 37 22 vid
583 1088 189 23 hufvudkontoret
790 1088 137 21 handkassor

250 1123 40 21 och
301 1123 78 22 dervid
390 1124 19 27 ej
422 1125 85 20 minäre
517 1124 131 27 undersöka,
660 1124 108 22 huruvida
780 1124 148 27 tillgångarna

250 1158 7 21 i
281 1159 123 22 metalliskt
427 1161 68 26 mynt,
517 1160 78 26 sedlar,
617 1160 152 27 obligationer,
791 1159 137 26 deponerade

249 1193 169 29 värdeföremål,
432 1195 84 26 vexlar,
528 1195 140 22 skuldsedlar
678 1195 41 22 och
730 1195 131 22 säkerheter
872 1196 55 19 samt

250 1229 189 23 sedelblanketter
455 1230 197 23 öfverensstämma
666 1231 50 22 med
728 1231 100 21 bankens
839 1230 87 27 böcker,

250 1267 28 18 än
299 1265 41 22 ock
356 1266 49 21 med
420 1267 91 26 ledning
527 1266 24 21 af
564 1267 186 26 hvalfsspecialen
766 1268 84 25 utröna,
862 1265 64 22 huru-

249 1301 52 21 vida
319 1301 155 22 hvalfskassan
491 1302 36 22 vid
544 1302 216 27 redovisningsårets
776 1302 83 27 utgång
874 1307 53 21 upp-

249 1336 49 27 gått
314 1337 35 20 till
365 1337 38 21 det
418 1337 7 21 i
441 1337 112 22 bokslutet
569 1340 111 25 upptagna
695 1337 91 27 belopp;

176 1372 34 20 att
225 1371 91 28 efterse,
333 1373 109 21 huruvida
456 1373 136 22 föreskrifna
607 1373 167 27 inventeringar
788 1373 64 22 blivit
862 1373 66 21 verk-

250 1407 81 27 stälda;
