1078 1692
201 148 26 19 94

171 216 94 19 Finlands
281 215 56 19 Bank
352 216 149 24 underlydande
517 216 79 24 kontor,
621 216 45 19 med
681 216 103 19 enahanda
799 215 80 25 uppgift
893 216 37 18 och

172 244 132 24 verksamhet,
321 250 43 13 som
380 244 28 20 för
423 244 93 19 Bankens
532 244 73 19 kontor
619 244 7 19 i
641 244 116 19 landsorten
768 250 47 13 vore
823 244 106 24 bestämda,

171 272 53 25 finge
238 272 7 19 i
260 272 91 20 Joensuu
366 272 45 20 stad
426 272 28 20 för
469 279 25 13 en
510 272 89 25 tidrymd
614 272 20 20 af
648 272 39 20 fem
705 272 22 19 år
748 272 130 25 provisionelt
897 272 31 19 in-

171 302 63 18 rättas
258 300 38 20 och
318 301 40 19 den
374 301 10 19 1
400 300 40 20 Juli
457 302 54 18 1884
527 303 82 23 öppnas,
625 301 104 19 äfvensom
744 302 30 18 att
789 300 33 20 vid
837 300 91 20 kontoret

171 329 65 19 blefve
251 328 27 26 på
292 331 58 17 extra
365 331 39 17 stat
426 329 99 19 anstälde:
549 336 25 12 en
597 329 195 24 bankkommissarie,
815 335 43 13 som
880 328 48 25 egde

171 357 73 20 förestå
260 358 93 19 kontoret
368 358 36 19 och
419 358 62 19 tillika
496 358 168 19 omhänderhafva
683 357 200 25 kassörsgöromålen,
904 362 24 14 en

170 386 181 19 kontorsskrifvare
375 386 29 20 för
426 386 149 25 ombesörjande
596 386 20 19 af
637 386 128 24 bokföringen
789 392 25 12 m.
836 392 26 12 m.
878 386 51 18 samt

171 414 35 19 två
221 414 263 20 diskontkomitéledamöter
498 414 61 26 jemte
575 414 130 26 suppleanter
719 414 45 19 med
782 414 39 19 lika
836 414 92 24 befogen-

170 443 35 19 het
220 442 37 20 och
272 443 103 19 aflönande
390 443 61 25 enligt
467 449 75 13 samma
557 443 93 25 grunder,
667 448 43 14 som
726 442 136 20 nästbemälde
869 442 58 19 funk-

171 471 87 19 tionärer
272 471 34 19 vid
321 471 91 19 Bankens
428 472 61 24 öfriga
503 472 73 18 kontor
590 471 6 19 i
611 471 121 24 landsorten,
749 471 86 19 förutom
850 472 29 18 att
888 470 39 20 den

171 505 36 13 ene
222 499 267 20 diskontkomitéledamoten
505 500 95 24 derjemte
623 499 56 25 ålåge
701 501 35 22 att,
758 500 53 18 emot
833 498 94 20 särskildt

171 528 176 24 tillskottsarvode,
362 528 6 19 i
383 528 100 25 egenskap
498 528 20 19 af
532 528 122 19 kontrollant
670 528 167 19 omhänderhafva
845 534 24 13 en
877 533 49 19 nyc-

170 556 31 19 kel
216 556 30 19 till
262 556 103 20 kontorets
380 556 142 24 hufvudkassa,
537 556 46 20 med
598 556 119 20 förbindelse
732 557 29 18 att
783 556 30 19 för
835 556 91 25 möjligen

170 584 127 25 uppstående
320 585 50 19 brist
392 585 5 19 i
419 585 86 19 nämnda
527 585 60 19 kassa
608 590 90 18 ansvara,
713 584 27 26 på
755 586 40 18 sätt
809 584 67 20 derom
891 584 6 19 i
914 585 10 23 $

171 613 40 19 112
226 612 6 20 i
248 612 91 26 gällande
353 614 178 24 bankreglemente,
545 613 103 25 angående
667 612 200 20 bankkommissaries
890 619 34 13 an-

171 641 178 25 svarsskyldighet,
372 642 29 19 uti
423 642 73 24 antydt
518 642 93 19 afseende
627 642 93 24 stadgas;
743 642 37 18 och
794 641 61 25 jemte
869 641 33 19 det
917 641 9 19 I

169 669 88 25 anhållit,
265 671 31 18 att
305 676 25 13 en
343 670 117 20 skrifvelsen
474 670 71 25 bilagd,
561 670 29 20 för
604 670 92 19 kontoret
712 670 98 25 uppgjord
826 671 44 23 stat,
883 669 41 19 slu-

169 698 61 19 tande
246 698 31 24 sig
292 698 11 19 å
320 699 73 20 13,500
409 698 60 24 mark,
484 698 63 20 måtte
561 698 115 21 fastställas,
692 698 73 20 hafven
780 698 14 21 I,
810 698 45 19 med
867 698 57 19 fram-

170 726 91 20 hållande
276 727 98 19 hurusom
390 727 91 19 Bankens
497 728 108 24 agenturer
619 727 6 19 i
641 726 99 20 Kexholm
762 726 37 20 och
819 726 107 20 Sordavala

170 754 72 25 städer,
264 755 67 20 hvilka
352 756 98 19 härintills
473 756 52 18 visat
548 756 31 24 sig
601 761 47 13 vara
670 755 20 19 af
710 755 56 25 ringa
780 761 59 19 gagn,
853 760 71 19 genom

169 783 115 25 öppnandet
298 784 20 18 af
332 785 28 18 ett
376 784 92 19 Finlands
484 784 66 19 Banks
566 784 72 19 kontor
653 784 5 18 i
673 783 91 20 Joensuu
779 783 64 19 blefve
866 783 19 19 af
899 784 25 18 än

169 811 77 19 mindre
261 812 103 24 betydelse
379 812 29 20 för
422 812 147 20 affärsrörelsen
584 812 6 19 i
605 814 53 17 östra
673 812 57 19 delen
745 812 20 18 af
779 811 73 24 landet,
862 811 62 19 tillika

169 840 103 19 hemställt
287 846 32 13 om
334 840 158 25 bemyndigande
509 841 36 23 att,
565 840 7 19 i
594 840 95 19 händelse
710 839 91 20 tillstånd
823 840 30 18 till
875 841 48 23 öpp-

169 867 65 20 nande
256 868 20 19 af
298 870 30 17 ett
342 868 93 20 Finlands
451 869 66 19 Banks
533 869 72 19 kontor
619 869 7 18 i
641 868 90 19 Joensuu
746 868 64 19 blefve
824 867 100 25 beviljadt,

170 896 60 25 sagde
245 898 107 23 agenturer
365 897 44 19 från
424 897 37 19 och
475 897 46 19 med
536 897 39 19 den
591 897 11 18 1
618 897 40 18 Juli
675 897 55 19 1884
744 896 87 25 indraga.

238 924 39 20 Vid
297 925 55 20 häraf
373 925 6 19 i
400 925 38 25 dag
453 925 62 20 skedd
530 925 145 25 föredragning,
690 925 36 18 har
740 924 108 25 Kejserliga
864 923 59 20 Sena-

169 954 34 17 ten
218 953 68 19 funnit
300 954 48 24 godt
364 953 50 20 Eder
429 954 5 19 i
457 953 124 20 förestående
603 953 63 19 måtto
688 953 68 25 gjorda
778 952 146 25 framställning

168 981 66 19 bifalla
257 982 37 19 och
316 982 62 19 tillika
400 982 97 19 fastställa
520 982 77 25 bilagda
615 983 39 18 stat
669 981 30 20 för
713 981 135 25 ifrägakomna
862 980 61 19 bank-

168 1009 73 20 kontor
255 1010 7 19 i
277 1010 90 19 Joensuu
383 1011 50 18 stad.
462 1010 81 19 Hvilket
558 1011 52 18 samt
625 1011 29 18 att
669 1010 9 19 I
693 1015 50 20 egen
766 1009 79 24 vidtaga
860 1009 24 18 de
897 1008 26 25 på

168 1037 52 20 Eder
232 1038 46 19 med
285 1039 107 24 anledning
398 1039 55 19 häraf
467 1039 144 19 ankommande
627 1037 97 26 åtgärder,
739 1037 51 20 Eder
805 1037 29 19 till
849 1037 73 19 känne-

168 1066 47 19 dom
230 1066 37 19 och
282 1067 126 24 iakttagande
423 1069 52 17 samt
496 1067 145 19 allmänhetens
662 1066 125 25 delgifvande
808 1065 115 25 härigenom

168 1094 107 20 meddelas.
304 1095 131 25 Helsingfors,
449 1095 39 20 den
505 1095 25 19 14
545 1095 113 19 November
674 1095 60 19 1883.

266 1151 10 20 I
294 1151 66 20 Hans
382 1152 140 25 Kejserliga
542 1151 129 26 Majestäts
689 1151 57 25 Höga
760 1156 66 19 namn,

409 1186 51 20 Dess
476 1185 61 21 Senat
551 1186 30 19 för
595 1185 89 20 Finland.
