1078 1692
393 146 29 23 U.
437 146 28 23 B.
484 159 25 3 —
524 146 187 23 Ständerhuset.
890 147 12 20 5

177 209 12 21 å
210 209 128 21 Ständernas
359 211 79 26 vägnar
462 210 50 21 med
535 209 135 28 Helsingfors
689 210 47 21 stad
758 210 59 21 träffa
831 210 50 21 aftal
896 216 34 14 om

177 244 101 21 skvärens
292 244 100 21 framtida
406 244 111 21 underhåll
532 244 22 21 af
568 244 75 22 staden
658 247 57 19 emot
730 245 43 21 viss
788 244 52 28 årlig
855 244 75 28 afgäld.

244 306 32 21 På
290 306 68 28 grund
374 306 22 21 af
410 306 55 22 hvad
480 306 108 22 Utskottet
603 307 44 21 haft
662 309 50 19 äran
729 307 62 21 ofvan
807 307 79 27 anföra,
899 306 33 22 får

177 340 107 22 Utskottet
298 340 86 22 föreslå:

451 439 33 20 att
507 438 125 21 Ständerna
658 438 52 21 ville
732 438 24 21 ät
770 438 162 21 ständerhusets

383 472 110 28 blifvande
515 472 90 22 ekonom
627 473 115 28 uppdraga
764 474 34 20 att
811 472 15 21 ä
840 472 92 21 skvären

382 506 77 22 bakom
478 507 158 27 ständerhuset,
658 507 11 21 i
692 508 74 20 stället
785 507 36 27 för
835 507 41 21 den
891 506 40 21 där

382 541 113 27 befintliga
523 541 159 28 provisionella
718 541 212 28 friskluftbrunnen,

383 575 45 21 låta
449 575 97 28 uppföra
570 582 27 14 en
619 582 31 22 ny
672 576 71 21 sådan
767 576 11 20 i
791 576 59 27 form
864 575 29 27 af
904 582 27 14 en

382 609 79 28 fontän
473 611 59 19 samt
539 611 33 19 att
579 610 120 28 ombesörja
706 610 103 21 skvärens
812 609 119 28 planering

383 644 39 21 och
432 644 137 28 plantering;
585 644 114 28 äfvensom
714 644 131 28 bemyndiga
852 644 80 20 honom

383 680 34 19 att
430 678 103 21 använda
547 678 37 28 för
597 678 141 22 sistnämnda
749 678 71 22 arbete
827 678 59 21 ända
897 678 35 21 till

388 713 68 26 7,000
470 712 63 21 mark
547 713 39 21 och
600 712 37 28 för
650 713 148 27 uppförandet
805 712 29 28 af
837 712 41 21 den
886 719 46 21 nya

384 746 203 28 [riskluftbrunnen
601 747 60 21 ända
677 747 35 21 till
726 748 84 26 14,000
824 747 69 21 mark.

246 842 33 22 De
294 843 22 21 af
330 843 46 28 gips
391 843 83 22 utförda
487 844 143 21 akroterierna
644 844 28 27 pä
686 844 120 28 glaslvktan
821 843 59 22 öfver
890 845 42 20 sto-

178 883 23 14 ra
222 877 123 28 trapphuset
366 878 39 20 har
426 877 137 28 byggnadens
586 878 90 21 arkitekt
693 880 69 19 ansett
776 878 51 21 böra
847 877 85 28 utbytas

179 913 57 18 emot
250 918 43 20 nya
308 911 80 21 sådana
402 912 22 20 af
437 912 55 24 zink,
507 912 39 21 och
563 912 58 21 torde
637 912 71 21 därför
723 912 21 21 åt
758 913 72 20 husets
840 912 90 21 blifvan-

179 945 26 21 de
227 945 91 21 ekonom
341 946 51 21 böra
414 946 140 21 öfverlemnas
569 948 30 19 att
614 953 54 20 egna
688 947 62 21 dessa
764 946 114 21 akroterier
893 948 37 19 nö-

179 979 36 27 dig
236 979 94 27 eftersyn
351 982 55 19 samt
428 982 34 26 att,
485 980 26 21 då
531 980 74 21 sådant
625 981 76 20 blifver
716 981 138 27 erforderligt,
869 980 61 21 verk-

179 1013 60 21 ställa
254 1013 36 22 det
304 1013 92 22 önskade
412 1014 87 27 utbytet.

187 1043 3 2 |
248 1048 11 20 I
282 1048 115 27 anledning
422 1048 21 21 af
457 1049 284 28 ständerhusdelegationens
756 1049 79 27 förslag
850 1055 35 14 om
894 1055 37 14 an-

179 1081 103 22 ställande
303 1083 21 20 af
346 1089 64 20 syner
432 1083 12 20 å
469 1083 127 28 byggnaden
617 1084 38 21 och
677 1083 144 28 fastmurning
841 1083 21 21 af
882 1085 49 26 öpp-

177 1115 105 28 ningarna
304 1115 12 22 å
338 1116 78 21 vinden
437 1117 38 21 har
497 1117 107 22 Utskottet
621 1117 47 22 icke
683 1117 65 28 något
762 1120 30 19 att
807 1117 69 22 erinra
891 1117 39 21 och

177 1149 32 20 får
223 1149 132 22 fördenskull
370 1150 83 21 föreslå:

451 1249 32 20 att
497 1247 24 22 åt
535 1249 162 20 ständerhusets
712 1249 90 21 ekonom
816 1249 67 20 måtte
894 1249 35 27 öf-

382 1282 122 21 verlemnas
526 1284 33 19 att
581 1283 10 20 i
609 1283 73 21 sinom
705 1283 32 21 tid
754 1283 98 21 anställa
865 1283 26 21 de
906 1283 29 27 af

381 1315 149 28 delegationen
545 1317 125 27 föreslagna
685 1324 97 21 synerna
792 1317 13 21 å
813 1317 117 28 respektive

382 1351 173 26 entreprenörers
574 1351 88 21 arbeten
676 1353 58 19 samt
746 1353 33 20 att
789 1352 71 20 under
865 1353 65 20 nästa

381 1391 98 14 sommar
500 1385 119 28 ombesörja
639 1385 182 28 fastmurningen
835 1386 29 27 af
875 1388 53 25 öpp-

380 1418 113 27 ningarna
508 1418 14 21 å
537 1419 88 21 vinden.

244 1479 139 18 Statsutskoltets
395 1479 110 18 betänkande
516 1482 38 16 N:o
567 1481 18 17 8.
