1078 1692
61 1211 95 37 Åtgärder,

59 1249 40 12 som
111 1244 50 23 angå

43 1267 80 17 enskilde
147 1273 28 11 per-

51 1295 64 12 soners
136 1292 29 15 för-

43 1312 90 17 bindelser
145 1313 30 17 till

68 1335 81 17 Banken.

213 136 27 21 28

255 198 72 27 Enligt
342 199 35 21 det
392 199 65 21 under
472 200 67 26 punkt
556 201 9 20 1
583 199 127 22 omnämnda
725 199 83 27 förslag,
823 200 66 21 skulle
901 200 41 21 för-

185 232 172 27 varingsafgiften
380 234 31 20 för
432 233 157 28 värdepappren
612 234 80 26 utgöra,
714 233 32 21 för
763 233 23 21 år
804 234 93 25 räknadt,
916 241 26 14 en

186 266 116 22 tiondedels
325 268 85 26 procent
431 268 22 20 af
469 274 104 21 papprens
593 268 6 20 i
615 268 205 27 depositionsbeviset
835 269 107 26 upptagna

187 301 62 21 värde
265 301 7 20 i
286 301 82 21 landets
383 302 65 26 mynt,
460 302 96 26 jemnadt
567 302 32 21 för
609 302 71 21 brutet
690 302 30 20 tal
733 302 31 20 till
775 302 92 20 närmast
877 302 65 26 högre

186 335 114 21 hundratal
319 336 64 25 mark,
403 337 54 19 samt
475 336 92 21 nämnda
583 336 60 27 afgift
657 336 80 21 betalas
752 337 52 20 utan
819 336 95 21 afseende
930 336 12 20 å

187 368 186 27 förvaringstidens
391 370 63 27 längd
472 370 32 20 för
518 370 66 21 minst
599 371 31 20 tre
645 370 105 25 månader,
766 370 105 21 äfvensom
885 370 57 26 lägre

188 402 60 28 afgift
264 404 26 20 än
305 403 43 21 fem
362 404 58 20 mark
434 404 44 21 icke
494 405 108 21 beräknas.

258 437 46 21 Den
323 437 27 21 21
370 438 120 27 September
507 438 54 22 1889
577 438 98 22 förehade
690 438 190 27 Bankfullmäktige
895 438 49 21 ifrå-

189 472 117 26 gavarande
326 472 75 21 ärende
420 473 31 20 till
467 472 164 28 öfverläggning,
647 472 71 22 dervid
733 472 104 27 förslagen
853 472 22 21 af
887 472 57 21 Full-

189 506 93 26 mäktige
304 506 124 27 godkändes.
458 507 49 21 Men
526 507 77 27 ansågo
623 507 31 27 sig
672 506 190 27 Bankfullmäktige
878 506 66 21 tillika

189 540 50 20 böra
263 540 89 21 anmoda
373 540 188 22 Bankdirektionen
584 542 36 24 att,
643 541 64 21 sedan
726 540 117 22 erfarenhet
860 540 84 21 vunnits

190 574 107 26 angående
320 574 68 21 denna
412 575 158 25 affärsbranche,
592 576 37 20 hos
652 575 139 27 Fullmäktige
810 575 82 21 anmäla
911 581 34 14 om

189 608 44 20 icke
249 608 68 27 någon
332 608 121 28 förändring
468 609 21 21 af
502 609 157 27 ifrågavarande
674 609 163 25 bestämmelser,
848 608 97 22 särskildt

190 642 128 21 beträffande
344 643 129 27 provisionen
498 644 32 20 för
556 644 77 20 vården
656 650 33 14 om
712 645 68 26 öppna
803 643 142 27 depositioner,

190 676 69 21 kunde
275 683 49 14 vara
339 677 23 21 af
376 677 73 21 nöden.

259 710 33 21 Då
309 710 87 22 Banken
414 712 56 20 inom
487 712 46 21 kort
549 712 39 20 fick
606 713 94 25 mottaga
719 712 30 20 ett
767 712 103 26 ansenligt
888 712 57 20 antal

191 746 69 26 öppna
283 744 143 28 depositioner,
448 746 87 21 befanns
554 746 116 21 emellertid
688 746 119 25 önskvärdt,
824 746 32 20 för
870 746 76 20 under-

190 779 94 21 lättande
308 779 22 21 af
350 780 35 20 det
403 780 47 21 med
469 780 69 27 dylika
556 780 149 28 depositioners
720 780 50 21 vård
786 780 37 20 och
840 779 106 27 bokföring

191 812 98 22 förenade
312 813 65 27 dryga
400 814 75 26 arbete,
495 815 30 20 att
544 815 50 20 söka
613 814 93 21 förenkla
724 814 36 20 det
775 814 125 20 härutinnan
915 814 31 20 in-

191 847 74 26 slagna
287 847 180 27 förfaringssättet.
496 848 11 21 I
526 848 75 21 sådant
620 848 97 21 afseende
736 847 123 22 beordrades
874 847 72 21 Förste

191 881 133 21 kamreraren
344 881 83 22 Stenius
443 883 32 20 att
489 882 68 21 afresa
572 883 32 20 till
620 882 120 21 Stockholm
755 882 38 21 och
808 881 139 28 Köpenhamn

191 915 32 20 för
238 915 134 22 inhemtande
388 916 23 21 af
424 917 116 20 kännedom
555 923 34 14 om
599 917 54 20 huru
666 918 68 25 öppen
744 915 202 28 depositionsrörelse

191 949 34 21 vid
240 949 167 22 bankinstituten
423 951 106 20 derstädes
545 951 110 21 bedrifves.
678 951 69 20 Sedan
762 950 119 21 förberörda
896 957 51 20 upp-

191 983 53 27 drag
263 983 23 22 af
298 984 72 21 Förste
385 985 132 21 kamreraren
534 985 84 21 Stenius
634 985 66 21 under
716 985 93 20 sistlidne
827 984 120 27 September

191 1017 77 22 mänad
286 1017 110 28 fullgjorts,
412 1019 69 21 anstär
495 1019 48 21 med
559 1019 70 21 vidare
645 1019 73 27 ätgärd
733 1019 7 20 i
756 1018 85 21 ärendet
856 1018 7 20 i
878 1018 69 21 afvak-

191 1052 36 21 tan
247 1052 23 21 af
286 1052 36 21 det
339 1053 78 27 förslag
432 1053 32 21 till
479 1060 25 14 en
520 1053 72 27 slutlig
608 1053 116 26 anordning
739 1053 23 20 af
775 1053 39 20 den
830 1053 67 26 öppna
912 1052 35 21 de-

191 1086 198 27 positionsrörelsen,
411 1087 62 21 hvars
495 1087 118 27 afgifvande
633 1087 23 21 af
672 1087 191 21 Bankdirektionen
878 1086 69 21 Bank-

191 1119 131 28 fullmäktige
337 1121 63 20 hafva
414 1122 31 20 att
461 1122 84 20 emotse.

538 1179 12 26 8
567 1179 32 20 14.

262 1223 71 21 Under
348 1223 49 21 ären
414 1224 141 21 1888—1890
570 1224 63 21 hafva
643 1223 192 27 Bankfullmäktige
848 1223 99 27 handlagt

190 1257 140 21 tillsammans
353 1258 27 20 20
403 1258 140 27 ansökningar
565 1265 34 14 om
617 1257 96 26 anständ,
732 1257 75 21 ackord
826 1257 38 21 och
883 1257 65 21 andra

190 1291 110 21 lättnader.
325 1291 102 27 Samtliga
442 1292 61 21 dessa
518 1292 146 27 ansökningar,
679 1291 23 21 af
714 1291 70 21 hvilka
799 1291 13 20 6
828 1291 73 26 belöpa
916 1291 32 27 sig

189 1325 27 27 pä
238 1325 23 21 är
281 1325 61 26 1888,
360 1326 14 21 5
392 1326 26 27 pä
434 1326 54 21 1889
502 1326 38 21 och
556 1326 13 21 9
585 1326 26 27 pä
628 1326 60 25 1890,
703 1325 63 21 hafva
780 1325 100 26 antingen
895 1325 52 20 oför-

190 1359 90 22 ändradt
302 1359 50 21 eller
374 1360 48 21 med
444 1360 64 21 vilkor
531 1360 38 21 och
591 1358 249 29 tilläggsbestämmelserj
857 1359 92 20 bifallitse

189 1393 70 21 Bland
281 1393 157 27 ifrägavarande
458 1394 91 21 ärenden
569 1394 57 21 torde
647 1393 99 21 särskildt
764 1393 50 21 böra
829 1392 119 21 framhällas

189 1428 77 20 tvenne
289 1428 21 20 ät
332 1428 93 21 enskilde
448 1428 123 27 gäldenärer
590 1428 41 21 den
650 1429 11 20 7
680 1427 88 22 Januari
785 1427 55 21 1889
856 1427 37 20 och
908 1427 40 20 den

190 1462 28 21 20
232 1461 91 27 Augusti
340 1462 56 21 1890
410 1462 100 27 beviljade
527 1462 75 21 ackord
617 1462 31 21 för
663 1462 99 21 Bankens
777 1461 172 27 tillgodohafvan-
