1078 1692
816 140 26 22 51

119 205 39 21 och
175 204 33 21 till
226 203 245 23 nästsammanträdande
489 203 91 21 Ständer
595 202 77 28 afgifva
686 202 78 28 förslag
778 203 33 21 till
825 204 47 27 nytt

119 238 127 27 reglemente
260 238 32 21 för
307 238 92 20 Banken.

187 272 33 21 Då
233 272 197 26 Bankfullmäktige,
441 271 27 27 pä
483 271 67 27 grund
567 271 22 21 af
604 271 54 21 1882
674 271 33 21 års
724 271 98 22 Ständers
837 272 35 21 be-

119 305 48 27 slut,
187 306 32 21 till
240 306 161 21 Bankutskottet
419 305 35 21 vid
473 305 56 22 1885
547 306 34 20 ärs
599 305 102 27 landtdag
720 305 150 22 öfverlemnade

118 339 79 28 förslag
218 340 32 21 till
272 340 48 26 nytt
340 340 127 26 reglemente
487 339 32 21 för
537 339 88 21 Banken
643 339 39 21 och
701 346 28 20 ny
747 340 124 21 instruktion

118 373 32 21 för
172 374 198 26 Bankfullmäktige,
388 374 71 20 hvilka
480 374 117 20 utarbetats
620 373 23 21 af
660 380 26 14 en
704 373 31 21 för
754 374 118 21 ändamälet

118 408 84 21 nedsatt
216 408 83 26 komité,
314 408 90 20 anmälte
420 407 139 27 Fullmäktige
575 408 37 20 hos
628 408 107 21 Utskottet
750 408 31 20 att
796 408 40 21 den
851 406 23 22 af

118 442 92 21 komitön
232 442 108 21 förordade
362 442 176 27 genomgripande
562 442 189 26 omgestaltningen
770 441 22 21 af
807 441 65 22 bank-

117 476 275 26 fullmäktigsinstitutionen
410 476 39 21 och
468 475 23 21 af
502 476 99 20 Bankens
616 476 102 20 direktion
732 476 44 20 icke
791 476 81 20 kunnat

118 510 23 21 af
157 510 139 27 Fullmäktige
315 510 99 26 förordas,
432 509 97 22 hvarföre
552 510 39 20 och
609 516 45 14 som
668 509 139 27 Fullmäktige
819 509 53 27 jem-

118 544 35 21 väl
170 544 7 21 i
195 544 66 21 andra
278 544 82 21 mindre
378 544 118 27 betydande
515 544 58 20 delar
591 544 113 20 omfattade
720 543 45 21 från
780 543 91 22 komitön

119 578 117 27 skiljaktiga
258 578 83 26 äsigter,
360 578 139 26 Fullmäktige
523 578 66 21 tillika
608 577 81 27 afgäfvo
712 578 32 20 till
765 578 106 21 Utskottet

118 612 23 20 af
153 612 139 27 Fullmäktige
306 612 115 27 uppgjorda
436 612 185 27 ändringsförslag.
650 612 31 21 De
698 612 22 21 af
732 612 140 22 Bankutskot-

118 647 31 20 tet
163 646 47 21 med
226 646 114 27 anledning
354 646 62 21 häraf
429 646 122 21 utarbetade
568 646 38 21 och
621 646 128 21 Ständernas
760 646 111 27 afgörande

117 680 136 21 understälda
271 680 246 27 författningsförslagen,
536 680 7 20 i
561 680 72 21 hvilka
651 680 107 22 Utskottet
776 680 96 28 upptagit

119 714 40 21 den
181 714 23 21 af
219 714 92 21 komitön
329 714 108 21 förordade
456 714 203 27 omorganisationen
678 714 23 21 af
717 714 97 21 Bankens
829 715 43 27 sty-

118 748 61 26 relse,
193 748 68 22 blefvo
280 748 23 21 af
318 749 75 20 tvenne
412 748 61 21 ständ
491 749 98 26 antagne,
607 748 109 21 hvaremot
730 748 105 21 desamme
851 748 23 20 af

119 782 25 21 de
167 783 75 21 tvenne
266 782 66 27 öfriga
354 782 94 26 ständen,
468 782 53 21 efter
541 788 26 15 en
583 782 83 26 generel
685 782 122 25 diskussion,
823 781 48 21 med

118 816 83 27 hänsyn
215 817 32 20 till
262 816 120 22 förberörda
396 816 7 21 i
416 816 203 27 Bankfullmäktiges
630 816 188 26 sammansättning
828 815 44 21 vid-

119 851 64 26 tagna
197 850 150 27 förändringar,
363 850 136 21 förkastades.
529 850 41 21 Vid
587 849 137 22 omförmälda
739 849 79 26 utgäng
832 849 40 20 fick

118 884 74 27 frägan
211 891 33 14 om
261 885 47 27 nytt
323 885 182 26 bankreglemente
521 885 38 20 och
574 891 29 20 ny
617 883 125 21 instruktion
757 883 32 21 för
803 882 69 21 Bank-

118 918 131 27 ufllmäktige
265 919 31 20 för
311 919 40 20 den
367 919 82 26 gängen
463 918 89 21 förfalla.

187 953 57 21 Enär
262 953 88 20 sälunda
368 953 37 20 hos
422 953 24 20 de
463 953 67 20 skilda
546 952 93 21 Ständen
655 953 23 20 sä
692 952 112 27 väsentligt
818 952 54 21 olika

118 987 77 27 åsigter
213 987 53 27 gjort
284 987 32 26 sig
334 987 96 26 gällande
452 986 129 21 beträffande
603 987 41 20 den
661 987 98 26 riktning,
777 993 44 14 som
839 985 33 22 för

118 1028 26 15 en
166 1021 64 27 nödig
252 1021 79 21 ansedd
354 1021 76 20 reform
448 1021 23 20 af
486 1021 216 26 banklagstiftningen
720 1020 62 21 borde
799 1020 71 27 insläs,

118 1055 76 28 ansägo
213 1055 32 27 sig
262 1055 191 27 Bankfullmäktige
473 1055 44 21 icke
539 1055 51 21 böra
607 1055 34 21 till
658 1055 161 21 Bankutskottet
837 1054 35 21 vid

119 1090 54 21 1888
192 1090 32 21 års
243 1089 101 27 landtdag
363 1089 77 27 afgifva
457 1090 31 20 ett
502 1090 48 27 nytt
567 1089 133 26 fullständigt
715 1089 77 26 förslag
806 1088 7 21 i
829 1089 43 20 äm-

117 1125 42 25 net,
170 1125 52 20 utan
236 1124 120 21 inskränkte
373 1124 31 27 sig
418 1123 140 27 Fullmäktige
574 1123 26 21 dä
614 1123 33 20 till
662 1124 32 20 att
704 1123 82 21 förorda
797 1122 75 21 endast

117 1157 78 22 sädana
211 1158 112 27 ändringar
338 1158 38 21 och
392 1158 74 27 tillägg
480 1158 32 21 uti
527 1157 97 28 gällande
639 1158 127 26 reglemente
781 1157 38 20 och
830 1157 42 20 stat

117 1191 32 21 för
163 1191 94 26 Banken,
268 1192 70 21 hvilka
353 1192 54 21 visat
422 1192 31 27 sig
468 1198 51 15 vara
534 1191 23 21 af
569 1191 158 21 förhällandena
739 1190 134 28 synnerligen

117 1225 114 27 päkallade.
260 1225 42 21 Det
324 1226 22 21 af
366 1225 191 27 Bankfullmäktige
579 1225 31 21 uti
629 1225 75 27 antydt
722 1225 52 27 syfte
794 1224 78 27 afgifna

116 1259 142 26 lagförslaget,
277 1259 62 21 hvars
360 1259 62 22 flesta
440 1259 131 27 stadganden
590 1259 65 21 redan
672 1259 68 26 ingätt
758 1258 31 21 uti
808 1258 25 21 de
852 1257 24 21 af

117 1293 128 20 förbemälda
263 1293 77 21 komit&
360 1294 56 21 samt
433 1293 23 22 af
472 1293 192 27 Bankfullmäktige
680 1293 38 20 och
732 1292 143 21 Bankutskot-

117 1328 30 20 tet
162 1327 35 21 vid
214 1327 54 21 1885
284 1328 32 20 års
332 1328 101 27 landtdag
448 1327 115 28 uppgjorda
578 1327 112 27 förslagen,
700 1327 49 26 blef,
765 1326 52 21 efter
831 1325 43 20 för-

117 1361 117 21 beredande
252 1361 159 28 handläggning
429 1362 38 21 hos
483 1361 169 26 Bankutskottet,
669 1361 23 20 af
705 1360 117 21 Ständerna
837 1365 37 14 an-

117 1396 58 25 taget
197 1396 55 20 samt
274 1402 56 14 vann
348 1396 80 26 jemväl
448 1395 59 21 Hans
530 1395 117 26 Kejserliga
668 1395 108 26 Majestäts
797 1392 77 27 nädiga

117 1429 158 26 godkännande,
294 1430 7 19 i
324 1430 92 26 enlighet
437 1429 101 21 hvarmed
556 1429 64 27 nådig
638 1429 121 26 förordning
777 1427 7 21 i
802 1427 72 20 ämnet

117 1463 41 20 den
173 1463 27 20 28
215 1463 41 26 Maj
274 1463 55 21 1889
344 1463 127 21 utfärdades.
