1078 1692
837 137 27 21 33

485 201 12 27 $
514 201 35 22 26.

207 241 139 22 Direktionen
362 242 24 20 är
402 241 124 27 berättigad
543 243 32 19 att
590 241 69 21 under
674 240 108 22 lånetiden
797 241 44 21 låta
854 247 40 15 un-

139 276 93 22 dersöka
247 278 60 25 pant,
322 282 48 15 som
380 270 48 27 icke
438 276 116 21 förvaras
547 266 14 41 i
567 275 92 22 banken.
684 275 100 21 Befinnes
795 275 42 21 den
847 275 47 21 der-

137 310 36 22 vid
194 311 7 21 i
223 310 71 22 behåll
316 311 6 20 i
345 310 142 22 oförändradt
507 310 67 27 skick,
597 310 106 21 bestrides
722 310 121 21 kostnaden
862 309 32 21 för

139 344 70 22 sådan
228 345 161 27 undersökning
408 344 23 22 af
445 344 94 28 banken,
564 351 51 15 men
630 347 90 19 stannar
734 344 7 21 i
756 346 89 19 motsatt
859 339 35 25 fall

137 380 128 26 låntagaren
279 379 31 21 till
323 380 47 21 last.

205 414 83 21 Varder
310 416 96 25 pantsatt
428 414 61 27 gods,
513 421 49 15 som
585 414 48 21 icke
656 413 98 22 förvaras
776 413 7 21 i
801 412 92 26 banken,

137 448 93 21 rubbadt
252 448 68 22 under
342 448 115 27 lånetiden,
481 450 24 20 är
524 449 61 21 lånet
605 451 76 25 genast
701 448 91 21 förfallet
809 447 30 21 till
857 447 37 21 be-

137 483 87 27 talning.

484 518 12 28 8
512 519 33 21 27.

207 557 40 22 Om
263 560 53 25 pant
331 558 51 21 eller
398 558 127 27 inteckning
540 558 49 21 icke
603 558 74 21 vidare
693 564 65 15 anses
772 557 72 21 lemna
857 555 39 28 pä-

139 592 83 21 räknad
238 592 106 26 säkerhet,
360 592 54 21 skall
431 593 130 27 läntagaren
575 593 29 27 pä
617 592 147 22 direktionens
780 591 116 22 anfordran

139 626 64 22 ställa
220 627 69 21 sädan
309 626 200 28 fyllnadssäkerhet,
528 634 49 14 som
594 627 24 21 af
631 626 136 22 direktionen
782 626 32 21 för
829 625 67 21 ända-

143 660 65 23 mälet
225 661 132 27 godkännes.
388 661 43 22 Gör
450 661 44 21 han
513 662 36 21 det
567 662 48 21 icke
630 662 60 21 inom
706 660 99 28 förelagd
820 660 35 26 tid,
872 661 24 19 är

142 696 57 21 lånet
214 698 77 24 genast
306 695 91 22 förfallet
411 696 30 21 till
456 696 117 27 betalning.

486 748 12 27 $
513 748 34 21 28.

207 787 79 27 Hvarje
308 788 24 21 år
355 788 6 20 i
377 788 87 27 januari
482 788 82 21 månad
583 788 42 21 och
644 787 63 22 äfven
725 788 28 26 på
773 794 72 14 annan
860 786 36 25 tid,

139 823 40 19 när
205 822 116 27 anledning
344 822 68 21 dertill.
435 822 151 26 förekommer,
610 822 82 27 åligger
714 822 36 21 det
765 821 133 22 direktionen

139 857 33 20 att
195 856 40 21 hos
253 856 163 22 vederbörande
438 857 165 21 domhafvande
622 857 51 21 eller
690 855 155 22 rådstufvurätt
860 862 39 15 an-

145 890 59 21 hålla
220 897 36 14 om
271 891 134 27 upplysning,
422 891 106 21 huruvida
543 891 7 20 i
565 891 102 21 afseende
683 891 13 21 å
706 890 154 27 eganderätten
870 890 30 20 till

141 923 109 28 fastighet,
270 925 60 20 hvari
348 925 87 21 banken
452 925 40 21 har
510 925 246 27 inteckningssäkerhet,
775 924 125 27 förändring

142 959 95 21 inträffat
252 959 50 22 eller
312 960 52 21 tvist
374 960 105 27 uppstått;
490 960 43 21 och
543 959 40 22 bör
594 959 69 22 sådan
676 959 82 27 uppgift
768 961 53 19 utan
831 959 68 26 dröjs-

140 993 44 22 mål
199 993 99 27 afgifvas.

488 1028 12 27 $
516 1029 33 21 29.

211 1066 40 23 Om
271 1068 35 21 lån
330 1068 50 21 eller
404 1069 154 21 kreditivskuld
581 1068 48 21 icke
648 1069 28 27 på
696 1068 155 27 förfallodagen
868 1068 32 20 in-

142 1101 90 27 betalas,
253 1104 25 19 är
295 1103 87 21 banken
396 1103 123 27 berättigad
535 1106 32 18 att
581 1105 54 19 utan
650 1103 139 28 låntagarens
804 1102 97 21 hörande

144 1136 90 28 föryttra
248 1140 86 25 panten.

490 1172 12 27 $
519 1173 33 20 30.

211 1211 39 22 Till
267 1212 86 21 banken
369 1212 181 27 pantförskrifven
566 1212 43 21 fast
623 1213 51 21 eller
687 1213 33 21 lös
730 1212 113 28 egendom,
855 1218 47 15 som

144 1245 113 22 exekutivt
276 1246 104 27 försäljes,
402 1246 32 22 får
452 1247 31 20 till
501 1247 127 27 skyddande
649 1247 23 21 af
689 1247 98 21 bankens
805 1248 43 19 rätt
869 1245 34 22 för

145 1279 49 22 dess
209 1280 92 28 räkning
315 1281 95 27 inropas,
427 1287 50 15 men
491 1281 61 26 skall,
569 1282 24 20 så
611 1283 62 20 snart
688 1281 38 22 ske
741 1281 50 27 kan,
803 1281 46 21 åter
859 1280 43 21 för-

143 1314 70 27 säljas.

496 1350 12 27 8
524 1350 27 21 31

944 238 18 23 (8
974 238 34 22 22).

945 554 17 23 ($
977 555 33 21 19).

915 792 29 23 ($$
961 792 27 21 73,
1002 790 44 22 126).

921 1073 30 22 (88
965 1073 27 20 24,
1006 1072 36 21 31).

944 1221 19 22 ($
977 1221 46 22 123).

213 1389 87 21 Räntan
316 1390 28 26 på
358 1389 38 22 lån
410 1389 109 22 beräknas
538 1390 47 21 från
601 1390 42 21 den
659 1390 49 27 dag,
719 1389 27 22 då
757 1389 58 22 lånet
825 1389 79 28 lyftats.
916 1400 29 23 (ss
955 1400 27 21 23,
992 1399 62 22 28,31,

213 1423 31 21 På
258 1423 158 22 kassakreditiv
429 1424 98 27 erlägger
540 1424 182 27 kreditivtagaren
733 1426 63 19 ränta
807 1423 13 22 å
830 1423 74 27 hvarje

149 1459 83 24 uttaget
254 1457 78 28 belopp
356 1457 48 22 från
426 1459 203 26 uttagningsdagen.
662 1459 43 20 För
727 1459 80 20 insatta
829 1457 75 27 medel,

823 1511 9 10 3

940 1429 28 20 34;

940 1459 10 16 5
964 1457 60 21 1889).
