1078 1692
220 138 27 20 36

829 202 23 20 F.
868 202 65 20 mark.

191 228 47 26 Åbo
261 235 41 19 och
324 236 139 26 Björneborgs
483 236 47 20 län:
551 236 137 26 Mariehamn,
708 236 84 26 Nystad

260 269 40 20 och
316 270 80 20 Raumo
411 276 26 14 en
452 270 52 20 hvar
519 270 42 20 840
577 271 60 19 mark
678 285 5 5 .
715 286 4 4 .
752 286 3 3 .
786 284 5 6 .
836 270 69 24 2,520:
921 282 26 2 —

191 304 68 19 Wasa
273 304 47 19 län:
336 304 141 20 Kristinestad
492 304 41 20 840
550 305 61 19 mark
623 304 40 20 och
674 304 118 20 Jakobstad

260 337 62 23 2,340
338 338 59 19 mark
427 354 4 3 .
463 353 4 5 ss
499 354 4 4 ss
536 353 4 4 so
571 354 5 5 os
608 354 5 4 sr
643 354 5 4 so
680 353 4 5 so
716 354 4 4 vs
751 352 5 6 so
787 353 4 5 +
837 337 68 25 3,180:
921 350 27 2 —

191 370 117 28 Uleåborgs
330 372 45 20 län:
398 372 88 26 Kajana,
505 372 84 20 Torneå
609 373 40 19 och
669 372 123 23 Brahestad,

260 412 26 13 en
301 406 53 20 hvar
371 406 53 21 1820
440 407 60 19 mark
535 421 4 5 .
572 422 5 5 .
608 422 5 4 .
643 422 5 4 so
679 421 5 5 <
716 421 4 4 20
752 421 40 5 20.0
837 406 69 24 5,460:
920 417 28 2 —

735 452 58 19 S:ma
825 451 80 24 11,160:
922 463 26 2 —

310 546 42 27 10.
387 547 62 27 Elis
467 547 106 27 Holms
591 546 240 34 nödhjelpsfond.

260 610 247 20 Hofrättsextranotarien
525 611 45 20 Elis
585 611 69 23 Holm,
678 617 46 13 som
739 611 55 19 afled
809 611 40 19 den
864 610 26 20 22
906 610 41 26 juli

193 643 60 24 1881,
269 643 39 21 har
322 651 78 19 genom
414 645 101 26 skriftligt
529 646 128 19 testamente
672 646 22 18 af
708 645 40 19 den
764 644 26 20 26
805 645 51 25 april
867 651 81 13 samma

191 676 23 21 år
236 678 113 23 förordnat,
371 679 63 19 bland
457 681 70 21 annat,
550 681 31 17 att
603 679 88 23 100,000
707 679 61 19 mark
783 679 22 19 af
817 679 54 19 hans
886 679 62 19 kvar-

190 710 112 28 lätenskap
318 712 68 20 skulle
402 713 139 20 öfverlemnas
557 714 33 19 till
605 714 98 19 bildande
716 714 23 18 af
750 720 25 12 en
786 713 162 26 nödhjelpsfond

191 746 31 19 för
241 746 49 20 hela
306 746 94 24 Finland,
416 749 31 17 att
462 748 23 18 af
497 748 153 19 statskontoret
666 748 66 19 under
747 747 200 25 bankfullmäktiges

190 780 92 20 kontroll
304 781 108 19 förvaltas.
441 781 10 19 I
465 783 136 18 testamentet
626 782 98 26 stadgas:
756 796 9 9 ,
770 781 101 20 Summan
898 781 50 19 eller

190 814 103 26 kapitalet
316 815 55 19 skall
392 816 47 19 icke
461 816 92 23 förökas,
573 822 49 14 men
645 816 95 19 däremot
762 816 81 22 räntan,
857 814 27 27 på
900 816 47 22 sätt,

191 849 31 18 att
244 848 124 19 densamma
390 849 35 19 vid
446 849 126 20 inträffande
593 850 101 19 missvext
710 849 40 20 och
765 848 126 27 påkommen
906 849 42 19 nöd

190 883 77 24 genast
282 883 24 18 är
320 882 117 26 disponibel
452 884 31 19 att
497 882 62 27 tillgå
569 884 32 19 för
611 884 129 19 beredandet
750 883 22 19 af
780 883 168 26 arbetsförtjenst

190 915 150 20 företrädesvis
362 917 32 19 till
416 919 31 17 att
469 918 87 25 uppföra
579 917 154 26 cellfängelser,
751 917 96 26 sjukhus,
862 919 31 17 att
907 917 41 19 för-

190 949 70 20 bättra
282 950 233 21 kommunikationerna
541 951 66 26 (hjelp
629 952 32 19 till
681 951 267 26 järnvägsanläggningar)

190 990 28 13 m.
234 984 21 19 fl.
272 985 92 22 arbeten,
387 991 45 13 som
455 986 44 19 afse
519 986 147 19 befordrandet
681 986 23 19 af
716 985 84 20 landets
816 985 40 20 och
871 985 76 20 folkets

190 1017 132 27 förbättring,
340 1019 110 26 förädling,
465 1020 97 25 bildning
577 1020 41 19 och
633 1020 134 19 civilisation,
798 1019 31 20 De
843 1019 105 26 upplupna

189 1052 226 26 räntebesparingarna
436 1054 71 19 kunna
527 1054 143 26 tilläfventyrs
692 1060 58 17 vexa,
774 1055 55 18 samt
848 1054 7 19 i
877 1052 70 27 någon

190 1085 55 24 mån,
266 1087 66 24 jemte
356 1087 87 26 möjliga
465 1088 64 19 andra
552 1088 82 26 anslag,
656 1088 78 19 bereda
749 1087 158 23 arbetstillfälle,
923 1086 24 20 så

189 1121 31 17 att
236 1120 40 20 den
292 1121 165 20 arbetssökande
472 1122 47 19 icke
535 1122 90 19 behöfde
639 1123 7 18 i
660 1123 82 18 nödens
758 1122 63 19 stund
836 1122 59 25 tigga
907 1121 40 20 och

190 1154 89 19 svälta".

259 1188 81 20 Genom
356 1189 137 20 omförmälda
508 1191 127 18 testamente
650 1189 38 20 har
699 1189 248 20 Hofrättsextranotarien

189 1221 63 20 Holm
265 1223 81 25 jemväl
362 1223 85 20 donerat
463 1224 32 19 till
510 1231 26 12 en
551 1224 107 19 blifvande
672 1223 168 26 pensionskassa
850 1223 31 19 för
892 1224 54 19 folk-

189 1255 129 21 skolelärare
340 1257 40 20 och
402 1257 115 20 lärarinnor
540 1258 77 23 50,000
639 1257 13 20 &
670 1257 77 24 60,000
763 1257 65 23 mark,
844 1257 102 20 beroende

188 1288 27 26 på
230 1290 97 26 beloppet
343 1292 22 18 af
378 1291 196 26 kvarlåtenskapen.
605 1285 20 26 Å
645 1292 114 19 omordade
774 1290 36 20 två
825 1292 122 19 donationer

187 1323 133 21 levererades
343 1325 32 19 till
398 1326 151 19 statskontoret
572 1325 77 24 31,000
672 1326 60 19 mark
750 1324 23 20 år
795 1325 59 23 1883,
870 1325 76 24 47,000

187 1358 61 19 mark
264 1357 22 20 år
304 1359 55 19 1884
373 1359 39 20 och
428 1359 77 25 82,000
521 1360 60 19 mark
597 1359 22 20 år
637 1359 60 20 1885.
720 1359 95 20 Emedan
831 1359 116 20 emellertid

188 1391 72 20 räntor
275 1391 12 20 å
304 1393 63 19 dessa
382 1393 67 20 medel
465 1394 66 19 under
546 1394 69 25 sagda
629 1393 23 20 år
668 1394 45 19 dels
729 1393 65 20 redan
809 1393 77 20 influtit
902 1393 44 20 dels

187 1430 50 14 voro
253 1427 113 25 upplupna,
382 1427 64 20 ehuru
462 1427 19 26 ej
498 1428 104 23 förfallna,
613 1427 38 20 har
663 1427 121 26 Kejserliga
799 1427 92 20 Senaten
906 1427 40 20 den
