1078 1692
215 156 27 21 40
459 156 26 22 U.
501 156 23 21 B.
540 156 130 22 111-XXV.

186 224 35 15 ras
236 218 107 22 allmänna
359 219 139 21 statsfonden.
530 220 74 21 Säsom
620 220 7 20 i
643 220 119 20 relationen
778 219 114 27 meddelas,
903 220 39 20 har

186 253 60 21 Hans
261 253 119 27 Kejserliga
396 254 101 27 Majestät
512 254 121 21 emellertid
648 254 28 26 pä
692 253 106 21 särskilda
816 253 24 21 af
858 254 85 27 Kejser-

187 287 43 27 liga
252 287 92 22 Senaten
369 288 127 21 framhällna
518 288 47 21 skäl
590 288 7 21 i
617 288 67 21 näder
699 288 118 25 förordnat,
833 290 32 19 att
881 288 62 21 dessa

187 322 75 21 fonder
291 322 61 21 skola
381 322 134 22 fortfarande
539 322 127 22 bibehållas.
706 322 65 22 Emot
796 322 147 21 förstnämnda

187 356 63 21 fonds
264 356 128 28 indragning
406 356 39 22 har
461 356 24 22 af
499 356 92 22 Senaten
607 356 89 27 anförts,
712 358 33 20 att
760 362 26 15 en
801 359 45 19 stor
861 356 35 22 del
920 356 25 20 af

187 390 89 21 fondens
291 390 118 22 inkomster
426 393 86 25 utgöres
527 391 23 21 af
564 390 89 28 afgifter
668 390 34 22 för
716 396 57 21 pass,
793 390 112 22 utfärdade
921 390 22 21 åt

186 424 7 21 i
209 424 162 27 Kejsaredömet
386 425 97 21 vistande
497 425 70 21 finska
581 425 123 27 infödingar
720 425 40 21 och
775 427 32 19 att
828 426 48 20 med
891 425 52 21 hän-

187 465 38 21 syn
240 459 74 21 härtill
329 466 25 14 en
370 460 46 21 icke
432 460 109 27 obetydlig
557 460 34 20 del
607 460 24 20 af
645 460 89 20 fondens
750 459 117 21 inkomster
883 462 59 24 tages

186 493 7 21 i
209 494 92 26 anspråk
316 494 33 21 till
364 494 173 22 understödande
552 494 23 21 af
590 494 72 21 skolor
671 494 40 20 och
719 493 223 27 välgörenhetsinrätt-

186 528 76 27 ningar
277 528 33 21 för
325 528 69 21 finska
408 528 128 28 infödingar,
553 534 45 16 som
613 528 115 27 uppehålla
744 528 32 26 sig
793 528 6 20 i
815 528 127 26 Kejsaredö-

186 564 50 24 met,
260 565 55 19 samt
335 563 80 27 jämväl
439 562 34 22 för
494 563 100 21 värnlösa
617 562 39 22 och
679 562 65 27 nödig
764 562 53 21 vård
832 562 108 22 saknande

187 597 65 21 barns
267 596 7 21 i
289 596 90 22 Finland
395 597 132 27 uppfostran,
544 596 109 22 äfvensom
671 598 32 20 att
719 596 47 21 från
782 596 90 22 berörda
891 596 51 22 fond

187 626 7 20 i
216 630 66 28 öfrigt
303 631 57 27 utgå,
384 633 58 19 utom
460 632 145 20 kostnaderna
625 631 33 21 för
673 632 199 26 passexpeditionen
888 631 7 21 i
911 631 31 22 S:t

186 666 135 27 Petersburg,
337 666 27 26 på
381 666 67 27 grund
463 666 24 20 af
501 666 10 27 $
528 666 27 21 28
571 666 23 20 af
607 666 85 27 Nådiga
704 666 151 27 förordningen
866 666 40 20 den
916 666 25 20 17

186 706 57 15 mars
260 700 53 21 1879
330 700 108 27 angående
453 700 106 21 allmänna
577 700 151 27 fattigvården,
743 700 143 27 ersättningar
909 700 33 20 till

187 734 245 27 fattigvårdssamhällen
447 734 34 22 för
495 734 138 22 kostnader
624 730 13 37 i
656 734 52 28 följd
731 734 23 21 af
776 734 115 28 fattigvård
913 740 28 15 m.

186 775 27 14 m.
230 768 34 22 för
278 775 101 21 personer
394 768 46 22 från
455 769 98 23 Finland,
570 775 45 15 som
631 769 68 21 under
714 769 66 21 minst
796 768 41 22 fem
860 768 34 22 års
909 768 33 21 tid

186 803 77 21 vistats
279 803 7 21 i
301 803 166 27 Kejsaredömet.
478 816 26 2 —
513 803 74 21 Såsom
604 803 46 21 skäl
666 803 46 21 åter
721 803 33 21 för
763 802 137 22 skolfondens
910 803 32 21 bi-

187 837 127 21 behållande
328 837 40 21 har
384 838 90 20 Senaten
490 837 125 26 framhållit,
625 839 31 19 att
672 837 47 21 från
735 837 52 21 flere
802 837 43 21 håll
865 843 76 20 uppre-

186 871 55 27 pade
256 871 181 28 framställningar
452 873 63 26 göras
538 878 34 15 om
595 871 133 27 uppförande
750 871 24 21 af
796 871 145 21 ändamålsen-

186 906 43 27 liga
244 906 94 26 skolhus,
355 908 32 19 att
402 906 88 21 fondens
505 906 90 21 främsta
610 905 86 28 uppgift
710 906 81 27 jämväl
807 908 24 19 är
847 908 31 19 att
889 905 52 27 fylla

187 940 59 21 detta
262 940 66 21 behof
341 946 76 21 genom
433 940 137 21 anskaffande
586 940 23 21 af
623 940 101 27 lämpliga
750 940 135 26 skollokaler,
908 942 33 19 att

187 975 26 20 de
236 975 34 20 till
293 974 126 21 skolfonden
441 975 116 26 inflytande
583 974 163 28 elevafgifterna
762 974 33 21 för
809 974 132 21 närvarande

186 1009 48 21 med
250 1009 78 26 60,000
344 1009 60 20 mark
420 1015 33 15 om
469 1009 46 21 äret
530 1009 133 27 öfverskjuta
678 1009 26 21 de
720 1009 79 21 fonden
818 1009 32 20 till
873 1008 67 21 betal-

185 1043 51 27 ning
258 1043 90 27 päförda
370 1043 7 20 i
400 1043 89 21 främsta
511 1045 92 19 rummet
625 1043 89 21 afsedda
736 1043 89 27 utgifter
841 1043 52 20 eller
908 1042 33 21 för

186 1077 138 27 upphyrande
342 1077 24 21 af
380 1077 134 26 skollokaler,
531 1077 45 26 för;
587 1077 139 21 anskaffande
750 1077 24 21 af
795 1076 146 22 skolmaterial

186 1111 40 22 och
241 1111 33 21 till
289 1111 125 22 honorarier
429 1111 32 22 för
477 1111 131 22 författande
624 1111 24 21 af
665 1111 133 26 skolböcker,
821 1113 32 19 att
875 1111 66 27 sagda

187 1145 51 22 fond
260 1145 90 21 sålunda
372 1146 88 21 bereder
476 1145 106 28 Styrelsen
591 1147 74 26 -utväg
682 1147 39 24 att,
738 1145 118 22 oberoende
872 1145 23 20 af
908 1144 31 21 öf-

186 1180 46 27 riga
248 1179 150 28 statsutgifter,
414 1180 111 21 efterhand
541 1179 157 22 tillfredsställa
714 1179 110 22 skolornas
839 1179 66 21 behof
919 1179 23 21 af

187 1220 53 21 egna
256 1214 129 27 byggnader,
402 1217 54 18 samt
471 1217 32 18 att
518 1214 123 27 lämpligast
664 1216 70 25 syntes
757 1220 51 15 vara
831 1215 31 20 att
884 1213 56 21 skol-

186 1249 109 20 elevernas
308 1248 175 27 terminsafgifter
498 1248 47 21 icke
567 1248 107 21 användas
697 1247 33 22 för
752 1248 67 21 andra
841 1248 98 21 ändamäl

186 1284 27 19 än
229 1283 86 21 skolans
330 1289 54 21 egna
399 1283 66 21 behof

255 1317 73 20 Ehuru
352 1317 110 21 Utskottet
485 1316 32 21 för
540 1316 32 21 sin
596 1317 34 20 del
645 1316 47 21 icke
707 1317 83 20 kunnat
805 1315 57 21 finna
877 1316 25 20 de
918 1315 24 21 af

186 1351 93 21 Senaten
295 1351 128 21 framhällna
438 1351 158 27 synpunkterna
612 1351 125 26 tillräckligt
748 1350 103 21 motivera
861 1350 79 27 ifräga-

185 1386 93 21 varande
294 1385 86 22 fonders
395 1385 155 24 bibehällande,
566 1385 39 20 har
621 1385 111 21 Utskottet
752 1385 55 20 dock
821 1385 47 20 icke
884 1384 56 21 velat

184 1425 29 15 nu
228 1419 76 28 förnya
319 1420 183 27 framställningen
519 1426 34 14 om
565 1419 120 21 desammas
695 1419 134 26 indragning.
851 1418 48 21 Men
913 1418 27 21 dä

183 1454 67 21 under
272 1454 72 27 fattig-
360 1454 40 21 och
416 1453 191 22 arbetshusfonden
623 1453 101 22 bokföras
738 1453 79 27 jemväl
833 1452 105 21 särskilda

254 1493 138 18 Statsutskottets
405 1493 109 18 betänkande
526 1493 37 17 N:o
577 1493 16 17 3.
