1078 1692
839 153 32 25 43

201 221 49 24 Vid
270 221 176 32 behandlingen
464 222 26 23 af
508 222 27 23 de
553 223 31 30 på
603 221 121 25 kontorets
743 222 84 32 åtgärd
845 230 43 16 an-

132 255 140 25 kommande
290 256 103 24 ärenden
420 256 56 24 böra
503 256 70 24 såväl
600 256 211 24 Diskontkomitén
837 264 49 16 som

133 290 255 24 Bankkommissarien
415 298 62 24 noga
501 290 111 32 iakttaga
631 290 42 24 och
692 290 117 32 efterfölja
827 291 62 23 detta

133 324 142 32 reglemente
294 325 42 23 och
354 324 64 24 hvad
436 324 157 24 Direktionen
611 325 37 23 för
667 325 73 32 öfrigt
758 325 49 24 kan
821 325 68 23 finna

133 359 82 32 nödigt
233 361 35 21 att
287 359 7 23 i
314 359 85 24 sådant
416 359 136 24 hänseende
570 359 153 24 föreskrifva.

476 458 14 28 s
511 456 38 24 93.

201 519 49 24 Vid
272 520 27 23 de
317 519 9 23 i
344 519 196 32 nästföregäende
560 520 13 30 &
593 520 157 24 omförmälda
768 528 119 16 samman-

133 554 83 23 träden
229 554 137 32 föredragas
380 554 119 24 ärendena
512 554 25 24 af
548 554 264 31 Bankkommissarien,
825 554 63 24 hvil-

133 587 46 25 ken
204 588 109 32 derjemte
337 588 8 24 i
366 596 30 16 en
418 588 108 24 särskild
547 588 142 24 minnesbok
707 588 9 24 i
734 588 94 24 korthet
846 596 42 16 an-

135 622 98 25 tecknar
252 624 27 23 de
297 623 140 23 förevordna
455 623 120 24 ärendena
592 623 70 31 jemte
681 623 110 24 de
717 618 17 41 i
740 623 45 24 dem
800 623 88 24 fattade

134 656 114 26 besluten.
276 657 84 32 Yppas
379 657 170 34 skiljaktighet
561 658 9 23 i
583 658 163 31 meningarne,
760 658 129 23 bestämma

133 691 71 24 flesta
221 694 108 22 rösterna
347 692 106 23 beslutet.
473 692 36 23 Är
527 694 79 30 någon
624 692 24 23 af
667 692 221 24 Diskontkomiténs

133 726 127 24 ledamöter
279 726 25 24 af
320 726 36 31 jäf
373 726 58 24 eller
450 734 83 16 annan
551 726 72 24 orsak
635 726 103 24 hindrad
751 726 54 24 att
794 722 16 39 i
821 729 67 21 ären-

134 760 50 24 dets
203 761 113 31 pröfning
340 760 100 32 deltaga,
460 760 59 24 eller
537 760 36 24 för
591 762 80 30 någon
690 760 34 24 tid
742 760 100 24 urstånd
855 762 34 22 att

135 794 39 24 sin
192 795 135 31 befattning
345 795 88 30 utöfva,
453 794 65 25 skall
530 795 137 38 någondera
680 795 177 38 suppleanten
851 802 37 16 in-

134 828 81 25 kallas
233 830 36 23 för
288 832 35 21 att
343 832 50 21 säte
412 814 42 39 och
473 832 103 21 stämma
593 830 10 22 i
621 829 106 24 komitén
739 825 89 46 intaga.
856 824 34 28 Är

134 863 84 24 endast
236 871 29 16 en
284 863 100 24 ledamot
402 863 58 24 eller
479 863 128 32 suppleant
625 863 9 24 i
652 863 98 24 tillfälle
769 865 34 22 att
821 863 69 32 jemte

134 896 191 25 Kommissarien
346 898 95 31 deltaga
459 898 8 23 i
486 898 116 31 pröfning
621 897 24 24 af
663 898 93 30 ärende,
774 898 49 23 kan
841 898 48 23 det-

135 939 92 17 samma
245 932 25 24 af
289 933 65 23 desse
373 932 104 32 afgöras,
495 933 9 22 i
522 932 45 24 fall
586 933 27 23 de
631 935 41 20 äro
691 940 37 16 om
738 932 101 24 beslutet
851 932 38 24 till

135 965 50 24 alla
212 967 66 23 delar
304 973 71 18 ense."
404 966 57 25 Men
486 969 89 22 stanna
598 967 27 23 de
646 967 10 22 i
674 967 66 23 olika
758 967 132 31 meningar,

134 1000 59 25 eller
220 1004 39 21 äro
284 1001 114 32 samtliga
419 1001 130 24 ledamöter
567 1001 43 24 och
629 1001 153 32 suppleanter
799 1001 91 31 jäfvige

134 1034 59 25 eller
219 1036 68 31 eljest
310 1036 121 30 hindrade,
453 1035 65 24 skall
541 1035 97 24 ärendet
656 1035 26 24 af
699 1035 191 24 Kommissarien

134 1069 159 25 öfverlemnas
321 1070 39 23 till
388 1069 235 24 Bankdirektionens
650 1069 135 32 afgörande.
820 1069 69 24 Före-

133 1103 107 25 fallande
260 1105 177 31 omröstningar
455 1104 132 24 antecknas
607 1104 72 23 äfven
692 1104 8 23 i
713 1103 177 30 minnesboken,

133 1137 102 25 hvilken
253 1139 41 23 vid
311 1139 83 31 hvarje
411 1139 189 24 sammanträdes
622 1138 50 25 slut
689 1139 47 30 bör,
746 1139 39 23 till
797 1139 92 30 bestyr-

133 1171 78 25 kande
234 1173 25 24 af
276 1173 53 24 dess
348 1173 159 32 sakenlighet,
526 1173 175 24 undertecknas
721 1173 25 23 af
764 1173 50 24 alla
832 1173 58 29 dem,

133 1213 51 17 som
203 1207 8 23 i
230 1208 186 23 sammanträdet
434 1207 107 32 deltagit.

202 1241 58 24 Alla
286 1242 28 23 de
340 1244 129 29 rapporter,
496 1241 123 32 angående
652 1241 120 24 kontorets
802 1241 88 24 rörelse

133 1275 44 23 och
201 1276 123 32 ställning,
344 1284 50 16 som
411 1276 38 23 det
467 1275 95 33 åligger
580 1275 257 24 Bankkommissarien
856 1277 34 21 att

134 1309 103 24 insända
264 1311 39 23 till
330 1310 229 30 Bankdirektionen,
587 1310 69 24 skola
682 1310 40 23 till
743 1309 147 32 riktigheten

133 1343 126 32 bestyrkas
284 1345 44 24 och
348 1345 175 24 undertecknas
542 1344 25 24 af
584 1344 223 24 Diskontkomiténs
826 1343 63 24 leda-

133 1380 79 22 möter.

201 1413 124 24 Komiténs
338 1413 127 24 ledamöter
477 1413 44 24 och
535 1413 155 31 suppleanter
700 1413 95 30 åtnjuta
805 1411 85 25 arvode

133 1446 36 24 för
187 1447 84 32 hvarje
290 1447 183 30 sammanträde,
491 1447 73 24 hvari
582 1447 27 24 de
627 1447 106 32 deltagit.
763 1446 69 24 Detta
851 1453 39 16 ar-
