1078 1692
224 146 12 20 6
461 146 28 21 U.
505 146 24 20 B.
548 158 24 2 —
589 146 104 20 XXXVI.

193 208 43 21 Till
250 207 163 28 Boktryckaren
421 208 90 22 Thielei
527 208 135 28 trycknings-

297 242 117 22 kostnader
439 260 4 4 .
475 260 4 4 2
511 260 4 4 2
547 260 4 4 so
583 260 5 4 2
620 260 39 4 20.
689 243 55 21 Fmk
805 247 95 21 541,445:
916 242 33 26 84.

208 292 12 9 »
251 276 83 22 Tumba
357 277 151 28 pappersbruk
531 277 32 21 för
589 277 69 21 sedel-

296 318 85 20 Papper
439 328 4 4 «s
509 328 5 4 ss
545 327 41 5 ss
618 328 39 4 sc
704 328 9 11 hm
805 310 94 27 167,767:
916 314 33 22 57.

207 361 11 9 »
249 345 135 22 Konstnärer
400 346 41 21 och
455 346 142 27 yrkesidkare
617 362 5 4 .
653 361 4 5 .
704 362 9 11 ,
817 344 81 28 36,526:
916 349 32 21 37.

207 395 11 8 »
249 379 105 21 Volkmar
368 380 75 21 Ahner
459 382 6 19 i
480 380 93 28 Leipzig
616 396 4 5 =.
652 396 4 4 .
703 396 9 11 oo»
817 378 81 28 13,568:
914 378 33 20 66.

248 414 162 21 Kontrollanter
424 416 7 20 i
445 414 97 21 arvoden
563 414 42 21 och
625 421 32 14 re-

293 448 273 28 sekostnadsersättningar
581 465 4 4 .
617 465 3 4 .
652 465 4 4 .
702 465 10 10 »
814 447 83 27 97,624:
915 447 31 26 58.

567 488 87 22 Summa
677 488 55 21 Fmk
800 488 96 26 856,933:
912 492 33 16 02.

189 550 84 22 hvartill
295 550 97 22 kommer
414 552 149 27 emballerings
583 552 42 20 och
640 550 229 29 transportkostnader
890 553 55 18 samt

188 584 165 28 tolagsafgifter.

256 659 42 21 För
314 660 27 20 de
356 660 36 20 vid
415 659 84 22 banken
520 660 67 20 under
610 661 49 19 åren
685 660 111 26 1887—90
818 658 125 22 tillverkade

187 697 116 23 4,535,000
318 694 90 26 stycken
425 699 18 21 5,
462 700 25 15 10
503 694 42 20 och
561 699 41 21 500
617 694 71 20 marks
704 693 180 21 sedelblanketter
906 692 38 20 har

186 727 125 21 utbetalats:

184 789 254 28 Tryckningskostnader
463 807 4 4 .
499 807 4 4 .
534 807 4 4 .
570 807 4 4 .
606 807 4 4 .
641 807 4 4 .
676 807 4 4 .
711 790 55 21 Fmk
796 789 95 27 206,055:
908 802 26 2 —

184 820 234 34 Kontrollantarvoden
532 841 110 4 SEC
674 841 60 11 MU
821 829 70 20 4,033:
909 829 31 20 33.

183 857 102 28 Pappers
316 875 4 4 «
352 875 3 4 s
386 875 4 4 s
422 875 39 4 mos
492 875 4 4 k
528 875 3 4 s
564 875 40 4 [n
635 875 40 4 am
722 875 10 11 M
806 858 83 26 71,598:
907 863 31 15 11.

182 887 71 35 Plätar
420 909 40 4 Ma
636 909 3 4 ,
722 909 10 11 X
809 892 80 26 19,382:
904 896 34 21 45.

181 925 117 28 Expenser
313 933 28 14 m.
357 933 27 14 m.
423 944 4 4 .
494 943 4 4 os
529 943 40 4 so
602 943 39 4 sc
673 943 4 4 >
724 943 10 10 oh
810 931 80 21 13,310:
905 925 33 26 64.

583 967 87 21 Summa
701 967 55 20 Fmk
771 962 12 35 =
794 971 95 22 314,379:
906 971 32 21 53.

250 1034 80 27 Hvarje
345 1036 6 19 i
366 1035 145 28 Köpenhamn
527 1035 133 27 förfärdigad
675 1034 158 21 sedelblankett
846 1034 91 21 kostade

180 1067 90 22 sålunda
285 1070 6 19 i
306 1069 102 21 medeltal
423 1069 31 26 6,2
469 1071 65 26 penni
557 1069 42 21 och
621 1069 73 26 hvarje
714 1070 6 19 i
743 1069 134 26 Helsingfors
897 1068 40 21 till-

179 1101 84 22 verkad
286 1103 31 25 6,9
339 1105 71 25 penni.
440 1103 44 21 Om
506 1103 71 22 härtill
599 1103 75 28 lägges
699 1109 26 14 10
740 1106 90 24 procent
848 1104 7 19 i
869 1103 66 24 ränta,

179 1138 132 26 amortering
326 1137 41 20 och
387 1137 110 21 underhåll
511 1138 30 27 pä
556 1138 37 20 det
608 1139 7 19 i
629 1137 178 26 sedeltryckeriet
829 1137 106 26 nedtagda

178 1169 89 28 kapital,
283 1174 55 18 stort
352 1172 75 26 91,871
445 1171 37 21 mk
499 1176 22 22 15
539 1173 71 26 penni,
627 1171 27 21 ha
670 1172 65 20 dessa
750 1171 70 21 sedlar
835 1172 6 19 i
856 1171 79 20 medel-

177 1203 31 21 tal
223 1211 39 20 per
277 1205 77 27 stycke
368 1205 74 22 kostat
457 1211 31 21 7,5
503 1207 72 26 penni.

246 1238 42 21 Att
310 1239 146 22 kostnaderna
479 1240 32 21 för
533 1239 226 27 sedeltillverkningen
779 1241 6 19 i
800 1239 134 27 Helsingfors

177 1271 68 22 blifvit
261 1273 24 20 sä
300 1280 51 20 pass
367 1277 64 22 stora,
448 1274 66 21 finner
521 1274 32 21 till
568 1281 27 14 en
610 1274 35 21 del
660 1275 33 20 sin
708 1273 116 28 förklaring
839 1273 51 25 däri,
902 1277 32 18 att

175 1306 61 21 säväl
259 1307 173 28 pappersbruket
458 1315 47 14 som
528 1308 128 27 tryckeriets
682 1308 102 27 personal
798 1307 31 22 till
845 1315 26 13 en
885 1308 49 20 bör-

172 1339 38 26 jan
232 1348 54 14 voro
312 1349 68 14 ovana
405 1343 38 20 vid
472 1343 91 25 arbetet,
593 1349 49 14 men
671 1342 88 21 komma
788 1341 144 22 kostnaderna

175 1375 161 28 otvifvelaktigt
357 1377 7 20 i
390 1376 114 21 framtiden
535 1380 33 18 att
600 1377 77 27 nedgä.
708 1376 224 21 Makulaturförlusten

173 1409 30 27 pä
225 1409 43 21 den
290 1410 67 21 första
378 1411 110 27 upplagan
510 1411 129 21 bearbetadt
662 1410 153 28 sedelpapper,
839 1417 47 14 som
908 1411 23 20 är

175 1443 53 21 1888
247 1448 49 23 steg
311 1444 31 21 till
358 1444 99 28 omkring
473 1446 53 24 18,75
541 1449 98 22 procent,
655 1445 101 27 utgjorde
774 1445 53 26 1889
843 1444 87 27 ungefär

241 1483 145 18 Bankutskottets
398 1484 110 18 betänkande
520 1485 38 17 N:o
570 1485 16 18 1.
