1078 1692
216 158 14 20 4
369 156 84 24 Ständ.
469 157 55 23 Skr.
541 170 26 3 —
583 157 187 23 Ständerhuset.

189 219 157 29 granskningen
362 220 39 22 och
416 220 142 22 bedömandet
573 221 21 21 af
604 221 26 21 de
640 221 123 21 inlemnade
774 220 127 22 eskissernas
913 221 31 21 in-

189 253 76 22 bördes
277 254 130 28 förtjenster;
424 256 39 20 och
477 256 65 26 jemte
553 255 36 21 det
599 255 22 21 åt
630 255 156 28 Delegationen
797 256 148 21 öfverlemnats

189 290 29 19 att
240 290 94 26 uppgöra
356 289 36 21 det
412 291 97 20 närmare
531 291 142 26 programmet
695 290 34 20 för
753 289 107 29 täflingen,
882 290 62 20 hafva

189 322 117 22 Ständerna
328 323 53 21 dock
403 324 55 22 velat
473 324 73 28 uttala,
561 326 30 20 att
605 324 7 21 i
627 324 157 28 öfvervägande
799 324 65 22 borde
880 326 64 26 tagas,

188 357 106 22 huruvida
316 358 46 21 icke
377 358 33 21 för
437 358 161 28 ifrågavarande
621 358 157 28 framställning
792 358 72 22 kunde
879 359 65 27 väljas

189 392 63 27 något
266 394 62 19 ämne
343 399 26 14 ur
384 392 49 22 våra
447 392 137 29 landtdagars
600 393 92 21 historia.

258 426 117 22 Ständerna
391 427 62 21 hafva
468 428 57 27 förty
541 428 22 21 åt
577 427 153 28 Delegationen
747 427 119 29 uppdragit:

462 493 39 23 att,
517 491 9 21 i
541 491 90 21 samråd
654 490 48 22 med
719 490 166 22 Ständerhusets
908 498 36 14 ar-

394 525 72 28 kitekt,
484 525 95 28 inbjuda
595 525 85 21 landets
692 526 100 27 samtlige
803 525 141 29 bildhuggare

394 560 34 21 till
453 560 84 21 allmän
563 560 69 28 täflan
657 567 33 14 om
716 560 131 28 utförandet
867 560 31 28 af
916 562 28 18 ett

394 594 153 28 skulpturverk
566 594 42 29 för
631 594 155 29 dekoreringen
809 595 31 28 af
860 597 84 25 tympa-

393 629 109 28 nonfältet
517 630 8 20 i
539 629 90 28 gafveln
652 629 60 28 öfver
729 629 165 22 Ständerhusets
907 636 36 21 pe-

392 664 65 28 ristyl
479 666 43 19 mot
543 664 161 28 Nikolaigatan
727 666 56 19 samt
798 666 32 19 att
845 664 35 21 till
894 666 50 19 näst

393 698 209 22 sammanträdande
633 698 95 22 Ständer
758 698 110 21 inkomma
896 698 48 21 med

389 733 90 29 förslag
496 734 34 20 till
545 732 91 22 arbetets
650 733 129 28 utförande,
795 733 115 27 hvarjemte

464 768 125 21 Ständerna
605 767 116 29 berättigat
740 767 157 28 Delegationen
913 769 31 19 att

393 802 70 21 såsom
476 802 50 28 pris
542 802 36 21 vid
593 802 71 21 denna
680 802 71 28 täflan
768 802 100 21 använda
884 802 60 20 ända

393 836 35 21 till
449 837 67 25 5,000
535 836 63 21 mark
621 837 30 28 af
668 836 153 28 behållningen
844 837 13 20 å
880 836 64 28 bygg-

393 871 158 28 nadsanslaget
562 871 42 28 för
621 871 162 22 Ständerhuset.

256 939 88 22 Hvilket
366 941 55 20 samt
443 941 31 20 att
498 940 61 21 dessa
574 940 69 21 medel
658 940 87 21 komma
761 941 35 26 att,
811 939 26 28 på
852 939 92 21 skeende

190 973 105 28 anmälan,
316 973 153 29 Delegationen
487 975 21 21 af
523 974 250 22 Ständerhusekonomen
798 973 144 22 tillhandahäl-

187 1007 37 28 las,
246 1007 154 29 Delegationen
426 1009 31 21 till
479 1009 121 21 kännedom
617 1009 38 21 och
670 1008 136 28 iakttagande
821 1008 121 27 härigenom

188 1042 114 21 meddelas.

255 1100 139 29 Helsingfors,
410 1101 41 21 den
467 1101 28 20 28
510 1101 42 28 Maj
572 1101 61 21 1891.
