1078 1692
209 142 25 19 96

179 209 59 25 tryck
259 210 42 18 mot
322 209 35 25 grå
379 209 70 25 grund,
473 211 52 17 samt
546 209 65 19 under
631 209 116 19 densamma
762 208 61 20 orden
838 208 15 20 vi
869 208 67 25 Guld«,

179 238 117 19 »Kullassa«.
326 238 103 19 Nedanom
444 238 80 19 stafven
539 238 65 19 finnas
620 237 34 20 två
669 237 57 25 linjer
745 237 82 19 afsedda
848 237 29 19 för
899 243 37 13 un-

179 266 117 20 derskrifter
318 268 52 18 samt
389 266 26 25 på
430 266 95 20 hvardera
539 266 57 20 sidan
611 272 33 13 om
658 266 40 19 den
713 266 64 19 undre
792 266 19 18 af
825 265 59 20 dessa
899 265 37 19 lin-

178 294 30 26 jer
222 294 81 20 sedelns
318 300 92 14 nummer
424 295 6 19 i
445 296 56 18 svart
516 294 63 25 tryck.

248 322 30 20 På
300 322 108 25 frånsidan,
431 329 43 13 som
497 323 97 25 omgifves
618 322 20 20 af
652 328 24 14 en
691 328 43 14 ram
748 322 8 19 i
770 322 94 23 kedform,
883 327 32 15 ses
930 322 7 18 i

180 351 76 20 midten
272 357 25 13 en
312 351 117 25 medaljong,
443 352 142 19 inneslutande
600 351 94 19 Finlands
710 356 71 20 vapen,
799 350 138 26 symmetriskt

181 380 98 24 omgifvet
294 380 19 18 af
327 380 131 25 grangvistar.
488 380 138 25 Medaljongen
641 380 108 24 begränsas
772 379 73 25 upptill
869 379 20 19 af
908 380 29 18 ett

179 408 182 25 halfcirkelformigt
383 408 51 20 band
456 408 46 20 med
523 408 69 26 gråblå
614 408 75 24 botten,
709 407 63 20 hvarä
787 408 6 18 i
809 409 55 18 svart
878 407 58 25 tryck

179 436 121 20 förekomma
315 437 61 19 orden
390 437 103 19 »Finlands
509 437 66 19 Bank«
589 437 38 19 och
641 436 97 20 »Suomen
754 436 90 24 Pankkie,
852 435 85 20 åtskilda

181 471 72 19 genom
268 471 26 13 en
309 465 79 25 stjerna,
404 467 51 17 samt
470 466 64 19 hvilar
549 465 26 25 pä
591 465 101 25 symboler
706 465 30 19 för
753 464 87 20 handeln
855 464 36 20 och
905 464 30 19 in-

179 493 87 19 dustrin.
296 493 37 20 Det
348 494 44 19 hela
407 494 98 25 uppbäres
521 494 19 19 af
554 500 25 13 en
594 494 7 19 i
616 495 70 18 trenne
707 493 36 20 fält
764 493 79 19 indelad
864 492 72 24 sockel,

180 527 43 14 som
238 522 110 19 innehäller
363 521 26 26 pä
403 522 62 25 ryska
479 522 82 26 spräket
575 522 6 19 i
597 522 75 19 midten
687 522 62 19 orden
771 521 93 20 Finlands
880 521 56 19 Bank

180 552 52 17 samt
255 550 30 19 till
306 552 82 18 venster
410 551 36 19 och
464 551 61 25 höger
539 551 80 19 sedelns
635 550 59 20 valör.
724 550 29 19 På
767 550 96 19 hvardera
878 550 57 19 sidan

179 578 98 25 omgifves
293 578 126 20 förenämnda
434 580 112 24 medaljong
560 580 20 18 af
594 585 26 13 en
633 580 69 23 rosett,
717 578 128 26 upptagande
868 578 67 20 siffran

181 607 12 19 5
208 607 7 19 i
230 607 53 19 hvitt
298 607 26 25 på
338 607 36 25 grå
388 608 71 24 grund.
489 607 98 20 Ofvanom
603 608 58 19 dessa
675 608 88 19 rosetter
774 608 65 18 finnas
849 606 29 20 till
887 612 47 14 ven-

180 636 41 19 ster
236 636 62 19 orden
312 636 56 19 »Fem
382 636 65 20 Mark«
461 637 37 19 och
513 636 30 20 till
558 636 61 26 höger
633 636 61 19 »Viisi
709 636 106 19 Markkaac.
