1078 1692
233 123 29 21 24

203 182 149 29 provisionelt
371 185 108 27 uppsatta
497 184 31 28 på
548 183 155 28 luftbrunnen,
725 185 35 19 att
775 183 117 29 borttagas
906 182 43 22 och

201 218 99 28 placeras
324 218 8 22 i
357 218 168 22 ständerhusets
550 219 166 28 källarvåning,
743 218 40 22 der
807 218 81 29 nödigt
913 221 35 19 ut-

201 261 87 21 rymme
304 254 36 22 för
356 254 113 22 desamma
485 254 70 22 öfven
570 254 127 22 förefinnes.

270 290 21 21 4.
322 290 187 29 Planteringarna
523 292 31 27 pä
569 294 97 24 sqvären
685 290 84 22 bakom
784 290 43 22 och
843 290 105 28 omkring

201 326 163 21 ständerhuset.

271 360 81 30 Enligt
366 360 26 22 af
407 361 233 29 trädgärdsmästaren
655 361 81 22 Olsson
751 361 126 29 uppgjordt
886 362 61 20 kost-

203 396 143 29 nadsförslag
369 396 72 22 skulle
463 397 132 21 utförandet
618 396 27 22 af
656 397 248 29 planteringsarbetena
918 398 30 28 pä

201 436 96 25 sgvären
317 432 65 22 invid
402 433 158 21 ständerhuset
578 432 100 22 erfordra
697 440 29 14 en
741 440 88 14 summa
844 432 26 22 af
882 432 65 28 6,856

201 468 70 28 mark,
297 468 156 22 hvarförutom
476 468 257 22 underhällskostnaden
764 468 35 22 för
825 468 122 30 planterin-

200 511 70 21 garne
286 504 26 21 af
324 504 84 21 honom
422 504 121 22 beräknats
562 506 35 20 att
612 506 78 27 uppgå
705 504 36 22 till
758 504 65 28 1,555
838 504 64 22 mark
913 506 33 20 är-

199 540 68 28 ligen.
298 540 37 21 Då
350 540 39 21 det
404 540 124 21 emellertid
543 540 65 21 torde
623 540 73 22 blifva
711 540 105 21 förenadt
831 540 51 21 med
897 542 50 19 svä-

199 575 101 29 righeter
316 577 34 19 att
364 576 133 21 underhälla
512 579 97 25 sgvären
627 582 82 22 genom
725 575 43 21 den
787 575 54 22 eller
856 576 27 20 de
898 583 49 21 per-

200 618 71 21 soner,
292 611 81 22 hvilka
390 612 91 21 komma
499 613 35 19 att
551 611 72 23 hafva
644 612 36 28 sig
699 611 86 22 värden
805 611 26 22 af
847 611 99 22 ständer-

200 647 68 21 huset
282 647 139 28 ombetrodd,
437 655 54 15 vore
507 648 39 21 det
561 647 115 22 sannolikt
689 647 140 29 lämpligare,
839 654 37 14 om
886 649 60 19 stän-

200 682 69 22 derna
283 683 77 21 kunde
374 683 51 21 med
440 683 143 29 Helsingfors
599 683 50 21 stad
665 682 67 22 träffa
748 682 57 22 aftal
821 682 76 22 derom
912 684 35 20 att

200 718 80 22 staden
299 732 29 2 —
350 719 68 21 sedan
440 718 248 30 planteringsarbetena
707 726 83 21 genom
810 718 136 22 Ständernas

199 754 90 29 försorg
303 754 84 22 utförts
402 768 29 2 —
447 756 67 27 ätoge
530 754 36 29 sig
581 754 143 22 underhället
740 754 27 22 af
779 757 95 25 sgvären
885 755 61 20 emot

199 790 46 22 viss
264 790 211 22 öfverenskommen
492 790 59 28 ärlig
569 790 149 29 godtgörelse.
753 790 44 21 Det
815 792 25 19 är
859 790 29 21 all
908 796 37 15 an-

199 825 94 29 ledning
314 828 34 19 att
368 828 83 26 antaga
473 826 38 21 det
530 826 79 21 staden
629 826 49 21 icke
698 832 54 15 vore
772 825 78 21 härtill
865 825 81 21 obenä-

199 868 51 21 gen,
272 861 29 22 dä
318 861 27 28 ju
365 864 96 25 sgvären
479 861 84 22 blifver
584 861 132 28 tillgänglig
737 860 36 22 för
795 860 151 21 allmänheten

200 896 48 28 och,
265 898 74 20 säsom
354 897 77 27 kändt,
448 903 28 14 en
491 896 83 29 analog
589 895 227 23 öfverenskommelse
830 895 116 29 angäende

199 935 97 25 sgvären
315 932 94 21 framför
424 932 143 21 riddarhuset
587 931 88 22 träffats
691 931 95 22 emellan
807 931 139 21 Riddarhus-

200 967 144 22 direktionen
359 967 44 22 ooh
418 968 86 21 staden.

270 1003 20 21 5.
322 1003 160 22 Akroterierna
504 1005 30 26 pä
556 1003 123 28 gaslyktan
702 1003 65 22 öfver
789 1004 61 20 stora
869 1003 76 28 trapp-

199 1039 73 22 huset.

270 1075 72 21 Dessa
361 1075 128 27 akroterier,
511 1081 48 15 som
579 1074 36 21 för
636 1073 140 23 närvarande
796 1076 39 19 äro
855 1073 91 22 utförda

199 1110 27 21 af
242 1110 130 29 oljedränkt
391 1111 57 28 gips,
472 1111 69 20 borde
561 1110 93 29 utbytas
677 1111 62 20 emot
760 1109 69 22 andra
848 1109 26 21 af
885 1109 60 27 zink,

198 1146 95 22 emedan
313 1146 114 21 desamma
444 1149 39 18 äro
505 1147 62 21 svårt
585 1145 127 28 åtkomliga
727 1145 43 21 och
791 1144 87 22 derföre
899 1146 47 19 mä-

197 1181 77 22 hända
292 1181 8 22 i
318 1181 121 22 framtiden
457 1181 50 22 icke
525 1181 92 22 komma
635 1183 35 19 att
687 1180 145 22 underhållas
852 1181 30 27 på
900 1179 45 22 till-

200 1217 86 29 börligt
301 1219 52 20 sätt.

270 1253 20 21 6.
322 1253 213 28 Luftöppningarne
551 1252 8 21 i
574 1252 168 22 brandbottnen
756 1253 31 27 på
801 1251 92 22 vinden.

270 1289 71 21 Dessa
362 1289 133 28 öppningar,
515 1295 48 14 som
581 1288 97 21 lemnats
700 1287 35 22 för
754 1289 34 19 att
806 1286 139 29 vindsbjelk-

197 1323 64 29 laget
281 1324 57 21 skall
357 1324 76 21 kunna
452 1323 147 29 fullständigt
617 1323 72 28 torka,
709 1323 69 21 borde
796 1322 72 21 under
885 1324 61 19 näst-

197 1359 153 22 instundande
370 1367 98 14 sommar
487 1359 121 21 fastmuras
626 1359 51 21 med
696 1358 67 29 tegel,
785 1365 48 14 som
853 1357 36 22 för
908 1360 38 19 än-

198 1395 100 21 damålet
313 1395 73 21 finnas
400 1395 117 29 upplagda
532 1396 13 20 &
561 1394 90 22 vinden.

670 1429 84 27 Gustaf
766 1429 108 26 Nyström.
