1078 1692
837 128 27 22 49

138 194 174 24 vederbörandes
328 194 117 27 förklaring
456 194 18 27 ej
487 194 100 21 mindre
578 187 12 38 i
598 193 116 27 anledning
724 192 24 22 af
756 192 26 22 de
794 191 100 23 anmärk-

137 230 84 28 ningar,
238 236 48 14 som
302 228 23 22 af
338 229 137 21 revisorerna
490 228 142 28 tilläfventyrs
647 227 125 26 framstälts,
788 228 29 20 än
831 226 63 22 äfven

138 265 7 21 i
162 264 27 22 de
205 263 123 27 afseenden,
344 263 79 21 sådant
438 269 81 15 annars
535 263 43 21 kan
593 269 53 15 vara
662 262 81 27 nödigt,
759 261 107 23 hvarefter
881 262 14 20 å

138 298 190 27 bankfullmäktige
343 297 128 22 ankommer
486 299 32 20 att
533 297 82 27 afgöra,
630 297 106 21 huruvida
752 296 41 22 och
808 296 6 21 i
824 296 71 21 hvilka

139 334 60 22 delar
214 332 156 23 ansvarsfrihet
385 332 56 22 skall
456 332 136 22 direktionen
607 332 96 27 beviljas.

434 384 13 27 8
463 384 33 21 71.
527 384 20 27 (8
563 383 42 29 70).

209 425 91 22 Revisor
310 424 84 28 uppbär
404 424 73 22 trettio
489 424 62 21 mark
561 424 7 21 i
577 423 189 28 dagtraktamente
774 424 56 20 samt
837 428 59 16 rese-

140 459 225 27 kostnadsersättning
380 458 31 22 till
425 464 86 16 samma
526 458 84 28 belopp,
631 464 48 16 som
695 458 26 21 de
736 458 7 20 i
759 457 65 28 fjerde
839 457 57 21 klas-

141 500 40 16 sen
196 494 23 22 af
232 493 99 28 gällande
346 493 182 27 resereglemente
543 494 111 26 upptagna
670 492 141 22 embetsmän.

209 528 156 22 Revisorernas
388 527 134 22 sekreterare
545 527 94 27 åtnjuter
661 526 81 22 arvode
765 526 30 22 till
812 526 84 30 belopp,

141 569 48 15 som
205 563 23 21 af
240 563 136 21 revisorerna
392 562 138 22 bestämmes.

459 654 66 33 Kap.
543 654 40 26 IX.

170 706 37 22 Om
222 712 80 15 ansvar
316 704 35 22 för
365 704 110 29 tjenstefel
491 704 55 22 samt
561 710 33 17 om
609 704 265 29 ersättningsskyldighet.

495 751 13 27 8
524 751 33 21 72.

213 792 81 21 Finnes
317 790 178 28 bankfullmäktig
513 790 65 22 hafva
596 790 106 23 äsidosatt
722 791 26 22 de
764 790 137 27 föreskrifter,

147 832 48 15 som
212 828 38 19 äro
266 832 78 21 genom
360 826 59 21 detta
428 826 132 26 reglemente
571 826 51 21 eller
632 825 134 22 Ständernas
775 825 127 21 instruktion

148 860 189 27 bankfullmäktige
359 859 31 22 till
410 859 141 22 efterrättelse
569 859 133 28 meddelade,
721 859 54 22 skall
795 859 49 27 han,
859 859 44 21 ifall

148 895 123 22 Ständerna
292 895 31 21 till
346 894 43 22 ätal
407 896 46 19 mot
472 894 82 21 honom
572 894 110 28 förordna,
702 895 78 21 dömas
799 894 65 27 enligt
878 893 25 22 de

149 929 176 28 lagstadganden,
349 935 44 14 som
413 928 61 28 gälla
497 935 34 14 om
551 928 120 22 enahanda
690 928 165 28 öfverträdelser
872 927 32 22 be-

147 963 91 29 gängna
253 965 25 26 af
293 963 146 22 ombudsman.

217 998 126 22 Komiterad
358 1004 52 16 vare
422 998 82 27 jemväl
519 998 83 27 skyldig
617 1000 37 25 att,
672 999 5 20 i
687 998 104 22 händelse
800 997 104 22 bankfull-

149 1033 95 27 mäktige
263 1032 44 22 läta
322 1035 46 19 mot
382 1033 83 21 honom
480 1032 71 22 utföra
567 1033 49 26 ätal,
640 1033 32 21 för
688 1033 47 21 sina
750 1032 100 27 ätgärder
864 1038 40 15 an-

149 1073 65 16 svara
230 1067 65 27 enligt
311 1067 65 21 ofvan
392 1067 124 27 äberopade
531 1067 90 27 lagrum.

218 1101 31 22 Pä
264 1101 192 28 bankfullmäktige
471 1101 128 22 ankommer
614 1101 102 22 likaledes
732 1103 38 25 att,
786 1101 71 22 derest
867 1107 38 15 an-

150 1135 126 22 svarsfrihet
297 1135 68 22 blifvit
386 1135 99 22 bankens
509 1136 107 21 direktion
635 1136 115 27 förvägrad
768 1136 50 21 eller
833 1136 72 27 nägon

151 1171 49 21 dess
215 1171 93 21 medlem
323 1171 51 21 eller
389 1170 210 22 bankkommissarie
610 1171 56 27 gjort
676 1171 32 27 sig
718 1170 83 29 skyldig
811 1170 30 21 till
850 1170 55 27 tjen-

150 1204 68 27 stefel,
233 1204 103 22 förordna
350 1205 31 20 till
396 1205 50 26 laga
461 1205 50 21 ätal.

219 1240 44 21 Har
279 1240 92 21 medlem
386 1239 24 22 af
418 1240 135 21 direktionen
564 1240 50 22 eller
625 1240 209 22 bankkommissarie
845 1240 61 21 stälts

151 1274 68 22 under
234 1274 103 21 fiskaliskt
352 1275 44 20 åtal
412 1275 51 21 eller
477 1275 96 21 tilltalats
588 1275 33 21 för
637 1275 87 22 svårare
740 1275 58 21 brott
813 1275 50 21 eller
874 1274 32 21 af-

151 1309 58 21 trädt
228 1309 37 21 sitt
285 1309 35 27 bo,
338 1309 66 21 beror
418 1308 29 28 pä
461 1309 203 28 bankfullmäktiges
679 1309 107 28 pröfning,
801 1309 105 21 huruvida

152 1343 43 21 han
210 1343 132 22 fortfarande
358 1343 54 21 skall
427 1343 21 21 fä
463 1343 96 22 bestrida
574 1343 94 22 embetet
684 1344 50 21 eller
750 1350 73 15 annan
839 1343 68 21 dertill

152 1378 118 21 förordnas.

221 1412 45 21 Har
288 1418 73 15 annan
380 1411 99 22 bankens
497 1412 131 27 tjensteman
643 1412 51 22 eller
709 1412 81 27 betjent
805 1412 56 27 gjort
876 1412 32 27 sig

152 1446 84 28 skyldig
250 1446 30 21 till
296 1446 25 22 fel
338 1447 51 21 eller
404 1446 151 23 försummelse
569 1447 7 20 i
591 1447 99 27 tjensten,
705 1453 51 20 eger
766 1447 140 25 direktionen,

829 1487 10 16 4

925 422 103 25 (Bankfull-

916 452 92 23 mäktiges
1020 452 26 17 in-

926 481 104 20 struktion).

914 792 28 23 ($$
950 792 27 21 62,
985 791 65 22 80,97).
