1078 1692
837 145 27 19 27

137 207 68 19 vande
227 206 45 21 från
295 208 105 19 anstalten
422 206 111 26 utgångna
554 207 76 23 elever,
650 208 58 18 öfver
727 207 73 20 hvilka
814 207 79 20 medels

138 242 135 26 användning
287 241 176 20 blindanstaltens
479 240 146 21 föreståndare
642 241 50 20 eller
712 241 182 20 föreståndarinna

138 276 53 25 egde
206 274 80 28 årligen
300 276 97 19 redovisa
411 276 54 19 inför
481 275 224 26 skolöfverstyrelsen;
722 276 117 26 hvarjämte
857 276 37 19 do-

138 310 67 20 natrix
219 311 91 19 bestämt
326 311 36 22 att,
383 310 2 19 i
400 309 102 20 händelse
515 310 159 26 räntebeloppet
689 310 47 19 icke
754 309 91 27 åtginge,
864 310 30 19 öf-

137 344 116 20 verskottet
268 344 63 20 borde
346 344 6 19 i
366 344 69 26 jämnt
450 343 41 20 och
506 344 99 25 lämpligt
616 344 30 19 tal
657 344 77 26 läggas
744 344 32 20 till
786 343 107 27 kapitalet.

207 378 69 21 Sedan
298 378 213 26 skolöfverstyrelsen
526 378 39 20 hos
584 378 120 26 Kejserliga
726 378 90 20 Senaten
838 378 56 26 gjort

138 413 98 19 anmälan
256 419 34 13 om
306 413 132 22 donationen,
454 412 39 19 har
509 412 93 20 Senaten
615 412 40 20 den
679 413 25 19 17
725 413 84 25 januari
834 412 59 23 1872,

138 447 66 25 enligt
218 447 56 19 hvad
289 446 225 26 Finansexpeditionen
529 447 31 19 uti
575 447 48 19 bref
636 447 22 19 af
672 453 82 13 samma
776 447 42 25 dag
836 446 58 20 med-

139 481 56 19 delat
218 482 130 19 direktionen
370 482 31 18 för
423 480 103 20 Finlands
549 481 62 23 bank,
636 481 106 19 förordnat
766 482 30 18 att
817 481 77 19 omför-

139 515 71 19 mälda
228 516 68 19 medel
312 516 68 19 skulle
395 515 141 20 öfverlemnas
552 515 33 19 till
600 516 84 19 banken
699 516 31 19 för
746 517 30 18 att
791 516 103 18 omsättas

139 550 7 18 i
162 550 62 19 säkra
242 551 136 25 statspapper,
394 556 46 13 som
455 548 64 27 gåfve
534 550 65 19 minst
615 550 42 19 fem
672 551 97 25 procents
784 550 60 19 ränta
859 555 35 13 om

140 583 50 24 året,
207 586 55 17 samt
276 584 100 20 förvaltas
395 584 7 19 i
418 584 95 26 enlighet
535 585 49 19 med
607 585 137 19 förenämnda
767 584 127 20 föreskrifter

141 618 40 20 och
201 619 99 19 särskildt
320 619 98 20 bokföras
441 619 67 19 under
529 619 129 25 benämning
682 634 4 8 ,
688 619 119 23 Mellinska
829 619 65 19 dona-

139 653 133 19 tionsfonden
292 653 31 19 för
338 653 95 23 blinda";
456 653 94 19 hvarhos
570 652 27 26 på
617 653 223 26 skolöfverstyrelsens
862 658 32 14 re-

141 686 99 20 kvisition
262 688 63 19 borde
346 686 113 21 halfårsvis
482 687 106 19 utbetalas
611 688 26 18 de
656 686 12 20 å
687 688 76 19 fonden
778 687 116 26 inflytande

141 721 76 20 räntor.

183 816 24 27 5.
246 816 215 27 Viceamiralen
483 823 57 20 von
558 818 186 26 Nordmanns
763 816 88 27 dona-

435 856 164 27 tionsfond.

209 925 48 20 Med
271 926 115 26 anledning
400 926 61 19 däraf
475 927 30 18 att
520 926 155 20 Viceamiralen
687 926 23 19 B.
721 932 41 14 von
775 926 120 19 Nordmann

141 960 41 19 den
199 959 27 20 26
242 960 84 25 januari
351 960 51 20 1873
425 961 56 19 hade
503 961 55 19 varit
572 961 7 19 i
595 961 27 19 20
643 960 34 20 års
699 961 30 18 tid
752 960 91 19 direktor
864 960 32 19 för

141 994 52 19 lots-
211 995 40 19 och
266 993 184 27 båkinrättningen
465 995 8 18 i
488 995 73 20 landet
576 997 56 17 samt
647 995 61 19 äfven
731 995 64 19 redan
817 995 79 18 därför-

141 1029 64 19 innan
219 1029 8 18 i
244 1029 24 19 10
285 1028 22 20 år
321 1029 45 19 haft
381 1029 118 26 befattning
515 1029 48 20 med
578 1029 121 24 lotsverket,
714 1029 40 19 har
768 1029 128 18 Viceamira-

140 1063 35 19 len
197 1069 41 13 von
253 1063 121 20 Nordmann
395 1064 30 19 uti
440 1069 26 14 en
483 1064 68 25 sagda
566 1064 42 25 dag
623 1063 32 20 till
670 1065 14 18 t.
701 1064 13 19 f.
731 1063 164 25 Generalguver-

140 1098 65 19 nören
228 1098 57 19 öfver
305 1097 71 20 landet
401 1096 78 21 aflåten
501 1099 84 24 rapport
607 1098 76 19 uttalat
705 1097 34 20 sin
762 1097 81 19 önskan
865 1098 31 18 att

140 1131 122 20 kvarlemna
278 1132 50 19 efter
344 1132 34 25 sig
392 1133 30 18 ett
433 1132 108 25 varaktigt
551 1133 72 19 minne
634 1132 39 20 och
688 1132 7 19 i
711 1131 76 20 sådant
798 1131 98 20 afseende

141 1165 88 20 anhållit
252 1167 30 19 att
301 1165 21 21 få
344 1167 77 19 donera
436 1166 64 23 8,000
516 1167 67 23 mark,
599 1173 47 13 som
660 1165 155 20 Viceamiralen
831 1165 63 20 emel-

140 1199 62 20 lertid
224 1201 84 19 nedsatt
326 1201 6 19 i
350 1201 101 19 Finlands
473 1201 63 23 bank,
558 1201 33 19 till
609 1207 27 13 en
650 1201 56 22 fond,
722 1201 64 18 hvars
801 1199 95 20 årsränta

141 1234 68 19 skulle
226 1250 4 8 ,
232 1234 88 27 årligen
334 1235 91 19 fördelas
441 1233 74 21 såsom
531 1235 164 26 gratificationer
710 1234 22 20 åt
748 1235 25 18 de
788 1234 51 19 eller
856 1234 40 19 den

140 1268 23 19 af
183 1268 244 26 kronolotsbetjeningen
450 1269 7 18 i
480 1269 97 22 Finland,
599 1269 73 19 hvilka
694 1269 66 19 under
778 1267 55 20 årets
848 1268 48 26 lopp

141 1302 48 19 med
204 1303 44 19 fara
263 1303 31 19 för
309 1303 25 20 lif
348 1303 49 19 eller
413 1303 112 26 synnerlig
537 1303 169 26 själfuppoffring
717 1302 46 20 från
773 1301 124 27 undergång

141 1337 74 19 räddat
229 1343 99 19 personer
343 1337 92 20 hörande
453 1337 33 20 till
501 1337 87 20 hvilken
603 1337 133 20 nationalitet
755 1343 45 13 som
819 1336 77 19 helst.

141 1371 108 25 Rättighet
264 1373 30 18 att
309 1371 117 20 bestämma
442 1377 36 14 om
497 1372 67 25 sagda
586 1371 178 26 gratifikationers
787 1369 110 26 utdelning

140 1405 39 19 har
194 1405 87 20 donator
296 1403 119 22 förbehållit
430 1405 35 26 sig
480 1406 67 19 under
562 1405 33 20 sin
613 1405 72 24 lifstid,
701 1411 49 14 men
771 1404 52 19 efter
842 1403 54 20 hans

141 1439 41 19 död
205 1439 68 20 skulle
296 1439 68 20 denna
382 1439 103 25 rättighet
499 1439 119 20 tillkomma
640 1439 163 20 lotsdirektören
817 1437 8 19 i
840 1443 58 14 sam-
