1078 1692
354 119 83 23 Ständ.
454 118 53 23 Skr.
523 132 30 3 —
568 119 114 22 XXXVI.
847 122 12 19 9

455 180 68 30 Kap.
543 180 34 24 V.

211 243 43 22 Om
270 243 109 22 bankens
395 243 100 27 kontor,
511 243 133 27 agenturer
660 243 46 22 och
722 243 97 22 ombud.

212 298 28 20 43
265 296 12 29 8
296 296 120 22 innefattar
432 303 27 15 en
475 297 95 27 ändring
586 296 25 22 af
624 303 29 15 nu
669 297 103 27 gällande
788 297 102 27 stadgan-

121 328 5 6 *
142 332 41 22 den
199 332 8 21 i
222 332 64 27 fråga
302 338 33 16 om
350 332 161 28 befogenheten
527 334 33 20 att
575 332 77 28 afgöra
668 339 34 15 om
718 334 129 26 agenturers
858 333 32 21 in-

141 367 103 22 rättande
260 368 40 20 och
316 367 137 27 indragning.
477 367 41 22 Att
533 368 47 21 låta
590 367 211 27 bankfullmäktiges
812 368 80 27 åtgärd

141 403 8 21 i
164 403 68 21 sådan
249 402 64 28 fråga
328 402 70 22 blifva
413 403 103 27 gällande
531 405 53 19 utan
600 404 132 21 hemställan
743 403 35 21 till
790 402 100 28 Senaten,

142 438 62 22 torde
226 438 19 27 ej
262 438 75 21 kunna
352 438 118 22 framkalla
485 439 161 27 betänklighet,
664 439 28 21 då
705 438 25 28 ju
746 440 146 26 agenturerna

141 474 50 21 icke
206 475 79 25 utgöra
301 474 146 27 embetsverk,
464 474 19 27 ej
500 474 71 22 heller
587 476 108 25 upptagas
711 474 7 21 i
734 474 97 22 bankens
841 476 49 25 stat,

142 511 52 19 utan
210 509 94 21 inrättas
320 509 70 27 enligt
406 508 54 22 aftal
476 510 49 22 med
542 510 87 22 enskild
645 509 123 22 affärsman.

451 606 70 30 Kap.
541 606 48 24 VI.

248 668 43 23 Om
306 668 110 23 bankens
432 668 127 22 direktion
576 668 46 23 och
638 669 155 27 tjenstemän.

214 718 28 20 49
264 716 12 29 8&
292 717 123 21 innehåller
431 723 27 15 en
474 717 85 21 mindre
575 717 125 27 betydande
717 717 93 27 ändring
825 716 24 22 af
862 723 30 15 nu

143 752 103 28 gällande
262 752 142 27 stadganden,
421 752 7 21 i
444 752 37 22 det
497 754 33 19 att
541 752 84 22 antalet
635 752 104 28 ärenden,
752 759 44 15 som
804 752 88 27 påkalla

144 789 135 26 gemensamt
304 788 159 21 sammanträde
480 787 25 21 af
518 787 201 27 bankfullmäktige
735 788 40 21 och
790 788 102 21 direktio-

144 830 50 20 nen,
219 822 75 23 blifvit
316 823 75 21 tillökt
414 823 49 21 med
485 822 77 27 frågor
581 829 35 15 om
631 823 262 26 provisionsbestämning

145 859 39 21 och
200 858 225 27 ackordsuppgörelse
440 858 49 21 med
505 858 138 27 gäldenärer.
675 858 111 27 Tillägget
800 858 41 21 har
859 858 34 21 sin

145 894 71 27 grund
238 894 8 21 i
270 893 42 22 den
334 893 98 22 erkända
452 893 77 27 vigten
549 893 24 22 af
586 893 74 22 intimt
676 894 122 21 samarbete
814 893 79 22 mellan

145 929 28 22 de
188 929 94 22 ledande
298 929 182 26 myndigheterna
496 929 8 20 i
520 930 33 20 ett
568 928 156 22 affärsinstitut
738 929 8 20 i
757 929 42 20 alla
810 928 82 22 sådana

146 964 192 27 angelägenheter,
355 970 45 15 som
416 964 112 27 svårligen
539 964 75 21 kunna
622 970 78 21 genom
708 963 113 28 skriftliga
829 963 64 22 fram-

146 1000 132 27 ställningar
293 999 51 22 fullt
359 999 92 28 belysas.

216 1035 39 22 Uti
279 1037 27 19 53
331 1035 12 28 &
367 1035 110 22 meddelas
501 1041 28 16 en
551 1035 81 21 hittills
656 1035 85 21 saknad
756 1034 138 27 bestämning

146 1071 80 26 derom,
243 1072 33 19 att
296 1070 99 27 förmåga
415 1072 32 19 att
463 1070 102 22 använda
580 1070 96 22 svenska
692 1070 39 21 och
747 1069 71 22 finska
833 1069 61 27 språ-

146 1107 44 20 ken
213 1106 57 21 skall
292 1107 79 26 utgöra
395 1107 32 20 ett
446 1105 204 27 kompetensvilkor
666 1105 35 22 för
717 1105 128 26 utnämning
860 1104 35 21 till

147 1141 68 28 tjenst
233 1141 4 21 i
252 1141 93 22 banken.
369 1141 43 22 Vid
428 1141 145 27 affattningen
589 1141 25 21 af
628 1141 71 22 denna
709 1141 138 26 bestämning
855 1140 41 21 har

146 1177 69 26 tagits
235 1177 87 26 hänsyn
336 1177 36 20 till
388 1177 37 21 det
440 1176 99 22 faktiska
555 1176 145 27 förhållande,
718 1177 32 20 att
765 1176 58 21 olika
839 1175 56 27 tjen-

147 1215 47 19 ster
216 1213 8 20 i
246 1212 87 22 banken
353 1212 66 21 ställa
434 1212 59 21 olika
509 1212 98 27 anspråk
622 1212 28 26 på
665 1211 170 22 innehafvarens
851 1210 44 21 för-

147 1248 64 27 måga
226 1249 34 20 att
274 1247 109 22 behandla
398 1247 27 22 de
440 1247 57 22 båda
514 1247 103 27 språken.

218 1283 119 27 Förslaget
359 1283 9 20 i
388 1284 28 20 56
432 1282 19 29 $,
469 1284 33 20 att
518 1282 166 22 fastställandet
700 1282 24 21 af
736 1281 160 22 instruktioner

148 1318 35 21 för
198 1319 99 21 bankens
313 1318 132 27 tjenstemän
461 1318 59 21 skall
536 1318 114 21 ankomma
667 1318 13 21 å
690 1316 205 27 bankfullmäktige,

148 1354 92 21 innebär
262 1360 26 15 en
308 1353 129 28 förändring
453 1353 24 22 af
491 1353 133 27 stadgandet
639 1353 33 22 uti
688 1354 29 21 54
733 1353 12 28 $
761 1359 60 15 mom.
837 1352 21 28 b)
874 1351 25 22 af

149 1389 102 27 gällande
274 1389 141 27 reglemente,
439 1389 70 26 enligt
532 1389 87 21 hvilket
643 1388 76 27 dylika
737 1387 160 22 instruktioner
