1078 1692
220 152 26 24 52
461 155 26 22 U.
503 156 23 21 B.
543 156 33 22 111
587 150 83 39 -XXV.

190 218 50 21 kala
262 218 154 28 bergsmarker,
439 218 112 22 hvaremot
573 219 72 21 bättre
658 219 151 26 jordomräden
825 218 118 22 öfverlätits

191 252 22 21 ät
238 252 102 22 enskilde.
364 266 27 2 —
406 253 190 27 Kronoskogarnes
611 253 57 21 areal
684 253 6 21 i
706 253 117 21 Frankrike
838 253 106 27 utgjorde:

309 282 30 26 Är
356 288 51 20 17991
451 303 4 5 .
486 304 4 4 .
521 303 4 4 .
557 305 6 5 .
593 288 113 26 4,704,917
722 287 105 21 hektarer.

316 338 11 9 »
356 322 53 20 1890
486 338 77 5 0.0.
596 322 110 26 12125666
733 309 16 44 —
766 338 12 10 ,,

316 372 12 10 »
356 356 54 20 1860
451 371 4 5 .
487 372 4 4 .
522 372 4 5 .
559 371 4 5 .
597 356 108 25 1,068221
766 372 12 10 =,

315 406 12 10 »
356 391 52 20 1875
486 406 4 4 0
557 406 5 5 0.
615 390 91 26 992,954
731 379 14 42 —
764 406 12 10 ,,

315 440 12 10 »
355 424 53 22 1885
449 440 4 5 .
484 440 5 6 .
521 440 4 5 .
556 441 4 5 .
594 425 111 25 1,124068
764 440 12 10 =,

355 458 53 21 1888
449 473 6 5 .
485 474 4 5 .
521 474 4 4 .
557 474 5 6 .
595 459 109 25 1,069,051
727 446 15 43 —
764 474 12 10 ,,

315 474 12 10 ”

258 492 57 21 Från
330 492 24 21 år
371 493 54 21 1860
439 492 34 22 till
488 492 24 22 år
525 494 52 20 1886
589 492 39 22 har
639 492 109 22 derstädes
760 492 6 20 i
778 492 39 21 och
828 492 33 21 för
871 492 73 26 skogs-

191 525 73 27 odling
286 526 86 27 inköpts
392 527 155 27 sammanlagdt
563 527 77 25 57,458
655 527 101 21 hektarer
772 526 85 27 skoglös
872 526 72 26 bergs-

191 560 69 21 mark.

258 594 11 21 I
288 594 108 27 Tyskland
411 595 38 21 har
465 595 96 21 förfarits
576 595 7 21 i
599 595 36 21 det
649 596 109 20 närmaste
773 594 6 21 i
795 600 81 16 samma
890 594 54 20 rikt-

191 628 50 27 ning
262 628 132 22 beträffande
417 630 25 20 de
457 629 7 21 i
480 630 160 26 Nordtyskland
656 629 173 21 förekommande
845 628 99 27 skoglösa

191 662 94 22 sandfält
304 663 40 21 och
366 670 76 20 moras,
466 663 73 21 hvilka
553 670 50 14 man
619 664 55 20 ända
690 663 47 21 från
753 663 78 21 medlet
847 662 23 21 af
884 662 60 21 detta

190 696 134 22 århundrade
340 698 79 26 begynt
433 699 52 26 göra
500 698 108 21 brukbara
619 698 33 21 för
663 698 58 21 såväl
734 698 72 26 skogs-
817 703 45 15 som
873 696 69 22 landt-

191 730 145 28 hushållning;
352 732 40 21 och
408 732 105 21 användes
528 732 75 21 härför
621 732 55 21 ända
686 732 34 21 till
730 732 36 21 två
777 732 97 26 miljoner
884 731 60 21 mark

192 771 34 15 om
242 765 52 21 året.
324 766 43 20 För
382 768 64 19 annat
461 766 100 21 ändamål
573 766 89 27 inköpes
674 766 23 21 af
706 766 63 26 tyska
779 766 81 21 kronan
870 765 18 27 ej
899 771 45 15 mer

191 799 71 27 någon
277 800 131 26 skogsmark.
439 794 30 28 År
486 801 54 21 1888
551 801 92 27 uppgick
654 800 6 21 i
670 800 109 27 Tyskland
789 800 157 26 kronoskogar-

191 839 37 14 nes
244 834 58 21 areal
318 834 33 21 till
366 835 111 25 4,546,757
494 835 107 21 hektarer.

257 867 190 28 Kronoskogarnes
469 868 7 21 i
491 869 91 20 Finland
601 869 57 21 areal
673 868 99 27 utgjorde
782 868 24 21 år
824 868 52 21 1888
891 867 54 21 inal-

191 901 31 21 les
240 903 126 26 14,266,775
382 902 105 22 hektarer.

257 936 84 27 Frågan
357 943 34 14 om
406 937 130 27 utvidgande
551 937 24 21 af
588 937 186 27 kronoskogarnes
789 937 58 21 areal
860 936 85 21 väcktes

191 969 39 21 hos
250 976 35 15 oss
301 971 6 20 i
323 971 74 26 början
413 971 23 21 af
451 971 54 22 1870
520 971 54 21 talet
589 971 32 21 uti
637 978 25 14 en
678 971 88 26 komité,
782 977 45 15 som
842 970 56 21 hade
913 970 33 27 sig

190 1004 120 27 uppdraget
325 1006 33 19 att
373 1004 114 28 öfverväga
502 1005 84 22 medlen
602 1005 33 22 till
651 1005 174 21 förekommande
840 1004 23 21 af
877 1011 25 14 en
914 1003 30 22 öf-

190 1038 121 21 verdrifven
327 1039 194 28 skogsafverkning.
551 1040 86 21 Bestört
652 1039 60 22 öfver
723 1039 40 21 den
774 1039 94 26 ovanligt
878 1038 67 27 lifliga

191 1072 39 21 och
242 1072 7 21 i
262 1073 78 27 många
352 1073 37 21 fall
400 1074 55 21 ända
470 1074 32 21 till
518 1074 149 27 lättsinnighet
682 1073 114 28 uppdrifna
811 1073 133 27 spekulation

190 1106 7 20 i
214 1107 197 27 skogsförsäljning,
424 1113 45 16 som
484 1108 99 27 omkring
598 1108 23 21 år
638 1109 54 20 1870
708 1108 97 27 plötsligt
821 1107 71 21 visade
906 1107 38 27 sig,

190 1141 85 26 yttrade
298 1141 67 27 sagda
384 1142 81 21 komité
483 1142 24 21 år
531 1143 62 20 1874:
616 1144 32 19 att
663 1141 173 28 skogsköflingen
851 1147 37 15 var
907 1141 38 20 all-

189 1176 51 19 män
255 1175 6 20 i
277 1175 92 21 Finland
391 1175 87 22 hvarför
499 1176 96 21 komitén
611 1175 100 28 föreslog,
728 1177 32 20 att
776 1177 80 19 statens
872 1175 73 26 skogs-

190 1208 102 21 områden
307 1210 7 18 i
329 1209 83 21 landets
434 1209 110 22 mellersta
566 1210 40 21 och
627 1210 83 27 sydliga
733 1210 58 20 delar
806 1209 65 21 borde
886 1209 58 21 ökas.

190 1242 10 21 I
216 1242 94 27 enlighet
325 1243 88 21 härmed
429 1244 106 27 uppdrogs
551 1243 22 22 åt
589 1244 159 27 forststyrelsen
764 1245 32 20 att
810 1243 45 21 låta
869 1243 76 21 under-

190 1277 52 20 söka
264 1277 150 27 skogsmarker
428 1278 7 21 i
451 1278 100 21 afseende
566 1278 13 21 å
594 1279 62 20 deras
671 1278 65 27 inköp
748 1278 22 21 åt
784 1278 87 21 kronan.
896 1277 49 21 Men

190 1310 27 21 då
239 1311 70 26 köpen
328 1311 47 21 icke
397 1312 49 21 ville
469 1312 116 21 fortskrida
608 1313 23 20 så
648 1312 88 27 hastigt,
760 1318 45 15 som
826 1318 48 15 man
890 1311 55 22 hade

189 1345 84 26 önskat,
297 1345 107 22 anstäldes
427 1346 36 21 vid
482 1346 159 27 forststyrelsen
663 1353 26 14 en
710 1346 92 21 särskild
817 1346 128 27 tjensteman

190 1378 32 21 för
232 1379 88 26 uppköp
332 1379 24 21 af
364 1379 49 27 jord
424 1380 22 21 åt
456 1382 76 19 staten.

259 1413 94 21 Sålunda
369 1413 64 22 hafva
447 1415 78 26 skogar
541 1414 40 21 och
596 1415 66 20 andra
677 1414 86 21 marker
776 1413 71 22 blifvit
857 1413 88 27 inköpta

189 1445 33 22 för
244 1447 94 21 kronans
359 1448 90 27 räkning
467 1448 178 27 hufvudsakligen
660 1449 7 20 i
682 1448 78 27 Jorois,
777 1448 113 27 Sääminge
905 1448 39 21 och

258 1485 141 19 Statsutskottets
412 1487 109 18 betänkande
533 1487 37 18 N:o
583 1488 18 16 3.
