1078 1692
840 155 31 24 41

477 224 14 30 $
511 224 39 24 89.

202 281 118 31 Derjemte
346 280 79 24 håller
451 280 103 24 Banken
581 280 85 25 kontor
689 281 8 23 i
718 272 56 39 Åbo,
791 280 99 32 Viborg,

134 315 160 30 Nikolaistad,
311 314 128 33 Uleåborg,
456 314 93 32 Kuopio
569 316 43 23 och
630 315 153 32 Björneborg.
814 314 77 25 Dessa

134 350 86 24 kontor
242 349 100 25 förestås
362 350 44 24 och
424 349 119 25 förvaltas
562 350 75 24 under
655 349 235 25 Bankdirektionens

134 384 118 30 inseende,
276 384 24 24 af
324 392 30 16 en
375 384 246 30 Bankkommissarie,
639 384 52 24 med
709 384 91 24 biträde
819 384 24 24 af
861 392 30 15 en

134 419 93 23 Kassör
245 418 43 24 och
306 426 29 16 en
353 418 235 31 Kontorsskrifvare,
606 419 75 32 denne
700 420 31 30 på
750 420 68 22 extra
836 420 54 22 stat.

134 453 51 24 Vid
205 453 85 31 hvarje
312 452 85 24 kontor
418 452 79 25 finnes
516 453 111 31 derjemte
645 461 29 16 en
692 452 199 31 Diskontkomité,

134 487 108 31 hvilken,
268 487 124 24 bestående
420 487 24 24 af
466 487 258 24 Bankkommissarien
747 495 50 16 som
815 487 75 24 ordfö-

134 522 73 24 rande
228 522 43 23 och
293 523 42 22 två
356 522 135 30 ledamöter,
509 524 57 30 äger
584 522 189 24 beslutanderätt
791 522 8 23 i
817 522 75 30 vissa,

135 556 9 24 i
163 556 31 24 92
215 557 13 29 $
247 556 118 32 uppgifna
383 556 109 24 ärenden.

202 590 92 32 Hvarje
312 590 84 24 kontor
414 590 107 32 betjenas
541 590 25 24 af
583 598 29 16 en
631 590 179 24 Vaktmästare.

477 672 14 28 $
511 670 38 24 90.

204 727 282 24 Bankkommissarierne
505 730 130 21 utnämnas
654 727 26 24 af
698 726 116 25 Senatens
829 726 61 24 Eko-

135 761 264 32 nomie-Departement.
436 762 13 23 I
463 762 92 24 sådant
585 762 113 24 afseende
727 761 86 24 tillhör
850 761 44 31 det,

135 796 41 24 vid
194 796 114 24 inträffad
326 796 111 32 ledighet,
455 796 223 24 Bankdirektionen
696 798 36 22 att
746 796 51 23 låta
809 796 8 23 i
829 803 61 16 van-

135 831 36 31 lig
189 830 102 31 ordning
309 830 70 24 anslå
396 831 43 24 och
456 831 111 31 kungöra
582 831 103 31 tjensten
703 830 39 24 till
755 830 137 31 ansökning

135 865 66 23 inom
226 864 124 24 femtiosex
372 865 74 32 dagar
467 867 64 22 samt
551 865 100 24 derefter
672 866 31 30 på
721 864 92 32 förslag
831 871 59 24 upp-

135 899 52 24 föra
205 901 35 22 tre
258 899 25 24 af
295 899 139 31 sökandene,
447 899 9 24 i
468 900 45 23 den
527 899 103 32 ordning
642 899 157 24 Direktionen
813 898 78 24 finner

136 933 51 24 dem
209 933 121 32 skickliga
348 933 43 24 och
417 934 39 23 till
483 935 104 31 tjensten
613 933 129 32 lämpliga;
770 933 122 32 förslaget,

135 968 130 23 hvaröfver
283 968 86 23 besvär
387 968 19 31 ej
426 971 47 29 äga
490 976 62 23 rum,
567 968 114 24 insändes
694 968 71 31 jemte
778 967 114 32 samtliga

136 1002 297 32 ansökningshandlingar
460 1003 25 24 af
511 1002 157 24 Direktionen
695 1002 39 24 till
760 1001 130 24 Bankfull-

136 1036 112 32 mäktige,
275 1037 87 23 hvilka
388 1037 52 24 med
467 1037 107 32 bifogadt
599 1037 79 23 förord
696 1037 37 23 för
756 1037 44 23 den
822 1035 25 24 af
864 1036 27 23 de

136 1071 143 31 föreslagna,
298 1079 50 16 som
366 1071 165 32 Fullmäktige
550 1079 57 16 anse
625 1071 39 24 till
677 1071 105 31 tjensten
795 1070 95 31 lämpli-

136 1108 61 29 gast,
217 1105 109 24 befordra
344 1106 131 23 detsamma
493 1106 40 23 till
552 1105 339 31 Ekonomie-Departementet,

137 1147 49 16 som
204 1141 128 22 utnämner
350 1147 28 17 en
398 1140 24 23 af
440 1140 27 24 de
485 1142 32 29 på
535 1140 115 31 förslaget
668 1139 120 32 uppförde.

203 1173 148 25 Kassörerne
378 1174 43 24 och
447 1174 246 25 Kontorskrifvarene
720 1176 103 29 antagas
849 1173 43 24 och

135 1210 130 22 utnämnas
284 1208 24 24 af
326 1208 222 25 Bankdirektionen
561 1209 8 23 i
583 1209 125 23 enahanda
720 1208 108 31 ordning,
841 1215 51 16 som

136 1242 191 31 tjenstemännen
345 1243 9 23 i
372 1243 113 31 Banken;
505 1243 59 24 dock
577 1245 35 22 att
623 1243 174 24 vederbörande
808 1241 83 24 Bank-

135 1276 167 25 kommissarie
320 1277 169 24 dessförinnan
508 1277 103 24 lemnats
628 1277 99 24 tillfälle
740 1279 34 22 att
787 1276 105 23 meddela

135 1310 155 25 Direktionen
308 1312 40 23 sin
366 1312 98 31 mening
483 1319 38 16 om
540 1312 146 24 sökandenes
699 1311 144 32 lämplighet
855 1310 36 23 för

136 1345 108 31 tjensten.

202 1379 168 25 Ledamöterne
400 1380 9 23 i
434 1380 123 23 kontorets
585 1379 199 30 Diskontkomité,
805 1378 87 25 hvilka

135 1414 56 23 böra
216 1421 62 17 vara
303 1416 31 29 på
355 1417 67 21 orten
443 1415 98 29 bosatte,
563 1414 51 24 med
633 1413 259 25 affärsförhållandena

135 1448 119 24 derstädes
280 1448 121 32 förtrogne
429 1451 62 22 samt
518 1449 37 23 för
581 1449 126 23 redbarhet
730 1448 78 23 kände
829 1450 62 27 män,
