1078 1692
189 126 25 20 10

157 193 49 18 skall
224 192 40 19 låta
282 194 78 19 fondens
372 197 71 26 ränte-
437 191 10 36 |

157 228 60 17 medel
230 228 6 17 i
249 229 105 23 möjligaste
364 230 78 23 största

157 262 42 18 mån
232 263 76 18 komma
339 250 88 43 allmänna
434 254 8 35 |

156 296 119 19 statsfonden
287 298 83 23 tillgodo,
384 290 58 27 helst
436 286 8 40 |

156 330 118 20 sistnämnda
282 332 45 18 fond
335 333 98 23 tillskjutit
441 323 1 43 ;

155 370 23 13 en
191 366 106 22 betydande
312 367 30 18 del
355 368 20 17 af
386 367 56 27 utlå-:

155 400 136 22 ningsfondens
309 402 72 22 kapital
398 396 44 24 och!

155 434 64 18 derför
231 435 35 18 bör
279 436 57 18 blifva
347 436 30 18 till
386 436 46 18 fullo
441 445 1 4 ;

155 470 64 21 ersatt,
244 470 64 18 derest
323 471 41 17 icke
382 451 60 38 detta!

155 503 159 23 kapitaliserande
338 505 21 18 af
378 507 53 16 stats-
441 489 1 22 |

155 537 79 19 fondens
259 539 30 18 för
312 539 115 19 bestridande
440 537 1 35 |

154 572 21 17 af
192 572 95 19 allmänna
307 574 134 25 statsutgifter;

154 606 78 19 afsedda
244 608 101 23 tillgångar
357 609 29 17 till
395 609 36 17 för-
441 627 1 9 ;

154 640 43 18 mån
209 641 30 19 för
252 648 23 12 en
284 643 50 20 fond,
343 644 88 22 anslagen
441 637 1 4 |

153 674 30 18 för
196 678 27 16 ett
235 677 91 18 särskildt
340 674 84 35 ändamål,
436 691 5 14 |

154 710 50 18 skall
219 710 98 20 föranleda
329 712 62 18 dertill
404 712 37 18 att

154 744 104 24 bevillning
288 746 58 18 måste
376 747 55 17 äskas

155 779 35 17 och
220 780 102 18 utländska
352 781 74 18 statslän
439 801 2 8 |

153 815 93 21 upptagas
264 814 7 18 i
284 816 60 16 större
356 816 75 22 omfäng

153 849 24 16 än
191 848 55 23 eljest
259 854 43 12 vore
315 849 70 22 nödigt.

202 935 81 33 Öfriga
294 937 90 35 fonder.

177 985 34 18 Att
230 985 97 19 Utskottet
343 989 46 16 trott
403 987 28 23 sig

153 1019 65 18 kunna
225 1020 30 17 till
264 1021 105 22 Styrelsens
381 1021 50 23 pröf-

154 1053 45 23 ning
223 1054 119 23 öfverlemna,
368 1061 28 12 om
414 1057 16 22 ej

152 1089 63 21 fattig-
228 1089 30 17 och
274 1090 157 22 arbetskusfonden,

152 1122 89 18 Finlands
259 1124 82 21 skolfond
355 1125 30 17 och
396 1125 36 17 Do-

152 1158 136 21 marnäsfonden
300 1158 58 19 borde
370 1159 61 18 indra-

152 1196 34 17 gas
199 1192 34 17 och
247 1192 23 18 de
279 1191 41 19 från
330 1193 54 18 dessa
392 1193 39 18 fon-

153 1225 34 18 der
200 1226 96 19 bestridda
310 1228 78 22 utgifter
400 1229 31 22 på-

152 1259 52 18 föras
228 1261 95 18 allmänna
343 1263 89 18 statsfon-

153 1293 41 22 den,
213 1295 96 18 äfvensom
328 1296 103 23 besparade

151 1329 183 23 artellmedelsfonden
346 1331 35 18 och
391 1331 40 18 Tor-

152 1363 33 17 neå
203 1364 115 23 boställsfond
340 1371 91 13 samman-

153 1397 38 18 slås
204 1399 42 17 med
255 1399 94 18 allmänna
358 1400 73 19 militie-

151 1432 75 20 kassan,

553 129 58 21 XXV
1003 148 3 5 ä

452 196 25 18 då
489 195 165 25 utläningsfonden
668 198 63 22 vidtog
744 198 40 18 med
798 198 28 18 sin
839 199 124 22 verksamhet,
972 199 30 17 till

451 231 50 19 årets
513 232 71 23 utgång
751 247 3 4 +
773 234 38 22 Amy
826 235 72 19 150,000

556 256 44 36 1888
751 281 48 9 <,
824 269 74 21 400,000

485 307 5 5 :
555 302 45 17 1889
693 316 61 4 0.
791 316 8 8 0,
824 304 74 20 500,000

556 337 45 17 1890
824 338 74 20 400,000

450 370 66 18 hvilka
533 376 84 12 summor
634 371 6 17 i
659 372 32 17 det
708 373 93 16 närmaste
817 374 93 16 motsvara
922 371 79 18 fondens

451 405 59 17 totala
526 406 138 18 ränteinkomst
675 406 42 18 med
730 406 65 23 afdrag
807 406 20 18 af
839 406 22 18 de
873 407 63 20 76,000
948 406 53 18 mark

451 445 30 13 om
493 439 46 23 äret,
550 440 71 22 hvilka,
629 441 76 22 jemlikt
717 440 67 23 nädiga
796 441 124 23 kungörelsen
933 442 21 17 af
965 441 35 18 den

452 476 19 16 11
491 475 39 18 Juli
551 476 48 21 1887,
623 475 95 24 angående
736 476 79 18 fondens
833 476 92 22 bildande,
947 476 55 18 skola

451 510 104 18 Ofverföras
573 510 30 18 till
621 510 61 23 fattig-
702 510 35 18 och
755 510 168 18 arbetshusfonden
939 510 61 18 såsom

450 544 173 23 räntegodtgörelse
631 545 30 17 för
668 544 42 19 från
720 545 115 17 sistnämnda
843 545 44 17 fond
894 544 108 23 förskjutna

450 580 92 21 2,400,000
554 580 58 18 mark.

639 937 79 32 Öfriga
730 941 89 27 fonder.

484 986 27 19 På
529 987 94 18 särskilda
641 987 20 18 af
678 987 106 22 Kejserliga
796 987 78 17 Senaten
888 985 113 18 framhållna

451 1021 46 22 skäl,
521 1021 34 18 har
575 1021 52 18 Hans
648 1021 89 22 Majestät
756 1021 6 17 i
782 1020 58 18 nåder
852 1020 102 21 förordnat,
973 1021 29 17 att

449 1057 62 21 fattig-
531 1056 30 17 och
581 1056 151 21 arbetshusfonden
751 1057 48 16 samt
815 1055 87 17 Finlands
919 1054 83 22 skolfond

450 1091 54 17 skola
515 1090 118 18 fortfarande
645 1090 111 18 bibehällas.

485 1124 73 23 Frågan
582 1130 29 13 om
634 1125 112 22 indragning
764 1124 20 17 af
800 1123 162 22 Domarnäsfonden
980 1125 22 15 är

451 1161 59 17 under
521 1160 141 23 handläggning
674 1160 6 17 i
693 1159 106 23 Kejserliga
811 1158 86 18 Senaten.

484 1195 133 22 Tillgängarna
634 1195 6 17 i
658 1194 66 17 Torneå
736 1193 134 22 boställsfonden
886 1195 32 15 äro
934 1198 67 17 genom

449 1230 126 18 förordnande
594 1230 20 18 af
631 1230 35 18 den
686 1231 21 16 22
724 1229 54 22 April
795 1229 44 17 1890
854 1227 106 19 öfverförda
972 1228 29 19 till

450 1265 95 17 allmänna
569 1265 141 20 militiefonden,
731 1264 42 17 från
791 1263 76 18 hvilken
886 1263 116 19 sistnämnda

450 1299 45 18 fond
514 1299 119 22 erforderligt
651 1299 68 22 belopp
737 1299 33 17 bör
785 1298 7 17 i
804 1298 58 17 sinom
875 1297 27 18 tid
916 1297 44 23 utgå
972 1299 29 17 till

450 1332 159 24 återuppförande
628 1333 20 18 af
665 1333 23 18 de
706 1333 110 18 nedbrunna
835 1333 144 22 äbyggnaderna
991 1333 11 18 &

450 1368 123 23 Lagerholms
586 1368 148 18 militieboställe
749 1369 3 16 i
765 1367 72 19 Torneå
850 1368 74 17 socken,

484 1403 71 18 Likaså
575 1403 56 18 hafva
650 1403 100 23 Besparade
761 1403 189 21 artellmedelsfondens
965 1409 36 12 me-
