1078 1692
338 145 28 22 U.
382 145 27 22 B.
422 158 24 2 —
463 144 217 28 Postsparbanken
847 146 13 21 5

131 207 116 29 förelagdt
262 207 94 29 förslag,
372 210 35 19 att
422 207 101 22 General
539 208 151 21 Guvernören
706 207 65 22 öfver
786 207 102 22 Finland

131 241 58 29 egde
213 243 33 20 att
269 242 51 21 med
343 242 50 21 sina
414 242 161 29 underdåniga
597 241 201 29 framställningar
811 241 77 22 vända

131 276 37 28 sig
191 276 36 21 till
249 276 172 22 vederbörande
445 276 70 28 ryska
538 276 118 21 ministrar
677 276 43 21 och
735 283 84 21 genom
835 276 52 21 dem

131 312 105 26 mottaga
250 310 65 21 Hans
330 310 119 28 Majestäts
465 310 162 28 befallningar,
646 310 87 22 uttalat
754 310 75 21 såsom
852 310 35 21 sin

132 345 86 27 nådiga
238 344 56 28 vilja
310 346 34 20 att
359 344 45 22 alla
418 344 76 22 finska
510 344 101 22 ärenden
627 344 71 22 borde
713 344 100 27 Honom,
835 344 55 28 Kej-

133 386 72 19 saren,
230 378 88 22 direkte
340 378 140 28 föredragas.
510 378 12 22 I
541 378 238 22 öfverensstämmelse
794 378 95 22 härmed

132 412 109 22 framhöll
256 412 113 29 Kejsaren
384 413 8 21 i
408 412 40 22 sitt
463 413 33 21 tal
519 412 40 22 vid
581 412 154 29 landtdagens
758 412 131 22 afslutande

133 447 36 21 sin
185 446 88 21 önskan
289 448 34 20 att
336 454 23 14 se
374 446 113 22 Finlands
502 446 50 22 folk
567 446 52 22 fritt
633 447 63 21 inom
708 447 42 28 sig,
758 446 73 22 under
839 446 51 22 sina

133 480 76 28 lagars
225 480 75 28 skydd
310 476 27 37 (,
339 481 65 27 libre
420 480 56 22 dans
492 481 143 27 Vintörieur*,
652 488 67 18 ,,sous
737 480 102 29 Pempire
862 480 27 22 de

133 522 36 14 ses
191 514 77 28 loix*).
298 515 12 21 I
332 514 85 29 nådiga
439 515 155 28 kungörelsen
617 514 26 22 af
662 515 46 21 den
730 516 35 27 %
789 514 101 22 februari

135 550 55 20 1816
205 548 113 22 förklarar
333 549 65 21 Hans
413 549 115 29 Majestät,
537 551 35 19 att
586 548 250 30 Regeringskonseljen
852 551 38 26 egt

135 583 42 21 och
193 582 142 22 fortfarande
358 583 58 29 egde
431 585 34 19 att
480 583 90 29 besörja
586 583 104 25 ,landets
707 583 69 21 civila
796 582 95 22 förvalt-

134 618 59 28 ning
214 618 42 20 och
278 618 124 21 rättvisans
425 618 112 28 skipande
555 618 8 21 i
578 618 57 21 sista
649 618 97 25 instans,
762 617 128 22 oberoende

135 651 26 21 af
175 651 30 21 all
221 659 77 13 annan
322 652 64 21 makt
408 656 29 16 än
467 652 106 28 lagarnes
603 652 43 21 och
676 652 44 21 den
750 652 36 26 Vi,
817 651 73 21 säsom

135 686 98 28 Regent,
256 686 8 20 i
286 685 55 29 följe
366 686 26 21 af
412 686 50 21 dem
486 685 89 29 Själfve
599 686 101 21 utöfva*.
730 686 48 21 För
799 687 35 19 att
855 688 36 26 yt-

135 720 109 28 terligare
268 720 107 21 utmärka
399 720 50 21 sina
474 720 96 28 afsigter
595 720 51 21 med
669 720 131 28 konseljens
821 719 70 21 inrät-

136 754 70 21 tande
236 754 43 21 ock
305 754 51 21 dess
382 771 10 8 ,,
395 754 145 22 omedelbara
562 754 158 22 förhållande"
743 754 37 21 till
801 754 91 21 Monar-

136 788 57 22 kens
223 796 89 20 person,
339 788 108 28 tillägger
475 788 54 26 Han
559 788 133 22 densamma
713 791 96 19 namnet
837 787 55 28 Kej-

137 822 71 28 serlig
224 822 71 21 Senat
309 822 36 21 för
359 822 107 27 Finland,
482 823 8 20 i
506 823 74 20 likhet
596 822 51 21 med
668 822 172 28 benämningen
862 822 30 28 på

138 857 101 27 »Högsta
255 856 199 29 Styrelseverken*
470 857 8 20 i
493 857 176 28 Kejsaredömet
684 857 44 21 och
742 857 9 20 i
766 856 125 28 Konunga-

137 890 62 21 riket
210 890 79 21 Polen.

206 925 35 20 De
254 925 142 28 rättigheter,
405 925 84 28 Kejsar
496 925 132 21 Alexander
636 927 9 18 I
654 925 98 21 sälunda
760 923 37 24 för
804 924 35 28 sig
850 923 42 22 och

138 959 49 21 sine
203 959 149 21 efterträdare
366 959 153 22 tillförsäkrat
533 959 113 22 Finlands
654 959 56 26 folk,
722 959 43 21 och
776 959 44 21 den
830 957 62 23 befo-

139 993 85 28 genhet
240 995 35 19 att
289 993 51 22 leda
356 993 46 22 alla
416 1001 84 20 grenar
515 993 26 22 af
554 993 45 22 den
621 994 69 21 civila
712 993 180 28 förvaltningen,

139 1034 48 15 som
203 1028 37 21 till
254 1027 58 29 följd
328 1027 68 22 däraf
410 1028 108 21 tilldelats
533 1028 91 21 landets
641 1028 77 27 Senat,
733 1027 77 27 hafva,
835 1027 58 28 jäm-

138 1062 39 21 väl
192 1062 143 21 beträffande
343 1063 170 28 postväsendet,
528 1062 134 22 fortbestätt
670 1061 177 26 oförminskade,
859 1062 34 21 in-

139 1096 36 21 till
199 1096 51 21 dess
272 1104 83 21 genom
378 1097 69 21 ofvan
467 1096 97 22 anförda
579 1097 86 28 nädiga
680 1096 110 22 manifest
804 1095 26 22 af
849 1095 45 22 den

138 1125 70 39 jar
225 1131 55 22 1890
301 1131 125 28 ledningen
441 1131 26 21 af
479 1131 40 21 det
533 1131 76 21 finska
623 1131 133 28 postverket
771 1130 123 21 förklarats

140 1165 65 20 skola
223 1165 162 21 koncentreras
400 1165 63 22 inom
478 1165 244 22 Inrikesministerium
737 1165 8 21 i
757 1164 137 29 Kejsaredö-

139 1202 48 17 met
209 1199 43 21 och
275 1194 182 33 Öfverstyrelsen
473 1199 36 22 för
524 1203 82 25 posten
623 1199 42 22 och
680 1199 160 29 telegraferne.

208 1233 142 29 Visserligen
365 1241 68 20 synes
448 1233 40 22 det
503 1234 124 25 Utskottet,
643 1237 36 18 att
694 1234 38 21 det
748 1233 85 28 nådiga
849 1240 45 13 ma-

140 1266 105 22 nifestets
261 1267 66 22 korta
342 1267 43 22 och
400 1267 203 29 sammanträngda
617 1268 59 21 form
692 1266 117 23 föranledt
829 1266 65 22 miss-

139 1300 105 23 förstånd
261 1301 118 29 angående
395 1301 118 29 omfånget
529 1302 26 21 af
567 1302 45 21 den
623 1301 212 29 maktbefogenhet,
846 1307 48 15 som

139 1342 84 21 genom
236 1335 132 22 manifestet
383 1335 79 22 blifvit
475 1336 158 28 nyssnämnda
648 1336 70 28 ryska
732 1335 163 29 myndigheter

139 1369 113 22 tilldelad.
282 1370 82 21 Denna
379 1370 140 28 befogenhet
534 1371 102 20 sträcker
650 1370 37 29 sig
702 1370 82 21 endast
799 1370 36 21 till
850 1369 44 22 den

139 1404 109 21 tekniska
263 1404 100 29 detaljen
378 1404 26 21 af
422 1404 234 29 postförvaltningen,
672 1404 143 22 beträffande
837 1403 57 22 hvil-

140 1438 45 21 ken
208 1439 158 28 likformighet
388 1439 63 20 inom
474 1438 53 22 hela
548 1439 80 28 Ryska
645 1439 61 21 riket
721 1439 104 28 pröfvats
840 1445 56 14 vara

211 1479 137 16 Statsutskottets
361 1478 109 17 betänkande
483 1479 36 16 N:o
537 1479 13 16 T.
