1078 1692
407 150 28 22 U.
451 150 25 21 B.
493 163 28 3 —
535 150 105 22 XXXVI.
847 151 25 21 31

147 212 51 20 med
213 212 115 21 obestämd
338 212 117 22 förfallotid
471 212 18 27 ej
505 213 72 21 blefve
592 212 164 26 balanserande,
772 216 50 18 utan
837 213 66 21 hellre

147 245 114 21 efterhand
276 246 30 21 till
321 248 32 19 sin
367 246 154 22 bestämmelse
537 246 131 22 öfverförda.

215 280 35 21 Af
262 280 62 20 dessa
343 280 47 21 skäl
398 277 69 24 %nser
483 280 116 21 Utskottet
623 282 33 25 sig
671 280 53 21 böra
739 280 107 27 tillstyrka
861 280 42 21 den

146 313 129 22 förändrade
286 314 95 28 ordning,
397 318 32 17 att
444 315 28 20 de
487 314 76 28 anslag
578 314 46 21 frän
639 314 142 21 bankvinsten
793 314 31 21 till
839 318 64 17 stats-

147 348 105 25 ändamäl,
268 348 120 21 Ständerna
403 348 56 21 finna
474 348 77 28 nödigt
566 348 84 27 bevilja,
667 348 73 21 blefve
755 348 102 21 anvisade
873 349 30 27 pä

147 381 27 21 de
186 382 121 25 ärsvinster,
324 389 47 13 som
391 383 37 20 äro
446 385 33 18 att
493 386 82 18 motses
587 382 32 21 för
635 383 27 21 de
677 383 109 20 närmaste
800 386 33 18 tre
845 384 56 19 ären.

146 415 42 21 Att
202 416 106 27 beloppet
323 416 25 20 af
360 416 63 21 dessa
438 418 82 19 vinster
535 416 47 21 icke
597 416 43 21 kan
651 416 67 21 exakt
732 416 112 26 beräknas,
863 416 40 21 bör

146 449 76 21 härvid
242 450 19 26 ej
276 450 68 20 väcka
363 450 155 27 betänklighet.
549 450 187 21 Medelresultatet
757 450 33 21 för
807 450 50 21 flera
880 451 23 19 är

147 484 81 20 lemnar
252 484 123 27 tillräckligt
390 484 50 21 stöd
455 484 33 21 för
503 484 130 28 pröfningen
648 484 25 21 af
685 485 37 20 det
743 484 88 27 belopp,
856 490 47 14 som

146 518 35 20 mä
196 518 71 21 kunna
282 521 50 18 utan
347 518 45 21 fara
407 518 33 21 för
455 518 82 21 känbar
553 519 143 27 missräkning
712 520 91 19 anvisas.

215 552 29 21 Pä
260 552 63 20 ofvan
335 552 89 21 anförda
440 552 94 27 grunder
549 552 32 21 fär
592 552 117 22 Utskottet
720 552 62 21 alltsä
792 552 110 21 vördsamt

146 585 88 21 föreslä:

420 656 33 18 att
468 654 102 20 Bankens
587 653 118 27 disponibla
720 654 127 20 vinstmedel
860 654 44 26 för

352 688 52 20 åren
415 687 155 29 1888—1890,
587 688 118 26 utgörande
715 687 55 21 Fmk
777 693 125 22 3,925,104:

348 727 37 21 37,
401 722 68 20 måtte
483 722 37 20 till
531 722 48 20 hela
594 722 38 20 sitt
647 722 72 26 belopp
732 722 123 26 öfverföras
870 721 35 20 till

350 756 101 20 Bankens
467 756 132 27 reservfond.

216 823 72 27 Jämte
302 823 98 21 anmälan
416 827 31 17 att
458 824 126 20 medeltalet
595 824 24 20 af
627 826 61 18 netto
701 824 85 19 vinsten
798 822 32 21 för
840 822 62 21 hvart

147 857 25 21 af
183 858 51 20 åren
252 858 59 25 1891,
329 858 52 25 1892
398 857 42 21 och
458 858 53 26 1893
528 857 55 21 efter
595 857 76 27 afdrag
681 857 25 20 af
712 857 103 26 anslagen
825 857 13 20 å
848 856 54 21 Fmk

147 896 88 21 249,541
258 891 32 21 till
310 891 105 21 särskilda
437 891 162 25 statsändamål,
623 891 43 21 kan
680 891 107 20 beräknas
802 890 31 21 till
848 889 54 22 Fmk

149 925 117 26 1,600,000,
282 925 79 20 hvaraf
372 932 27 14 en
414 925 106 26 fjärdedel
535 925 51 21 eller
597 925 124 27 förslagsvis
732 929 93 21 400,000
836 924 66 27 enligt

147 959 101 27 gällande
263 959 121 27 stadgande
399 959 39 21 bör
453 959 136 21 omedelbart
604 959 32 21 till
656 959 154 20 reservfonden
832 957 70 22 öfver-

147 993 58 20 föras
220 993 42 20 och
276 993 136 21 återstående
427 996 33 18 tre
475 993 130 26 tjärdedelar
620 993 84 20 således
720 993 70 20 kunna
811 995 90 24 antagas

147 1028 56 26 stiga
225 1027 31 21 till
281 1032 111 20 1,200,000
414 1027 61 20 mark
498 1027 81 27 årligen
601 1027 51 20 eller
666 1027 32 20 till
715 1026 112 27 3,600,000
842 1025 60 21 mark

146 1061 33 20 för
195 1061 48 20 hela
258 1061 111 27 perioden,
387 1073 24 2 —
428 1061 31 20 får
475 1061 116 21 Utskottet
606 1060 122 21 hemställa:

420 1132 33 17 att
467 1129 26 20 åt
508 1128 162 21 Statsutskottet
680 1129 67 20 måtte
760 1128 142 27 öfverlemnas

352 1165 33 18 att
407 1163 108 20 inkomma
537 1163 51 20 med
605 1162 171 27 framställning,
792 1161 110 21 huruvida

351 1197 37 20 och
404 1197 35 20 till
450 1197 87 20 hvilken
553 1197 36 20 del
604 1196 146 28 omförmälda
772 1199 32 17 tre
813 1195 89 28 fjärde-

352 1231 63 20 delar
428 1231 30 26 af
468 1231 103 20 Bankens
581 1231 57 20 vinst
643 1231 45 26 för
696 1231 51 19 åren
757 1229 144 28 1891—1893

352 1265 62 20 borde
430 1265 89 20 anvisas
530 1265 36 20 till
576 1264 128 21 betäckande
714 1265 30 26 af
750 1264 95 27 utgifter,
857 1270 45 13 som

352 1299 40 20 vid
404 1299 148 20 innevarande
567 1298 109 27 landidag
688 1299 40 19 äro
743 1297 103 28 föremål
860 1297 44 26 för

353 1332 136 21 Ständernas
500 1332 118 27 pröfning;
633 1335 58 17 samt

421 1369 33 18 att
469 1366 36 21 till
517 1367 36 20 det
568 1366 68 20 beslut
645 1373 33 13 om
689 1365 116 26 anvisning
815 1365 14 20 å
840 1364 62 21 bank-

352 1400 87 24 vinsten,
450 1400 96 20 hvartill
555 1399 171 21 Statsutskottets
732 1398 173 28 framställning

351 1434 44 20 kan
397 1434 128 27 föranleda,
534 1434 67 21 måtte
607 1435 65 25 fogas
680 1433 133 26 bestämning
819 1432 83 24 därom,

215 1472 143 19 Bankutskottets
370 1473 111 18 betänkande
495 1474 36 16 N:o
543 1474 15 16 1.
