1078 1692
810 138 29 21 25

118 196 79 29 Bilaga
213 196 41 23 IV.

175 256 49 22 Till
240 256 177 27 Delegationen
433 255 41 23 för
489 255 299 29 Ständerhusbyggnaden
804 256 10 22 i

412 291 163 28 Helsingfors.

190 351 161 29 Uppmuntrad
370 351 26 21 af
412 351 37 21 det
467 351 66 21 bifall
553 352 43 21 och
615 352 101 27 intresse,
736 354 34 19 ett
789 351 26 22 af
830 358 41 14 un-

120 387 137 21 dertecknad
287 387 158 29 konponeradt
475 387 79 21 utkast
585 387 35 21 till
655 395 29 13 en
718 387 154 21 monumental

120 422 152 29 springbrunn
303 422 77 22 funnit
414 422 41 22 hos
485 422 119 29 tidningar
637 423 43 21 och
711 423 160 27 konstvänner,

118 458 71 29 jemje
206 458 44 21 den
265 460 30 27 på
311 458 52 22 flere
379 458 48 21 håll
442 458 102 22 uttalade
561 458 87 22 önskan
663 461 35 19 att
708 459 24 21 få
743 458 129 22 densamma

120 494 107 28 uppstäld
250 501 49 14 som
322 494 104 28 prydnad
450 496 30 26 på
503 496 78 26 någon
599 494 26 22 af
641 494 182 22 hufvudstadens
839 494 33 21 of-

121 529 96 29 fentliga
236 530 90 28 platser,
349 532 72 26 vågar
441 530 169 21 undertecknad
630 530 93 22 härmed
742 529 131 29 ödmjukast

121 565 41 21 hos
187 565 165 29 Delegationen
378 565 36 22 för
439 565 282 29 Ständerhusbyggnaden
746 565 124 27 hemställa,

121 600 112 22 huruvida
256 601 50 21 icke
330 601 74 21 denna
428 601 139 21 fontainbild
587 601 76 21 kunde
686 601 36 22 för
741 601 131 21 ständernas

120 636 98 29 räkning
240 636 86 22 utföras
342 636 36 22 för
394 640 95 24 sqvären
512 639 61 19 öster
591 644 37 14 om
650 636 165 22 Ständerhuset
830 636 42 22 och

121 672 8 21 i
144 672 103 29 praktisk
270 672 137 22 förbindelse
423 672 51 22 med
498 672 43 22 den
557 672 36 22 för
611 672 138 29 byggnaden
769 672 101 22 nödvän-

122 708 53 28 diga
190 707 287 22 friskluftsventilationen.

192 743 226 29 Kostnadsförslaget
438 743 35 21 för
495 751 28 13 en
547 744 64 28 dylik
631 744 73 28 enligt
723 744 37 21 det
779 744 8 20 i
806 743 66 22 Stän-

122 779 211 29 derhusvestibylen
352 779 35 21 till
408 779 111 29 påseende
541 779 123 29 uppstälda
685 779 103 22 utkastet
808 779 8 21 i
839 778 33 22 öf-

121 815 141 28 vernaturlig
285 815 85 21 storlek
395 815 78 21 utförd
496 815 159 28 springbrunn,
677 814 82 29 gjuten
778 814 8 22 i
805 814 67 22 brons

121 850 43 21 och
187 850 75 29 färdig
284 850 122 28 levererad,
423 852 35 19 att
481 852 30 27 på
533 851 90 28 platsen
645 850 133 29 uppställas,
801 849 71 22 skulle

121 886 9 21 i
145 886 73 21 runda
233 886 32 21 tal
281 888 91 27 utgöra:

123 945 36 22 för
174 945 162 22 förberedande
352 945 87 22 studier
454 945 42 22 och
511 945 79 22 utkast
622 962 3 5 .
659 962 4 5 .
697 962 3 5 .
721 947 48 27 Zac
801 945 71 28 1,000.

141 998 9 11 n
178 983 40 20 två
234 983 36 19 års
286 981 76 22 arbete
379 981 7 21 i
402 981 63 21 Paris
482 981 13 21 a
511 981 67 27 7,000
742 998 10 11 n
786 981 86 27 14,000.

139 1033 9 12 n
177 1024 103 21 gruppen
295 1016 82 29 gjuten
392 1017 9 21 i
416 1017 52 28 gips
508 1033 3 4 .
694 1034 4 4 <
740 1034 10 11 »
799 1017 71 26 1,000.

139 1069 10 11 n»
177 1052 48 21 dito
242 1052 7 21 i
265 1052 68 21 brons
349 1030 204 55 (kostnadsförslag
569 1034 54 40 från
635 1030 72 54 Paris)
741 1069 9 11 n»
800 1052 72 27 6,000.

139 1104 10 12 n
177 1087 125 29 emballage
318 1088 43 21 och
376 1087 62 22 frakt
555 1105 78 4 sea
742 1104 10 12 n
799 1087 73 28 2,000.

613 1135 94 22 Summa
723 1136 47 28 ye
786 1135 88 28 24,000.

196 1194 193 29 Uppställningen
408 1194 26 21 af
449 1201 110 22 gruppen,
579 1195 106 21 bassinen
700 1194 72 29 jemte
787 1196 89 20 vatten-

123 1229 149 30 ledningsrör,
291 1230 64 21 torde
375 1230 60 29 stiga
459 1230 36 21 till
517 1230 71 21 omkr.
605 1231 14 20 4
643 1230 13 21 &
676 1231 67 27 5,000
766 1231 48 27 9
834 1230 42 21 och

123 1265 72 22 skulle
216 1265 96 22 sälunda
332 1265 39 22 det
391 1265 52 22 hela
465 1265 77 22 kunna
563 1265 168 22 ästadkommas
750 1265 36 22 för
805 1265 70 22 omkr.

123 1301 29 22 28
168 1301 13 22 &
197 1301 81 28 30,000
298 1303 54 27 my,
373 1301 90 22 hvilket
484 1301 47 29 pris
553 1302 51 21 med
626 1301 90 29 hänsyn
734 1301 38 22 till
787 1301 90 22 verkets

123 1338 62 20 stora
201 1337 145 29 omfattning,
363 1337 50 22 dess
429 1337 102 21 materiel
547 1337 49 28 och,
613 1339 73 20 säsom
700 1337 42 28 jag
752 1339 72 26 vägar
834 1338 42 25 tro,

123 1372 68 22 äfven
215 1373 158 28 konstnärliga
395 1373 69 21 värde
488 1373 50 21 icke
562 1373 41 21 bör
625 1373 77 21 kunna
726 1380 65 14 anses
812 1372 64 29 högt.

194 1408 76 22 Jemte
293 1409 39 20 det
349 1408 43 29 jag
414 1408 41 22 har
475 1411 54 19 äran
550 1408 94 29 bilägga
666 1410 34 19 ett
726 1407 107 30 yttrande
855 1407 25 22 af

123 1443 221 30 Konstföreningens
362 1444 128 27 Direktion,
511 1444 96 21 utbeder
623 1443 42 29 jag
682 1444 49 28 mig
746 1443 131 28 Delegatio-
