1078 1692
73 361 18 23 ($
103 362 34 22 51).

35 564 18 22 (8
65 564 22 16 11
101 563 62 22 1867).

75 930 29 23 (88
117 931 20 20 6;

62 959 11 17 6
87 959 58 18 1882;

64 988 9 16 1
87 988 59 21 1889).

52 1326 28 21 ($$
93 1326 16 22 7,

122 1332 9 11 5

133 1326 23 22 4).

213 132 27 22 30

253 194 95 22 Sälunda
362 196 112 22 tillkomna
488 196 133 22 föreskrifter
636 196 61 22 skola
713 196 62 27 dock,
791 196 33 22 för
840 199 30 19 att
885 204 53 15 vara

184 229 99 27 gällande
302 230 74 27 längre
392 232 28 20 än
434 231 31 21 till
480 231 94 27 följande
590 231 108 27 landtdag,
723 232 30 20 till
768 231 122 23 Ständerna
906 232 32 22 öf-

184 264 120 22 verlemnas
321 265 41 21 och
377 265 23 21 af
413 266 48 21 dem
477 266 136 27 godkännas.

535 324 12 27 8
565 325 31 21 16.

253 362 204 28 Bankfullmäktiges
467 364 183 27 framställningar
660 364 38 21 och
707 363 85 29 förslag
801 364 34 22 uti
843 364 25 21 de
875 366 65 20 ären-

184 396 48 27 den,
248 404 44 14 som
308 397 139 28 omförmälas
461 398 10 20 i
485 399 31 27 $$
531 398 20 27 8,
569 399 27 20 15
612 398 36 22 och
664 398 28 21 19
706 398 27 28 af
747 398 59 22 detta
816 398 124 29 reglemente

185 432 79 21 kunna
282 432 44 21 icke
341 432 65 22 delvis
419 432 136 28 godkännas,
577 434 57 20 utan
648 432 60 22 skola
724 433 108 27 antingen
847 433 33 21 till
895 432 45 23 alla

185 466 61 22 delar
261 466 88 27 bifallas
364 466 51 22 eller
430 467 76 27 afsläs.

537 519 12 27 8
567 520 31 20 17.

253 558 16 21 I
285 559 63 28 fräga
366 566 34 14 om
415 559 97 28 ändring
527 559 8 21 i
550 559 58 21 detta
623 559 133 28 reglemente,
780 559 67 21 ehvad
861 559 77 27 försla-

182 595 36 26 get
236 593 73 22 dertill
328 594 65 27 utgär
408 593 54 27 frän
477 593 110 29 Kejsaren
603 594 37 20 och
655 593 139 28 Storfursten
808 594 52 21 eller
874 593 67 22 Stän-

184 628 75 26 derna,
273 628 63 28 gälle,
352 630 58 19 utom
424 628 9 22 i
447 628 25 22 de
487 628 34 22 uti
537 630 16 24 8
570 628 29 21 15
613 628 143 28 omförmälda
771 628 48 28 fall,
834 628 56 22 hvad
908 634 34 15 om

184 663 106 27 stiftande
305 662 28 28 af
344 662 84 22 allmän
444 664 35 27 lag
494 664 28 20 är
538 662 107 29 stadgadt.

513 768 64 33 Kap.
596 768 27 26 II.

395 825 35 22 Om
446 825 97 22 bankens
559 824 178 29 sedelutgifning.

536 883 12 27 8
565 883 32 20 18.

253 922 104 28 Beloppet
375 923 24 21 af
414 923 99 22 bankens
527 922 131 28 utelöpande
673 921 73 22 sedlar
761 922 37 21 mä
812 921 49 22 med
876 921 64 27 högst

184 957 117 27 trettiofem
316 957 106 22 millioner
437 958 62 21 mark
514 957 117 28 öfverstiga
646 957 50 21 dess
710 957 75 20 valuta
800 955 32 22 för
847 955 95 22 sedelut-

185 991 142 28 gifningsrätt,
342 992 85 21 hvartill
441 992 81 22 räknas
537 992 18 27 ej
567 991 54 22 blott
631 991 99 22 bankens
741 990 120 22 metalliska
871 990 69 21 kassa

181 1026 68 27 jemte
264 1026 78 27 silfver,
358 1028 52 19 utan
426 1027 41 21 ock
481 1026 98 22 bankens
595 1026 103 27 ostridiga
708 1025 121 27 fordringar
839 1025 40 21 hos
890 1024 49 22 dess

185 1061 115 21 utländska
315 1061 81 22 ombud
411 1063 57 19 samt
483 1061 86 21 banken
583 1060 115 27 tillhöriga,
714 1060 14 21 å
743 1059 110 22 utländskt
867 1061 75 25 mynt-

184 1095 46 28 slag
245 1095 93 28 lydande
354 1095 148 28 obligationer,
518 1095 115 28 kuponger
648 1095 42 21 och
706 1094 76 21 sedlar.

253 1129 79 22 Såsom
350 1130 131 27 utelöpande
499 1130 71 21 sedlar
588 1129 62 22 skola
665 1129 82 27 jemväl
762 1134 65 15 anses
841 1127 99 22 bankens

185 1165 147 27 anvisningar
354 1165 14 21 å
387 1164 68 27 finskt
472 1166 63 26 mynt
553 1163 38 22 och
609 1163 72 28 öfriga
700 1163 36 21 vid
754 1162 125 28 anfordran
894 1161 46 28 för-

184 1199 73 27 fallna
276 1199 142 27 förbindelser
435 1199 111 28 äfvensom
565 1197 143 23 innestående
723 1197 71 27 belopp
809 1197 14 21 å
837 1196 104 26 beviljade

185 1233 162 22 kassakreditiv.

535 1273 12 28 $
564 1274 32 21 19.

254 1314 78 22 Såsom
348 1314 106 22 metallisk
469 1314 66 21 kassa
550 1319 74 16 anses:

184 1349 64 20 finskt
264 1349 120 27 guldmynt;

184 1383 56 27 guld,
257 1389 48 15 som
320 1383 34 21 för
368 1383 99 21 bankens
481 1383 91 26 räkning
587 1381 98 22 innestår
700 1381 41 21 hos
756 1379 146 29 myntverket;

184 1417 60 28 ryskt
260 1418 42 21 och
317 1417 111 22 utländskt
442 1417 118 27 guldmynt,
576 1417 56 20 samt

185 1452 114 27 omyntadt
314 1452 56 27 guld.
