1078 1692
131 236 6 11 /

104 695 12 43 m
107 565 6 114 —ajan

159 203 16 8 -

146 212 12 10 /

232 154 24 20 18

257 215 39 27 15.
333 216 118 27 Fonden
469 216 50 26 för
537 216 141 27 värnlösa
696 216 91 27 barns
808 215 78 27 vård.

265 268 75 20 Bildad
351 269 40 19 enl.
402 269 57 26 Kejs.
472 268 105 21 Senatens
587 270 139 19 förordnande
737 270 7 18 i
755 269 46 19 bref
809 268 46 20 från
864 268 87 19 Finans-

195 309 45 20 exp.
263 304 23 18 af
299 304 19 18 d.
334 304 26 19 20
376 304 42 25 maj
437 303 53 20 1868
506 304 23 19 af
542 304 26 19 de
583 304 75 23 medel,
678 310 47 14 som
743 304 23 18 af
781 302 170 21 Kommissionen

195 338 31 18 för
241 338 132 19 insamlande
388 338 7 19 i
410 338 107 26 Ryssland
532 339 23 19 af
568 338 115 20 understöd
699 337 21 21 åt
737 338 127 20 nödlidande
879 337 7 19 i
901 336 49 20 Fin-

194 372 50 19 land
267 372 67 19 blifvit
352 372 32 20 till
400 372 232 26 Generalguvernörens
648 372 126 26 disposition
789 371 161 24 öfverlemnade,

195 406 23 19 är
237 406 69 20 denna
328 407 50 19 fond
396 407 65 26 enligt
483 407 125 26 Finansexp.
630 408 46 19 bref
690 408 22 19 af
725 407 20 19 d.
762 406 12 20 9
787 406 41 26 juli
846 406 52 20 1873
913 406 37 19 be-

195 441 69 19 stämd
286 442 31 18 att
337 442 65 19 under
418 442 39 19 den
472 448 44 20 nya
530 442 156 25 benämningen
702 442 104 19 förräntas
821 441 32 19 till
868 439 81 21 förmån

194 475 32 19 för
250 491 4 8 ,
256 476 138 26 Föreningen
416 476 31 20 för
469 476 100 20 värnlösa
590 476 64 20 barns
676 475 72 24 vård",
773 475 63 19 hvars
859 475 89 19 central-

194 510 79 19 komité
288 511 7 18 i
310 510 139 26 Helsingfors,
464 511 33 19 till
511 510 87 20 hvilken
610 511 89 19 fondens
711 510 117 20 inkomster
839 509 27 27 på
876 510 72 18 därom

193 544 31 19 för
245 544 73 26 hvarje
340 544 58 26 gång
420 545 91 19 skeende
530 545 99 19 anmälan
645 545 135 25 utanordnas,
798 544 90 20 användt
910 544 38 18 de-

193 584 83 14 samma
290 578 94 24 sålunda,
401 580 30 18 att
443 578 80 27 årligen
536 579 75 23 10,000
624 580 68 19 blifvit
707 579 133 20 remitterade
851 578 31 20 till
892 578 54 19 före-

191 613 91 25 ningens
297 613 131 20 filialkomité
443 614 7 19 i
465 614 134 20 Nikolaistad
615 614 39 20 och
672 613 75 24 10,000
760 613 32 19 till
801 612 145 20 filialkomitén

190 647 7 19 i
212 646 111 27 Uleåborg.

216 714 42 29 16.
294 714 200 34 Föreningens
512 714 50 28 för
579 714 141 28 värnlösa
740 714 89 28 barns
848 721 70 26 upp-

374 754 117 28 fostran
509 754 250 34 besparingsfond

189 812 22 19 är
220 812 72 20 bildad
302 813 32 19 till
344 814 53 25 följd
408 814 22 19 af
438 814 151 26 Finansexped.
600 814 46 19 bref
659 814 23 19 af
695 814 19 19 d.
731 813 27 20 26
771 813 48 26 juni
837 813 58 23 1880,
906 819 37 13 en-

187 846 40 26 ligt
237 846 81 21 hvilket
330 847 97 20 bemälda
437 848 123 25 Expedition
568 848 68 19 funnit
644 848 51 26 godt
703 847 73 20 bifalla
786 853 26 14 en
823 847 22 20 af
853 847 89 20 central-

187 880 95 21 komiten
305 882 31 19 för
358 882 132 26 Föreningen
505 883 32 19 för
551 883 99 19 värnlösa
666 883 63 18 barns
745 882 121 25 uppfostran
880 881 62 26 gjord

187 914 134 26 hemställan,
337 916 102 20 huruvida
455 917 60 23 ,,icke
531 917 26 19 de
571 917 143 25 besparingar,
730 923 48 12 som
793 916 64 19 under
872 916 25 19 de
908 922 34 13 se-

186 951 62 18 naste
263 949 49 20 åren
327 949 94 27 uppstått
436 951 23 19 af
472 951 25 19 de
513 951 76 25 anslag
604 951 123 26 föreningen
744 957 24 12 ur
782 951 71 25 fattig-
868 956 18 13 o.
898 950 42 19 arb.

185 983 78 20 fonden
278 984 105 26 beviljats,
398 985 57 25 finge
465 985 33 19 till
513 985 152 20 statskontoret
675 985 141 20 öfverlemnas
831 985 31 19 för
874 985 30 18 att
914 983 27 26 på

184 1017 160 27 förmånligaste
360 1020 42 18 sätt
418 1018 71 21 såsom
504 1025 26 14 en
546 1020 92 19 särskild
652 1019 50 20 fond
718 1019 121 20 förvaltas".
870 1018 71 25 Enligt

185 1058 81 13 samma
281 1053 47 19 bref
342 1068 10 9 ,,
354 1053 85 24 komma
455 1054 88 19 fondens
558 1053 115 26 tillgångar
688 1055 30 18 att
731 1053 23 20 af
768 1051 172 21 centralkomiten

184 1087 51 18 efter
250 1087 65 19 behof
327 1087 32 19 för
381 1088 134 25 föreningens
538 1088 90 25 räkning
648 1088 145 25 disponeras",
815 1086 41 20 och
876 1086 64 19 hafva

183 1120 109 20 desamma
307 1121 68 19 blifvit
386 1121 89 20 sålunda
486 1122 97 19 använda
593 1124 30 17 att
634 1121 176 20 centralkomitén
819 1122 8 18 i
840 1121 99 25 Helsing-

183 1154 43 20 fors
248 1155 81 19 lemnar
346 1155 115 20 understöd
483 1155 22 20 åt
521 1157 46 19 sina
582 1155 156 21 filialkomitéer
753 1156 7 19 i
776 1155 57 20 olika
847 1155 41 23 län,
904 1154 34 20 så-

183 1187 59 21 såom
258 1189 103 26 Nylands,
377 1190 99 26 Viborgs,
492 1190 31 20 S:t
537 1190 88 20 Michels
641 1190 40 20 och
698 1190 80 25 Kuopio
794 1189 41 20 län.

377 1262 40 27 17.
453 1263 289 33 Mejerilånefonden

176 1313 39 20 har
230 1314 77 20 bildats
330 1315 33 19 till
380 1315 53 26 följd
451 1316 23 19 af
492 1316 238 25 Finansexpeditionens
746 1314 25 21 så
785 1315 93 26 lydande
892 1315 46 20 bref

177 1349 24 19 af
214 1348 40 20 den
270 1349 12 18 2
298 1349 113 20 november
428 1349 63 20 1874:

248 1383 83 24 »Sedan
360 1383 68 26 enligt
457 1383 80 26 Nädigt
561 1384 139 20 förordnande
726 1385 31 18 ett
786 1383 75 26 anslag
889 1382 46 20 från

176 1417 108 20 allmänna
303 1417 69 20 medel
393 1418 7 19 i
416 1420 30 17 ett
468 1419 32 19 för
522 1419 38 19 allt
575 1419 23 19 af
614 1418 76 25 35,000
710 1418 61 20 mark
786 1418 69 19 blifvit
868 1417 66 20 bevil-

173 1450 48 26 jadt
236 1451 33 20 till
284 1451 99 20 bildande
399 1453 23 18 af
435 1459 26 14 en
477 1453 49 20 fond
542 1453 31 19 för
592 1452 116 27 mejerilån,
724 1451 25 22 så
764 1451 32 21 får
810 1452 123 25 Finansexp.
