1078 1692
809 133 25 20 17

174 201 74 21 Under
263 202 96 19 närmast
370 200 127 26 föregående
509 200 114 21 triennium
635 206 37 15 var
683 200 82 21 antalet
776 200 22 21 af
807 200 57 20 hem-

106 241 69 21 stälda
191 240 42 22 mål
249 241 6 20 i
271 240 135 22 hofrätterna
424 240 65 27 något
509 242 75 24 större,
601 240 52 21 eller
669 240 70 27 2,308,
756 240 24 20 af
793 240 72 20 hvilka

106 281 34 20 vid
156 281 112 21 trienniets
290 280 81 27 utgång
394 282 64 25 2,240
482 280 103 22 befunnos
608 280 97 27 afgjorda
721 280 40 21 och
777 281 26 20 24
820 279 44 21 oaf-

109 321 82 27 gjorda.

397 429 172 21 Besvärsmål.

751 520 76 16 Summa.
861 507 1 35 |

453 515 96 30 Afgjorda.
573 510 2 54 |
593 515 107 30 Oafgjorda.
717 505 2 58 |

128 595 29 26 Är
179 602 97 20 1887.
309 617 3 3 .
380 615 51 6 0
485 601 62 25 2,028
573 612 2 4 ;
650 601 41 19 418
718 609 1 48 |
773 601 62 25 2,446

136 657 9 10 »
180 641 52 20 1888
345 657 75 3 L.
488 641 58 24 1,999
573 617 2 48 |
650 641 39 19 497
772 641 63 24 2,495
861 663 1 8 |

135 697 10 10 »
180 682 52 19 1889
310 697 4 3 0.0
345 696 75 4 000000
485 681 61 23 2157
574 677 1 30 |
650 681 40 19 567
718 662 2 45 |
773 681 62 23 2,724
861 673 3 52 |

108 703 1 43 |
334 726 97 21 Summa.
456 711 20 46 —
485 727 62 24 6,184
573 718 1 33 |
632 726 58 26 1482
718 715 1 38 |
774 726 62 25 —7,666
862 726 2 27 |

177 800 39 20 Om
239 799 47 21 från
310 806 96 14 summan
431 800 22 20 af
476 800 25 20 de
517 800 7 20 i
540 800 89 20 häruds-
647 800 39 20 och
707 799 157 22 rädstufvurät-

106 841 62 19 terna
185 840 95 26 afgjorda
298 840 102 21 brottmål
418 840 101 20 afräknas
536 840 25 20 de
573 840 120 20 hemstälda
704 840 77 27 målen,
792 840 73 20 hvilka

106 880 66 26 enligt
193 880 36 26 lag
248 881 69 19 måste
338 880 86 21 komma
439 880 68 20 under
524 879 91 22 hofrätts
631 879 105 27 pröfning,
753 879 64 21 hafva
833 879 31 21 så-

106 920 58 20 ledes
189 920 97 26 omkring
312 921 25 20 14
360 922 89 25 procent
464 920 23 21 af
503 919 68 28 öfriga
586 919 101 22 brottmål
703 920 71 21 blifvit
789 926 75 21 genom

106 959 76 21 besvär
198 960 80 26 dragna
294 960 34 21 till
339 960 133 21 hofrätterna
483 960 39 21 och
535 960 96 21 deremot
641 961 27 20 86
680 962 88 25 procent
779 962 86 19 stannat

107 1000 34 20 vid
158 1000 121 21 underrätts
295 1001 78 26 utslag.

176 1057 31 20 En
222 1057 123 26 jemförelse
361 1058 49 20 med
426 1057 145 21 förhållandet
586 1057 66 21 under
667 1057 103 22 trienniet
782 1059 83 20 1884—

109 1097 52 20 1886
185 1097 62 26 visar,
272 1099 32 19 att
324 1097 27 21 då
372 1099 30 20 ett
422 1099 56 19 ännu
494 1098 85 26 ringare
596 1098 65 26 antal,
678 1098 53 21 eller
747 1097 76 22 endast
840 1099 25 20 12

107 1139 94 24 procent,
218 1137 23 21 af
256 1137 25 21 de
298 1137 35 21 vid
349 1138 165 21 underrätterna
537 1137 97 28 afgjorda
650 1138 130 21 brottmålen
796 1137 70 22 blifvit

107 1183 75 20 genom
197 1177 76 21 besvär
289 1178 81 26 dragna
385 1178 33 21 till
435 1178 134 21 hofrätterna
585 1179 39 20 och
640 1179 26 20 88
678 1180 89 24 procent
778 1180 87 19 stannat

106 1217 35 20 vid
157 1217 175 21 underrätternas
348 1218 77 26 utslag.
456 1219 41 20 Till
521 1218 80 21 antalet
617 1224 51 15 voro
684 1218 159 21 besvärsmålen
859 1219 6 20 i

107 1256 133 21 hofrätterna
256 1257 69 21 under
341 1257 100 21 trienniet
459 1259 140 20 1884—1886
615 1257 65 27 något
690 1257 57 21 färre
759 1259 27 19 än
797 1258 68 21 under

107 1296 50 21 åren
177 1297 146 27 1887—1888,
340 1298 5 20 i
362 1299 36 20 det
414 1299 62 20 dessa
492 1299 42 20 mål
551 1299 68 20 under
635 1298 148 21 förstnämnda
798 1298 66 21 trien-

106 1337 58 20 nium
188 1337 106 27 uppgingo
319 1338 33 21 till
372 1339 69 26 7,054,
458 1338 61 21 deraf
534 1339 33 20 vid
586 1339 54 20 1886
656 1339 35 20 års
708 1338 80 27 utgång
803 1339 62 26 5,466

107 1383 50 14 voro
174 1377 96 27 afgjorda
286 1378 39 21 och
341 1379 41 20 522
398 1378 118 27 oafgjorda.
