1078 1692
827 140 25 18 81

127 201 58 19 lands
208 201 55 19 Bank
282 202 46 18 med
342 202 46 18 dess
404 201 151 24 underlydande
570 201 72 19 kontor
657 202 37 18 och
708 203 82 23 agenter
803 202 79 20 berätti-

127 230 39 24 gad
181 231 30 18 att
226 229 119 20 fortfarande
360 229 79 25 åtnjuta
453 230 104 18 enahanda
572 230 118 24 portofrihet
705 230 29 19 för
748 230 134 20 embetsskrif-

127 258 71 24 velser,
218 264 49 17 som,
282 258 62 25 enligt
359 258 77 24 Nådiga
451 258 138 24 Kungörelsen
605 258 38 20 den
660 258 25 20 19
701 258 106 20 December
823 260 60 22 1871,

128 286 51 20 varit
193 286 82 20 Banken
290 286 113 25 tillerkänd;
419 286 76 20 hvilket
510 286 52 20 Eder
577 286 30 20 till
621 286 112 20 kännedom
749 287 37 19 och
795 287 88 19 efterrät-

129 314 49 20 telse
201 317 53 17 samt
277 315 144 19 vederbörande
435 315 164 25 postförvaltares
614 315 7 19 i
636 315 67 19 landet
718 315 165 25 förständigande,

128 343 114 25 härigenom
258 343 105 20 meddelas.
392 343 131 25 Helsingfors,
538 343 39 19 den
593 344 13 18 4
622 343 86 20 Oktober
724 344 60 19 1881.

232 395 9 19 I
256 394 68 20 Hans
339 394 141 25 Kejserliga
495 394 129 26 Majestäts
641 394 55 26 Höga
711 394 69 25 Namn,

365 429 51 19 Dess
432 428 61 20 Senat
508 429 29 19 för
552 428 89 20 Finland.

181 606 70 19 Hans
267 605 138 25 Kejserliga
420 605 131 25 Majestäts
567 604 91 26 Nädiga
674 604 160 26 Kungörelse.

129 664 98 25 angående
241 662 108 26 förändrad
364 662 73 25 lydelse,
453 662 88 19 utseende
557 662 33 18 och
605 662 52 24 form
672 662 32 24 för
714 662 95 18 Finlands
818 662 66 18 Banks

296 691 62 19 sedlar
372 690 13 20 å
400 691 55 25 tjugu
471 690 33 19 och
520 690 26 19 tio
560 690 67 19 marks
642 690 77 19 valörer.

254 742 70 20 Gifven
341 742 5 19 i
362 741 131 25 Helsingfors,
508 741 39 19 den
563 741 26 19 18
605 740 80 19 Januari
702 740 60 20 1882.

199 811 24 19 Vi
247 809 159 21 ALEXANDER
425 809 38 19 den
485 808 76 25 Tredje,
583 808 45 19 med
650 807 56 20 Guds
729 807 61 25 Näde,
805 807 80 25 Kejsare

130 840 38 19 och
183 839 149 26 Sjelfherrskare
348 838 53 19 öfver
416 837 44 19 hela
474 836 109 25 Ryssland,
598 836 49 19 Tsar
661 836 19 19 af
695 836 67 24 Polen,
777 836 109 19 Storfurste

131 868 29 19 till
176 867 88 24 Finland,
279 869 37 18 etc.
331 868 37 18 etc.
383 868 36 17 etc.
449 865 51 20 Göre
516 865 101 24 veterligt:
633 864 29 19 På
676 864 68 19 derom
758 864 20 19 af
792 864 92 19 Finlands

131 897 95 19 Ständers
249 895 179 24 Bankfullmäktige
450 894 57 25 gjord
522 893 126 24 underdänig
662 892 151 25 framställning,
828 892 57 19 hafve

131 925 26 19 Vi
171 925 6 19 i
193 925 66 20 Näder
270 924 67 19 funnit
348 923 48 25 godt
405 922 99 20 fastställa
516 922 39 19 den
567 921 115 20 förändrade
694 921 82 24 lydelse,
789 920 97 19 utseende

131 954 37 19 och
182 953 51 20 form
245 953 30 20 för
289 952 93 20 Finlands
396 951 66 19 Banks
475 950 66 20 sedlar
551 949 12 20 å
573 950 58 25 tjugu
642 949 36 20 och
690 949 28 20 tio
729 949 66 19 marks
806 949 80 24 valörer,

131 988 44 13 som
190 982 31 19 uti
234 981 74 20 härhos
331 980 90 25 bifogade
435 979 147 24 beskrifningar
596 978 65 19 finnas
676 978 86 25 angifna.
791 977 38 20 Det
843 977 43 24 alle,

131 1017 44 12 som
197 1010 100 24 vederbör,
319 1009 31 19 till
368 1007 124 25 underdånig
507 1007 131 20 efterrättelse
652 1006 74 20 länder.
756 1005 129 26 Helsingfors,

131 1039 39 19 den
186 1039 26 19 18
227 1038 82 19 Januari
325 1037 60 20 1882.

237 1095 10 20 I
262 1095 65 19 Hans
343 1093 139 26 Kejserliga
499 1092 128 25 Majestäts
643 1091 55 25 Höga
713 1091 71 24 Namn,

371 1128 51 20 Dess
437 1127 62 20 Senat
513 1126 30 19 för
558 1125 89 20 Finland.

197 1299 163 25 Beskrifning
375 1298 29 25 på
419 1297 119 20 Finlands
554 1296 79 19 Banks
648 1301 46 18 nya
709 1295 84 19 sedlar
807 1294 12 20 å

425 1331 81 26 Tjugu
521 1331 72 19 Mark.

198 1391 66 25 Tjugu
287 1390 66 19 marks
375 1389 68 20 sedeln
461 1389 36 18 har
515 1393 26 14 en
563 1386 62 20 bredd
639 1386 19 19 af
674 1386 40 19 133
730 1391 25 13 m.
770 1391 26 13 m.
811 1385 37 19 och
862 1391 25 13 en

131 1420 47 25 höjd
191 1420 20 19 af
227 1420 26 19 73
269 1425 25 13 m.
310 1425 25 12 m.
356 1419 52 18 samt
428 1419 21 18 är
466 1416 80 20 försedd
568 1415 45 19 med
633 1414 79 19 sedelns
728 1413 107 20 siffervalör
851 1413 36 19 och

132 1449 94 19 märkena
240 1447 32 25 ,F.
286 1447 34 19 B.*
336 1446 30 25 ,S.
381 1446 32 19 P.*
428 1445 6 19 i
449 1443 162 25 vattenstämpel.

784 1479 10 18 6
