1078 1692
230 122 27 19 30
414 119 82 23 Ständ.
513 119 54 23 Skr.
584 133 27 3 —
627 120 113 22 XXXVI.

538 194 29 20 48
583 192 19 30 &.

271 239 105 28 Samtliga
396 240 24 21 af
438 240 141 22 direktionen
597 240 125 28 handlagda
742 240 97 22 ärenden
854 240 53 21 böra
922 240 24 22 af

199 274 41 22 den
256 274 101 28 lagfarne
372 276 122 22 ledamoten
510 276 62 28 eller,
589 276 40 22 der
644 276 44 21 han
703 278 26 19 är
744 276 99 27 hindrad,
862 275 25 21 af
895 276 47 21 ord-

199 310 106 22 föranden
320 311 7 21 i
343 312 89 21 korthet
447 312 121 22 antecknas
584 312 8 21 i
608 313 33 21 ett
655 312 119 27 memorial,
791 318 45 15 som
854 311 57 22 skall
921 311 25 21 af

199 346 43 22 alla
264 346 150 22 direktionens
437 347 141 22 medlemmar
602 347 57 22 efter
680 347 84 22 slutadt
784 347 159 22 sammanträde

198 382 173 23 underskrifvas.
401 383 50 21 Men
473 383 27 22 de
523 383 82 28 frågor,
625 384 8 20 i
647 383 78 22 hvilka
739 383 80 27 utdrag
835 382 24 22 af
871 385 71 25 proto-

198 418 70 22 kollet
283 418 57 22 skall
356 418 98 22 utfärdas
471 420 55 21 eller
539 419 136 27 omröstning
685 418 107 22 förefallit
803 419 54 22 eller
866 419 76 22 hvilka

198 454 139 22 direktionen
359 461 64 15 anser
442 461 55 16 vara
517 454 25 22 af
555 455 115 27 synnerlig
685 455 54 27 vigt,
756 455 61 21 skola
833 455 109 21 dessutom

197 489 120 28 utförligen
340 492 105 26 upptagas
469 491 8 21 i
500 491 108 21 särskildt
629 490 116 28 protokoll,
770 497 45 15 som
838 490 58 22 föres
920 490 24 22 af

197 526 161 22 sekreteraren.

267 562 49 22 Den
332 562 68 22 andre
416 562 123 22 ledamoten
553 562 8 22 i
572 562 139 22 direktionen
722 562 157 22 omhänderhar
889 568 51 16 vex-

196 598 69 26 larna,
280 598 77 22 hvilka
372 598 99 22 förvaras
486 599 8 21 i
510 598 152 22 direktionens
678 598 67 22 hvalf.

268 634 40 22 Om
326 634 153 28 fördelningen
494 634 7 21 i
518 634 69 27 öfrigt
603 633 25 22 af
641 634 87 22 arbetet
743 634 79 22 mellan
837 634 103 22 direktio-

196 676 54 15 nens
271 669 131 23 ordförande
421 671 40 21 och
479 670 121 22 ledamöter
616 670 104 21 förordna
735 670 204 28 bankfullmäktige,

196 706 28 26 pä
240 705 150 23 direktionens
405 705 170 28 framställning.

537 790 28 20 49
583 789 18 29 &.

266 836 70 21 Innan
352 836 198 27 bankfallmäktige
566 836 56 22 fatta
637 837 73 21 beslut
724 838 9 19 i
744 837 27 21 de
781 837 101 26 ärenden,
894 843 44 14 som

195 871 139 22 omförmälas
349 872 8 21 i
373 874 34 25 32,
425 874 26 19 33
468 873 40 20 och
523 874 28 19 43
569 872 34 29 $$,
620 872 55 21 eller
691 872 28 21 dä
732 871 64 28 fråga
806 874 25 19 är
841 874 32 19 att
883 872 8 21 i
901 879 36 14 an-

195 907 90 28 ledning
304 907 25 22 af
347 908 245 27 penningeställningen
612 908 9 21 i
639 908 75 21 landet
734 907 103 22 förordna
856 908 35 21 till
905 908 32 21 in-

196 943 164 27 skränkningar
380 944 55 21 eller
450 943 121 28 ändringar
587 943 8 22 i
610 943 99 22 bankens
725 943 139 28 länerörelse,
881 943 57 22 skall

195 978 170 28 ofverläggning
378 979 50 22 med
438 979 139 22 direktionen
588 979 38 22 vid
636 981 135 26 gemensamt
781 979 157 22 sammanträde

195 1020 41 21 ega
251 1021 55 14 rum.

266 1045 73 27 Äfven
357 1050 35 22 för
407 1051 68 21 andra
490 1051 111 27 vigtigare
617 1051 97 21 ärenden
729 1051 36 21 mä
779 1050 158 22 bankfullmäk-

194 1086 52 27 tige,
264 1086 28 21 dä
307 1086 27 21 de
349 1086 59 21 finna
423 1087 49 21 skäl
487 1087 76 21 dertill
579 1086 141 28 förekomma,
732 1086 59 21 kalla
801 1086 136 21 direktionen

194 1122 35 21 till
245 1124 135 25 gemensamt
395 1122 166 22 sammanträde.
592 1115 112 28 Ästundar
720 1122 137 21 direktionen
870 1121 67 22 sådan

195 1156 175 29 öfverläggning,
386 1160 53 25 göre
455 1158 73 21 derom
543 1157 165 28 framställning
722 1158 40 21 hos
778 1157 159 22 bankfullmäk-

194 1193 54 27 tige.
284 1193 44 21 Vid
346 1193 65 22 dessa
431 1194 176 21 sammanträden
628 1193 59 22 föres
703 1193 132 27 protokollet
851 1192 24 22 af
887 1192 49 22 full-

195 1229 108 26 mäktiges
320 1229 145 22 sekreterare.
748 1225 6 4 |

537 1291 28 19 50
582 1288 18 29 &.

266 1335 64 22 Hvad
341 1335 25 22 af
373 1336 199 27 bankfullmäktige
583 1337 35 20 till
629 1336 90 27 ledning
727 1336 35 21 för
770 1335 167 23 verksamheten

194 1371 38 21 vid
248 1370 232 29 afdelningskontoren
496 1372 153 28 föreskrifves,
658 1372 69 21 varde
742 1377 77 22 genom
834 1371 102 21 direktio-

194 1412 43 16 nen
256 1407 108 26 delgifvet
378 1407 166 22 vederbörande
563 1407 163 22 kommissarier
742 1407 40 21 och
797 1405 140 23 komiterade.
