1078 1692
322 150 84 23 Stiind.
422 150 55 24 Skr.
494 164 27 2 —
537 150 186 28 Ständerhuset.
855 151 13 19 3

416 386 140 22 Finlands
582 386 137 23 Ständers
743 385 154 23 skrifvelse

348 421 39 22 till
404 421 178 27 Delegationen
597 421 40 22 för
652 420 165 29 uppresandet
832 420 28 22 af
867 426 30 16 en

348 456 98 22 ärestod
469 455 42 22 till
529 455 135 23 åminnelse
680 455 28 23 af
719 455 118 29 Kejsaren
853 454 46 23 och

349 490 154 22 Storfarsten
518 490 140 22 Alexander
672 490 34 28 II,
722 490 125 28 angående
862 490 36 22 ut-

348 524 102 28 lysande
473 524 29 22 af
521 524 74 23 täflan
617 530 39 17 om
676 524 133 23 utförande
825 524 27 22 af
864 524 35 22 ett

349 558 176 29 skulpturverk
540 558 41 24 för
597 558 185 24 Ständerhuset.

147 769 49 47 Till
224 751 178 61 Delegationen
430 774 40 31 för
495 774 173 38 uppresandet
694 775 25 31 af
746 780 30 26 en
796 773 103 33 ärestod

206 819 40 32 till
266 818 138 33 åminnelse
424 820 25 31 af
467 819 128 39 Kejsaren
616 820 47 32 och
682 820 158 31 Storfursten

425 865 146 32 Alexander
589 865 29 32 II.

217 978 35 21 Uti
274 978 30 20 sin
328 978 32 21 till
382 977 119 22 Ständerna
521 978 35 21 vid
571 978 70 21 denna
656 977 102 28 landtdag
773 977 79 28 afgifna
866 977 36 21 be-

148 1012 83 21 rättelse
253 1013 38 20 har
314 1012 279 27 Ständerhusdelegationen
616 1012 64 21 bland
703 1012 67 21 andra
784 1012 119 27 föreslagna

147 1047 260 26 kompletteringsarbeten
428 1047 11 20 &
455 1047 153 21 Ständerhuset
632 1047 94 27 upptagit
750 1046 153 27 dekoreringen

148 1081 21 20 af
184 1081 174 27 tympanonfältet
377 1081 7 20 i
407 1081 86 27 gafveln
517 1081 58 21 öfver
593 1081 114 28 peristylen
723 1083 45 20 mot
782 1081 121 27 Nikolaiga-

150 1117 42 18 tan.
222 1112 70 24 Äfven
308 1115 116 21 Ständerna
438 1115 65 21 hafva
518 1115 33 21 för
565 1115 32 21 sin
613 1115 34 22 del
662 1115 76 28 funnit,
754 1117 30 19 att
799 1115 64 27 fältet,
873 1115 32 20 sä-

148 1156 44 14 som
209 1149 11 21 å
235 1150 241 27 byggnadsritningarna
499 1150 127 27 förutsättes,
648 1150 106 21 erfordrar
776 1156 26 15 en
817 1149 87 28 plastisk

148 1184 104 27 ornering,
268 1191 48 14 men
332 1184 26 21 dä
374 1184 40 21 den
430 1184 143 21 framstäende
589 1185 59 27 plats,
663 1191 27 14 en
706 1185 60 26 dylik
782 1184 122 21 dekoration

148 1218 84 21 komme
254 1220 30 19 att
301 1219 76 27 intaga,
393 1221 37 25 gör
445 1219 36 20 det
497 1219 137 28 synnerligen
649 1219 98 28 önskligt,
763 1221 30 19 att
807 1219 33 20 för
855 1218 49 21 den-

147 1259 81 14 samma
250 1253 71 20 kunde
337 1253 89 20 erhällas
442 1255 31 19 ett
488 1253 72 22 arbete
575 1253 22 21 af
611 1253 24 21 sä
649 1255 52 20 stort
716 1253 127 22 konstvärde
859 1259 44 14 som

147 1287 87 27 möjligt,
250 1287 62 21 hafva
328 1287 117 21 Ständerna
460 1287 48 22 icke
519 1288 56 21 velat
585 1288 52 21 fatta
647 1288 64 27 nägot
724 1287 98 22 definitift
835 1287 70 21 beslut

148 1327 35 14 om
205 1321 159 27 ifrågavarande
385 1321 157 28 skulpturverk,
560 1323 65 20 innan
641 1322 83 21 landets
739 1322 96 27 samtlige
851 1321 55 21 bild-

147 1355 95 28 huggare
256 1355 103 28 inbjudits
374 1356 32 21 till
420 1356 65 21 täflan
502 1363 34 14 om
548 1357 48 20 dess
609 1357 117 20 utförande.
750 1356 154 21 Anordnandet

147 1390 21 20 af
184 1390 69 21 denna
268 1390 107 27 pristäflan
391 1391 37 20 har
443 1392 82 19 ansetts
537 1391 113 28 lämpligen
666 1391 73 21 kunna
755 1391 119 28 uppdragas
884 1390 21 21 åt

147 1417 159 35 Delegationen,
326 1425 98 21 förstärkt
438 1425 50 21 med
505 1425 162 22 Ständerhusets
682 1425 92 22 arkitekt
788 1427 55 19 samt
857 1425 48 20 med

147 1459 98 27 rättighet
267 1459 32 21 för
322 1459 153 28 Delegationen
501 1461 29 20 att
553 1460 88 21 tillkalla
663 1462 99 25 experter
784 1460 7 20 i
813 1460 39 20 och
874 1459 32 21 för
