1078 1692
209 126 14 20 4
451 125 24 22 U.
490 126 23 21 B.
529 138 27 3 —
572 126 94 21 XXXVI.

180 194 67 27 nödig
264 194 96 22 ansedda
370 194 174 28 förstärkningen
559 195 23 21 af
590 195 204 27 bankfullmäktiges
805 194 59 21 antal
874 194 67 22 fram-

180 224 61 20 lades
257 223 24 21 af
293 223 132 27 fullmäktige
440 226 52 19 utan
508 226 32 19 att
558 224 27 22 de
601 224 56 21 dock
673 223 83 27 ansägo
773 223 32 27 sig
820 223 73 21 kunna
909 223 33 21 af-

180 252 72 27 gjordt
275 252 88 21 förorda
385 254 66 25 nägot
474 252 23 21 af
511 253 54 21 dem.
596 253 47 21 Den
658 253 98 21 enklaste
772 254 94 25 utvägen
881 258 60 20 vore,

181 281 115 21 framhöllo
318 280 139 28 fullmäktige,
473 284 32 18 att
521 281 205 27 bankfullmäktiges
742 281 59 21 antal
816 280 126 22 fördubbla-

181 310 45 26 des,
250 312 46 19 mot
318 310 80 21 hvilket
416 310 80 28 förslag
512 310 57 22 dock
585 310 71 22 talade
672 310 62 22 säväl
750 310 26 22 de
792 309 63 22 deraf
866 310 75 20 föran-

181 338 63 22 ledda
268 338 69 22 ökade
360 339 147 21 kostnaderna
529 346 49 15 som
594 339 173 27 hinderligheten
782 338 24 22 af
819 338 42 22 alla
876 338 65 22 dessa

180 374 116 20 personers
318 368 129 26 deltagande
470 368 7 20 i
500 374 27 16 en
543 368 81 27 mängd
640 368 96 21 ärenden
752 367 24 21 af
788 368 84 20 mindre
887 367 49 27 vigt,

179 396 78 21 liksom
280 395 63 22 äfven
366 396 174 28 obehöfligheten
563 396 62 22 deraf
638 397 7 20 i
659 396 103 27 ärenden,
779 396 82 21 hvilkas
877 396 61 27 afgö-

179 425 68 21 rande
264 425 6 20 i
286 425 52 21 sista
354 426 57 20 hand
427 426 116 21 ankomme
559 426 28 27 pä
606 426 84 21 landets
709 425 104 27 regering.
850 424 30 22 De
898 431 40 15 an-

180 454 39 20 dra
241 453 109 28 förslagen
366 466 27 3 —
416 461 47 15 som
484 455 107 21 hvardera
607 455 58 21 inom
682 454 133 27 fullmäktige
831 453 43 21 haft
892 454 48 20 sina

180 482 151 28 förespråkare
352 495 26 3 —
394 490 59 19 voro,
470 484 35 21 det
522 490 48 20 ena,
587 486 32 18 att
634 485 53 19 utan
703 483 112 27 tillökning
830 483 7 20 i
853 482 87 22 ordina-

179 512 32 21 rie
233 511 202 28 bankfullmäktiges
459 513 58 20 antal
541 512 78 22 endast
635 512 33 21 för
683 512 133 21 sistberörda
833 512 107 20 ärendens

179 540 119 27 afgörande
320 540 108 22 förstärka
450 541 192 27 banktullmäktige
664 541 51 21 med
736 547 26 15 en
778 540 113 28 suppleant
906 540 35 21 för

179 569 75 27 hvarje
270 570 69 26 stånd,
356 569 36 21 det
407 570 74 26 andra,
491 572 32 19 att
538 570 33 21 för
587 576 84 15 samma
687 570 109 21 ärendens
809 569 131 27 behandling

179 600 159 19 sammansätla
354 598 192 28 bankfullmäktige
562 599 42 21 och
620 598 195 22 bankdirektionen
830 598 31 21 till
876 604 27 15 en
919 598 17 26 ej

179 626 54 22 blott
248 630 136 24 gemensamt
400 627 173 27 öfverläggande,
590 630 53 19 utan
658 629 137 26 gemensamt
813 626 126 22 beslutande

179 656 131 27 myndighet.
340 656 44 21 Mot
399 656 70 28 bägge
484 657 109 27 förslagen
609 656 62 28 hyste
687 656 57 22 dock
760 656 130 26 fullmäktige
901 655 38 21 be-

178 684 150 27 tänkligheter.
359 685 45 21 Mot
418 685 36 21 det
469 685 58 21 förra
543 685 108 25 anfördes,
668 688 32 18 att
716 691 52 15 man
783 684 23 22 af
816 684 70 27 dylika
897 684 41 20 till-

179 713 100 27 fälligtvis
302 714 41 20 och
366 714 53 21 blott
442 714 33 22 för
497 714 26 22 de
542 716 56 20 mest
614 714 189 27 maktpåliggande
819 713 71 27 frågor
906 713 32 20 in-

179 742 85 21 kallade
280 748 104 21 personer
398 743 47 21 icke
468 743 72 21 kunde
559 744 67 20 vänta
642 743 41 21 den
700 742 109 27 oaflåtliga
825 742 113 27 uppmärk-

179 771 86 21 samhet
280 772 28 26 på
323 771 98 22 bankens
437 772 182 27 angelägenheter
635 772 51 21 eller
702 778 38 15 ens
756 771 36 21 det
803 771 91 21 intresse
905 770 35 21 för

178 799 99 22 bankens
300 800 63 21 bästa
386 801 40 20 och
449 800 43 22 den
518 800 236 28 ansvarighetskänsla,
783 806 47 14 som
854 801 84 19 ensamt

178 828 72 21 kunde
266 828 56 27 gifva
338 829 26 20 de
380 829 107 21 inkallade
495 836 146 20 personernas
656 829 90 26 mening
761 828 42 21 och
818 828 119 27 tillstyrkan

178 857 76 25 värde;
277 860 45 18 mot
346 857 35 22 det
403 863 77 16 senare
502 859 53 25 åter,
579 860 32 19 att
625 858 127 27 derigenom
768 857 122 27 grunderna
905 856 35 21 för

178 885 100 22 bankens
293 886 89 27 styrelse
398 886 87 22 alldeles
499 887 149 26 förändrades,
660 887 6 20 i
678 887 36 20 det
725 886 135 21 direktionen
871 885 68 21 skulle

179 913 21 22 få
215 914 86 27 deltaga
316 915 7 20 i
339 915 74 26 sjelfva
429 915 105 28 styrelsen
550 915 42 22 och
608 915 92 22 sålunda
711 915 74 21 kunna
795 914 142 27 undandraga

178 943 33 27 sig
226 944 79 20 nästan
321 943 27 21 all
364 945 138 26 ansvarighet
518 944 32 21 för
565 945 49 20 sina
629 944 150 27 tillgöranden,
796 943 78 22 hvilket
890 944 47 19 må-

177 974 34 19 ste
226 977 65 16 anses
306 973 26 20 så
348 973 84 26 mycket
449 979 60 15 mera
525 973 117 27 olämpligt,
659 979 48 15 som
723 972 140 21 tillsättandet
874 971 22 22 af
905 971 32 21 di-

177 1001 125 20 rektionens
320 1001 141 22 medlemmar
480 1001 47 22 icke
549 1003 25 20 är
589 1001 109 22 beroende
715 1001 23 21 af
752 1002 66 26 något
833 1000 104 22 Ständer-

176 1036 41 14 nas
232 1029 130 22 förtroende.

246 1058 166 22 Bankutskottet
428 1059 115 21 förordade
559 1059 103 27 förslaget
678 1061 32 19 att
726 1059 42 20 öka
779 1057 158 22 bankfullmäk-

176 1087 56 26 tiges
248 1087 59 20 antal
323 1087 29 21 till
368 1088 51 26 åtta,
430 1088 93 21 emedan
538 1087 66 28 enligt
615 1088 120 21 Utskottets
746 1087 88 26 mening
849 1087 87 20 hinder-

176 1115 96 27 ligheten
288 1115 22 21 af
324 1118 30 19 ett
369 1116 101 21 talrikare
485 1116 116 27 kollegium
612 1117 47 21 icke
670 1122 54 15 vore
735 1117 66 26 något
812 1115 67 28 giltigt
890 1115 45 21 skäl

176 1144 106 26 deremot,
298 1144 101 21 eftersom
415 1151 51 15 man
481 1145 64 22 äfven
561 1145 6 21 i
583 1145 69 21 andra
662 1145 77 22 länder
752 1145 29 27 på
792 1145 69 26 grund
871 1143 23 22 af
902 1150 34 15 er-

176 1173 138 21 farenhetens
336 1173 124 22 vitnesbörd
483 1173 70 22 funnit
575 1174 47 21 skäl
637 1174 134 21 öfverlemna
786 1173 113 26 ledningen
915 1172 24 21 af

176 1202 70 21 större
263 1201 202 28 bankinrättningar
479 1203 23 21 åt
517 1203 72 27 dylika
600 1202 229 27 bankkonseljer.Intet
840 1201 23 21 af
871 1201 64 22 dessa

175 1229 81 28 förslag
272 1230 100 27 lyckades
388 1231 117 22 emellertid
520 1232 66 21 vinna
602 1231 134 22 Ständernas
752 1231 63 21 bifall.

204 1258 195 28 Bankfullmäktige
421 1262 96 25 upptogo
536 1259 47 22 åter
599 1261 6 20 i
621 1261 33 20 sin
668 1261 32 20 till
719 1260 53 21 1882
788 1259 36 22 års
840 1259 96 20 Bankut-

175 1287 59 22 skott
250 1287 80 28 afgifna
345 1288 116 22 berättelse
472 1289 76 27 frågan
559 1295 36 16 om
606 1289 192 26 nödvändigheten
809 1290 32 19 att
851 1288 6 20 i
869 1287 67 22 ökadt

175 1316 55 21 mått
245 1316 79 21 tillföra
338 1316 217 29 bankförvaltningen
579 1318 41 21 den
639 1317 95 28 speciela
756 1317 50 21 sak-
822 1316 42 21 och
885 1322 49 21 per-

175 1345 167 21 sonkännedom
365 1346 41 21 och
426 1346 27 21 de
472 1346 69 27 öfriga
563 1347 141 27 egenskaper,
728 1352 48 15 som
799 1345 137 28 ingripandet

174 1373 6 20 i
204 1375 30 20 ett
258 1373 130 28 mångsidigt
410 1375 90 21 affärslif
520 1375 92 27 kräfver,
635 1377 57 19 samt
715 1374 108 27 föreslogo
847 1374 6 20 i
876 1373 60 21 detta

172 1401 58 28 syfte
244 1405 32 18 att
293 1403 63 21 äfven
371 1403 35 21 vid
421 1403 98 22 bankens
534 1404 162 21 hufvudkontor
712 1403 68 22 skulle
792 1403 100 21 tillsättas
903 1402 30 21 di-

173 1430 201 23 skontkomiterade
397 1431 58 22 med
469 1433 116 21 enahanda
606 1432 180 27 kvalifikationer,
809 1438 47 15 som
872 1431 63 27 gälde

244 1470 150 19 Bankutskottets
405 1471 110 20 betänkande
527 1472 36 18 N:o
574 1473 17 18 2.
