1078 1692
821 130 28 20 45

121 193 97 21 bankens
234 194 43 20 stat
292 193 33 21 för
340 192 165 28 ifrägavarande
519 193 102 21 ändamäl
631 195 112 25 upptagna
754 192 73 27 anslag
838 198 40 21 ega

122 227 192 27 bankfullmäktige
328 228 29 26 pä
372 227 147 22 direktionens
535 227 80 27 förslag
631 227 89 21 besluta.

414 285 11 27 $
441 285 34 21 62.
505 285 21 27 ($
541 286 44 24 61.)

191 320 20 26 Ä
243 326 35 20 det
304 325 32 27 pä
356 324 95 22 bankens
474 326 44 20 stat
540 326 114 26 upptagna
672 323 207 27 diskretionsanslag

122 366 41 21 ega
178 359 194 29 vankfullmäktige
383 360 32 27 pä
430 360 149 21 direktionens
591 360 88 28 förslag
696 359 81 21 tilldela
793 359 85 27 tjenste-

123 396 53 20 män
192 394 36 22 och
244 394 95 28 betjente,
355 394 51 22 både
421 395 114 21 ordinarie
550 394 37 22 och
603 396 68 24 extra,
690 394 33 22 vid
738 394 93 27 hufvud-
843 393 35 21 och

124 428 231 28 afdelmingskontoren
369 429 178 28 gratifikationer
562 429 36 27 för
608 429 126 27 synnerligt
744 428 36 22 nit
789 428 35 22 och
835 428 44 21 väl-

123 463 143 27 förhällande.

420 516 12 27 8
447 516 34 21 63.
512 516 21 27 (8
549 516 43 26 62.)

195 556 46 21 Den
263 556 97 21 bankens
383 556 109 22 ordinarie
510 556 95 22 embets-
621 556 51 21 eller
687 556 130 26 tjensteman
833 554 49 22 eller

126 589 88 28 betjent,
238 596 48 16 som
308 591 28 26 pä
359 596 53 21 egen
435 590 97 28 begäran
555 591 91 21 erhäller
665 590 82 26 afsked,
764 591 24 19 är
802 589 33 21 för
851 589 33 21 sin

126 624 139 22 äterstäende
288 625 64 21 lifstid
372 625 123 27 berättigad
516 626 30 20 till
569 626 54 26 ärlig
645 626 91 26 pension
752 624 23 21 af
787 624 97 21 bankens

130 660 70 21 medel
215 658 98 28 sälunda,
330 662 30 18 att
376 660 48 27 den,
441 666 48 15 som
505 661 92 27 uppnätt
612 660 104 21 sextiotre
730 659 103 22 ärsälder
844 658 41 21 och

128 694 67 21 minst
210 694 117 22 trettiofem
342 695 25 20 är
382 694 55 21 varit
453 695 6 20 i
475 694 81 22 allmän
572 695 65 27 tjenst
647 694 92 27 anstäld,
750 692 77 23 undfär
837 693 49 21 hela

127 728 65 22 lönen
207 728 7 21 i
228 729 98 27 pension,
344 729 42 21 den
402 736 47 14 som
465 729 45 27 fyllt
527 729 118 21 femtiofem
656 730 24 20 är
691 729 42 21 och
743 729 68 27 tjenat
821 728 65 21 minst

126 763 74 21 trettio
222 764 25 20 är
262 765 33 19 tre
310 763 131 27 fjerdedelar,
459 764 41 20 den
517 770 48 15 som
580 764 92 27 uppnätt
687 763 74 21 femtio
778 764 34 20 ärs
828 762 59 21 älder

128 798 43 20 och
186 798 56 20 varit
257 798 7 20 i
278 798 66 27 tjenst
360 798 66 20 minst
440 798 105 27 tjugufem
559 798 25 21 år
594 799 37 21 två
641 798 135 27 tredjedelar,
788 797 41 21 den
839 803 47 15 som

128 832 47 27 fyllt
196 832 77 27 fyratio
294 834 25 19 år
340 832 41 21 och
396 833 69 26 tjenat
480 833 67 20 minst
562 833 60 26 tjugu
638 833 24 20 är
677 832 82 21 hälften
774 834 57 19 samt
846 831 41 21 den

131 873 48 14 som
201 867 92 26 uppnått
316 866 116 22 trettiofem
455 867 36 21 års
511 866 59 22 ålder
586 867 42 21 och
643 867 69 27 tjenat
727 867 65 20 minst
806 865 82 22 femton

132 901 25 20 år
179 907 28 15 en
231 900 103 28 fjerdedel
352 901 24 21 af
388 901 65 21 lönen
468 901 7 20 i
490 901 98 27 pension.
604 901 60 21 Dock
680 900 36 22 må
731 899 157 23 bankfullmäk-

129 935 50 27 tige,
196 936 13 21 å
224 935 72 22 hvilka
312 935 36 22 det
364 936 129 21 ankommer
503 938 33 19 att
546 936 106 21 fastställa
663 937 131 26 pensionens
803 935 85 27 belopp,

131 970 155 27 undantagsvis
303 970 79 22 tilldela
399 971 183 27 afskedstagande
593 971 94 22 embets-
698 971 51 22 eller
759 971 130 27 tjensteman

130 1004 91 27 pension
244 1005 31 20 till
298 1005 67 26 högre
388 1005 78 27 belopp
490 1007 29 19 än
535 1005 42 27 det,
593 1005 85 22 hvartill
693 1005 45 22 han
753 1005 65 27 enligt
833 1004 56 21 före-

131 1039 96 20 nämnda
249 1039 95 27 grunder
366 1046 51 15 vore
433 1040 129 27 berättigad.
592 1040 34 22 Uti
643 1040 81 21 antalet
738 1040 104 27 tjensteår
857 1039 32 20 in-

131 1073 108 21 beräknas
259 1074 82 26 jemväl
365 1074 41 21 den
430 1074 30 21 tid
479 1074 42 21 den
537 1074 182 27 afskedstagande
734 1075 67 27 tjenat
817 1074 72 21 såsom

131 1110 61 18 extra
208 1108 132 27 tjensteman
357 1109 51 20 eller
423 1108 82 28 betjent
521 1109 6 20 i
543 1109 92 22 banken.

204 1142 83 22 Varder
304 1143 87 21 embets-
406 1143 54 21 eller
476 1143 130 28 tjensteman
621 1143 51 22 eller
688 1143 80 28 betjent
782 1143 9 21 i
805 1142 85 22 banken

131 1177 64 21 dömd
217 1177 93 28 tjensten
334 1178 101 27 förlustig
457 1178 44 21 har
523 1178 46 21 han
593 1178 94 25 förlorat
706 1177 131 29 rättigheten
859 1177 33 21 till

130 1212 98 27 pension.

201 1247 142 28 Rättigheten
359 1249 33 19 att
407 1247 100 28 uppbära
517 1247 70 21 redan
598 1247 92 28 beviljad
698 1247 94 27 pension
802 1247 30 27 af
839 1246 52 21 ban-

131 1281 54 21 kens
210 1281 66 22 medel
298 1281 94 28 förloras
412 1281 81 28 jemväl
516 1281 25 28 af
563 1281 48 26 den,
635 1288 43 14 som
696 1281 58 28 ånyo
769 1280 123 22 inträder
879 1276 16 38 i

133 1315 66 28 tjenst
209 1316 31 27 på
256 1316 84 21 allmän
355 1317 50 20 stat.

201 1351 146 27 Tjensteman,
364 1357 47 15 som
427 1351 144 21 tillförsäkras
587 1350 49 21 hela
651 1350 66 21 lönen
732 1350 7 21 i
755 1350 97 27 pension,
869 1351 24 19 är

133 1385 75 27 pligtig
230 1387 38 24 att,
284 1391 36 15 om
336 1385 193 27 bankfullmäktige
545 1385 80 20 sådant
639 1385 89 27 påyrka,
744 1385 95 20 inlemna
854 1390 39 14 an-

133 1419 92 28 sökning
249 1426 36 15 om
308 1419 81 26 afsked,
412 1419 35 21 vid
464 1419 99 28 äfventyr
579 1421 32 19 att
627 1419 51 27 eljes
693 1418 67 21 varda
776 1418 47 21 från
838 1418 55 27 tjen-

134 1456 48 19 sten
201 1454 59 21 skild.

924 328 18 23 ($
960 328 34 22 58).

895 559 29 22 ($$
941 558 27 22 56,
986 557 46 23 136).
