1078 1692
843 138 31 24 23

207 207 23 31 d)
248 207 122 23 fastställa
394 206 115 24 Bankens
529 207 168 24 diskontränta
715 209 63 22 samt
795 207 97 32 längsta

137 242 161 24 förfallotiden
316 241 36 23 för
370 241 70 24 såväl
458 241 92 24 utrikes
569 242 86 23 vexlar
666 249 51 16 som
728 241 93 24 inrikes
834 249 57 16 vex-

137 276 39 24 lar
194 276 42 24 och
255 276 74 24 andra
346 275 175 32 kreditpapper,
539 283 50 16 som
607 276 9 23 i
634 275 102 24 Banken
748 276 74 31 köpas
835 276 57 23 eller

137 310 41 24 till
196 310 165 32 diskontering
380 312 115 30 antagas
481 306 16 41 ;

206 344 21 32 e)
246 345 130 23 bestämma
397 344 133 24 räntefoten
549 344 36 24 för
603 344 42 24 lån
663 352 29 15 ur
710 344 102 24 Banken
830 346 62 22 samt

137 378 98 32 längsta
252 378 121 24 lånetiden
392 378 123 24 äfvensom
532 378 87 32 högsta
637 378 169 32 lånebeloppet,
818 378 73 24 hvar-

137 413 39 23 till
203 414 27 23 de
254 413 9 23 i
287 413 30 23 19
342 414 14 29 $
378 415 124 30 upptagna
526 413 122 24 särskilda
666 413 54 32 slag
738 412 26 24 af
782 412 110 24 säkerhet

136 449 41 22 mä
194 448 110 30 belänas
293 444 14 38 ;

207 482 18 30 f)
236 482 123 24 fastställa
368 482 98 31 längsta
476 482 65 23 tiden
551 482 36 23 för
596 481 296 25 kassakreditivkontrakt

137 518 63 22 samt
222 516 27 24 de
271 518 180 29 procentsatser,
469 516 60 23 efter
547 516 86 24 hvilka
651 516 180 31 inträdesafgift
850 515 42 24 och

135 553 71 21 ränta
224 552 14 22 å
256 550 103 24 kreditiv
378 550 131 31 beräknas;
529 552 62 22 samt

204 585 25 31 g)
248 585 9 23 i
276 585 108 24 afseende
404 586 17 26 &
436 584 115 24 Bankens
569 584 145 24 länerörelse
732 585 8 23 i
754 584 137 30 allmänhet,

135 619 112 24 förordna
271 619 39 24 till
333 620 27 23 de
378 619 212 32 inskränkningar
608 619 58 24 eller
684 619 139 31 ändringar,
841 626 51 16 som

135 654 53 23 med
214 654 97 30 hänsyn
338 654 40 23 till
404 653 272 32 penningeställningen
700 653 9 23 i
731 653 80 24 landet
829 655 63 21 samt

135 687 115 25 Bankens
277 688 74 24 fördel
376 688 42 24 och
441 688 119 30 säkerhet,
578 688 84 23 kunna
680 696 60 15 vara
758 687 26 24 af
801 686 89 24 förhäl-

135 722 105 24 landena
258 722 134 32 päkallade.

480 791 13 29 8
515 790 38 24 56.

204 852 35 23 Pä
269 851 236 34 Bankfullmäktige
526 852 138 23 ankommer
696 851 44 25 ock
766 853 41 29 att,
833 851 58 24 efter

135 885 183 33 framställning
336 887 44 23 och
398 886 91 32 förslag
509 887 25 23 af
551 886 233 25 Bankdirektionen:

205 925 23 31 a)
248 927 104 24 meddela
370 929 111 21 närmare
493 927 182 31 bestämningar
688 927 42 23 och
742 925 150 25 föreskrifter

136 961 122 30 angäende
283 963 70 22 sättet
377 961 37 23 för
431 961 193 32 tillverkningen
643 961 43 24 och
704 960 188 32 förfärdigandet

137 994 25 24 af
179 994 114 25 Bankens
312 995 92 31 sedlar;

204 1034 24 31 b)
245 1035 136 31 bestämma,
400 1015 61 44 efter
484 1019 102 40 hvilken
610 1035 79 32 grund
710 1035 120 32 provision
851 1035 40 23 bör

136 1069 118 24 beräknas
274 1069 36 24 för
327 1055 115 38 Bankens
461 1069 168 32 invisningar
617 1065 15 41 ;

205 1109 21 31 c)
245 1109 123 24 fastställa
381 1109 45 24 den
438 1109 73 30 tariff,
524 1109 122 24 hvarefter
659 1109 101 24 Banken
773 1108 118 24 beräknar

137 1143 38 32 sig
193 1143 123 31 provision
334 1144 36 23 för
388 1144 154 23 förvarandet
561 1143 24 24 af
603 1144 95 23 nedsatt
715 1143 72 32 gods;

205 1183 23 30 d)
248 1183 110 24 förordna
376 1191 38 16 om
432 1183 43 24 och
494 1183 101 24 hvilken
614 1183 84 32 ätgärd
717 1183 71 30 skall,
806 1183 9 23 i
833 1183 58 23 deti

137 1217 30 23 51
189 1218 13 29 $
215 1218 105 23 nämnda
332 1217 52 31 fall,
397 1218 112 31 vidtagas
521 1218 52 23 med
586 1218 64 31 gods,
663 1218 94 23 nedsatt
769 1217 9 24 i
790 1217 101 24 Banken

135 1251 40 24 till
193 1251 92 31 förvar;

207 1291 21 31 e)
253 1291 8 23 i
286 1291 110 24 afseende
419 1293 14 22 ä
456 1291 207 32 äterbetalningen
687 1291 25 23 af
729 1291 97 32 utgifna
843 1291 48 30 län,

137 1325 58 24 efter
213 1325 103 24 företedd
330 1325 139 32 erforderlig
482 1325 136 32 utredning,
631 1325 90 31 bevilja
733 1326 27 23 de
774 1325 131 26 lättnader
895 1321 13 40 .

137 1359 43 24 och
198 1359 136 32 eftergifter,
353 1367 51 16 som
422 1359 91 31 kunna,
531 1360 9 23 i
559 1359 62 31 syfte
637 1361 35 22 att
686 1359 93 31 skydda
791 1359 100 24 Banken

136 1395 49 22 mot
211 1396 75 21 större
312 1394 94 30 förlust,
426 1402 61 15 vara
511 1394 25 23 af
558 1394 103 23 rädande
680 1393 212 24 sakförhällanden

136 1428 138 31 påkallade;
