1078 1692
243 131 13 20 2

214 193 90 27 förlagdt
317 193 99 22 Finlands
430 194 71 21 Banks
517 195 72 21 kontor
603 194 106 22 medförde
725 194 32 21 för
772 194 40 22 den
827 196 135 20 varuomsätt-

214 228 51 26 ning
286 228 88 21 emellan
393 228 30 21 in-
441 228 38 22 och
498 229 79 21 utrikes
593 230 59 24 orter,
668 236 45 14 som
728 236 29 14 nu
770 229 66 23 redan
851 229 110 22 förmedlas

214 262 38 21 och
267 262 51 21 efter
332 263 68 21 Kotka
412 262 96 28 jernvägs
524 264 124 27 upplåtande
664 264 31 20 för
711 263 87 21 trafiken
812 264 150 27 otvifvelaktigt

213 297 7 20 i
236 298 26 20 än
277 297 63 27 högre
356 297 51 27 grad
421 298 81 21 komme
518 298 31 21 att
565 298 55 21 öfver
635 298 62 27 sagde
713 298 47 21 stad
774 298 116 21 förmedlas.

281 331 11 21 I
306 332 112 27 anledning
432 332 62 21 häraf
506 332 38 21 har
559 332 134 21 Direktionen
710 332 32 21 för
753 332 98 21 Finlands
861 332 58 21 Bank
930 332 30 20 uti

214 364 104 22 skrifvelse
336 365 32 21 för
386 366 39 21 den
441 367 11 20 7
468 366 117 21 November
599 366 89 24 förmält,
706 367 31 20 att
752 366 133 22 Direktionen
900 366 60 21 äfven

213 400 53 20 varit
283 400 85 21 betänkt
386 400 26 28 på
430 400 128 22 inrättandet
577 400 22 22 af
615 402 30 20 ett
663 401 99 21 Bankens
780 401 73 21 kontor
871 401 7 20 i
892 401 68 21 Kotka

214 434 52 25 stad,
276 434 83 26 hvilket,
370 434 64 28 enligt
448 435 145 21 Direktionens
608 435 59 27 åsigt.
682 442 34 14 om
732 435 35 21 det
782 436 35 20 ock
832 436 32 20 till
878 442 25 14 en
913 436 47 20 bör-

210 468 37 27 jan
262 468 18 27 ej
292 468 66 22 skulle
368 469 69 21 lemna
447 469 126 22 nämnvärdt
583 470 117 25 öfverskott,
712 469 49 21 med
773 470 95 21 säkerhet
878 470 81 21 komme

213 503 31 21 att
258 503 51 21 bära
322 503 143 26 kostnaderna,
477 504 50 20 enär
541 504 69 21 Kotka
625 504 46 21 stad
687 504 65 21 redan
767 504 60 27 länge
842 504 76 27 utgjort
933 510 25 15 en

213 537 115 27 betydande
345 539 102 26 exportort
461 538 32 21 för
503 538 82 21 landets
596 539 96 25 trävaror,
708 538 45 25 och,
765 538 63 21 sedan
839 538 120 21 densamma

213 578 75 20 genom
306 572 86 27 jernväg
413 572 82 21 förenas
513 572 49 21 med
579 572 81 22 landets
677 572 140 28 jernvägsnät,
840 572 118 27 antagligen

213 607 81 21 komme
312 607 31 20 att
360 606 101 22 förmedla
480 607 17 27 ej
516 607 81 21 mindre
615 614 26 14 en
660 608 42 20 stor
720 607 33 21 del
768 607 23 21 af
803 608 96 26 exporten
913 606 45 22 från

214 641 97 21 Savolaks
326 642 26 20 än
368 641 36 21 ock
418 641 101 28 importen
535 641 56 21 såväl
606 642 32 20 till
653 642 69 20 denna
732 641 95 21 landsdel
839 648 44 14 som
894 641 65 21 andra

213 676 54 20 orter
285 675 56 21 inom
359 676 80 24 landet;
455 676 38 21 och
507 676 112 27 tillstyrkte
635 676 135 21 Direktionen
785 676 54 27 förty
854 676 58 20 bifall
926 676 32 20 till

213 710 147 26 ansökningen,
370 710 50 20 dock
434 710 87 21 sålunda
536 711 31 20 att
581 710 142 27 ifrågakomna
733 710 128 21 bankkontor
870 710 88 20 försöks-

213 744 30 21 vis
257 744 67 21 blefve
338 744 100 21 inrättadt
453 744 31 21 för
499 751 26 14 en
539 744 31 21 tid
585 744 23 21 af
620 744 41 21 fem
676 745 22 20 år
712 744 46 21 från
769 744 40 21 den
820 745 9 20 1
842 744 44 21 Juli
897 744 61 25 1890,

212 779 88 21 hvarhos
318 778 132 22 Direktionen
466 779 91 21 anmälte
573 780 30 20 att
618 779 40 21 den
673 778 23 22 af
708 778 118 22 sökandene
841 778 117 27 föreslagna

212 813 170 23 kontorslokalen,
396 813 65 27 enligt
475 813 134 21 Direktionen
625 813 103 27 delgifven
746 813 83 27 ritning,
845 812 113 22 innehåller

212 848 30 20 tre
258 853 52 19 rum,
325 847 82 21 tambur
422 847 37 21 och
474 847 59 21 hvalf
545 847 32 21 för
591 847 105 21 kontorets
710 847 89 26 räkning
814 847 38 20 och
867 847 30 20 ett
911 853 46 14 rum

212 881 38 21 och
267 881 40 21 kök
325 881 32 21 till
372 881 212 22 vaktmästarebostad
599 882 55 20 samt
668 881 23 21 af
703 881 135 20 Direktionen
853 880 104 21 befunnits

212 921 49 15 vara
275 915 121 27 välbelägen
410 916 37 21 och
463 916 60 21 äfven
538 916 7 20 i
561 915 62 27 öfrigt
638 915 97 21 afseende
750 915 92 27 lämplig.

280 949 161 22 Vidkommande
457 950 35 21 det
502 950 85 21 afsedda
597 949 159 22 bankkontorets
768 949 142 27 organisation,
919 949 38 20 har

211 983 139 26 Direktionen,
368 984 48 21 med
433 984 125 27 frångående
577 983 23 22 af
613 984 79 27 åsigten
708 984 32 21 att
754 983 150 21 kommissarie-
920 983 36 21 och

211 1018 248 27 kassörsbefattningarne
481 1019 66 20 skulle
565 1019 69 20 skötas
652 1018 23 21 af
692 1023 82 16 samma
793 1023 78 21 person,
890 1017 67 21 såsom

211 1053 57 20 fallet
291 1053 22 20 är
335 1052 34 21 vid
391 1053 25 20 de
433 1053 137 26 provisionela
587 1052 157 21 bankkontoren
764 1051 7 21 i
788 1051 118 28 Jyväskylä,
926 1051 31 21 S:t

211 1087 76 21 Michel
305 1087 38 21 och
362 1087 117 25 Sordavala,
497 1087 106 26 föreslagit
621 1087 32 20 att
673 1086 57 21 såväl
748 1085 150 22 kommissarie-
913 1092 43 14 som

211 1121 145 26 kassörstjenst
374 1121 64 20 skulle
456 1121 89 21 inrättas
564 1122 55 20 samt
637 1121 68 20 ansett
720 1121 38 24 att,
772 1120 48 21 med
835 1119 95 22 afseende
945 1119 11 21 å

211 1155 217 21 lefnadskostnaderna
449 1155 7 20 i
478 1155 75 26 Kotka,
575 1155 142 27 aflöningarna
740 1154 32 21 för
794 1154 60 21 dessa
872 1154 85 27 tjenster

211 1189 61 22 borde
288 1189 125 21 bestämmas
427 1189 33 21 till
475 1190 61 25 6,000
550 1189 59 21 mark
624 1189 31 21 för
670 1188 158 22 kommissarien
843 1188 37 21 och
895 1188 61 25 4,800

210 1223 59 21 mark
286 1223 32 21 för
336 1223 102 21 kassören.
468 1224 33 21 Då
517 1224 72 20 härtill
606 1223 80 21 komme
706 1222 93 27 aflöning
813 1222 32 21 för
860 1228 25 15 en
900 1223 57 20 vakt-

210 1258 96 21 mästare,
321 1258 43 21 600
377 1257 64 25 mark,
456 1258 38 21 och
509 1257 164 28 expencemedel,
688 1257 63 22 1,000
765 1257 64 22 mark,
839 1256 65 21 skulle
916 1257 39 20 den

211 1291 64 27 årliga
293 1291 87 27 utgiften
400 1291 31 21 för
449 1292 94 21 kontoret
561 1292 74 26 utgöra
656 1291 74 26 12,400
748 1290 65 25 mark,
831 1290 125 21 oberäknadt

211 1325 89 22 arvoden
314 1325 32 21 för
360 1325 25 21 de
400 1326 34 21 två
448 1325 214 26 diskontkomiterade,
678 1331 44 16 som
737 1325 35 21 vid
786 1325 94 20 kontoret
893 1325 63 20 borde

211 1361 92 26 antagas,
318 1360 105 21 äfvensom
437 1361 67 26 hyran
519 1360 31 21 för
564 1360 170 21 kontorslokalen.

277 1395 33 20 Då
328 1394 59 21 äfven
405 1394 189 27 Bankfullmäktige
613 1394 32 21 för
659 1394 31 21 sin
706 1393 34 22 del
755 1393 27 28 på
796 1392 60 22 ofvan
870 1392 86 21 anförda

210 1429 90 26 grunder
315 1429 75 26 ansågo
405 1428 144 28 förläggandet
564 1428 23 21 af
599 1429 30 20 ett
643 1427 99 22 Finlands
758 1427 70 21 Banks
840 1427 71 20 kontor
923 1426 33 21 till

210 1463 68 21 Kotka
292 1469 50 15 vara
356 1462 48 21 fullt
417 1463 129 24 motiveradt,
560 1462 62 21 hafva
636 1461 197 27 Bankfullmäktige,
848 1467 44 15 som
904 1460 52 27 jem-
