1078 1692
172 127 25 20 24
577 130 28 20 VI

593 199 1 27 |
732 204 1 17 |
870 208 1 19 |
1036 200 1 25 |

143 242 2 42 |
364 231 103 23 Transport
487 234 130 20 |18,699,848
627 234 129 24 —|15,831,107/37]
777 234 119 20 3,584,586!10]
932 227 105 28 —715,845/47/

592 257 1 4 |
731 259 1 10 |
1007 263 1 6 |
1036 262 1 5 U

731 274 1 9 |

159 276 91 22 Afdrages
263 276 41 18 frän
316 277 122 23 besparingen
447 278 20 17 af
480 267 1 24 |

142 308 1 32 |
181 311 88 22 anslagen
289 312 30 17 det
336 312 128 18 pfrerstotdna
479 323 2 44 |

141 366 1 21 |

737 359 19 1 —|
794 339 100 40 715sdsjä]
933 335 12 48 =
948 359 20 1 —
1011 360 25 10 —

735 384 21 16 63]
776 380 118 26 2.868.740163]
947 393 22 3 ——
1011 386 24 10 i!

181 345 87 23 beloppet

179 379 80 18 återstår
273 381 59 17 såsom
346 382 99 23 besparing

592 295 1 20 |

591 324 2 15 |

475 370 6 40 i;
548 394 3 1 E
591 352 25 54 a
635 385 93 19 2,868,740

390 422 75 18 Summa
479 413 108 31 118,699,848
595 412 131 35 —|18,699848
749 413 13 35 -|
810 436 21 1 —

207 490 47 17 Anm.
267 490 17 17 1.
308 490 82 18 Emedan
410 494 113 20 truppernas
542 493 120 23 förplägning
680 494 60 17 under
756 494 141 22 ifrågavarande
910 493 125 23 finansperiod

138 523 54 18 utföll
211 524 93 24 betydligt
316 526 84 22 billigare
414 529 22 15 än
451 528 104 18 beräknadt
569 534 32 12 var
614 529 29 17 för
655 528 52 18 såväl
720 534 87 12 reserven
821 534 38 12 som
872 529 75 17 aktiven
961 529 34 17 och
1009 531 27 15 ett

137 560 49 16 stort
204 560 50 17 antal
273 560 145 23 officersplatser
435 568 44 12 voro
493 563 82 17 vakanta
588 563 30 17 vid
631 564 63 17 aktiva
707 566 108 20 trupperna,
829 564 34 16 har
876 569 21 12 en
910 564 82 22 betydlig
1005 564 30 16 be-

137 593 77 23 sparing
226 594 10 17 &
250 595 88 22 anslagen
352 595 30 18 för
394 596 93 18 militären
501 596 91 23 uppstätt.

205 628 48 18 Anm,
266 629 28 17 II.
317 629 127 24 Besparingen
458 630 11 18 &
482 632 85 22 anslaget
580 632 29 17 för
621 632 201 23 garnisonssjukhuset
835 633 33 17 har
882 632 116 22 uppkommit
1010 631 24 23 pä

137 662 60 22 grund
211 662 53 18 deraf
276 665 27 17 att
316 664 37 18 alla
366 665 113 23 sjuksängar
491 666 42 18 icke
546 667 49 17 varit
608 669 100 21 upptagna.

207 697 47 17 Anm.
267 698 39 17 III.
325 698 87 19 Remont-
425 700 35 17 och
473 701 247 22 reparationskostnaderna
733 702 94 22 uppgingo
841 701 57 17 under
911 701 43 17 åren
968 702 63 16 1886—

138 731 43 17 1888
194 732 28 16 till
236 733 106 21 respektive
355 734 74 21 317,049
442 735 52 17 mark
508 736 20 16 61
539 736 62 21 penni,
613 736 73 20 231,973
696 736 53 17 mark
759 737 22 15 28
790 736 55 22 penni
855 736 34 16 och
898 736 74 16 231,126
981 736 52 16 mark

137 766 24 16 48
173 766 56 22 penni
242 766 46 18 eller
300 768 29 16 till
342 769 136 22 sammanlagdt
491 770 74 21 780,149
575 770 52 18 mark
637 772 21 15 37
667 770 57 22 penni
736 770 34 17 och
781 769 71 18 säledes
861 770 28 17 till
901 770 71 20 180,149
980 770 53 17 mark

135 800 22 16 37
169 801 57 21 penni
239 801 58 23 högre
310 802 68 22 belopp
392 805 22 15 än
428 803 29 18 för
470 804 106 18 ändamälet
589 805 95 22 anslagits.

204 836 48 16 Anm.
265 836 33 16 IV.
318 836 36 17 Till
368 837 47 22 följd
428 838 54 17 deraf
493 840 29 15 att
530 839 52 16 såväl
592 840 98 17 ordinarie,
701 844 39 12 som
750 840 52 16 extra
812 839 152 21 pensioneringen
975 838 57 22 enligt

134 867 69 24 nädiga
215 869 125 22 kungörelsen
354 871 20 17 af
386 871 34 18 den
434 873 10 16 7
457 873 54 21 April
526 874 44 16 1886
584 873 100 18 öfverförts
703 873 5 18 ä
721 873 220 22 Krigsmanshuskassan.
955 873 33 16 har
1002 878 29 11 en-

134 902 42 18 dast
189 908 22 12 en
224 903 29 18 del
267 904 20 17 af
298 904 32 18 det
342 905 65 18 härför
420 906 93 23 beviljade
526 908 65 22 anslag
604 908 59 17 under
676 907 150 22 treärsperioden
840 907 59 23 utgätt
908 913 21 11 ur
938 907 93 18 allmänna

134 937 146 18 militiemedlen.

201 973 49 16 Anm.
267 973 17 16 V.
309 973 66 18 Ehuru
394 975 170 23 kompletteringen
583 977 20 17 af
620 976 152 23 gevärsförrädet
791 979 30 20 egt
839 982 40 12 rum
893 976 58 17 under
963 977 67 17 finans-

133 1006 93 22 perioden,
240 1007 35 17 har
288 1007 5 17 i
306 1008 100 23 anledning
419 1009 54 18 deraf
485 1012 28 15 att
525 1011 82 22 ligviden
621 1011 29 17 för
663 1011 104 18 detsamma
777 1011 70 17 skedde
856 1011 48 17 först
912 1010 20 17 är
943 1011 43 16 1889
995 1010 34 18 och

132 1039 73 19 säledes
218 1041 61 18 under
290 1042 109 23 päföljande
411 1045 70 21 period,
497 1045 31 18 det
540 1045 66 18 härför
618 1045 94 23 beviljade
726 1045 64 22 anslag
803 1045 41 17 icke
857 1045 55 22 tagits
926 1045 5 17 i
942 1044 86 23 anspräk,

132 1076 44 16 utan
190 1075 102 22 besparats.
562 1085 6 9 a

199 1110 49 17 Anm.
266 1111 28 16 VI.
315 1111 27 17 Af
353 1112 55 17 orsak
422 1117 39 13 som
474 1113 6 17 i
493 1113 68 23 nådiga
574 1114 141 22 propositionen
729 1114 29 17 till
768 1116 73 15 senaste
851 1113 88 23 landtdag
948 1114 79 22 antydts,

131 1143 34 18 har
184 1144 42 17 hela
246 1144 32 17 det
294 1144 108 23 påräknade
418 1146 83 19 förrådet
515 1148 20 17 af
545 1149 97 22 persedlar
655 1148 29 18 för
698 1154 87 17 reserven
799 1148 41 17 icke
853 1148 65 18 behöft
929 1148 98 21 anskaffas,

131 1177 87 18 hvarföre
231 1179 105 18 kostnaden
349 1180 92 23 betydligt
456 1182 117 23 understiger
587 1183 89 22 anslaget.
