1078 1692
244 128 27 21 82

215 193 36 19 ton
271 191 23 21 år
312 198 26 14 en
355 191 102 27 fjerdedel
473 191 23 21 af
508 191 63 21 lönen
588 191 6 21 i
610 191 94 27 pension.
734 190 62 22 Dock
810 190 35 22 må
859 191 105 21 bankfull-

216 225 99 27 mäktige,
334 226 12 20 å
361 226 69 20 hvilka
452 225 37 21 det
510 226 125 20 ankommer
656 227 32 19 att
709 225 108 21 fastställa
839 226 125 26 pensionens

215 259 84 27 belopp,
321 260 150 26 undantagsvis
494 260 83 20 tilldela
599 259 180 27 afskedstagande
802 260 89 20 embets-
913 260 51 21 eller

215 294 127 26 tjensteman
364 294 87 26 pension
473 294 33 21 till
527 294 67 25 högre
613 294 77 26 belopp
709 296 27 18 än
759 294 42 26 det,
820 294 83 20 hvartill
923 294 41 21 han

216 328 66 26 enligt
307 328 136 21 förenämnda
469 328 92 27 grunder
587 334 50 15 vore
662 328 129 27 berättigad.
823 328 37 21 Uti
885 328 80 21 antalet

215 362 103 27 tjensteår
336 362 125 22 inberäknas
477 363 80 27 jemväl
573 363 40 21 den
630 363 32 21 tid
677 362 39 21 den
733 362 177 27 afskedstagande
925 362 39 27 tje-

216 399 36 19 nat
267 397 69 21 såsom
352 399 59 19 extra
426 398 127 26 tjensteman
568 397 53 21 eller
637 397 81 27 betjent
733 397 7 20 i
755 397 90 21 banken.

284 431 82 21 Varder
381 432 90 20 embets-
486 432 53 20 eller
554 431 126 27 tjensteman
696 431 54 21 eller
763 431 82 27 betjent
859 432 7 20 i
881 431 82 21 banken

216 466 64 21 dömd
298 466 91 26 tjensten
407 466 98 26 förlustig
524 466 53 20 eller
595 466 96 21 inträder
710 466 41 20 han
768 466 53 27 ånyo
836 466 6 20 i
858 466 65 26 tjenst
937 466 27 26 på

216 500 78 21 allmän
309 503 49 23 stat,
373 501 38 20 har
425 500 40 21 han
481 500 90 21 förlorat
586 500 129 26 rättigheten
731 500 33 20 till
780 500 94 27 pension.

284 535 141 26 Tjensteman,
441 541 44 15 som
503 534 142 21 tillförsäkras
661 535 48 20 hela
728 534 62 21 lönen
809 535 7 20 i
831 534 93 27 pension,
940 536 24 18 är

215 569 76 27 pligtig
310 571 36 24 att,
363 575 33 15 om
414 569 191 26 bankfullmäktige
623 569 76 21 sådant
718 569 87 27 påyrka,
821 569 92 21 inlemna
928 575 36 14 an-

216 603 90 27 sökning
324 609 33 15 om
378 603 79 27 afsked,
477 603 34 21 vid
534 602 96 28 äfventyr
648 604 32 20 att
698 602 53 27 eljes
769 604 66 20 varda
849 603 47 21 från
911 603 53 26 tjen-

216 640 46 19 sten
278 638 62 21 skild.

285 672 147 21 Gratifikation
454 672 54 21 efter
530 671 76 22 afliden
629 672 129 27 tjensteman
777 672 7 20 i
802 672 82 20 banken
903 672 61 26 utgår

216 713 26 15 ur
263 707 107 21 allmänna
391 706 123 22 statsmedel
537 706 67 27 enligt
626 707 26 20 de
674 706 34 22 för
729 706 120 27 statstjenst
867 706 97 26 gällande

216 741 98 27 grunder.

521 839 62 33 Kap.
601 838 55 27 VIL

449 891 36 22 Om
499 889 233 24 diskontkomitéerna.

560 937 11 27 8
587 937 34 21 63.

284 983 137 22 Komiterade
436 983 60 21 skola
511 983 64 21 ställa
590 983 33 26 sig
637 982 32 21 till
683 981 144 22 efterrättelse
838 980 57 21 såväl
908 980 58 21 detta

217 1018 129 26 reglemente
368 1024 44 14 som
435 1017 54 21 hvad
511 1017 191 26 bankfullmäktige
726 1015 53 22 eller
803 1015 133 21 direktionen
958 1014 8 20 i

217 1052 65 27 öfrigt
296 1052 70 21 kunna
381 1052 56 21 finna
451 1052 74 26 nödigt
541 1054 30 18 att
586 1052 7 20 i
609 1051 100 21 afseende
725 1050 13 21 &
753 1050 27 21 de
794 1049 28 27 pä
835 1049 131 21 komiterade

217 1087 153 20 ankommande
386 1087 98 26 ätgärder
499 1085 135 22 föreskrifva.

285 1121 123 21 Komiterad
434 1121 33 20 mä
489 1120 19 27 ej
531 1127 55 20 yppa
608 1120 70 26 något,
702 1125 46 15 som
771 1118 66 27 angår
859 1117 107 21 enskildes

216 1155 219 20 kreditförhållanden
449 1155 6 20 i
471 1155 90 20 banken.

561 1217 10 28 8
588 1217 34 22 64.

285 1257 185 22 Diskontkomitén
489 1257 167 22 sammanträder
671 1257 28 26 på
714 1256 38 25 tid,
769 1261 44 16 som
830 1255 23 21 af
866 1255 101 20 direktio-

217 1299 41 14 nen
273 1293 27 26 på
316 1293 102 20 komiténs
433 1293 81 26 förslag
530 1292 134 21 bestämmes.

285 1327 41 20 Vid
346 1327 183 20 sammanträdena
547 1326 123 26 föredragas
689 1324 109 21 ärendena
816 1324 23 21 af
853 1323 115 21 bankkom-

216 1361 119 25 missarien,
351 1367 45 14 som
415 1361 6 20 i
440 1361 85 21 korthet
543 1360 115 21 antecknar
676 1360 26 20 de
719 1359 128 20 förevordna
862 1357 106 21 ärendena

215 1395 66 26 jemte
300 1396 26 21 de
345 1396 6 20 i
370 1396 47 20 dem
432 1395 81 22 fattade
529 1395 96 20 besluten
643 1395 6 20 i
664 1393 104 22 särskildt
784 1392 116 24 memorial,
916 1391 52 20 hvil-

216 1429 38 22 ket
268 1430 34 21 vid
318 1430 73 26 hvarje
406 1429 167 22 sammanträdes
588 1429 43 20 slut
646 1429 55 20 skall
717 1427 156 21 undertecknas
889 1425 23 21 af
926 1425 43 20 alla

217 1464 55 25 dem,
288 1471 44 14 som
349 1465 6 20 i
372 1464 165 21 sammanträdet
552 1463 96 27 deltagit.
670 1463 74 26 Yppas
755 1460 153 27 skiljaktighet,
918 1465 50 15 vare
