1078 1692
224 149 25 19 12

262 211 42 25 4:0)
321 205 139 27 Återstående
483 212 78 25 räntor,
585 212 109 19 äfvensom
716 210 117 26 inflytande
858 208 91 27 kapital-

192 246 155 26 afbetalningar
370 246 39 20 och
431 246 65 20 andra
511 247 7 18 i
533 246 78 20 fonden
634 245 127 25 förefintliga
782 244 101 19 kontanta
905 243 43 19 till-

191 279 83 27 gångar
295 281 61 19 skola
374 281 107 19 användas
495 280 33 19 till
543 279 98 26 utlåning
655 278 21 21 åt
690 280 123 19 kommuner
828 278 40 20 ock
882 278 66 25 kyrk-

191 314 45 26 liga
250 315 150 25 församlingar
415 316 55 18 samt
485 314 98 20 enskilda
598 320 99 20 personer
715 313 40 20 och
770 313 69 25 bolag,
855 312 32 19 till

261 348 21 27 a)
298 349 195 26 byggnadsföretag
508 350 32 18 för
555 349 89 19 allmänt
659 348 71 23 behof;

262 383 19 25 b)
298 384 66 19 större
379 384 155 26 nybyggnader
554 384 32 19 för
605 383 83 19 enskild
703 382 96 25 räkning,
816 380 27 20 då
859 386 88 20 synner-

191 417 45 26 liga
252 417 47 19 skäl
314 416 85 27 påkalla
413 418 114 26 företagets
543 417 169 23 underlättande;

261 452 19 24 €)
296 452 134 19 bedrifvande
452 452 23 19 af
495 452 89 19 fabriks-
604 452 40 19 och
659 450 170 22 bruks-industri,
846 448 46 20 med
909 454 38 13 un-

192 486 80 26 dantag
287 487 23 18 af
322 487 219 24 brännvinsbränning
557 486 40 20 och
613 486 131 24 destillering
760 484 23 19 af
796 484 61 25 sprit;

259 520 21 26 d)
297 520 180 26 skeppsbyggnad
493 520 40 20 och
543 519 309 27 ängbätskommunikationers
863 517 85 25 upprät-

191 554 63 20 tande
270 556 56 18 samt
341 555 100 19 anstalter
456 555 32 19 för
503 554 114 26 sjöfartens
633 553 155 26 befrämjande;

260 588 19 26 e)
295 589 166 25 odlingsföretag
486 588 40 20 och
551 589 149 25 förbättringar
722 588 7 18 i
754 584 193 22 landthushällnin-

191 629 50 19 gen;
258 624 56 18 samt

258 657 15 26 f)
289 658 67 25 förlag
371 658 31 19 för
417 658 153 19 handtverkare
586 657 39 19 och
642 657 80 19 mindre
738 654 179 22 industri-idkare,

258 690 101 27 Utläning
382 692 30 19 för
435 692 25 19 de
478 692 65 19 under
559 692 133 18 sistnämnda
706 692 78 18 tvenne
799 695 63 13 mom.
879 694 11 13 e
905 687 40 20 och

191 726 9 18 f
213 727 108 24 upptagna
346 725 98 21 ändamål
463 726 48 20 sker
526 725 45 20 från
587 726 26 19 de
628 726 7 18 i
650 725 72 26 punkt.
746 724 3 19 I
767 730 62 13 mom.
845 724 10 18 f
868 722 77 20 omför-

191 760 71 19 mälda
278 759 122 27 tillgångar;
416 760 39 20 och
471 760 60 20 skola
547 759 80 20 sådana
643 759 41 23 län,
700 760 109 18 äfvensom
819 756 42 24 län,
872 756 73 20 hvilka

191 794 45 19 afse
251 794 155 26 upphjelpande
422 796 21 18 af
457 795 101 25 sjöfarten
574 794 27 26 pä
615 794 92 25 Ladoga,
716 793 92 25 utgifvas
823 790 27 27 pä
860 792 26 18 de
898 790 46 20 vill-

190 829 44 22 kor,
250 835 48 12 som
313 829 31 19 för
360 829 59 25 dylik
434 828 97 26 utläning
546 829 31 18 för
593 828 129 19 närvarando
738 828 36 18 äro
790 826 104 25 gällande.

258 862 22 24 5)
296 861 44 20 Län
356 862 21 20 ät
392 863 123 19 kommuner
530 863 40 19 och
586 863 100 25 kyrkliga
696 861 149 24 församlingar
855 859 89 26 beviljas

191 897 43 18 mot
257 896 140 20 kommunens
420 897 50 19 eller
485 897 163 25 församlingens
664 895 26 26 pä
705 895 77 26 lagligt
796 894 69 19 beslut
880 899 64 20 grun-

191 930 53 19 dade
266 931 128 19 förbindelse
416 932 30 18 att
469 931 31 19 för
522 930 69 20 länets
610 929 154 26 äterbetalning
779 934 95 16 ansvara,
890 928 56 18 samt

190 964 32 19 till
245 965 67 25 öfrige
334 964 107 27 läntagare
463 967 55 17 emot
541 965 125 25 inteckning
688 965 6 18 i
709 963 108 26 fastighet,
832 962 48 19 med
896 961 50 20 eller

190 1000 51 17 utan
263 999 86 25 borgen,
365 999 108 26 hypothek
489 999 22 19 af
525 999 152 19 räntebärande
693 997 139 26 obligationer
848 995 51 20 eller
913 995 33 19 in-

189 1032 105 20 tecknade
310 1033 122 20 skuldebref
445 1033 50 19 eller
511 1039 70 13 annan
597 1033 98 25 godkänd
711 1031 105 20 säkerhet.

258 1066 42 27 6:0)
317 1066 32 21 Dä
372 1068 76 19 ansökt
470 1067 35 20 län
528 1066 125 26 öfverstiger
675 1065 77 24 40,000
776 1064 65 23 mark,
864 1063 82 26 äligger

190 1101 153 20 statskontoret
365 1102 7 19 i
394 1101 102 20 händelse
519 1101 36 20 det
573 1107 62 14 anser
649 1100 58 20 lånet
722 1100 72 19 kunna
810 1098 89 23 bifallas,
915 1099 31 18 att

190 1135 48 18 med
262 1137 49 24 eget
333 1135 107 20 utlåtande
463 1135 129 20 underställa
615 1135 87 19 ärendet
724 1133 104 20 Senatens
847 1132 98 25 pröfning

189 1168 41 19 och
245 1169 122 25 afgörande.

258 1203 42 25 7:0)
315 1203 133 20 Beträffande
469 1204 125 19 villkoren
583 1196 13 38 i
616 1203 63 25 öfrigt
701 1203 32 18 för
755 1200 135 26 utläningens
913 1200 32 19 be-

189 1237 110 20 drifvande
320 1238 121 19 ankommer
464 1239 34 18 det
521 1237 12 20 å
549 1237 91 20 Senaten
656 1239 36 22 att,
708 1237 49 18 med
773 1235 99 20 afseende
887 1233 13 20 ä
914 1234 32 19 för

189 1271 57 18 tiden
262 1271 99 26 gällande
376 1273 89 19 räntefot
481 1273 55 18 samt
547 1272 65 19 andra
623 1271 12 19 ä
646 1271 65 19 saken
724 1270 114 19 inverkade
851 1269 94 20 omstän-

189 1305 103 25 digheter,
308 1306 97 19 meddela
420 1307 153 19 statskontoret
588 1306 77 25 nödiga
681 1305 135 22 föreskrifter,
832 1303 49 20 med
890 1303 55 19 iakt-

188 1340 93 24 tagande
296 1339 66 20 likväl
377 1341 31 18 att
422 1341 74 18 räntan
512 1340 47 19 icke
575 1339 34 20 mä
624 1340 131 19 bestämmas
765 1339 59 24 lägre
835 1338 27 19 än
872 1337 14 19 4
898 1343 47 19 pro-

188 1375 48 17 cent
259 1373 41 20 och
322 1375 30 18 att
375 1374 197 25 amorteringstiden
595 1374 75 19 endast
688 1374 32 19 för
734 1372 36 20 län
786 1371 21 20 ät
822 1372 124 19 kommuner

188 1407 40 19 och
244 1407 100 26 kyrkliga
359 1408 147 25 församlingar
521 1407 35 20 mä
572 1408 119 19 utsträckas
706 1407 59 20 öfver
780 1406 27 20 20
823 1405 29 20 är.
