1078 1692
205 152 25 20 10
447 151 26 21 U.
489 151 24 21 B.
529 151 126 21 1II-XXV.

173 213 45 27 liga
234 213 178 27 sägtimmerträd,
430 214 44 20 dels
490 221 76 19 genom
582 214 135 27 uppräkning
732 214 46 21 dels
793 214 79 21 medels
895 214 37 21 be-

173 247 93 27 räkning
291 248 54 20 efter
370 248 145 27 upptaxerade
538 248 104 27 profytor,
666 248 136 27 uppskattats
827 248 32 21 till
876 250 11 19 7
904 248 26 27 1/,

174 282 100 26 miljoner
295 282 31 21 uti
342 282 40 21 den
398 282 34 21 del
448 282 23 21 af
485 282 158 27 skogsarealen,
660 288 45 16 som
721 282 119 21 tillsvidare
855 282 76 21 under-

174 316 47 27 gätt
237 316 104 27 taxering,
352 316 61 21 torde
428 316 63 21 äfven
507 316 34 21 för
556 316 114 21 framtiden
687 323 25 14 en
728 316 95 27 betydlig
838 316 92 21 inkomst

174 350 25 21 af
213 350 63 20 dessa
291 351 77 26 skogar
383 351 72 21 kunna
470 351 113 27 päräknas.

246 384 206 27 Tullinkomsterna,
469 385 102 21 inclusive
591 384 96 28 sjöfarts-
703 384 39 22 och
766 384 164 28 sägningsafgif-

174 420 62 19 terna
252 418 13 20 å
281 425 39 14 ena
336 419 60 21 sidan
412 421 55 19 samt
483 419 216 27 sägningsafgifterna
714 424 109 15 ensamma
844 418 32 21 för
900 418 30 27 sig

174 452 13 22 &
203 452 39 21 den
256 453 73 26 andra,
346 453 70 24 hafva,
432 454 45 20 dels
493 454 68 26 enligt
576 453 220 27 finansrelationerna,
813 453 43 21 dels
865 453 66 27 enligt

173 486 110 28 uppgifter
307 488 125 21 meddelade
457 488 24 20 af
502 488 150 26 tullstyrelsen,
675 487 90 27 uppgått
788 488 33 20 till
837 487 93 27 följande

174 521 88 27 belopp:

313 573 55 20 Hela
382 573 169 21 tullinkomsten.
666 572 175 27 Sägninosafgift.

281 607 53 21 1886
395 608 133 25 13,336,428:
545 609 34 19 40.
679 608 98 24 560,024:
794 608 33 19 48.

281 642 52 20 1887
357 632 17 40 —
395 643 132 25 14,652,740:
545 642 32 20 51.
678 642 98 24 461,520:
794 641 33 21 60.

282 676 52 20 1888
358 665 21 40 —
396 677 131 24 16,294,771:
547 677 30 19 12.
678 676 98 25 534,149:
794 676 33 19 33.

281 710 52 20 1889
355 699 22 41 —
396 710 132 26 18,030,473:
546 711 34 19 73.
679 710 98 25 571,981:
793 709 34 21 01.

282 744 52 20 1890
395 745 132 25 21,651,899:
546 744 32 20 90.
679 744 97 20 509:988:
794 744 33 20 81.

243 816 195 22 Tullinkomsterna
454 817 6 20 i
476 817 32 21 sin
524 816 73 21 helhet
612 816 64 21 hafva
692 816 88 21 sälunda
804 816 68 20 starkt
894 816 36 20 sti-

174 850 39 27 git.
244 849 95 22 Orsaken
355 851 73 20 härtill
444 851 32 20 får
493 851 33 20 väl
541 850 179 27 hufvudsakligen
736 850 63 21 sökas
812 850 30 20 uti
859 849 24 21 de
900 855 30 15 se-

174 890 52 15 nare
242 884 62 21 årens
319 885 56 26 goda
391 885 88 21 skördar
495 885 40 21 och
550 890 139 21 gynnsamma
712 884 218 26 affärskonjunkturer

174 918 40 21 och
230 918 42 21 den
288 918 62 21 däraf
365 918 124 22 föranledda
505 919 68 21 ökade
589 918 266 27 konsumtionsförmågan,
882 924 49 14 men

174 951 34 22 för
231 952 26 21 de
280 953 36 20 två
339 959 74 15 senare
433 953 49 21 åren
497 953 80 27 jämväl
595 953 32 20 till
643 959 25 14 en
684 953 18 26 ej
719 953 59 26 ringa
795 952 33 21 del
844 952 30 21 uti
891 952 40 20 den

174 985 124 28 förhöjning
313 987 23 20 af
347 987 138 21 tullsatserna
501 987 12 21 &
529 987 105 21 särskilda
653 987 97 23 artiklar,
766 986 85 21 hvilken
867 985 65 21 inför-

175 1020 37 21 des
223 1027 77 20 genom
312 1021 120 27 Kejserliga
443 1022 142 26 kungörelsen
595 1021 24 20 af
631 1021 34 20 den
678 1023 26 18 30
713 1021 41 26 maj
767 1021 58 21 1888.
843 1020 88 21 Utskot-

173 1056 32 19 tet
217 1055 43 20 kan
273 1055 46 21 icke
334 1055 71 21 lemna
416 1056 113 21 oanmärkt
538 1058 30 19 att
578 1056 74 25 denna,
662 1055 69 21 såsom
742 1055 35 21 det
786 1054 91 24 erfarits,
887 1054 44 21 län-

173 1095 27 20 ge
223 1089 129 21 förberedda
376 1089 167 28 tullförhöjning,
567 1090 85 20 hvilken
677 1089 33 21 för
733 1089 65 26 öfrigt
821 1089 46 20 icke
894 1094 36 15 var

173 1123 102 26 påkallad
291 1123 23 21 af
328 1123 69 28 någon
413 1123 105 22 financiell
535 1123 164 28 nödvändighet,
715 1123 146 27 publicerades
877 1123 53 20 först

173 1157 69 26 dagen
260 1157 46 21 före
322 1160 85 19 senaste
422 1158 161 21 Ständermötes
600 1158 126 25 afslutande,
744 1157 98 21 hvarföre
857 1157 17 26 ej
886 1157 44 20 hel-

174 1191 31 20 ler
222 1191 56 21 1888
294 1192 34 20 års
344 1192 143 21 Statsutskott
509 1192 46 21 blef
569 1193 7 20 i
592 1191 85 22 tilifälle
693 1194 31 18 att
740 1192 77 21 beakta
834 1191 96 21 densam-

173 1231 36 14 ma
225 1225 36 21 vid
278 1226 45 20 sina
339 1226 143 27 beräkningar
499 1227 23 20 af
541 1227 129 20 statverkets
686 1226 107 21 ordinarie
809 1225 120 27 tillgångar,

173 1259 92 20 likasom
281 1260 64 21 också
361 1260 119 21 Ständerna
495 1261 36 20 vid
547 1260 155 27 behandlingen
718 1259 24 21 af
756 1260 83 26 Nådiga
855 1265 75 21 propo-

173 1293 93 20 sitionen
290 1299 34 15 om
346 1294 25 20 de
391 1294 35 21 vid
442 1295 66 26 sagda
531 1295 103 26 landtdag
658 1294 80 21 äskade
753 1294 74 26 anslag
843 1293 38 21 och
898 1296 32 18 ut-

172 1328 94 25 vägarne
278 1328 32 20 till
324 1328 61 21 deras
398 1328 137 21 bestridande
546 1335 51 14 voro
606 1329 146 20 urståndsatta
760 1330 33 19 att
808 1330 50 24 taga
866 1328 64 26 nödig

172 1361 83 27 hänsyn
278 1362 33 21 till
334 1362 41 21 den
394 1369 75 20 genom
492 1362 190 27 tullförhöjningen
704 1362 69 21 ökade
795 1361 135 21 statsinkom-

172 1396 54 20 sten.
242 1395 11 21 I
270 1395 99 22 afseende
385 1396 13 21 å
413 1397 26 20 de
455 1403 75 20 genom
547 1397 198 20 tullinkomsternas
765 1396 94 26 stegring
874 1395 56 21 utöf-

171 1435 38 15 ver
225 1429 101 22 behofvet
344 1431 69 20 ökade
428 1431 144 26 tillgångarna
587 1431 7 20 i
610 1431 139 25 statskassan,
765 1430 39 21 har
819 1429 111 22 Utskottet

243 1468 141 18 Statsutskottets
398 1469 109 18 betänkande
520 1469 37 17 N:o
571 1469 16 17 3.
