1078 1692
249 117 14 20 4

219 175 110 29 styrelsen
349 174 121 22 inkommit
491 174 46 22 fem
553 174 109 21 särskilda
678 174 75 21 anbud
770 175 14 20 å
799 173 131 22 utförandet
946 173 26 22 af

219 214 87 18 värme-
338 210 42 22 och
410 209 329 29 ventilationsinrättningarne
769 209 8 21 i
804 209 162 27 ständerhuset,

219 246 115 28 nemligen
357 245 26 22 af
404 245 26 21 G.
450 246 27 20 E.
500 246 118 28 Berggren
638 244 124 28 härstädes,
778 244 77 22 David
870 244 75 22 Grove
961 244 8 21 i

219 282 83 26 Berlin,
318 281 60 21 Rud.
396 281 53 21 Otto
465 280 80 28 Meijer
563 280 5 21 i
578 280 119 28 Hamburg
708 282 59 19 samt
777 280 24 21 F.
814 279 101 29 Sangalli
926 280 42 20 och

218 316 184 22 Metallfabriken
418 316 8 21 i
441 316 35 22 S:t
486 316 143 28 Petersburg.
652 316 74 21 Sedan
736 315 231 29 byggnadsstyrelsen

218 353 59 21 efter
297 352 116 22 verkstäld
433 352 142 29 granskning
595 352 26 21 af
640 352 98 20 nämnda
760 351 75 21 anbud
854 351 35 21 till
906 352 62 20 anta-

219 388 75 29 gande
314 388 102 21 förordat
437 388 38 21 det
496 388 26 21 af
534 388 59 21 Herr
609 388 117 28 Berggren
742 386 132 22 framstälda
890 386 78 22 försla-

218 427 46 26 get,
281 424 91 22 likvisst
387 424 51 21 med
454 424 148 28 iakttagande
619 423 26 21 af
657 425 71 27 nägra
744 423 86 21 mindre
844 422 124 22 förändrin-

219 467 42 21 gar
284 459 53 27 deri,
361 459 73 21 beslöt
457 459 158 28 delegationen
636 458 39 22 vid
696 458 165 22 sammanträde
881 458 43 21 den
939 458 29 20 20

220 495 101 21 Oktober
338 495 58 21 1888
412 496 33 20 att
461 494 140 22 öfverlemna
616 494 131 21 utförandet
762 494 26 21 af
795 494 172 28 ifrägavarande

219 534 87 18 värme-
323 531 42 21 och
381 530 298 28 ventilationsinrättningar
690 532 24 19 ät
724 530 59 21 Herr
793 530 117 28 Berggren
920 532 48 18 mot

220 574 28 14 en
269 566 26 22 af
311 566 85 22 honom
416 566 109 28 betingad
540 565 144 29 godtgörelse
700 565 26 21 af
738 566 82 26 82,500
835 565 70 21 mark.
936 564 35 22 Af

219 602 156 28 hvarjehanda
396 602 89 21 orsaker
506 600 126 29 fördröjdes
651 600 124 22 emellertid
792 600 137 22 afslutandet
945 600 26 21 af

219 638 109 21 kontrakt
349 644 36 14 om
407 637 64 21 dessa
485 636 163 29 inrättningars
664 636 120 21 utförande
800 636 59 22 ända
874 636 35 21 till
925 636 43 21 den

220 674 13 20 6
249 673 46 29 Maj
313 673 64 27 1889,
394 673 30 21 dä
439 673 81 21 sädant
535 672 138 58 vi
689 672 96 22 emellan
799 672 169 29 byggnadssty-

218 709 74 21 relsen
313 711 14 19 &
348 716 42 14 ena
410 708 64 22 sidan
497 713 58 17 samt
597 708 29 21 Abo
641 708 217 28 Manufakturbolag
874 708 42 21 och
930 708 36 21 In-

219 744 79 28 geniör
314 744 117 28 Berggren
446 746 141 26 gemensamt
597 746 14 19 &
622 744 43 20 den
676 744 75 21 andra.
772 743 53 21 Dei
836 744 132 21 kontraktet

218 782 120 26 upptagna
354 779 105 21 arbetena
475 779 80 27 skulle,
571 779 39 21 vid
626 779 47 21 vite
690 779 25 21 af
728 780 30 20 50
768 779 64 21 mark
843 779 35 21 för
888 778 78 29 hvarje

220 815 45 28 dag
286 822 48 14 som
350 815 28 21 de
394 815 64 21 öfver
473 815 63 21 tiden
552 814 132 28 fördröjdes,
701 822 55 14 vara
771 814 145 29 fullständigt
931 817 36 19 ut-

219 850 65 21 förda
305 852 75 19 senast
400 850 51 28 fyra
471 850 107 21 månader
599 849 58 22 efter
672 850 44 21 den
732 850 50 29 dag,
799 850 30 21 dä
845 850 51 21 med
911 857 55 21 upp-

219 885 139 29 ställningen
380 885 26 22 af
427 888 148 26 apparaterna
595 885 8 21 i
624 885 138 29 byggnaden
777 885 60 29 finge
854 885 111 29 påbörjas.

218 921 46 21 För
282 921 143 28 fullgörande
441 921 26 22 af
480 921 132 22 kontraktet
627 921 58 21 hade
701 923 197 26 entreprenörerne
914 921 53 21 stält

218 956 146 29 vederhäftig
378 957 92 28 borgen,
487 957 42 20 och
545 964 96 14 ansvara
656 957 27 20 de
698 957 36 21 för
750 957 38 21 det
803 957 26 21 af
842 957 50 21 dem
907 957 59 22 leve-

218 992 78 21 rerade
312 992 98 21 arbetets
427 992 119 28 duglighet
562 992 42 21 och
620 992 221 29 kontraktsenlighet
856 993 71 20 under
939 999 27 14 en

218 1027 34 21 tid
275 1027 26 22 af
318 1029 41 20 två
380 1029 30 26 år,
432 1027 97 22 räknadt
550 1027 51 22 från
623 1028 43 21 den
682 1028 51 29 dag,
751 1028 29 21 då
796 1028 64 21 dessa
875 1028 91 21 arbeten

218 1062 79 23 blifvit
313 1062 26 22 af
351 1063 232 28 byggnadsstyrelsen
599 1063 109 28 afsynade
724 1063 43 22 och
782 1066 135 26 emottagne.

289 1098 46 21 Vid
351 1099 152 27 nyssnämnda
519 1099 171 27 sammanträde,
708 1099 44 21 den
767 1099 29 21 30
812 1099 105 28 Oktober,
933 1101 33 20 ett

218 1133 26 21 af
257 1133 28 21 de
301 1133 123 29 vigtigaste
439 1134 72 21 under
523 1134 167 29 delegationens
701 1135 69 28 långa
781 1135 97 26 tillvaro,
890 1135 76 21 kunde

217 1169 159 28 delegationen
400 1169 114 22 dessutom
537 1169 59 22 fatta
620 1170 38 21 det
678 1170 115 29 enhälliga
813 1170 75 21 beslut
908 1171 57 21 att
954 1165 15 38 i

216 1204 132 22 hufvudsak
371 1205 122 28 godkänna
516 1205 27 21 de
564 1205 26 21 af
610 1205 136 22 Arkitekten
766 1206 108 28 Nyström
895 1207 71 20 under

216 1242 103 19 närmast
334 1239 129 30 förgångna
475 1241 108 21 månader
592 1241 130 29 uppgjorda
732 1241 117 22 definitiva
859 1242 106 29 ritnings-

216 1275 122 29 förslagen,
360 1276 79 21 hvilka
459 1276 8 21 i
486 1277 104 21 afseende
607 1279 13 19 å
635 1277 141 29 granskning
792 1277 70 22 under
878 1280 33 19 ett
926 1285 38 14 an-

216 1310 33 21 tal
262 1311 70 28 dagar
343 1311 77 22 hållits
432 1311 145 30 tillgängliga
588 1312 35 21 för
634 1313 167 28 delegationens
812 1313 152 22 medlemmar.

215 1345 38 22 Då
278 1346 158 29 delegationen
457 1347 9 21 i
489 1348 163 29 sammanhang
672 1349 93 20 härmed
786 1349 78 27 beslöt,
882 1351 34 19 att
930 1349 35 21 uti

215 1380 176 30 ifrågavarande
412 1383 118 29 ritningar,
553 1385 13 20 &
587 1383 79 23 hvilka
680 1384 72 29 nådig
766 1384 144 21 fastställelse
925 1392 39 21 ge-

215 1423 54 15 nom
285 1417 242 30 byggnadsstyrelsens
544 1419 81 29 åtgärd
641 1419 72 22 skulle
730 1419 119 28 anskaffas,
865 1419 61 29 finge
942 1419 26 21 af
