1078 1692
335 118 82 24 Ständ.
434 118 53 23 Skr.
504 132 29 3 -——
547 119 114 23 XXXVI.
808 122 25 20 19

432 186 67 31 Kap.
519 186 33 25 II.

298 249 42 23 Om
356 250 109 22 bankens
481 250 201 28 sedelutgifning.

461 306 26 19 18
504 304 18 29 8.

189 352 108 26 Beloppet
312 351 24 22 af
349 352 98 22 bankens
463 352 132 27 utelöpande
611 352 73 22 sedlar
694 353 35 21 må
741 353 49 21 med
798 353 64 27 högst

119 387 120 22 trettiofem
254 387 108 22 millioner
377 388 62 20 mark
455 386 122 29 öfverstiga
593 388 50 22 dess
658 388 75 22 valuta
749 388 34 22 för
794 388 68 22 sedel-

119 422 173 28 utgifningsrätt,
311 423 90 21 hvartill
419 423 82 22 räknas
517 423 19 27 ej
552 424 57 21 blott
624 424 99 22 bankens
739 424 123 22 metalliska

119 459 66 21 kassa
197 458 67 28 jemte
280 458 83 27 silfver,
378 460 53 20 utan
446 459 41 21 ock
502 459 99 22 bankens
617 460 107 27 ostridiga
738 460 124 27 fordringar

119 495 39 21 hos
181 494 51 22 dess
254 494 118 22 utländska
394 495 78 21 ombud
491 497 56 19 samt
562 496 88 21 banken
665 496 119 27 tillhöriga,
800 496 13 21 å
828 498 33 24 ut-

119 530 90 22 ländskt
223 531 110 27 myntslag
347 530 94 28 lydande
452 531 150 27 obligationer,
614 532 114 26 kuponger
736 532 40 21 och
784 532 77 21 sedlar.

190 566 74 22 Såsom
279 567 130 26 utelöpande
425 566 72 22 sedlar
513 567 62 21 skola
588 567 83 27 jemväl
686 573 64 17 anses
763 568 98 21 bankens

119 602 141 28 anvisningar
282 603 14 21 å
318 602 68 22 finskt
408 605 61 25 mynt
489 603 40 21 och
545 602 72 28 öfriga
631 603 39 22 vid
684 603 119 22 anfordran
818 603 43 22 för-

118 638 69 22 fallna
209 638 145 22 förbindelser
377 638 113 22 äfvensom
511 639 145 22 innestående
671 640 79 26 belopp
766 640 13 21 å
794 639 66 22 bevil-

116 674 51 27 jade
182 674 168 22 kassakreditiv.

459 718 26 19 19
502 716 18 29 8.

189 763 75 22 Såsom
279 764 110 21 metallisk
404 764 67 21 kassa
486 770 76 15 anses:

118 798 68 22 finskt
201 799 123 27 guldmynt;

117 835 59 26 guld,
191 841 46 15 som
251 834 35 22 för
300 835 99 22 bankens
414 836 96 26 räkning
525 836 100 21 innestår
641 836 39 21 hos
696 836 149 27 myntverket;

117 870 65 27 ryskt
197 871 39 20 och
251 869 133 23 främmande
400 871 121 27 guldmynt,
539 873 56 19 samt

118 906 111 27 omyntadt
244 906 59 27 guld.

187 941 103 22 Bankens
312 942 124 21 metalliska
455 942 67 22 kassa
537 942 35 21 får
587 943 50 21 icke
652 943 122 22 bibehållas
790 943 69 22 under

117 977 62 28 tjugu
194 977 108 22 millioner
316 978 68 21 mark.

186 1013 46 21 För
254 1013 42 22 den
312 1014 123 21 metalliska
450 1014 93 21 kassans
559 1013 157 23 förstärkande
732 1016 25 19 är
773 1015 86 21 landets

116 1048 104 27 regering
234 1049 124 27 berättigad
374 1051 38 26 att,
429 1049 57 22 efter
501 1049 104 28 pröfning
617 1049 24 22 af
648 1049 211 28 bankfullmäktiges

117 1083 74 22 derom
209 1084 75 27 gjorda
303 1084 168 29 framställning,
487 1085 30 27 på
533 1085 134 22 Ständernas
683 1088 84 25 vägnar
782 1092 77 21 garan-

116 1121 49 20 tera
179 1120 115 21 utländskt
309 1121 37 21 lån
362 1121 54 22 eller
431 1121 75 22 kredit
521 1121 28 26 på
560 1121 65 28 högst
635 1121 30 22 tio
674 1122 108 21 millioner
791 1121 68 27 mark,

116 1155 76 22 hvilka
207 1156 69 21 medel
292 1157 106 26 upplånas
413 1156 35 22 för
463 1157 148 22 statsverkets
626 1157 96 27 räkning
738 1157 39 22 och
788 1157 70 22 öfver-

116 1191 83 22 lemnas
213 1192 35 21 till
264 1192 97 21 bankens
377 1191 129 28 förfogande
521 1194 45 20 mot
581 1192 135 23 förbindelse
724 1194 32 20 att
766 1199 93 16 ansvara

116 1226 34 22 för
165 1227 189 28 återbetalningen
370 1228 57 21 inom
444 1228 93 27 stadgad
553 1228 39 21 tid.

455 1295 27 20 20
499 1293 19 29 8.

186 1334 90 22 Banken
300 1337 25 19 är
347 1334 120 28 förpligtad
490 1337 33 20 att
543 1336 62 21 såväl
620 1335 38 22 vid
673 1335 186 23 hufvudkontoret

115 1375 45 16 som
175 1370 38 22 vid
228 1370 231 28 afdelningskontoren
473 1371 59 21 inom
547 1371 75 22 landet
637 1371 37 22 vid
685 1371 117 22 anfordran
810 1371 47 22 med

114 1405 69 22 finskt
197 1406 114 27 guldmynt
326 1407 70 21 inlösa
412 1407 48 21 sina
475 1407 79 21 sedlar.
