1078 1692
230 126 26 21 10

552 207 8 27 S
575 192 23 47 6.

55 250 89 29 Ätgärder
155 258 29 16 rö-
268 258 22 27 a)
308 258 112 27 Angäende
435 258 160 28 tillverkningen
610 258 23 22 af
646 258 40 22 den
696 264 42 22 nya
748 258 43 22 fem
800 258 68 21 marks
878 258 71 22 sedeln

59 275 62 49 Tae
136 279 45 41 Hai
199 292 12 21 å
232 292 99 22 Finlands
353 292 69 22 Banks
445 292 146 28 sedeltryckeri
620 294 55 20 samt
693 293 72 21 dervid
784 293 7 21 i
808 293 71 27 början
897 293 52 21 före-

78 327 7 16 v
108 321 54 48 oherä.
199 326 75 22 komna
295 333 48 15 men
366 327 115 21 sedermera
502 328 87 26 lyckligt
613 328 127 20 öfvervunna
759 328 131 26 svårigheter,
911 328 38 20 har

57 344 44 54 Yan
113 354 20 34 Ma
141 354 40 34 den
199 360 96 27 följande,
302 361 44 21 året
362 361 53 21 1888
431 362 135 26 omfattande,
577 362 85 21 relation
679 361 110 22 aflemnats
804 362 23 21 af
834 361 114 22 dåvarande

52 400 34 16 nya
92 394 33 17 fem
131 394 57 18 marks
200 395 151 21 kontrollanten
365 396 34 20 vid
414 396 168 28 sedeltryckeriet
597 396 93 22 Filosofie
706 396 94 21 Doktorn
815 396 23 21 E.
853 396 96 22 Grönvik.

91 413 62 46 sedolu.
268 429 21 26 sl
310 430 99 21 Finlands
430 430 71 22 Banks
523 430 146 28 sedeltryckeri
690 431 39 21 har
748 430 65 22 under
831 431 43 21 året
894 430 54 22 1888

200 464 136 27 tryckningen
357 464 23 22 af
399 465 40 21 den
460 472 41 20 nya
520 465 42 21 fem
579 466 70 20 marks
668 465 79 25 sedeln,
764 465 98 21 hvarmed
878 465 70 27 början

200 498 80 28 gjordes
294 499 67 21 medio
377 499 55 27 Sept.
447 500 60 25 1887,
522 501 51 19 utan
589 499 77 21 afbrott
680 500 78 27 pägätt.

268 533 43 21 När
326 533 35 21 det
376 534 68 26 gällde
459 534 31 21 att
505 534 12 21 å
532 534 25 20 de
572 534 49 21 med
637 535 55 20 svart
707 534 137 27 koppartryck
854 534 94 21 försedda

200 567 144 21 blanketterna
366 568 100 27 anbringa
488 568 36 21 det
541 568 48 21 blåa
607 568 148 27 undertrycket
770 568 84 28 (tonen),
868 568 80 28 yppade

201 602 31 26 sig
254 602 55 21 stora
331 602 125 27 svårigheter
474 602 48 22 med
542 602 82 28 hänsyn
638 602 32 21 till
685 602 120 21 erhållande
820 602 23 22 af
855 603 29 21 ett
899 602 50 27 godt

201 636 91 27 register.
321 636 58 21 Efter
399 637 75 27 många
495 637 103 21 fruktlösa
617 636 145 22 bemödanden
780 637 69 21 visade
868 636 34 22 det
917 636 32 28 sig

201 670 87 27 ogörligt
303 672 31 20 att
348 671 47 21 med
410 671 25 21 de
450 671 7 21 i
471 671 72 21 Berlin
558 671 138 27 förfärdigade
713 670 115 22 clichéerna
843 671 69 21 kunna
922 671 26 21 nå

201 706 30 20 ett
253 705 49 27 godt
320 706 92 20 resultat.
441 706 32 20 De
491 706 66 20 måste
577 705 68 21 derför
660 706 95 20 kasseras
770 706 38 20 och
823 712 25 14 en
863 712 28 21 ny
905 712 43 15 mo-

201 739 40 21 dell
264 739 108 26 anskaffas,
394 746 44 14 som
459 740 48 20 med
529 740 81 27 hänsyn
634 740 30 20 till
686 739 174 27 utsparningarna
878 739 70 27 erbjöd

201 774 79 21 mindre
296 774 108 27 svårighet.
426 774 58 21 Efter
499 774 35 21 det
549 774 117 28 upprepade
682 774 70 21 försök
767 774 48 20 att
806 770 12 36 i
828 774 120 27 tryckeriets

201 808 185 27 galvanoplastiska
408 808 105 28 afdelning
534 808 96 22 tillverka
648 814 25 15 en
692 808 65 21 sådan
776 814 29 21 ny
819 808 129 27 originalplåt

201 841 94 22 strandat
310 842 26 27 på
350 842 128 27 svårigheten
494 843 31 20 att
540 843 78 20 erhålla
633 849 25 14 en
674 842 121 27 tillräckligt
806 842 49 27 djup
866 842 82 27 etsning

201 876 60 27 (resp.
284 876 102 27 högställa
407 877 84 27 plåten),
513 877 91 21 återstod
625 877 63 27 ingen
706 883 71 15 annan
792 877 69 26 utväg,
876 878 25 19 än
917 877 31 20 att

201 911 52 27 ånyo
275 911 67 21 vända
360 911 32 27 sig
410 911 32 21 till
460 912 100 25 utlandet,
576 912 38 21 och
629 912 77 21 erhölls
721 911 99 27 slutligen
835 911 50 21 efter
900 911 48 27 lång

201 946 76 20 väntan
292 945 45 21 från
352 946 109 25 Mänchen,
475 946 31 21 dit
520 946 54 21 Herr
589 946 111 27 Tilgmann
711 945 76 22 afreste
798 945 31 21 för
839 946 31 20 att
879 945 69 21 kunna

201 979 108 22 öfvervaka
324 979 118 22 utförandet
457 980 22 21 af
491 980 159 27 beställningen,
666 986 26 15 en
706 980 7 21 i
727 980 47 20 zink
785 979 58 21 etsad
854 979 94 27 original-

201 1013 48 27 plåt,
270 1013 23 22 af
312 1013 81 22 hvilken
413 1015 186 27 galvanoplastiska
618 1014 170 27 reproduktioner
802 1013 100 22 användts
918 1013 30 21 för

200 1048 143 27 tryckningen.

268 1083 67 20 Dessa
350 1083 111 26 omgångar
475 1083 48 21 med
539 1083 22 21 af
573 1083 47 21 dem
630 1083 120 21 förorsakad
760 1082 126 27 tidsutdrägt
895 1082 53 21 hade

201 1117 115 20 emellertid
338 1117 145 21 åstadkommit
502 1118 31 20 att
551 1118 31 20 ett
600 1118 52 20 stort
666 1117 69 21 förråd
750 1117 49 20 med
814 1116 135 28 koppartryck

201 1150 79 21 försedt
295 1151 133 27 sedelpapper
442 1151 73 28 hopats
530 1151 7 21 i
552 1151 116 28 tryckeriet.
690 1151 40 21 För
746 1152 31 20 att
792 1151 90 26 afhjelpa
892 1150 57 21 detta

201 1185 178 20 missförhållande
395 1185 37 21 och
447 1185 70 22 kunna
531 1192 54 21 egna
600 1186 42 21 alla
657 1185 117 28 disponibla
788 1185 76 20 krafter
879 1185 21 20 åt
914 1185 35 21 det

200 1219 123 27 halffärdiga
346 1219 126 22 materialets
491 1220 84 27 slutliga
593 1219 141 26 fulländande,
752 1219 101 21 instäldes
868 1219 39 20 den
922 1219 28 21 20

200 1253 51 21 Juni
274 1253 79 21 arbetet
374 1253 12 21 å
404 1253 254 28 koppartryckspressarne
677 1254 38 21 och
730 1253 99 21 förblefvo
844 1253 106 22 desamma

200 1287 7 20 i
222 1287 144 21 overksamhet
381 1287 54 21 intill
450 1288 40 21 den
506 1289 10 20 1
533 1287 125 28 derpåföljde
675 1287 127 28 September,
817 1287 26 21 då
858 1287 24 21 de
898 1287 51 28 ånyo

201 1321 64 21 sattes
280 1321 7 20 i
302 1321 60 27 gång.

268 1355 42 21 Det
332 1356 94 21 material
448 1356 23 21 af
491 1357 47 20 med
558 1356 137 27 koppartryck
713 1355 79 22 försedt
811 1355 139 28 sedelpapper,

201 1389 55 21 cirka
276 1390 89 24 160,000
383 1390 41 25 ark,
439 1397 45 14 som
499 1391 33 20 vid
547 1391 58 20 tiden
619 1390 32 21 för
666 1389 224 28 koppartryckningens
904 1396 46 20 pro-

200 1422 98 23 visionela
314 1424 121 27 afbrytande
451 1424 60 21 fanns
528 1424 120 26 förhanden,
658 1424 96 21 lemnade
766 1423 120 24 emellertid,
896 1423 54 21 hvad

200 1457 47 21 dess
268 1458 156 21 användbarhet
442 1459 70 26 angår,
527 1459 82 27 mycket
625 1459 61 26 öfrigt
701 1459 31 20 att
747 1458 70 21 önska.
847 1457 39 21 Till
900 1457 50 27 följd
