1078 1692
199 130 28 22 74
434 130 23 22 U.
474 130 21 22 B.
511 143 28 3 —
553 130 96 22 XXXVI

534 331 27 22 11.

241 377 34 21 Dä
296 377 37 27 jag
349 376 47 22 icke
412 377 84 21 kunnat
512 378 76 20 förena
603 377 43 27 mig
662 378 50 20 med
727 376 110 22 Utskottet
853 376 77 22 beträf-

170 406 64 21 fande
257 406 62 21 2:dra
334 406 173 27 anmärkningen
523 407 7 20 i
545 406 104 27 förslaget
664 406 34 21 till
713 408 44 18 stat
772 406 34 20 för
822 405 106 21 Finlands

171 434 69 26 Bank,
264 441 64 15 anser
348 435 37 27 jag
408 435 43 27 mig
467 435 54 21 böra
536 434 91 22 härmed
642 434 116 22 framhålla
772 434 45 21 min
833 434 95 21 derifrän

170 463 116 22 afvikande
302 464 61 27 äsigt.

239 492 76 27 Enligt
339 500 29 13 nu
390 492 101 28 gällande
513 494 43 19 stat
579 492 34 21 för
631 492 105 21 Finlands
752 491 65 21 Bank
832 491 96 24 ätnjuter

172 521 145 21 ordföranden
340 522 8 20 i
366 521 202 22 Bankdirektionen
584 521 7 20 i
607 521 36 21 lön
659 521 64 27 9,000
738 528 36 17 m.,
795 520 133 27 hyresmedei

174 550 64 28 3,000
253 557 27 13 m.
303 550 41 21 och
366 550 185 27 taffelpenningar
567 550 64 24 3,000
646 556 27 14 m.
690 549 52 21 eller
757 549 78 21 inalles
852 550 76 24 15,000

171 578 68 25 mark,
255 578 40 21 och
311 578 148 22 direktörerna
474 579 6 20 i
497 578 36 21 lön
545 580 64 23 8,000
625 586 34 18 m.,
671 578 135 28 hyresmedel
817 578 65 26 2,500
892 578 35 20 mk

171 608 40 20 och
226 607 183 27 taffelpenningar
425 608 64 25 1,500
503 607 37 21 mk
551 607 52 21 eller
613 607 142 21 tillsammans
767 607 78 27 12,000
860 606 68 21 mark.

238 636 10 20 I
264 636 207 27 bankfullmäktiges
494 636 81 27 förslag
591 636 32 20 till
639 638 43 19 stat
698 635 33 21 för
746 635 105 21 Finlands
866 635 62 21 Bank

172 666 38 20 äro
226 666 62 20 dessa
311 665 59 21 löner
385 665 45 21 lika
445 668 59 18 stora
519 671 45 14 som
580 664 33 21 för
629 665 36 20 det
681 665 140 20 närvarande.
852 664 77 27 Hyres-

173 694 85 20 medlen
280 694 40 21 och
343 694 210 26 taffelpenningarna
575 694 37 20 äro
632 694 37 20 der
684 692 162 22 sammanförda
861 693 68 20 under

172 725 31 19 ett
226 724 134 25 gemensamt
383 729 65 14 namn
465 723 115 27 ,arvode*,
604 722 41 21 och
665 723 37 19 äro
718 722 63 20 äfven
798 722 63 20 dessa
876 728 54 20 upp-

172 757 68 21 tagna
264 751 45 21 lika
330 754 65 23 stora,
412 751 63 21 neml.
490 751 33 20 för
539 750 145 22 ordföranden
700 751 65 26 6,000
781 750 40 21 och
837 750 93 21 direktö-

174 787 64 14 rerna
256 780 65 27 4,000
339 779 42 21 mk.
412 779 134 21 Härutöfver
561 779 66 21 hafva
642 778 195 28 bankfullmäktige
852 779 8 20 i
876 780 54 20 1:sta

175 808 173 27 anmärkningen
360 808 116 28 föreslagit,
491 810 32 19 att
535 808 145 21 ordföranden
692 808 40 20 och
742 807 170 21 medlemmarna
922 807 8 20 i

177 837 195 21 bankdirektionen
396 838 69 19 mätte
483 837 54 20 efter
553 838 42 19 fem
612 837 39 20 och
667 836 30 21 tio
714 837 35 20 ärs
765 836 67 27 tjenst
848 836 82 21 erhälla

173 867 7 20 i
195 865 185 22 arvodestillskott
392 867 61 25 1,000
465 865 42 26 mk,
519 865 106 21 hvardera
635 866 93 26 gängen.
760 865 41 27 Jag
816 864 40 21 har
871 865 58 20 svärt

176 897 32 19 att
223 895 63 25 fatta,
310 894 87 22 hvarför
412 894 33 21 för
461 894 96 27 tjenster,
574 901 45 14 som
635 893 103 27 inbringa
754 894 62 21 deras
831 892 99 22 innehaf-

172 930 50 14 vare
238 923 84 27 ärligen
340 923 76 26 15,000
432 923 40 20 och
490 923 76 25 12,000
581 923 42 26 mk,
641 924 59 19 ännu
716 922 66 21 borde
798 922 83 21 betalas
893 922 37 20 nä-

173 955 37 24 got
225 951 174 27 arvodestillägg,
423 953 28 20 dä
469 951 38 28 jag
522 958 64 14 anser
601 951 172 21 innehafvarena
788 951 23 20 af
824 951 107 26 ifrägava-

175 981 67 20 rande
258 981 91 26 tjenster
363 987 53 14 vara
431 981 49 20 med
496 981 146 26 nyssnämnda
656 979 80 28 belopp
746 980 23 20 sä
779 980 33 20 väl
825 979 105 23 aflönade,

173 1011 33 19 att
220 1009 67 26 nägot
302 1009 169 26 arvodestillägg
485 1009 48 21 icke
549 1008 66 21 borde
631 1008 87 21 komma
733 1008 7 20 i
756 1007 66 28 fräga.

240 1037 171 22 Pankutskottet
427 1038 39 20 har
481 1037 119 22 emellertid
615 1037 47 21 icke
678 1037 82 27 ätnöjts
776 1043 37 14 ens
829 1037 49 20 med
894 1035 35 22 det

173 1066 166 27 arvodestillägg
362 1066 195 27 bankfullmäktige
577 1066 117 27 föreslagit,
716 1068 54 18 utan
786 1066 59 20 ännu
861 1064 70 27 tillagt

172 1095 144 21 ordföranden
332 1095 7 20 i
356 1095 196 21 bankdirektionen
568 1094 89 21 dubbelt
673 1094 87 27 belopp.

241 1123 62 22 Enär
328 1124 22 21 fä
364 1124 92 27 tjenster
471 1123 8 20 i
493 1124 49 21 värt
557 1123 53 21 land
625 1125 37 19 äro
679 1123 24 20 sä
719 1123 36 21 väl
770 1123 100 21 aflönade
886 1129 45 14 som

173 1153 67 26 dessa,
258 1152 40 22 har
310 1153 39 26 jag
364 1152 20 28 ej
402 1152 83 21 kunnat
501 1151 92 22 omfatta
609 1152 119 21 utskottets
744 1151 77 26 beslut,
833 1153 53 18 utan
898 1150 33 21 fär

172 1181 40 20 hos
227 1181 86 21 landets
329 1181 118 27 höglofliga
463 1181 95 21 Ständer
573 1181 110 21 vördsamt
698 1180 82 21 föreslä

447 1235 31 18 att
501 1233 122 21 Ständerna
645 1232 79 24 ville,
719 1227 12 36 i
746 1231 136 21 betraktande
905 1232 30 27 af

378 1262 26 21 de
426 1262 69 27 dryga
518 1262 156 26 löneförmoner
695 1261 73 20 hvilka
789 1261 9 20 i
820 1261 110 26 förslaget

378 1291 35 20 till
435 1292 44 19 stat
489 1291 42 27 för
549 1289 108 22 Finlands
672 1289 64 21 Bank
752 1291 38 19 äro
802 1289 128 28 föreslagna

379 1320 23 19 åt
424 1319 147 28 ordföranden
594 1319 37 20 och
652 1319 163 20 medlemmarne
838 1318 8 20 i
868 1317 64 21 bank-

377 1347 137 27 direktionen,
533 1347 104 28 förkasta
660 1347 62 22 2:dra
738 1347 169 27 anmärkningen
924 1347 8 20 i

378 1377 9 20 i
402 1377 94 20 nämnda
507 1377 96 27 förslag.

702 1415 22 22 H.
740 1415 123 28 Landgren,

240 1496 149 18 Bankutskottets
401 1496 109 18 betänkande
522 1496 34 17 N:o
569 1497 19 16 2.
