1078 1692
842 124 28 22 29

208 188 139 22 Direktionen
362 188 54 22 skall
431 188 83 27 årligen
529 188 60 22 inom
605 194 58 15 mars
679 188 81 21 månad
774 187 78 28 afgifva
862 187 36 21 be-

141 224 88 20 rättelse
248 230 37 14 om
299 223 97 22 bankens
412 222 103 27 tillstånd,
530 223 83 21 rörelse
629 223 41 21 och
685 222 131 27 förvaltning
831 222 67 21 under

140 257 180 28 nästföregäende
343 258 29 21 är.
410 251 176 28 Ärsberättelsen
610 257 54 21 skall
687 258 6 20 i
713 257 62 27 tryck
795 256 103 28 offentlig-

140 293 71 26 göras.

492 326 13 28 8
523 326 31 22 12.

209 366 103 22 Revision
328 366 23 22 af
363 366 86 22 bänken
460 366 127 22 verkställes
599 366 80 27 årligen
690 366 24 21 af
722 366 101 21 Finlands
834 365 64 22 Stän-
914 361 13 37 —
941 369 18 23 ($
971 370 46 16 113.

140 401 50 22 ders
205 401 115 25 revisorer,
336 401 90 21 utsedde
439 401 68 27 jemte
523 401 140 27 suppleanter
678 402 29 26 pä
721 402 44 20 sätt
775 401 123 27 landtdags-

139 436 123 26 ordningen
278 436 142 21 föreskrifver.

493 482 12 27 8
523 482 32 21 13.

210 522 104 27 Samtliga
330 522 236 28 embetsmyndigheter
576 522 62 21 skola
648 522 99 21 meddela
757 522 86 21 banken
853 522 45 26 lag-
920 524 28 23 (88
962 524 26 22 68,
1004 524 43 22 125).

147 557 21 27 ig
184 557 42 21 och
242 557 117 27 skyndsam
375 557 166 27 handräckning
556 557 43 21 och
614 558 25 20 är
654 557 36 21 det
700 557 141 25 direktionen,
853 562 46 15 om-

141 591 153 21 budsmannen
309 592 41 20 och
366 591 151 22 föreständare
528 591 33 21 för
571 590 202 28 afdelningskontor
783 591 76 21 tillätet
869 592 31 19 alt

142 626 7 20 i
163 625 49 22 bref
225 626 76 21 derom
316 626 92 21 anhälla.

212 660 40 22 Det
275 660 81 28 äligger
371 660 82 27 jemväl
468 660 165 22 vederbörande
649 662 108 25 guvernör
772 662 37 24 att,
825 660 28 27 pä
868 659 32 21 di-

141 694 125 22 rektionens
282 695 107 27 anhällan,
404 694 137 22 tillförordna
556 694 89 28 lämplig
655 700 80 22 person
746 696 38 25 att,
794 696 46 20 mot
850 694 50 21 skä-

141 730 38 26 ligt
195 730 81 21 arvode
292 729 23 21 af
327 729 98 22 bankens
441 730 77 26 medel,
535 729 86 22 bevaka
636 729 98 21 bankens
749 730 43 20 rätt
802 729 42 21 och
853 728 47 22 föra

143 764 50 21 dess
208 764 60 21 talan
283 764 7 20 i
305 764 49 26 mäl,
370 770 48 15 som
433 764 148 22 förekommer
591 764 36 21 vid
637 764 163 21 underdomstol
811 764 7 20 i
828 769 72 16 annan

141 800 35 20 ort
198 800 28 19 än
249 798 6 21 i
278 798 138 27 Helsingfors.
452 798 82 22 Tillhör
556 798 67 22 mälet
645 798 87 27 hofrätt,
755 798 80 21 utföres
855 798 45 20 det-

132 839 96 14 -samma
244 832 24 21 af
281 832 206 22 advokatfiskalen
476 828 15 36 i
503 832 116 22 hofrätten.

495 895 12 28 8
525 895 32 22 14.

211 935 42 22 Mål
272 935 42 22 och
332 936 81 26 tvister,
436 936 7 20 i
462 935 74 22 hvilka
551 935 158 22 kärandetalan
725 935 53 22 efter
793 935 109 26 stämning
913 942 29 23 (ss
954 942 39 22 127,
1005 941 46 23 128).

143 969 81 22 utföres
248 972 46 19 mot
316 969 93 28 banken,
432 972 109 25 upptagas
561 970 43 21 och
622 970 99 21 afdömas
739 970 24 21 af
780 969 121 22 rädstufvu-

142 1005 71 20 rätten
229 1005 7 20 i
251 1004 138 27 Helsingfors.

211 1039 91 21 Banken
321 1041 24 19 är
360 1039 83 22 befriad
457 1039 49 21 frän
522 1039 150 28 skyldigheten
688 1041 31 20 att
734 1039 87 27 erlägga
835 1039 66 21 vade-

143 1073 120 28 penningar
279 1074 41 21 och
335 1073 198 28 revisionsskilling.

491 1131 12 27 8
521 1131 32 21 15.

212 1171 94 27 Uppstär
328 1171 68 21 under
418 1171 60 22 tiden
498 1171 81 21 mellan
597 1173 80 20 tvenne
697 1171 128 28 landtdagar
843 1171 61 27 fråga
922 1167 12 36 =
946 1173 30 22 (88
992 1173 31 16 54:

143 1211 37 14 om
197 1205 93 28 ändring
304 1206 7 20 i
326 1205 98 22 bankens
439 1208 44 19 stat
499 1205 42 22 och
557 1212 54 15 anse
626 1205 192 28 bankfullmäktige
828 1205 76 27 åtgärd
939 1202 22 16 11
974 1201 60 22 1567).

143 1239 8 20 i
166 1239 78 22 sädant
260 1240 102 21 afseende
378 1240 100 27 behöflig,
494 1240 55 21 skall
565 1240 91 21 ärendet
672 1240 143 22 öfverlemnas
825 1240 31 21 till
866 1239 39 22 Se-

145 1275 78 20 natens
238 1274 283 27 Ekonomiedepartements
537 1274 124 27 afgörande.

213 1308 79 22 Finnes
316 1315 72 15 annan
407 1309 92 26 ändring
518 1309 25 20 af
559 1309 51 21 eller
630 1309 74 28 tillägg
719 1309 31 21 till
765 1309 141 27 reglementet

144 1343 69 21 under
228 1343 94 21 berörda
337 1343 110 21 mellantid
462 1349 54 15 vara
533 1343 23 21 af
569 1343 111 27 synnerlig
694 1344 162 27 nödvändighet
866 1343 39 27 pä-

145 1377 77 27 kallad,
246 1378 38 21 mä
305 1377 191 27 bankfullmäktige
517 1377 76 22 derom
613 1378 115 21 hemställa
746 1378 41 21 hos
802 1378 104 27 Kejsaren

144 1411 38 20 och
197 1411 139 27 Storfursten,
353 1418 55 20 som,
422 1412 7 20 i
439 1411 105 22 händelse
555 1411 204 28 bankfullmäktiges
770 1412 80 27 förslag
859 1412 47 21 vin-

145 1451 38 16 ner
198 1445 75 27 nädigt
289 1445 107 26 afseende,
414 1446 122 21 detsamma
551 1446 31 21 till
598 1445 142 23 efterrättelse
757 1446 120 21 fastställer.
