1078 1692
837 150 25 20 31

206 212 72 26 Enligt
293 212 35 20 det
344 212 40 20 den
401 212 25 20 18
439 212 86 26 januari
543 212 54 20 1877
613 213 6 18 i
635 211 69 21 Nåder
716 213 112 20 faststälda
841 219 51 20 pen-

138 246 188 26 sionsreglemente
341 247 31 19 för
387 246 211 20 folkskollärarinnor
612 247 7 19 i
635 246 95 23 Finland,
746 246 43 24 har,
805 248 6 18 i
827 248 65 19 ända-

138 280 42 20 mål
203 282 30 18 att
255 282 76 18 bereda
353 282 63 18 dessa
430 281 118 20 lärarinnor
563 282 66 25 utväg
644 283 30 17 att
689 280 26 27 på
734 280 158 27 förmånligaste

137 316 68 19 vilkor
220 316 128 19 tillförsäkra
364 316 34 25 sig
412 322 26 13 en
453 314 55 27 årlig
523 316 95 25 pension,
637 316 86 19 hvilken
743 316 83 19 komme
845 316 47 19 dem

137 350 33 19 till
184 350 55 26 godo
254 349 46 20 från
315 350 40 19 och
370 350 47 20 med
433 356 26 14 en
474 350 45 19 viss
535 350 59 20 ålder
609 351 65 19 under
687 350 61 20 deras
760 349 132 21 återstående

137 384 72 24 lifstid,
228 384 214 20 öfverenskommelse
457 384 84 20 träffats
557 385 48 19 med
620 384 94 26 Kapital-
729 384 40 20 och
791 385 101 19 Lifränte-

137 418 238 26 försäkringsanstalten
392 419 8 19 i
414 418 142 26 Helsingfors,
580 425 46 13 som
648 419 112 25 öfvertagit
781 420 25 18 de
828 419 64 25 infly-

137 453 63 19 tande
216 453 122 25 afgifternas
353 452 128 26 förvaltning
497 454 56 18 samt
568 454 150 24 pensionernas
741 453 150 25 (lifräntornas)

137 487 131 26 utbetalning
284 488 66 25 enligt
365 488 35 19 det
414 488 31 18 för
460 488 94 19 nämnda
570 488 78 19 anstalt
663 486 91 27 Nädigst
772 487 119 20 fastställda

137 522 134 25 reglemente.
298 522 36 19 Uti
344 521 12 20 5
368 521 14 27 &
393 522 23 19 af
426 522 114 19 omordade
555 522 230 25 pensionsreglemente
800 523 23 18 är
837 522 54 19 före-

137 556 87 20 skrifvet
239 557 31 19 att
284 557 75 19 räntan
374 555 13 20 ä
402 556 87 20 berörda
509 557 23 19 af
553 556 208 26 Generallöjtnanten
784 556 108 20 Standert-

138 590 70 26 skjöld
232 590 105 20 donerade
361 590 86 26 kapital,
471 596 47 14 som
540 591 128 19 förvaltades
690 591 22 19 af
735 591 156 22 statskontoret,

138 625 86 23 »ställes
244 624 81 26 årligen
340 624 32 20 till
388 624 225 26 skolöfverstyrelsens
629 625 128 25 förfogande,
770 626 31 18 för
813 626 30 18 att
854 631 38 13 an-

137 659 86 23 vändas,
238 659 67 25 enligt
320 660 23 18 af
362 659 164 26 öfverstyrelsen
542 660 103 25 uppgjord
660 659 123 26 fördelning,
799 659 45 20 dels
859 658 32 20 till

137 693 114 19 förökande
267 694 22 18 af
302 693 7 19 i
324 694 66 25 tjenst
408 694 92 18 varande
523 694 127 19 lärarinnors
672 694 92 19 insatser
785 694 7 18 i
814 692 77 21 förhål-

136 727 63 19 lande
220 728 24 18 til
267 728 61 19 deras
351 728 32 19 för
405 726 44 21 året
471 728 88 26 erlagda
582 728 103 20 ordinarie
700 728 190 26 pensionsafgifter,

137 761 46 20 dels
197 762 33 19 till
244 762 135 19 bestridande
394 762 23 19 af
430 762 39 19 den
485 762 8 19 i
508 762 119 20 anstaltens
643 762 126 26 reglemente
780 762 111 19 faststälda

137 796 228 26 förvaltningsafgiften
380 796 31 19 för
426 796 49 20 dess
491 796 116 24 insatser";
623 796 115 26 hvarjemte
754 796 95 26 stadgats
861 797 30 18 att

136 830 136 25 redovisning
286 831 58 18 öfver
359 830 94 19 medlens
469 831 138 25 användning
622 831 63 19 borde
698 831 89 19 därefter
797 830 31 19 till
841 830 50 25 Kej-

137 864 78 25 serliga
230 864 92 20 Senaten
336 865 108 19 insändas.

204 897 29 20 På
253 898 111 20 enahanda
386 899 42 19 sätt
450 899 76 23 skulle,
541 899 86 26 jämlikt
642 905 81 14 samma
738 899 12 20 5
766 899 20 26 8,
802 899 88 19 förfaras

137 933 46 19 med
198 934 75 19 räntan
288 932 13 20 å
316 933 65 19 andra
396 934 31 19 för
442 933 70 26 dylikt
527 933 99 20 ändamål
642 934 102 25 anslagna
762 933 128 24 donationer,

137 967 70 19 därest
221 967 19 26 ej
257 973 34 14 om
307 967 48 20 dem
370 967 131 20 annorlunda
516 974 50 13 vore
581 968 138 19 föreskrifvet.

223 1074 53 21 Litt.
292 1074 26 21 B.
335 1074 165 28 Pensionsfond
513 1075 44 27 för
568 1075 240 27 folkskollärarinnor:

203 1137 29 21 På
255 1139 72 19 därom
350 1139 61 25 gjord
433 1137 133 28 underdånig
588 1139 161 26 framställning,
772 1139 38 19 har
831 1139 58 19 Hans

134 1172 119 27 Kejserliga
270 1173 100 26 Majestat
386 1173 7 19 i
412 1172 80 27 Nådigt
515 1173 90 26 reskript
626 1174 22 19 af
668 1174 40 19 den
730 1173 28 19 27
781 1173 109 20 december

136 1206 53 20 1876
211 1207 68 20 funnit
301 1207 51 26 godt
374 1206 67 21 tillåta
464 1209 38 21 att,
525 1207 32 19 till
579 1213 26 14 en
620 1207 50 20 fond
685 1208 31 19 för
731 1207 122 26 utgifvande
868 1207 24 19 af

133 1240 107 27 tillfälliga
255 1241 114 20 understöd
387 1240 22 21 åt
430 1241 211 20 folkskollärarinnor
655 1242 8 19 i
677 1242 78 23 landet,
778 1241 22 20 af
820 1241 70 19 finska

133 1274 108 21 allmänna
256 1276 68 19 medel
340 1275 99 26 ansloges
455 1281 27 14 en
498 1282 83 13 summa
596 1277 6 18 i
618 1277 30 18 ett
662 1276 32 19 för
713 1275 38 20 allt
770 1275 23 20 af
811 1275 77 24 30,000

133 1309 72 23 mark
199 1305 11 35 ;
220 1309 109 20 äfvensom
344 1309 120 26 Kejserliga
480 1309 93 20 Senaten
588 1309 41 21 den
646 1310 25 19 18
684 1310 84 25 januari
780 1309 54 20 1877
846 1310 44 19 för-

133 1343 75 20 ordnat
222 1345 32 18 att
268 1345 40 19 den
324 1343 66 26 årliga
406 1345 75 18 räntan
497 1343 12 20 å
525 1344 57 19 detta
597 1345 79 25 belopp,
692 1351 47 13 som
754 1344 63 20 borde
833 1349 56 13 sam-

132 1376 95 21 manslås
242 1379 49 19 med
306 1379 41 19 den
362 1379 22 18 af
398 1377 210 28 Generallöjtnanten
623 1379 95 19 Friherre
733 1378 48 20 Carl
802 1378 86 25 August

133 1411 171 27 Standertskjöld
319 1412 104 20 donerade
437 1413 122 25 grundfond
573 1413 32 19 för
620 1419 26 13 en
661 1413 106 19 blifvande
777 1411 112 26 pensions-

131 1446 67 19 kassa
212 1447 32 19 för
258 1446 211 20 folkskollärarinnor
483 1447 8 19 i
507 1447 77 23 landet,
601 1447 67 20 skulle
684 1445 20 21 få
716 1447 24 19 af
750 1445 138 26 öfverstyrel-
