1078 1692
165 219 87 27 ledning
267 219 31 21 till
314 219 127 21 tvifvelsmål
456 220 90 20 rörande
561 220 48 20 dess
624 219 128 27 lämplighet.
783 219 41 21 För
831 220 30 20 att
869 220 52 19 sätta

165 253 118 21 Ständerna
289 249 12 36 i
320 254 82 20 tillfälle
417 256 29 18 att
461 256 40 19 rätt
517 254 90 20 bedöma
623 254 25 20 de
665 253 54 21 båda
734 253 120 27 föreslagna
868 253 53 27 plat-

165 294 73 15 sernas
253 288 99 21 inbördes
367 288 120 27 förtjänster
503 288 38 21 och
558 288 134 27 olägenheter
707 288 7 20 i
730 287 99 21 afseende
845 287 13 21 å
872 288 50 20 Ale-

165 322 260 21 xanders-monumentets
440 322 147 28 uppställande
603 322 12 21 å
630 322 41 21 den
687 328 41 14 ena
743 322 51 21 eller
802 322 40 20 den
851 322 71 26 andra,

166 357 38 21 har
219 356 154 28 Delegationen
388 356 44 28 gått
446 358 7 19 i
469 357 124 27 författning
609 364 33 13 om
658 356 138 22 utarbetande
805 356 21 21 af
834 356 88 21 alterna-

166 391 72 21 nativa
260 391 186 27 situationsplaner
470 392 39 20 och
536 391 176 27 eskissritningar,
736 390 111 22 utvisande
868 391 54 20 huru

165 427 71 25 statyn
252 426 83 20 komme
351 427 30 20 att
396 425 26 27 pä
437 426 112 20 hvartdera
563 426 70 21 stället
648 428 20 18 te
684 426 32 26 sig
731 426 6 19 i
750 425 130 21 förhällande
890 424 32 22 till

166 466 53 20 resp.
235 460 88 27 platsers
339 460 165 20 arkitektoniska
519 460 124 27 omgifning.

234 494 71 21 Jämte
326 494 36 21 det
384 494 152 28 Delegationen
552 494 38 21 har
605 496 49 19 äran
675 493 32 21 till
723 493 116 21 Ständerna
855 493 67 21 öfver-

166 528 71 21 lämna
252 528 61 22 dessa
325 529 96 27 eskisser,
431 529 74 21 främst
515 529 40 21 den
567 529 32 21 för
607 528 213 28 Ständerhusplatsen
829 528 7 20 i
844 529 77 19 tvänne

166 563 115 27 exemplar,
296 563 62 21 utber
372 563 32 27 sig
419 562 153 29 Delegationen
589 563 111 27 vördsamt,

374 622 32 19 att
422 621 125 21 Ständerna
567 621 65 21 mätte
650 620 73 21 uttala
744 620 34 28 sig
792 627 35 14 om
843 620 79 21 hvilket

304 654 100 28 afseende
429 654 124 22 Ständerna
576 655 55 27 vilja
645 654 60 28 fästa
720 654 38 21 vid
772 654 104 28 förslaget
889 656 33 19 att

304 690 112 27 uppställa
435 684 10 37 —
449 690 299 20 Alexanders-monumentet
774 688 31 28 pä
834 689 87 27 platsen

305 724 83 20 mellan
403 723 112 21 Finlands
530 724 65 20 Bank
610 724 37 20 och
665 722 162 22 Ständerhuset.

238 780 134 28 Helsingfors
387 780 40 22 den
443 782 13 20 3
473 781 52 27 april
542 781 59 21 1891.

511 826 8 9 .

467 859 157 30 Delegationen.
