1078 1692
77 847 19 25 ($
110 848 34 22 87).

42 1019 29 23 (88
80 1019 28 21 83,
117 1019 27 22 85,
152 1019 28 21 89,

77 1048 28 21 90,
123 1049 27 20 95;

65 1076 22 17 95
99 1076 66 21 1882).

38 1258 31 23 (88
78 1259 28 21 54,
113 1259 29 21 84,
151 1259 28 20 94,

65 1286 28 22 96,
106 1287 39 21 131;

39 1315 22 17 84
68 1315 43 18 0.94
119 1301 60 42 1882).

218 137 30 21 42

190 200 134 27 sökandena,
348 206 48 16 som
418 200 136 22 direktionen
577 201 68 21 finner
668 201 30 21 till
713 201 96 27 tjensten
824 200 127 28 lämpligast.

191 234 41 22 Om
255 234 135 23 direktionen
412 235 47 22 icke
483 242 65 15 anser
563 235 74 28 någon
652 235 22 22 af
689 236 50 21 dem
755 235 34 21 för
803 234 149 28 befattningen

190 269 46 21 fullt
259 269 93 28 lämplig,
374 276 50 21 eger
447 270 138 22 direktionen
608 270 57 28 ånyo
680 270 64 21 anslå
758 270 94 27 tjensten
866 270 31 20 till
912 276 40 14 an-

191 304 99 27 sökning.

260 338 82 22 Kassör
358 339 42 21 och
414 339 198 22 kontorsskrifvare
627 339 36 21 vid
674 338 229 28 afdelningskontoren
918 340 34 19 ut-

191 374 94 20 nämnas
301 372 23 22 af
338 373 135 22 direktionen
489 374 6 21 i
511 374 118 21 enahanda
639 374 99 26 ordning,
751 380 49 14 som
811 374 141 26 tjenstemän-

192 413 44 15 nen
257 407 36 21 vid
315 407 189 28 hufvudkontoret,
527 408 54 22 efter
597 408 36 22 det
647 408 170 21 vederbörande
832 408 121 21 bankkom-

193 442 99 22 missarie
306 442 92 22 lemnats
413 442 81 22 tillfälle
510 445 32 19 att
557 445 58 25 yttra
630 443 33 27 sig
678 449 37 15 om
731 442 139 22 sökandenas
884 443 69 27 lämp-

191 476 73 27 lighet.

487 518 12 28 8
515 518 33 21 53.
583 518 22 28 ($
621 518 42 28 52)

260 564 42 21 Vid
325 563 137 23 besättandet
479 564 23 22 af
520 564 110 22 ordinarie
645 565 67 27 tjenst
727 564 7 21 i
749 564 88 21 banken
852 563 40 22 bör
906 563 48 21 huf-

191 598 122 27 vudsakligt
327 598 101 22 afseende
438 598 68 22 fästas
517 599 36 21 vid
564 599 124 22 sökandens
699 599 128 27 skicklighet
836 599 40 21 och
885 598 69 27 lämp-

191 627 73 32 lighet.
292 632 43 22 Till
349 632 96 22 vilkoren
460 634 36 26 för
512 635 34 20 att
560 634 68 20 såsom
645 633 89 28 lämplig
751 640 63 14 anses
829 633 38 21 hör
872 632 82 28 jemväl

192 666 122 29 ådagalagd
336 667 51 21 eller
407 667 50 28 eljes
480 667 61 22 känd
562 668 100 28 förmåga
677 669 41 24 att,
740 668 8 20 i
763 667 42 21 den
820 666 133 28 omfattning

193 700 105 28 tjenstens
314 701 145 28 beskaffenhet
473 702 109 28 våkallar,
599 702 106 22 använda
720 702 93 21 svenska
829 701 37 22 och
881 701 71 27 finska

191 735 97 28 språken
303 736 9 21 i
328 736 32 22 tal
374 736 37 22 och
426 736 75 28 skrift.

489 795 12 27 8
517 795 34 21 54.
581 795 22 27 (8
619 795 42 26 53)

262 839 140 22 Direktionen
417 846 52 21 eger
484 840 36 21 vid
535 840 68 21 behof
617 841 93 20 anställa
726 842 63 19 extra
803 840 150 27 tjenstemän
937 835 19 36 i

193 873 93 22 banken.
316 873 111 22 Erfordras
444 874 35 21 för
494 874 79 22 sådant
589 874 103 22 ändamål
708 875 77 26 anslag
801 873 83 22 utöfver
899 874 54 21 ban-

193 907 53 22 kens
264 910 50 25 stat,
331 908 127 23 ankommer
474 909 87 27 frågans
578 909 118 27 afgörande
713 909 28 27 på
757 908 195 27 bankfullmäktige.

490 973 12 27 $
518 973 33 22 55.
583 973 21 27 ($
619 973 44 27 54)

263 1011 153 23 Vaktmästare
439 1015 92 25 antagas
549 1013 41 22 och
606 1013 121 27 entledigas
743 1012 35 21 vid
794 1012 160 21 hufvudkonto-

193 1047 33 20 ret
244 1045 25 22 af
282 1046 145 22 direktionens
443 1047 138 28 ordförande,
598 1047 36 21 vid
650 1043 227 31 afdelningskontoren
888 1046 20 21 af
916 1053 37 15 ve-

193 1080 137 22 derbörande
345 1081 216 22 bankkommissarie.
592 1081 31 22 De
638 1081 36 22 vid
689 1081 103 22 kontoret
807 1081 6 21 i
829 1081 30 22 S:t
868 1081 85 21 Peters-

193 1114 55 27 burg
271 1115 99 21 anstälda
392 1116 202 27 penningeräknare
617 1119 93 24 antagas
728 1115 42 22 och
786 1115 98 22 afskedas
900 1115 53 21 lika-

193 1149 60 22 ledes
270 1149 24 22 af
306 1149 231 23 bankkommissarien.

491 1213 12 28 $
519 1214 33 21 56.
583 1213 21 28 ($
620 1213 42 27 55)

263 1252 105 27 Samtliga
387 1253 99 22 bankens
501 1253 133 27 tjenstemän
648 1253 56 22 böra
719 1253 63 21 ställa
798 1253 33 27 sig
845 1253 30 20 till
890 1252 64 21 efter-

193 1287 90 21 rättelse
301 1287 60 21 såväl
376 1287 59 22 detta
450 1288 133 27 reglemente
599 1294 48 15 som
662 1288 27 21 de
705 1287 161 26 instruktioner,
882 1287 72 21 hvilka

193 1321 75 21 kunna
290 1321 68 22 varda
380 1321 23 22 af
422 1321 194 28 bankfullmäktige
631 1321 29 28 på
675 1322 149 21 direktionens
839 1321 115 22 framställ-

193 1355 53 28 ning
269 1355 119 28 faststälda,
404 1356 114 22 äfvensom
533 1357 6 20 i
555 1356 64 27 öfrigt
635 1357 74 27 åtlyda
724 1357 26 20 de
765 1355 132 23 föreskrifter
912 1356 42 21 och

193 1390 133 22 underkasta
348 1391 32 27 sig
400 1391 27 22 de
445 1391 131 22 förändrade
591 1391 165 27 bestämningar
770 1391 94 21 rörande
878 1391 74 26 tjenst-

193 1425 111 26 göringen,
321 1431 48 15 som
384 1425 136 22 direktionen
535 1425 70 22 finner
619 1425 78 28 skäligt
711 1425 106 21 meddela.

263 1459 182 28 Tjenstemännen
461 1459 21 22 få
493 1460 48 21 icke
552 1461 106 26 uppträda
668 1461 75 20 såsom
755 1460 80 21 ombud
845 1460 8 21 i
862 1459 92 22 banken.
