1078 1692
203 123 25 20 10
549 123 10 20 I

242 193 54 21 24:0.
326 193 10 20 I
356 193 221 21 öfverensstämmelse
595 194 49 20 med
660 193 36 21 det
712 192 218 27 författningsförslag

173 226 122 22 Ständerna
319 227 7 21 i
351 228 115 26 anledning
489 227 23 21 af
533 228 78 26 nådiga
634 228 169 26 propositionen,
821 227 109 26 angående

172 261 122 27 utgörande
309 261 23 21 af
346 263 60 19 extra
420 262 116 27 bevillning
551 262 34 21 för
600 262 97 27 spelkort
714 262 89 26 antagit,
819 261 39 21 har
870 261 60 21 Hans

171 296 119 27 Kejserliga
312 296 102 28 Majestät
438 297 50 21 låtit
511 297 41 21 den
577 298 25 19 17
626 296 117 22 December
768 296 53 21 1888
844 295 86 21 utfärda

172 330 65 27 nådig
252 330 125 28 förordning
394 331 110 27 angående
519 330 190 28 bevillningsafgift
724 330 33 22 för
773 330 101 27 spelkort.

240 366 55 20 25:0.
326 364 70 22 Sedan
419 365 122 22 Ständerna
564 366 33 20 uti
620 366 135 26 underdänig
778 364 109 22 skrifvelse
910 363 22 22 af

172 400 41 21 den
236 400 27 20 28
286 400 42 27 Maj
354 401 53 20 1888
430 400 101 22 besvarat
547 400 79 27 nädiga
641 400 163 27 propositionen
821 399 109 27 angäende

172 434 40 21 den
235 434 121 28 bevillning,
380 441 45 15 som
449 435 53 21 skall
523 434 98 28 erläggas
637 434 23 21 af
673 434 145 26 utländingar,
838 434 91 20 hvilka
917 430 16 37 i

171 468 91 22 Finland
277 469 51 21 idka
343 469 78 21 handel
437 470 51 20 eller
504 476 72 14 annan
592 470 83 26 näring,
692 469 40 21 har
742 468 60 22 Hans
814 468 116 27 Kejserliga

171 503 103 27 Majestät
296 504 50 21 låtit
368 504 40 21 den
434 506 25 19 J7
483 504 118 21 December
624 510 82 15 samma
724 504 25 20 är
765 503 86 21 utfärda
866 503 64 26 nådig

171 537 126 28 förordning
319 539 7 20 i
349 539 93 27 enlighet
465 539 48 21 med
537 539 25 21 de
582 538 23 22 af
621 538 122 22 Ständerna
762 540 95 24 antagna
872 537 58 21 stad-

171 572 86 27 ganden
272 573 7 20 i
296 574 77 20 ämnet.

240 608 54 20 26:0.
325 608 36 20 Uti
385 608 135 26 underdänig
543 607 110 21 skrifvelse
672 607 23 21 af
713 607 40 21 den
774 608 25 20 29
816 606 41 27 Maj
878 606 50 20 1888

171 640 63 22 hafva
257 641 127 27 Ständerna,
411 642 47 21 med
483 642 115 27 anledning
621 642 23 20 af
665 642 79 26 nädiga
768 641 160 27 propositionen

171 676 111 26 angäende
296 676 203 22 bränvinsskattens
515 676 145 27 användning,
672 676 82 21 anmält
766 677 32 19 att
809 675 120 21 Ständerna

171 710 103 27 godkänt,
292 711 35 21 det
342 710 48 22 frän
406 712 65 26 sagde
482 712 60 20 skatt
553 711 69 21 under
633 711 51 20 ären
698 711 135 20 1889—1891
849 709 79 27 ärligen

171 744 61 21 skola
246 746 54 26 utgä
314 745 93 27 följande
423 746 74 26 anslag
513 746 7 20 i
536 746 40 20 den
593 746 91 26 ordning
700 744 105 22 nedanför
815 746 113 24 upptages,

171 778 115 28 nemligen
278 774 12 36 :

226 828 2 2 -
242 814 20 26 1)
278 814 126 27 Ersättning
420 814 32 22 till
468 815 132 21 statsverket
615 814 33 20 för
664 813 94 27 eftergif-

171 847 79 21 vandet
267 847 23 22 af
303 848 36 21 det
354 848 59 21 förra
431 848 327 27 bränvinsbränningsarrendet
776 843 12 36 —
795 848 97 25 660,000:
904 859 23 2 —

240 882 22 27 2)
282 883 39 20 Till
339 883 121 21 kontrollen
481 883 59 21 öfver
559 883 199 21 bränvinstillverk-

171 915 85 28 ningen,
272 916 124 28 förslagsvis
427 935 4 3 .
463 935 4 4 .
499 935 4 3 .
536 935 4 3 <
572 935 4 3 <
645 934 75 4 e.

240 951 22 27 3)
278 951 39 21 Till
332 951 121 28 fördelning
469 952 89 21 emellan
575 952 99 27 samtliga
684 951 73 21 lands-

171 985 39 21 och
225 985 195 28 stadskommuner,
436 987 66 26 enligt
513 993 82 14 samma
605 986 95 27 grunder
711 992 46 15 som

169 1019 109 22 härintills
318 1037 4 4 oo.
355 1038 4 3 co
390 1038 40 4 cc
607 1037 149 5 L
794 1021 97 25 400,000:
903 1032 23 2 —

669 1061 88 22 Summa
774 1061 118 26 1,260,000:
903 1073 23 2 —

795 917 97 25 200,000:
904 928 23 3 —

238 1123 22 27 4)
280 1123 62 21 Hvad
357 1124 125 21 härutöfver
497 1124 86 27 infiyter
598 1131 76 20 genom
690 1124 165 27 ifrågavarande
869 1124 59 20 skatt

169 1157 62 27 ingär
246 1158 34 21 uti
294 1159 285 21 kommunikationsfonden.

238 1192 10 21 I
272 1193 221 22 öfverensstämmelse
513 1194 48 21 med
581 1194 71 21 denna
674 1193 134 21 Ständernas
829 1192 99 21 anmälan

169 1226 40 21 har
224 1227 61 21 Hans
300 1227 119 28 Kejserliga
434 1228 103 27 Majestät
552 1228 49 21 lätit
617 1228 40 21 den
671 1230 22 19 11
709 1227 105 22 Februari
829 1227 53 20 1889
893 1227 35 20 ut-

169 1260 62 22 färda
246 1261 65 28 nädig
326 1262 135 27 kungörelse.

238 1296 56 20 27:0.
317 1295 71 22 Sedan
404 1297 26 20 de
446 1296 23 21 af
482 1297 123 20 Ständerna
616 1298 95 25 antagna
727 1296 79 27 förslag
818 1295 110 27 angäende

169 1329 75 27 anslag
263 1329 33 22 för
314 1330 106 21 särskilda
440 1331 101 21 ändamäl
560 1331 68 20 under
646 1330 175 27 finansperioden
846 1331 79 20 1889—

171 1365 51 20 1891
248 1364 40 21 och
310 1366 119 26 utvägarne
452 1365 32 21 till
505 1365 63 21 deras
583 1365 139 21 bestridande
737 1364 69 22 blifvit
825 1364 22 21 af
864 1364 64 21 Stän-

170 1399 66 20 derna
252 1399 6 21 i
274 1399 135 28 underdänig
425 1399 110 22 skrifvelse
551 1399 23 22 af
587 1400 41 21 den
645 1401 26 20 29
687 1399 43 27 Maj
749 1400 53 20 1888
818 1399 39 21 hos
867 1399 61 20 Hans

169 1433 119 28 Kejserliga
311 1433 102 28 Majestät
435 1434 106 26 anmälda,
565 1434 39 21 har
627 1434 59 21 Hans
709 1434 104 27 Majestät
835 1434 6 19 i
861 1433 67 20 nåder
