1078 1692
343 116 83 22 Ständ.
442 115 55 22 Skr.
512 128 27 2 —
556 114 114 23 XXXVI.
817 116 27 19 29

201 183 77 27 mälan,
302 182 28 26 på
353 184 34 19 ort
410 182 39 21 och
471 182 65 20 ställe
557 181 97 27 granska
675 181 119 21 kontorens
810 180 64 22 verk-

203 214 91 34 samhet;
468 229 3 3 .

132 254 126 27 öfvervaka,
274 255 33 20 att
326 254 99 21 bankens
446 253 102 27 samtliga
569 253 135 21 embetsmän
725 252 40 22 och
780 252 96 27 betjente

204 291 160 25 samvetsgrant
380 289 95 27 fullgöra
491 289 48 21 sina
555 288 141 28 åligganden;

133 326 66 27 tillse,
216 327 32 19 att
263 325 157 27 lagsökningar
435 324 40 22 och
486 324 145 27 rättegångar
641 326 45 19 mot
696 324 130 27 gäldenärer
837 323 39 21 och

204 360 128 28 försumliga
355 361 122 26 sysslomän
501 362 52 20 utan
576 360 137 26 tidsutdrägt
735 358 84 23 utföras
837 359 39 21 och

204 396 114 27 fullföljas;
335 396 112 21 äfvensom

133 433 8 21 i
162 432 67 27 öfrigt
244 432 66 21 ställa
325 432 35 27 sig
374 432 35 20 till
425 431 152 22 efterrättelse
593 431 58 22 hvad
666 431 62 21 detta
743 431 133 27 reglemente

204 468 122 22 innehåller
342 468 55 21 eller
412 467 118 21 framdeles
546 467 45 21 kan
606 467 69 21 varda
691 466 107 28 stadgadt.

471 534 28 19 46
516 532 18 28 8.

207 581 145 21 Direktionen
367 580 84 28 åligger
467 580 76 21 vidare
559 582 33 19 att
603 580 7 20 i
621 580 103 26 ärenden,
735 586 46 15 som
791 579 86 21 ankom-

136 624 35 15 ma
193 618 28 26 på
243 616 208 27 bankfullmäktiges
473 616 172 27 handläggning,
662 615 84 27 afgifva
761 615 117 27 yttranden

136 654 40 21 och
191 652 103 28 föröfrigt
308 653 71 21 lemna
394 651 199 28 bankfullmäktige
609 652 43 20 alla
667 651 158 27 upplysningar
839 650 39 22 och

137 689 154 27 förklaringar,
315 689 76 21 hvilka
406 688 64 21 desse
486 694 53 15 anse
555 688 76 26 nödigt
646 687 105 27 infordra,
768 686 111 22 äfvensom

137 726 38 21 vid
193 724 67 22 behof
276 725 44 21 låta
335 724 168 22 tillhandahålla
518 724 48 21 dem
582 724 99 21 bankens
697 724 87 26 böcker,
800 723 78 21 räken-

137 761 81 26 skaper
234 761 39 21 och
289 760 69 27 öfriga
373 760 136 26 handlingar.

209 796 83 21 Finner
308 795 137 22 direktionen
461 795 68 21 sådan
545 795 80 27 åtgärd
640 801 53 15 vara
708 794 25 22 af
746 794 76 27 nöden,
834 800 45 15 som

138 832 28 26 på
181 831 197 27 bankfullmäktige
394 831 131 25 ankommer,
541 830 34 21 må
591 830 139 21 direktionen
744 830 73 21 derom
827 832 53 24 göra

139 867 167 26 framställning.
336 866 11 21 I
369 866 109 27 vigtigare
499 865 75 28 frågor
595 866 40 21 bör
650 865 149 22 direktionens
815 865 64 22 fram-

138 903 107 26 ställning
260 902 94 27 afgifvas
370 901 132 28 skriftligen.

479 963 28 20 47
525 961 17 29 8.

210 1009 155 22 Direktionens
385 1009 100 27 samtliga
501 1009 140 22 medlemmar
656 1009 54 21 böra
725 1009 37 22 vid
778 1008 102 22 direktio-

139 1052 54 15 nens
209 1045 175 22 sammanträden
399 1047 94 20 närvara
509 1045 45 26 och,
570 1045 39 21 der
623 1045 50 26 laga
681 1045 36 27 jäf
725 1045 49 21 icke
785 1044 95 27 hindrar,

140 1081 8 21 i
168 1081 77 22 dervid
267 1080 143 22 förefallande
430 1081 195 27 öfverläggningar
645 1081 40 21 och
700 1081 74 21 beslut
788 1080 93 27 deltaga.

141 1117 85 26 Uppstå
246 1117 59 20 olika
324 1117 119 27 meningar,
459 1117 132 21 bestämmes
607 1116 150 22 direktionens
773 1116 72 21 beslut
860 1115 24 21 af

142 1152 27 21 de
184 1152 63 21 flesta
262 1154 106 21 rösterna

211 1187 43 22 Vid
269 1187 113 22 inträffadt
394 1187 35 28 jäf
442 1188 55 21 eller
514 1189 67 20 annat
595 1187 111 28 tillfälligt
720 1187 113 22 förhinder
848 1186 34 22 för

141 1223 72 27 någon
228 1223 114 22 medlem
319 1218 24 37 "i
358 1223 143 27 direktionen,
517 1224 45 21 kan
576 1223 82 22 ärende
674 1223 86 27 afgöras
776 1222 24 22 af
808 1223 27 21 de
845 1223 38 21 två

142 1258 76 28 öfriga,
235 1265 34 15 om
284 1259 27 21 de
326 1261 38 19 äro
380 1265 33 15 om
429 1259 96 22 beslutet
541 1265 57 16 ense.

212 1289 32 26 Är
260 1294 146 22 ordföranden
414 1294 71 28 jäfvig
496 1295 55 21 eller
563 1301 80 15 annars
654 1294 129 22 förhindrad
794 1295 54 21 eller
859 1296 25 19 är

142 1329 283 28 ordförandebefattningen
439 1330 67 27 ledig,
522 1329 59 23 föres
597 1331 63 21 ordet
675 1330 25 21 af
713 1331 42 21 den
770 1331 8 21 i
788 1330 96 27 tjensten

142 1365 62 22 äldre
224 1366 122 21 ledamoten
366 1366 61 27 eller,
449 1372 33 15 om
503 1366 109 22 hvardera
631 1366 112 27 samtidigt
758 1367 87 25 utsetts,
862 1364 25 22 af

143 1401 42 22 den
200 1401 35 22 till
250 1402 54 21 åren
319 1401 66 22 äldre.
