1078 1692
833 151 31 24 65

460 220 13 29 8
495 220 54 23 136.

192 272 52 24 Den
266 271 100 23 embets-
389 271 58 23 eller
469 271 145 31 tjensteman
637 270 59 24 eller
715 270 93 32 betjent,
827 278 56 23 som,

123 307 32 31 på
182 314 59 24 egen
265 306 113 31 begäran,
398 305 105 24 erhåller
521 305 84 24 afsked
623 312 29 16 ur
670 304 115 24 Bankens
803 305 80 31 tjenst,

124 343 27 21 är
169 340 37 24 för
224 340 40 24 sin
284 340 149 23 återstående
452 339 79 24 lifstid
549 339 134 32 berättigad
701 339 39 24 till
753 339 64 32 årlig
826 346 56 24 pen-

124 375 53 23 sion
196 374 25 24 af
239 374 115 24 Bankens
373 373 82 30 medel,
473 374 10 22 i
501 374 46 23 fall
564 374 51 23 han
633 374 30 23 då
680 375 103 29 uppnått
792 373 90 24 trettio-

123 409 48 23 fem
199 410 39 22 ärs
266 408 66 24 älder
359 408 43 24 och
429 408 76 24 minst
525 408 89 24 femton
639 409 27 22 är
683 408 65 24 varit
766 408 8 23 i
793 408 90 23 allmän

123 444 86 30 tjenst;
234 450 54 16 men
306 442 86 24 varder
409 442 50 24 han
478 442 68 24 dömd
564 442 105 32 tjensten
686 442 120 33 förlustig,
825 442 59 24 eller

124 480 61 21 utan
212 485 59 24 egen
298 476 144 32 ansökning,
470 476 109 24 derifrän
602 476 71 31 skild,
698 477 58 33 eller
778 476 106 24 inträder

124 512 57 30 han,
202 512 42 23 vid
262 511 40 23 sin
321 511 91 31 afgäng
430 511 59 23 eller
507 511 59 23 efter
584 511 162 31 afskedandet,
764 511 9 23 i
792 513 90 21 statens

125 546 80 31 tjenst,
222 546 46 23 har
286 546 49 23 han
354 545 100 24 förlorat
471 545 148 32 rättigheten
637 545 40 23 till
696 545 105 31 pension.
838 544 44 25 Be-

124 580 80 32 loppet
222 580 25 24 af
264 580 131 31 pensionen
412 580 141 24 bestämmes
567 580 25 23 af
604 579 225 33 Bankfullmäktige
842 587 40 16 en-

125 614 47 32 ligt
199 614 27 24 de
244 614 110 32 grunder,
373 622 50 16 som
441 614 67 32 gälla
527 614 121 32 angäende
667 614 101 32 pension
785 614 43 24 vid
847 614 35 23 af-

125 648 59 24 sked
206 656 29 16 ur
258 651 90 21 statens
368 648 80 32 tjenst.
484 648 66 24 Dock
568 650 39 22 mä
625 648 232 32 Bankfullmäktige,
874 648 10 23 i

126 683 46 24 fall
191 691 29 15 en
239 682 158 32 synnerligen
410 682 159 31 förtjenstfull
582 682 154 24 verksamhet
748 683 8 23 i
768 682 115 24 Bankens

125 718 81 30 tjenst,
224 716 134 32 sjuklighet
376 716 57 24 eller
452 717 76 23 andra
549 717 121 23 särskilda
682 717 202 31 omständigheter

127 751 81 24 dertill
226 751 130 30 föranleda,
374 750 85 24 kunna
477 751 179 32 undantagsvis
668 751 95 24 tilldela
776 751 107 33 afskeds-

126 786 104 31 tagande
256 786 143 30 tjensteman
421 785 9 23 i
454 785 102 24 Banken
579 785 100 32 pension
697 785 39 24 till
754 786 73 31 högre
845 786 38 23 be-

127 820 63 31 lopp,
217 822 31 21 än
264 820 44 30 det,
324 819 104 24 hvartill
445 820 50 23 han
514 820 76 31 enligt
608 820 154 23 förenämnda
780 820 105 31 grunder

129 853 80 24 skulle
227 853 65 24 varit
311 853 138 32 berättigad.

465 929 13 28 8
500 927 54 24 137.

198 978 52 24 Den
269 986 56 23 som,
344 980 31 29 pä
394 979 78 31 grund
485 979 26 23 af
523 979 118 24 särskildt
652 979 157 23 förordnande
821 978 64 24 tills-

129 1013 84 23 vidare
232 1012 113 24 förrättar
364 1013 88 23 embete
471 1013 59 24 eller
547 1013 74 31 tjenst
644 1013 3 23 i
660 1013 102 24 Banken
775 1013 58 24 eller
845 1013 42 23 vid

131 1047 53 23 dess
203 1047 91 30 kontor,
313 1049 33 28 är,
364 1047 37 24 för
419 1047 64 24 hvad
501 1047 50 24 han
570 1047 117 24 derunder
705 1050 42 29 gör
766 1047 42 24 och
820 1047 66 30 läter,

131 1081 164 24 underkastad
316 1081 127 24 enahanda
467 1081 158 32 ansvarighet
648 1089 51 16 som
717 1082 51 30 den,
787 1081 100 24 hvilken

131 1115 96 31 åtföljer
258 1116 111 23 embetets
403 1115 58 24 eller
479 1116 117 31 tjenstens
615 1115 179 24 innehafvande
811 1115 77 32 enligt

131 1149 121 24 fullmakt.

469 1219 13 28 s
504 1217 55 24 138.

200 1267 164 32 Uppkommer
386 1268 71 24 behof
475 1269 25 23 af
517 1269 105 31 ändring
640 1269 8 23 i
666 1270 80 30 nägon
765 1268 25 24 af
808 1268 27 23 de
854 1268 36 24 för

131 1301 111 32 Banken,
273 1302 95 31 jemlikt
399 1303 103 32 tidigare
530 1303 173 32 författningar
729 1303 58 23 eller
813 1302 77 32 enligt

132 1336 65 23 detta
214 1336 144 32 reglemente
371 1337 113 31 gällande
499 1337 157 30 föreskrifter,
671 1337 115 24 förhälles
798 1336 93 24 dermed

132 1370 78 32 enligt
232 1371 143 31 stadgandet
395 1371 9 23 i
424 1371 29 24 11
474 1372 14 29 $
508 1371 26 24 af
551 1371 90 32 nådiga
658 1371 170 32 förordningen
847 1379 42 15 an-

132 1405 91 31 gäende
241 1405 121 30 styrelsen
380 1405 43 24 och
441 1405 183 32 förvaltningen
642 1405 26 24 af
683 1405 117 24 Finlands
813 1404 78 33 Bank,

133 1438 84 31 gifven
244 1439 44 24 den
316 1439 14 23 9
362 1439 127 24 December
515 1439 73 30 1867,
606 1439 102 24 hvilken
726 1439 166 32 förordning
873 1434 22 41 i

824 1483 11 16 5
