1078 1692
833 139 26 19 25

357 208 10 20 I
383 206 283 22 Rådstufvurätterna.

475 292 100 22 Afgjorda.
610 291 134 23 Uppskjutna.j
778 292 78 17 Summa.

161 385 30 27 År
209 392 79 20 1887
284 380 16 40 .
322 407 37 3 vo
392 407 41 3 om
502 390 54 23 1,831
682 392 21 18 11
791 392 57 21 1,842

177 447 8 9 ,
212 432 77 20 1888.
322 447 3 3 0
357 447 3 3 0
394 447 2 3 oo
430 426 26 24 i
500 432 60 22 1,868
597 430 2 16 |
694 433 11 17 6
791 432 58 21 1,869
887 421 1 26 |

177 487 8 9 »
211 472 79 20 1889.
322 486 4 4 ov
358 486 39 4 cs
430 487 26 5 ss
500 472 60 21 2,276
694 473 11 17 6
790 471 58 21 2282
887 472 1 3 I

348 516 85 21 Summa
500 517 100 22 5,970!
679 518 25 18 23
788 517 61 22 5,993

201 584 75 22 Under
299 585 51 20 åren
374 585 138 20 1884—1886
529 584 92 27 uppgick
637 584 253 27 inteckningsärendenas

134 624 59 21 antal
217 624 33 21 till
276 624 74 21 inalles
367 625 83 25 33,131,
467 624 62 22 deraf
543 625 77 25 28,430
636 625 6 20 i
658 624 177 21 häradsrätterna
851 623 39 21 och

134 666 60 25 4,701
211 665 7 21 i
234 662 217 24 rådstufvurätterna.
482 664 29 21 Af
529 665 64 21 dessa
608 665 93 21 ärenden
716 670 51 15 voro
784 664 35 21 vid
837 664 53 20 1886

135 706 34 20 års
192 704 79 28 utgång
295 705 96 27 afgjorda
414 706 22 20 af
458 706 176 21 häradsrätterna
654 706 76 25 26,023
751 705 39 21 och
805 704 23 21 af
842 704 49 20 råd-

135 744 169 22 stufvurätterna
326 746 63 26 4,678
416 747 54 19 samt
493 745 112 27 oafgjorda
628 746 6 20 i
658 745 176 21 häradsrätterna
850 744 40 20 959

135 784 38 22 och
190 784 6 21 i
212 784 212 21 rädstufvurätterna
441 786 18 20 6.

203 824 153 27 Inteckningar
380 824 62 21 hafva
465 824 71 21 blifvit
559 825 103 26 beviljade
686 825 32 20 till
742 824 101 21 säkerhet
859 823 33 20 för

136 864 90 27 följande
243 865 77 26 belopp
336 865 6 20 i
358 864 68 21 finska
441 865 71 20 mark:

137 934 2 12 E
532 933 1 5 I
710 935 2 14 |

390 954 26 19 På
429 955 68 18 landet.
532 961 1 15 |
566 955 8 16 I
587 954 92 18 städerna.
710 950 2 49 |
759 954 82 17 Summa.

138 1055 1 29 |
157 1047 29 26 Är
204 1055 69 18 1887.
306 1070 3 3 .
343 1047 13 26 .
393 1055 118 22 17,292551
534 1077 1 3 :
569 1054 121 23 13,692,759
709 1043 12 46 |
745 1053 124 22 30,985,310

138 1090 1 21 |
171 1109 9 9 »
207 1095 67 19 1888.
308 1109 3 4 .
344 1099 13 14 I
391 1095 122 22 17,461,146
532 1083 13 46 ;
570 1093 143 24 14,376,648
709 1083 12 46 |
746 1093 124 23 31,887,794

171 1149 8 10 »
205 1134 69 19 1889.
307 1149 3 4 +
343 1150 14 11 .|
391 1135 120 22 15,702,841
534 1142 1 14 |
568 1135 123 22 22,363,842
712 1143 1 16 |
746 1133 123 23 38,066,683

260 1179 96 27 Summa;
389 1181 123 22 50,456,538
567 1181 123 22 50,433,249
708 1175 16 35 —
733 1179 136 23 100,889,787

205 1247 73 22 Under
294 1248 50 21 åren
363 1249 139 20 1884—1886
518 1248 117 26 beviljades
650 1247 123 27 inteckning
789 1247 33 21 för
838 1253 56 15 sam-

137 1287 108 26 manlagdt
268 1289 128 26 74,072,879
420 1288 67 27 mark,
508 1288 61 21 deraf
583 1289 27 25 pä
627 1288 73 21 landet
716 1287 33 21 för
765 1287 128 26 44,070,365

136 1326 61 21 mark
213 1327 38 20 och
266 1327 7 21 i
290 1328 101 21 städerna
407 1328 32 21 för
455 1329 127 25 30,002,514
599 1327 69 21 mark.
698 1327 43 21 Det
760 1327 84 26 belopp,
861 1326 33 21 för

136 1366 81 21 hvilket
240 1367 68 21 under
331 1367 100 22 trienniet
454 1369 139 20 1887—1889
609 1367 123 27 inteckning
748 1367 105 26 beviljats,
870 1367 24 19 är

137 1406 87 26 således,
248 1407 58 21 såväl
325 1407 57 22 hvad
401 1408 104 26 egendom
521 1408 28 27 pä
564 1408 73 21 landet
653 1413 45 16 som
714 1407 40 21 den
770 1407 8 20 i
794 1407 48 20 stad
858 1406 35 21 be-

136 1446 81 28 träffar,
241 1447 65 26 högre
330 1449 26 18 än
381 1449 68 20 under
471 1448 102 21 trienniet
598 1449 150 23 1884—1886;
776 1447 37 20 och
831 1447 63 26 utgör
