1078 1692
244 132 27 22 74

215 194 109 28 befintliga
345 195 51 27 skåp
420 195 38 21 och
480 195 67 21 kistor
570 195 114 27 nycklarne
707 191 196 32 omhänderhafvas,
925 196 35 22 vid

215 229 179 22 hufvudkontoret
422 230 22 21 af
472 230 161 21 kommissarien
663 230 39 21 och
732 230 161 22 öfverkassören
921 230 39 22 och

214 264 34 20 vid
275 264 222 27 afdelningskontoren
523 264 23 22 af
570 264 158 22 vederbörande
754 264 145 22 kommissarie
922 265 38 21 och

213 298 82 22 kassör.

282 332 195 22 Hufvudkontorets
495 333 148 27 vexelportfölj
662 332 96 22 förvaras
779 333 66 21 under
860 332 100 22 direktio-

215 372 52 15 nens
286 367 104 21 särskilda
408 367 51 21 vård
477 367 6 21 i
500 367 47 21 dess
563 366 127 27 kassahvalf,
706 367 33 21 till
756 367 82 21 hvilket
853 366 107 22 ordföran-

216 400 40 22 den
272 400 39 22 och
326 408 25 14 en
366 401 23 21 af
402 402 143 21 ledamöterne
559 401 112 22 innehafva
685 401 53 21 hvar
753 402 33 20 sin
802 402 79 26 nyckel.

282 441 98 22 Bankens
405 442 140 25 skuldsedlar,
567 444 76 24 panter
664 441 40 21 och
726 441 235 27 säkerhetshandlingar

216 475 33 21 stå
270 476 35 20 vid
328 476 177 21 hufvudkontoret
526 476 68 21 under
616 476 66 21 förste
704 476 147 21 kamrerarens
869 476 39 22 och
926 476 34 21 vid

214 509 223 27 afdelvingskontoren
463 510 67 21 under
555 510 173 21 kommissariens
754 510 52 21 värd
829 510 37 22 och
889 510 71 27 tillsyn

215 545 57 20 samt
293 544 95 22 förvaras
411 544 7 21 i
438 544 109 21 brandfria
565 544 64 26 hvalf,
648 544 85 21 hvartill
753 550 39 16 ena
811 544 88 28 nyckeln
918 550 42 16 om-

215 578 155 22 händerhafves
392 578 22 22 af
434 585 79 15 samme
535 578 130 28 kamrerare]
680 579 52 21 eller
755 579 145 21 kommissarie
922 578 38 22 och

215 612 38 22 den
273 613 65 21 andra
358 612 36 22 vid
411 613 178 21 hufvudkontoret
607 613 23 21 af
648 613 160 21 kommissarien
827 613 38 21 och
880 613 35 21 vid
930 613 30 21 af-

215 647 199 27 delningskontoren
437 648 22 21 af
478 648 108 20 kassören.
616 648 31 21 På
669 648 110 21 enahanda
801 649 43 19 sätt
866 647 94 22 förvaras

215 682 34 20 vid
272 681 179 22 hufvudkontoret
472 682 95 21 bankens
585 682 181 22 sedelblanketter
784 682 39 21 och
841 682 34 21 vid
894 682 66 21 afdel-

215 716 164 26 ningskontoren
395 716 108 22 derstädes
519 716 110 27 befintliga
643 716 77 22 vexlar.

281 751 74 32 Öppna
380 756 38 21 och
436 756 69 21 slutna
525 756 149 27 depositioner,
693 762 45 16 som
756 756 87 22 Banken
864 757 7 21 i
890 756 71 22 förvar

215 791 117 26 emottagit,
352 790 32 22 stå
402 791 67 21 under
486 792 106 20 närmaste
611 791 70 27 tillsyn
701 790 38 22 och
759 790 51 22 vård
826 790 23 22 af
861 790 99 22 kommis-

215 824 69 21 sarien
308 824 38 21 och
370 824 94 21 förvaras
484 825 30 20 uti
537 825 102 20 särskildt
661 825 64 26 hvalf,
744 824 85 21 hvartill
853 831 38 15 ena
912 830 49 21 nyc-

213 859 51 20 keln
282 859 188 21 omhänderhafves
488 858 23 22 af
527 859 76 21 honom
622 859 39 21 och
678 859 41 21 den
735 859 66 21 andra
817 859 23 21 af
853 858 107 22 öfverkas-

214 894 68 20 sören.

281 933 49 21 Alla
354 933 134 27 uttagningar
510 933 48 22 från
580 933 39 22 och
640 933 140 27 insättningar
802 934 7 20 i
827 933 94 21 hvalfvet
939 932 23 21 af

214 967 117 26 penningar
350 967 52 22 eller
420 968 109 27 omyntadt
546 968 51 26 guld
617 968 51 21 eller
688 967 72 22 silfver
778 967 60 22 skola
853 967 33 22 vid
902 967 58 21 såväl

215 1001 180 22 hufvudkontoret
410 1008 43 15 som
470 1002 222 27 afdelningskontoren
708 1001 101 22 bokföras
824 1002 7 21 i
842 1008 25 15 en
877 1002 7 21 i
894 1001 66 22 hvalf-

215 1038 35 19 vet
265 1035 98 22 förvarad
379 1036 156 27 hvalfsspecial.

280 1076 32 21 De
332 1076 22 21 af
369 1076 94 21 bankens
479 1076 90 21 embets-
585 1076 38 21 och
639 1076 133 27 tjenstemän,
790 1081 44 16 som
849 1075 111 22 innehafva

214 1110 88 27 nycklar
320 1111 32 20 till
372 1110 93 21 bankens
483 1110 60 21 hvalf
557 1111 52 20 eller
624 1111 122 26 kassaskåp,
766 1111 57 25 böra,
840 1116 32 15 om
888 1110 26 21 de
929 1109 31 22 af-

213 1145 74 26 lägsna
305 1145 32 26 sig
356 1144 46 21 från
421 1145 80 26 staden,
517 1145 129 21 öfverlemna
665 1145 114 27 nycklarne
797 1145 67 20 under
880 1144 80 27 förseg-

212 1179 44 26 ling
279 1179 32 20 till
334 1185 67 15 annan
425 1179 93 21 bankens
537 1179 12 21 å
568 1181 59 20 orten
647 1179 96 21 vistande
762 1178 125 27 tjensteman
906 1178 54 21 efter

213 1213 145 21 direktionens
374 1213 163 22 bestämmande.

554 1281 12 28 $
578 1281 37 28 40.

280 1327 98 22 Bankens
397 1327 90 22 hufvud-
507 1328 52 21 eller
575 1327 196 27 afdelningskontor
783 1327 66 26 jemte
864 1327 38 21 der
917 1327 42 21 för-

213 1361 79 22 varade
307 1362 137 21 redbarheter
459 1362 40 27 må,
516 1362 26 21 då
557 1362 93 21 bankens
666 1361 100 22 säkerhet
781 1361 75 22 sådant
870 1361 89 26 fordrar,

213 1395 106 28 förflyttas
345 1396 33 21 till
403 1402 67 15 annan
497 1397 34 20 ort
555 1396 56 21 inom
639 1396 78 26 landet,
740 1401 44 16 som
811 1395 22 21 af
857 1394 102 22 Senatens

212 1429 118 22 Ekonomie
355 1430 158 27 Departement,
535 1430 27 27 pä
587 1429 202 27 bankfullmäktiges
816 1429 86 26 förslag,
924 1429 36 21 be-

211 1459 107 26 stämmes.
