1078 1692
821 131 28 21 55

123 193 88 21 Banken
233 194 65 25 ,utan
320 186 112 33 dröjsmål
453 192 46 21 åter
516 192 106 28 föryttras,
641 192 87 22 sålunda
746 191 132 27 modifierats,

125 228 32 20 att
172 226 195 27 återförsäljningen
381 227 38 20 bör
433 226 92 27 försiggä
541 227 36 25 ,,sä
592 227 58 21 snart
664 226 36 21 ske
716 226 60 21 kan.''

194 260 80 22 Genom
296 260 102 21 särskilda
416 260 53 21 efter
487 260 57 21 hand
565 261 100 26 vidtagna
682 260 157 27 nedsättningar
858 260 23 21 af

123 295 131 27 provisionen
269 294 32 21 för
316 294 98 21 Bankens
430 294 135 27 anvisningar
579 294 39 21 har
629 294 73 21 afsetts
714 295 31 20 att
756 294 64 27 sagda
830 294 49 21 med

124 335 27 15 en
169 328 181 27 sedelutgifvande
370 328 109 21 statsbank
496 328 45 21 icke
556 329 34 20 väl
605 328 181 21 sammanstående
802 328 78 21 debite-

125 362 47 27 ring
189 362 8 21 i
212 362 67 22 sinom
294 362 30 21 tid
340 362 69 21 kunde
424 362 45 21 helt
484 362 38 21 och
537 362 64 22 hållet
616 362 100 28 upphöra.
745 362 40 21 För
799 362 80 28 möjlig-

124 396 102 27 görandet
246 396 64 21 häraf
325 396 39 21 har
384 396 125 21 hithörande
528 396 133 27 bestämning
678 396 8 21 i
704 397 19 26 8:
743 396 27 21 32
788 397 91 21 affattats

124 430 94 26 sålunda,
235 431 32 20 att
281 430 27 28 på
325 430 193 27 Bankfullmäktige
533 430 121 22 ankommer
670 432 31 20 att
715 431 116 21 bestämma
845 437 35 15 om

123 465 39 21 och
184 464 33 21 till
239 464 79 21 hvilket
340 464 74 28 belopp
436 464 104 28 provision
557 465 38 21 bör
614 465 101 21 beräknas
732 465 32 21 för
782 465 96 21 Bankens

124 498 134 27 anvisningar
276 498 27 28 på
321 498 63 21 finskt
398 499 66 27 mynt.
494 498 47 22 Den
553 499 78 27 jemväl
646 499 49 27 eljes
710 499 123 21 förändrade
848 505 32 15 re-

126 533 112 21 daktionen
254 532 23 22 af
289 532 157 28 ifrågavarande
461 533 20 27 8:
497 533 39 21 har
551 534 55 20 skett
620 534 7 20 i
643 533 53 27 syfte
710 534 32 20 att
751 533 129 27 undanrödja

124 566 41 22 den
179 567 8 21 i
204 567 55 21 1885
278 567 33 21 års
326 567 79 27 förslag
420 566 168 22 förekommande
603 568 158 26 inkonseqvens,
776 568 31 20 att
821 568 59 26 läng-

124 602 33 20 sta
175 601 141 21 förfallotiden
334 601 33 21 för
381 601 41 26 lån,
438 601 70 21 vexlar
523 608 28 14 m.
566 608 27 14 m.
609 602 67 20 skulle
690 602 72 21 kunna
776 602 23 20 af
810 602 70 20 Bank-

124 636 138 26 fullmäktige,
274 636 52 20 utan
336 636 147 20 Direktionens
494 636 99 25 hörande,
604 636 134 26 bestämmas,
750 636 65 21 ehuru
825 636 55 26 sjelf-

124 669 60 21 fallet
205 669 147 21 Direktionens
375 670 123 21 samverkan
516 670 8 20 i
541 670 70 20 denna
629 670 151 26 angelägenhet
798 671 22 19 är
837 670 43 20 lika

124 703 97 28 påkallad
239 710 45 14 som
303 704 32 20 för
352 704 157 20 fastställandet
523 704 23 21 af
558 704 98 21 Bankens
671 704 132 26 räntesatser,
819 704 61 20 hvar-

124 739 59 20 utom
205 738 169 20 bestämmandet
394 738 24 20 af
433 738 132 27 provisionen
583 738 32 20 för
632 738 158 26 inkasseringar,
810 744 45 14 som
872 737 8 21 i

125 772 56 22 1885
203 772 34 21 års
259 772 79 26 förslag
361 772 130 21 förbehällits
509 772 198 26 Bankfullmäktige,
726 772 79 20 ansetts
823 772 56 25 böra,

124 806 89 21 likasom
227 806 111 24 härintills,
354 806 111 21 ankomma
480 806 27 27 på
521 806 141 20 Direktionen.

192 840 49 21 Med
260 840 19 27 8:
300 840 34 25 35,
353 846 45 15 som
416 841 23 19 är
453 840 87 21 hemtad
555 840 45 20 från
615 840 172 20 Bankutskottets
801 839 78 26 förslag

124 875 33 21 till
171 874 191 27 bankreglemente,
376 873 93 27 afbrytes
485 873 231 22 öfverensstämmelsen
730 873 7 21 i
752 873 127 28 paragrafer-

124 915 38 15 nas
177 908 151 27 ordningsföljd
344 908 89 21 emellan
449 907 36 21 det
494 914 30 14 nu
533 907 143 27 föreliggande
687 907 38 21 och
735 907 35 21 det
780 907 23 20 af
810 907 69 20 Bank-

125 943 130 26 fullmäktige
279 942 34 21 vid
330 941 56 22 1885
404 942 33 21 års
455 941 103 27 landtdag
577 941 78 26 afgifna
674 941 205 26 författningsförsla-

125 977 42 26 get,
181 976 97 21 hvarföre
297 976 7 21 i
323 976 35 21 det
373 975 90 28 följande
479 975 26 21 de
520 975 57 21 inom
592 975 101 21 klammer
711 974 168 22 förekommande

125 1010 95 21 siffrorna
242 1010 102 21 beteckna
368 1009 146 22 motsvarande
533 1009 130 28 paragrafers
685 1009 195 26 ordningsnummer

124 1044 67 27 enligt
206 1044 132 21 sistnämnda
352 1043 83 27 förslag.

193 1079 31 21 De
244 1078 139 27 stadganden,
401 1085 45 14 som
463 1077 51 27 ingå
532 1077 7 21 i
557 1078 19 26 8:
597 1078 27 21 10
641 1077 22 21 af
676 1077 75 26 nådiga
765 1075 115 22 förordnin-

124 1119 41 21 gen
185 1112 41 21 den
241 1112 27 21 28
283 1112 43 27 Maj
344 1112 62 25 1889,
421 1111 129 21 beträffande
565 1111 78 21 vården
657 1111 39 21 och
711 1111 98 26 tillsynen
823 1109 57 21 öfver

125 1146 107 21 äfvensom
258 1146 162 27 ansvarigheten
441 1145 32 21 för
496 1145 115 21 innehållet
631 1145 8 20 i
660 1145 97 20 Bankens
780 1143 101 22 särskilda

125 1179 63 26 hvalf,
200 1180 112 21 återfinnas
326 1180 8 20 i
350 1180 18 26 8:
385 1180 27 21 39
428 1179 45 28 (38)
488 1179 23 21 af
524 1179 134 21 förevarande
669 1177 212 28 författningsförslag

125 1213 32 22 uti
172 1219 26 15 en
213 1213 64 27 något
291 1213 122 28 utförligare
428 1213 116 26 redaktion,
555 1213 134 27 hvarigenom
701 1212 97 21 särskildt
808 1211 73 21 afsetts

126 1248 31 20 att
172 1247 119 27 förtydliga,
304 1247 36 21 det
355 1247 40 21 den
412 1247 105 27 egentliga
531 1247 78 21 vården
624 1247 56 20 öfver
692 1246 50 27 guld
756 1246 39 21 och
805 1245 76 26 silfver,

126 1281 98 27 myntadt
244 1281 39 21 och
302 1281 116 27 omyntadt,
437 1281 145 27 kopparmynt,
601 1281 75 26 sedlar,
695 1281 130 26 statspapper
843 1279 39 20 och

126 1315 137 26 obligationer
278 1315 54 21 skall
350 1315 69 27 åligga
434 1315 157 21 öfverkassören
605 1315 35 20 vid
654 1314 175 21 hufvudkontoret
844 1312 38 21 och

126 1349 73 20 kassör
222 1348 34 21 vid
275 1349 225 27 afdelningskontoren.
530 1349 79 20 Härvid
629 1350 22 19 är
666 1348 77 27 jemväl
762 1348 31 20 att
810 1346 73 21 märka

127 1382 40 21 den
186 1382 98 21 afvikelse
303 1383 8 20 i
329 1383 163 27 formuleringen
512 1383 23 20 af
549 1382 125 21 hithörande
690 1381 132 24 föreskrifter,
838 1385 45 15 som

126 1416 114 21 föranledts
256 1416 23 21 af
296 1423 25 14 en
340 1417 99 26 vidtagen
454 1416 177 27 omorganisation
649 1416 23 21 af
688 1415 97 22 Bankens
802 1414 82 20 kamre-

125 1450 126 27 rarekontor,
262 1450 88 21 hvarom
360 1451 39 21 här
410 1451 69 21 nedan
489 1451 36 21 vid
536 1451 32 26 $$:
580 1451 29 20 50
620 1450 38 21 och
670 1450 25 21 51
705 1450 95 20 närmare
809 1446 75 23 omför-
