1078 1692
426 142 25 22 U.
467 142 25 21 B.
507 142 126 21 III—XXV.
846 142 26 20 47

433 466 185 28 Reservationer.

520 536 16 20 I

218 581 110 21 Utskottet
344 581 80 21 uttalar
433 581 32 27 sig
474 581 7 21 i
490 581 32 21 sin
530 581 136 27 redogörelse
674 581 34 21 för
718 580 186 28 utlåningsfonden

149 622 47 20 pag.
213 616 25 20 38
254 615 27 27 pä
296 615 93 27 följande
405 617 52 19 sätt:
473 616 74 26 ,Hvad
563 616 48 20 åter
623 616 67 26 angår
705 615 62 21 lånen
776 615 22 21 åt
809 615 95 21 fabriker

150 650 39 21 och
203 650 59 26 bruk,
279 650 39 20 har
333 649 111 21 Utskottet
459 652 71 19 ansett
545 650 108 27 synnerlig
668 650 130 26 urskillning
808 649 53 21 böra
870 650 34 20 ut-

149 684 66 26 öfvas,
231 684 32 21 för
279 686 32 19 att
326 684 47 20 icke
388 690 75 20 genom
480 684 62 21 dessa
557 684 35 21 lån
608 684 79 21 bereda
702 690 26 14 en
744 684 34 20 del
790 683 113 21 inrättnin-

149 725 38 21 gar
201 718 105 21 särskilda
321 718 107 21 förmåner
443 718 51 21 eller
510 718 97 22 försvåra
621 719 161 21 konkurrensen
798 718 33 21 för
849 718 54 25 dem,

149 758 46 16 som
216 753 18 27 ej
257 753 72 20 kunna
350 753 87 21 komma
459 753 6 20 i
481 753 126 27 åtnjutande
623 753 23 21 af
660 753 116 21 desamma.
805 752 45 21 Och
864 752 40 20 har

149 787 36 21 det
207 789 57 25 synts
286 787 118 26 Utskottet,
428 789 31 19 att
479 787 96 21 Statslån
599 787 65 21 borde
679 787 87 21 komma
781 786 75 21 endast
872 786 32 21 så-

150 822 54 20 dana
224 821 114 21 industrier
353 821 32 21 till
400 822 62 26 godo,
480 828 45 14 som
542 824 37 19 äro
599 822 6 20 i
624 821 66 22 behof
704 821 24 21 af
741 820 116 22 understöd
872 820 33 21 för

149 857 32 19 att
196 856 72 20 kunna
282 855 99 21 utveckla
396 855 38 27 sig,
451 855 53 21 eller
519 855 28 22 då
563 856 37 20 det
615 856 68 27 gäller
698 857 32 19 att
746 854 156 23 tillfredsställa

149 889 140 27 kreditbehof,
312 895 45 15 som
373 889 18 27 ej
407 889 23 21 af
437 889 131 28 förefintliga
576 889 176 22 kreditanstalter
761 889 143 27 tillgodoses."

217 923 33 21 Då
269 923 37 28 jag
324 923 47 22 icke
386 924 82 21 kunnat
484 923 74 22 förena
574 924 44 27 mig
633 931 34 14 om
684 926 33 19 att
732 926 32 19 ett
780 923 75 22 sådant
870 924 34 19 ut-

153 957 85 22 talande
252 958 81 21 skullei
341 958 148 21 betänkandet
495 959 56 26 ingå,
561 965 63 14 anser
630 959 37 26 jag
673 959 44 27 mig
725 959 52 20 böra
788 958 72 21 derom
869 963 36 15 an-

150 992 57 21 mäla
222 993 56 20 samt
289 992 71 21 tillika
375 993 105 26 redogöra
497 992 32 21 för
546 993 26 20 de
588 993 53 24 skäl,
657 999 45 15 som
714 993 97 21 inverkat
819 992 28 27 på
855 991 49 21 mitt

153 1026 163 27 handlingssätt.

218 1061 126 21 Uttalandet
358 1060 56 21 afser
422 1060 143 28 förmodligen
581 1063 30 19 ett
627 1061 93 21 indirekt
736 1061 89 21 klander
833 1060 24 21 af
862 1061 42 20 Re-

150 1095 106 27 geringen,
273 1101 45 15 som
334 1095 46 21 icke
388 1095 49 21 med
445 1095 65 27 nödig
517 1095 128 27 urskillning
655 1095 68 21 skulle
731 1095 105 21 handhaft
849 1095 55 21 utlå-

150 1129 77 27 ningen
242 1135 24 15 ur
282 1129 69 21 denna
367 1129 57 25 fond,
440 1129 87 22 hvarför
543 1130 113 21 Utskottet
671 1136 63 15 anser
742 1130 32 27 sig
784 1129 52 21 böra
847 1129 58 27 gifva

149 1164 132 27 Regeringen
304 1164 56 27 goda
375 1164 45 26 råd,
443 1164 55 21 huru
513 1164 125 27 utlåningen
653 1165 114 26 rätteligen
782 1164 39 21 bör
837 1163 67 22 hand-

149 1197 81 22 hafvas.
260 1197 95 22 Statslän
370 1198 71 21 kunna
457 1198 32 21 för
505 1198 135 21 industriella
655 1199 99 20 ändamål
770 1198 77 27 gifvas,
857 1204 47 15 men

150 1232 73 21 endast
246 1232 22 21 åt
289 1232 58 21 vissa
369 1232 46 27 slag
430 1232 23 21 af
467 1232 122 26 industrier,
606 1233 108 27 nämligen
732 1235 31 19 1:o
780 1233 21 20 åt
817 1232 85 26 sådana,

149 1272 45 15 som
220 1267 37 20 äro
282 1266 7 21 i
314 1266 66 21 behof
398 1266 24 21 af
438 1267 117 20 understöd
574 1266 33 21 för
623 1268 32 19 att
670 1267 72 20 kunna
757 1266 99 21 utveckla
872 1265 33 28 sig

149 1302 55 19 samt
229 1301 32 20 2:o
287 1301 22 20 åt
335 1301 86 24 sådana,
437 1301 84 20 hvilkas
542 1300 139 22 kreditbehof
698 1301 18 26 ej
733 1301 24 20 af
776 1300 130 27 förefintliga

149 1334 173 21 kreditanstalter
340 1335 131 26 tillgodoses.
498 1335 50 20 Men
566 1341 28 14 nu
617 1334 68 21 finnas
707 1335 47 21 icke
770 1335 7 20 i
792 1335 47 20 vårt
855 1334 50 21 land

149 1368 66 27 några
229 1369 181 26 kreditanstalter,
426 1375 46 15 som
487 1369 78 26 bevilja
581 1369 148 27 ouppsägbara
744 1369 42 25 lån,
801 1368 52 21 eller
869 1367 36 21 lån

148 1403 27 26 på
199 1403 49 27 lång
272 1403 39 26 tid,
337 1403 39 21 och
400 1403 35 21 det
458 1405 24 19 är
495 1403 44 27 just
558 1403 80 21 sådana
652 1403 42 26 lån,
711 1409 45 15 som
773 1403 42 20 alla
831 1402 25 21 de
871 1402 33 21 in-

149 1437 90 21 dustrier
260 1437 98 26 behöfva,
382 1437 73 21 hvilka
470 1437 47 21 icke
533 1444 40 20 ega
592 1437 126 27 tillräckligt
736 1436 168 27 rörelsekapital.

216 1476 139 17 Staisutskottets
368 1476 110 17 betänkande
489 1476 38 17 N:o
540 1477 17 16 3.
