1078 1692
207 156 27 20 42

178 218 64 26 penni
258 219 55 19 samt
328 218 109 20 dessutom
452 218 12 19 2
481 218 66 26 ryska
562 217 220 27 premieobligationer
796 216 32 20 till
845 218 30 18 ett
898 223 38 14 no-

177 252 75 20 minelt
274 252 64 20 värde
360 252 23 20 af
403 252 40 20 200
467 252 68 24 rubel;
554 251 51 21 därä
620 252 120 25 Kejserliga
756 251 97 23 Senaten,
869 251 66 25 enligt

177 286 56 20 hvad
256 286 288 26 Ecklesiastikexpeditionen
560 286 7 20 i
582 286 47 20 bref
641 286 23 19 af
678 286 40 20 den
734 285 27 20 20
778 286 84 25 januari
882 285 52 20 1888

177 320 107 20 meddelat
307 320 157 23 statskontoret,
480 326 82 14 samme
577 320 42 26 dag
634 320 56 20 velat
705 320 64 19 hafva
784 320 151 19 statskontoret

177 354 107 20 anbefaldt
306 356 31 17 att
360 353 80 27 ärligen
455 354 33 20 till
511 354 147 20 nästbemälda
678 354 104 20 direktion
801 354 93 19 utbetala
908 353 26 19 de

177 388 32 20 för
223 387 127 27 föregående
366 388 22 20 är
403 389 106 26 upplupna
524 390 71 18 räntor
610 388 13 20 å
638 389 68 19 denna
721 388 57 20 fond.

246 422 82 20 Största
343 423 61 19 delen
420 424 21 18 af
454 423 89 20 fondens
559 422 115 27 tillgängar
687 424 37 18 äro
738 422 111 26 placerade
863 422 7 19 i
885 423 49 19 rän-

176 456 114 20 tebärande
306 457 201 26 statsobligationer.

200 558 39 27 14.
278 558 158 34 Sydvestra
454 558 144 27 Finlands
617 558 291 33 Bruksstipendium.

244 628 35 19 Uti
294 634 26 14 en
335 628 32 20 till
386 628 196 26 industristyrelsen
598 628 56 20 stäld
670 628 111 20 skrifvelse
803 628 32 19 för
857 628 39 19 den
920 627 12 20 3

172 662 85 25 januari
279 662 54 20 1887
349 662 63 20 hafva
426 662 160 26 Bruksegarene
601 662 95 20 Friherre
717 662 24 20 E.
765 662 103 26 Hisinger,
887 662 45 18 Fri-

175 696 59 19 herre
250 696 22 19 F.
288 696 23 19 L.
327 696 104 26 Hisinger,
447 696 96 20 Friherre
558 696 23 20 F.
597 696 77 20 Linder
688 696 42 20 och
745 696 74 20 Albert
834 702 40 14 von
896 696 36 19 Ju-

174 730 30 19 lin
220 732 56 17 samt
291 730 190 26 Bergsingeniören
497 730 22 20 C.
536 730 22 20 P.
575 730 119 20 Solitander
709 730 41 20 och
765 730 168 26 Baningeniören

175 764 24 19 H.
215 764 24 19 R.
255 764 91 23 Bremer,
362 765 48 19 med
425 765 103 19 förmälan
544 766 31 18 att
593 765 61 19 deras
676 764 93 20 förfäder
791 765 97 25 omkring
910 763 23 21 är

176 798 54 20 1830
246 798 174 26 sammanskjutit
435 798 141 26 grundplåten
591 799 33 19 till
639 805 26 13 en
681 798 157 26 penningefond
853 799 31 19 för
899 800 33 18 ut-

174 832 100 25 veckling
290 832 22 19 af
325 832 93 26 kunnige
437 833 182 19 hammarsmeder
637 833 40 19 och
695 833 160 19 bruksarbetare
875 833 57 19 inom

173 866 83 19 landets
280 865 119 21 dåvarande
422 867 63 19 södra
507 867 214 26 bergstingsdistrikt,
744 866 89 20 anhållit
851 868 30 18 att
899 867 33 19 till

173 900 199 26 industristyrelsen
394 900 21 20 fä
435 901 130 20 öfverlemna
585 901 77 20 fonden
684 901 48 20 med
752 901 62 24 3,235
830 901 59 19 mark
904 901 26 19 51

173 934 63 25 penni
252 936 56 18 samt
323 935 74 19 därvid
412 935 127 20 föreskrifvit
554 936 65 19 bland
637 937 64 18 annat
723 935 94 26 följande
839 935 93 20 bestäm-

173 968 81 25 ningar,
271 975 47 13 som
333 969 97 20 bemälde
445 970 111 19 donatorer
577 971 70 18 ansett
669 970 67 19 under
758 969 73 20 nutida
852 968 79 21 förhäl-

173 1002 77 19 landen
266 1004 55 18 mest
336 1003 189 20 öfverensstämma
544 1004 49 19 med
611 1004 61 19 deras
690 1004 104 19 förfäders
816 1010 115 19 ursprung-

173 1036 43 26 liga
232 1037 70 25 afsigt,
318 1037 119 26 nämligen:

242 1073 31 17 att
296 1071 65 20 sedan
384 1073 113 19 omordade
520 1072 81 26 kapital
623 1073 113 19 förräntats
752 1072 46 19 tills
813 1073 118 18 detsamma

172 1103 88 26 uppgätt
275 1105 33 18 till
323 1105 63 23 4,000
402 1106 66 23 murk,
482 1106 75 23 skulle,
569 1105 24 21 sä
603 1106 64 26 länge
679 1106 153 26 undervisning
842 1106 7 19 i
859 1106 72 25 bergs-

171 1137 127 27 handtering
316 1139 135 20 meddelades
467 1140 94 20 hvarken
576 1141 36 18 vid
627 1141 168 19 industriskolan
809 1141 8 18 i
832 1140 99 26 Helsing-

171 1172 42 19 fors
230 1172 51 20 eller
296 1173 35 19 vid
346 1173 167 21 industriskolan
529 1175 7 18 i
549 1167 54 31 Åbo,
613 1175 35 20 nio
659 1175 132 20 tiondedelar
805 1175 24 19 af
841 1175 40 19 den
898 1173 33 21 är-

171 1205 44 26 liga
230 1207 76 19 räntan
322 1206 12 20 å
350 1207 128 21 donationen
493 1209 110 19 användas
622 1207 73 21 såsom
716 1209 117 19 understöd
852 1207 22 20 ät
896 1207 35 21 sä-

171 1240 55 19 dana
242 1241 69 19 elever
326 1241 36 19 vid
377 1242 146 20 förstnämnda
539 1243 67 23 skola,
622 1249 47 13 som
687 1243 37 19 vid
746 1242 65 27 något
831 1243 100 25 järnverk

170 1273 58 20 inom
244 1274 98 26 Nylands
358 1275 52 20 eller
426 1269 46 28 Åbo
488 1277 41 19 och
542 1277 142 26 Björneborgs
699 1277 37 20 län
752 1277 74 19 vunnit
841 1277 40 19 den
899 1277 32 20 för

170 1307 83 20 inträde
268 1309 8 18 i
292 1309 76 20 skolan
383 1310 78 26 nödiga
477 1311 109 25 praktiska
601 1311 179 26 underbyggnad;

240 1344 31 17 att
286 1341 134 23 återstående
435 1351 27 13 en
478 1345 107 20 tiondedel
600 1346 23 19 af
635 1347 75 19 räntan
725 1346 66 19 borde
806 1345 76 26 läggas
898 1346 33 20 till

169 1375 114 26 kapitalet;

238 1412 32 17 att
286 1411 86 20 skolans
391 1412 186 27 lärarekollegium
594 1413 41 20 och
655 1414 200 26 industristyrelsen
877 1414 53 26 egde

169 1443 8 19 i
193 1443 86 21 samråd
294 1445 83 20 besluta
392 1452 35 14 om
443 1447 155 20 understödens
613 1444 133 34 utgifvande;
