1078 1692
805 125 27 22 83

115 189 39 21 den
174 188 54 28 åsigt
246 189 105 27 gällande,
368 196 44 15 som
431 189 100 21 omfattas
551 189 22 21 af
587 189 26 21 de
629 188 61 22 flesta
705 190 102 25 rösterna,
824 188 38 22 och

115 224 40 20 den
170 223 112 21 förefallna
297 224 158 26 omröstningen
471 224 54 20 skall
541 223 115 21 antecknas
671 223 7 21 i
696 224 139 20 memorialet.

183 258 40 21 Vid
246 258 70 21 förfall
335 258 52 21 eller
404 258 33 27 jäf
454 258 33 20 för
506 258 122 26 någondera
646 257 23 21 af
686 257 131 21 komiterade
833 258 30 20 in-

115 292 68 21 kallas
201 292 6 21 i
226 292 52 21 hans
298 292 61 21 ställe
378 292 119 26 suppleant.
527 287 29 26 Är
578 292 203 20 bankkommissarie
797 291 67 27 jäfvig

116 326 53 22 eller
183 328 24 19 är
222 327 75 21 endast
312 333 26 14 en
356 326 119 22 komiterad
491 326 6 21 i
512 326 85 21 tillfälle
612 328 31 19 att
656 326 66 26 jemte
738 326 66 21 denne
821 325 43 21 del-

116 362 49 25 taga
187 361 7 21 i
216 360 97 27 pröfning
335 361 23 21 af
378 361 85 26 ärende,
482 360 42 22 kan
543 361 118 21 detsamma
680 360 22 21 af
720 360 35 21 två
774 360 91 27 afgöras,

117 401 33 15 om
165 395 26 21 de
207 397 36 19 äro
259 401 33 15 om
307 395 93 21 beslutet
416 401 56 15 ense.

460 458 11 28 8
487 459 35 21 65.

185 498 136 22 Komiterade
344 499 81 27 åtnjuta
444 499 79 21 arvode
542 499 33 21 till
594 499 85 26 belopp,
698 504 45 16 som
762 498 23 22 af
801 497 65 22 bank-

119 533 131 27 fullmäktige
266 533 26 27 på
308 533 143 21 direktionens
466 532 157 27 framställning
638 533 123 21 fastställes.

421 632 60 33 Kap.
500 631 67 27 VILL

314 683 36 23 Om
365 683 94 23 revision
474 684 41 22 och
529 683 145 28 inventering.

464 729 11 28 8
491 730 34 22 66.

189 770 138 21 Revisorerne
346 770 164 26 sammanträda,
526 770 27 27 på
572 770 90 22 kallelse
679 770 23 21 af
715 769 155 22 bankfullmäk-

121 804 49 27 tige,
189 804 4 20 i
208 804 132 27 Helsingfors
356 804 67 22 första
437 804 93 27 helgfria
546 805 41 26 dag
602 805 7 21 i
624 805 54 26 april
695 804 83 21 månad.

189 838 45 21 Har
248 839 81 20 revisor
343 839 78 26 förfall,
432 839 84 21 anmäle
531 840 74 19 derom
621 839 38 20 hos
673 838 197 26 bankfullmäktige,

123 879 44 15 som
186 879 38 20 ega
240 873 85 26 vidtaga
340 873 75 26 åtgärd
431 879 33 15 om
480 873 123 21 inkallande
619 873 23 20 af
656 873 89 26 behörig
760 872 112 27 suppleant

122 907 7 20 i
144 907 53 20 hans
213 907 67 21 ställe.

190 941 139 22 Revisorerne
348 944 46 19 utse
412 942 56 21 inom
488 942 33 27 sig
537 942 127 21 ordförande
682 941 39 22 och
736 941 70 21 kunna
822 941 50 20 mel-

123 976 34 21 lan
176 976 33 26 sig
227 976 82 21 fördela
324 976 121 26 göromålen
462 976 70 21 såsom
549 977 48 20 dem
613 976 98 27 lämpligt
726 981 68 21 synes.
823 975 49 21 Men

123 1016 34 15 om
175 1010 60 27 fråga
253 1011 88 26 uppstår
358 1011 109 26 angående
487 1011 141 26 anmärkning
648 1010 52 21 eller
719 1015 67 16 annan
802 1011 71 19 anmä-

123 1045 42 26 lan,
187 1045 61 20 skola
272 1045 97 26 samtlige
395 1045 106 21 revisorer
527 1045 6 20 i
559 1045 162 27 öfverläggning
744 1043 38 22 och
803 1043 71 21 beslut

124 1079 72 21 derom
212 1079 90 26 deltaga.

191 1113 93 27 Uppstår
307 1113 146 27 skiljaktighet
474 1113 7 21 i
505 1114 117 27 meningar,
641 1114 57 27 gälle
717 1113 69 22 såsom
805 1112 70 21 beslut

125 1147 39 20 den
183 1147 61 27 åsigt,
263 1148 85 21 hvilken
366 1148 99 21 omfattas
486 1148 24 21 af
525 1149 25 20 de
565 1148 62 21 flesta
643 1150 103 19 rösterna.
776 1147 40 21 Vid
832 1147 43 20 lika

124 1181 57 21 antal
192 1183 69 20 röster
271 1182 33 21 för
314 1183 57 20 olika
381 1183 109 26 meningar
501 1183 39 20 har
549 1183 140 20 ordföranden
700 1181 114 28 afgörande
823 1182 51 19 röst.

193 1216 40 21 Vid
253 1217 143 20 revisorernes
414 1217 171 21 sammanträden
605 1217 57 21 föres
677 1216 106 27 protokoll
799 1215 22 22 af
835 1215 40 21 den

124 1249 132 22 revisorerne
272 1251 71 20 dertill
358 1253 54 19 utse.

469 1314 11 27 S
497 1314 35 21 67.

193 1359 48 21 Alla
256 1360 26 21 de
298 1359 84 27 böcker,
398 1359 152 27 räkenskaper,
565 1360 107 26 protokoll
688 1359 39 21 och
742 1358 133 25 handlingar,

125 1399 45 16 som
190 1394 131 21 revisorerne
340 1400 51 15 anse
410 1393 33 21 för
462 1394 33 26 sig
515 1394 84 26 nödiga,
619 1394 59 21 skola
698 1394 47 20 dem
764 1391 113 22 tillkanda-

125 1429 76 20 hållas.
230 1429 10 20 I
262 1429 76 20 sådant
358 1428 101 21 afseende
478 1428 83 27 åligger
580 1428 36 21 det
634 1426 158 23 vederbörande
811 1425 66 21 bank-

125 1463 147 22 kommissarie
290 1464 32 19 att
340 1462 45 21 före
405 1463 120 21 revisionen
545 1463 33 20 till
593 1462 181 21 hufvudkontoret
788 1459 90 22 insända
