1078 1692
817 139 25 21 17

115 200 49 20 med
182 200 246 27 tryckeriföreständaren
447 200 24 21 af
487 200 138 27 Fullmäktige
644 200 125 27 godkändes.
798 200 74 22 Tillika

117 234 125 20 anmodades
261 233 134 22 Direktionen
414 235 31 20 att
463 234 128 21 fortfarande
610 234 62 21 hafva
689 234 182 28 uppmärksamhe-

116 269 36 19 ten
167 268 67 21 riktad
250 268 26 28 på
290 268 156 26 ifrågavarande
462 268 89 21 kontroll
567 269 38 20 och
622 268 6 21 i
645 268 67 21 sinom
727 268 30 21 tid
767 268 104 22 inkomma

117 302 48 20 med
183 302 26 22 de
228 302 77 26 förslag
323 302 7 20 i
346 303 76 24 ämnet,
437 302 86 21 hvartill
538 302 144 21 erfarenheten
698 303 38 20 och
752 302 32 27 sig
799 302 73 22 förete-

117 336 52 21 ende
185 336 177 27 omständigheter
377 336 69 21 kunde
463 336 113 22 föranleda.

473 416 12 26 8
502 416 17 21 7.

187 472 68 21 Sedan
271 479 26 14 en
311 473 84 25 komit6,
411 479 44 15 som
470 473 54 21 varit
539 473 23 21 af
576 473 106 27 Styrelsen
698 473 83 21 nedsatt
795 473 32 21 för
837 474 35 20 be-

118 507 115 27 redningen
252 506 22 21 af
290 507 61 21 väckt
365 507 59 27 fråga
439 514 33 14 om
487 507 124 21 förändrade
627 508 139 26 anordningar
780 507 47 21 med
843 507 29 21 af-

119 541 74 21 seende
209 542 11 20 å
235 541 158 26 Kartasigillata
408 541 95 21 kontoret
519 543 54 19 samt
588 542 137 26 tryckningen
740 542 23 20 af
776 541 96 28 stämpel-

118 582 78 20 papper
211 576 37 20 och
264 575 174 27 stämpelmärken
453 576 8 20 i
476 576 59 26 syfte,
551 576 64 20 bland
631 576 71 24 annat,
718 577 31 19 att
758 576 114 26 nedbringa

118 610 139 20 kostnaderna
282 609 32 21 för
339 610 236 26 stämpelbevillningen,
598 610 76 21 uttalat
697 610 40 21 den
760 610 59 27 äsigt,
841 610 31 20 att

119 644 65 26 sagda
199 644 58 26 tryck
272 643 68 21 kunde
356 643 79 21 utföras
451 644 11 20 &
477 644 99 20 Finlands
592 644 70 20 Banks
674 644 150 26 sedeltryckeri,
833 644 39 20 har

119 677 116 27 Kejserliga
251 677 91 21 Senaten
356 678 31 20 uti
403 678 106 20 skrifvelse
524 678 46 20 frän
585 678 77 20 Finans
677 678 149 27 Expeditionen
841 677 31 21 för

120 712 40 20 den
179 712 28 20 30
225 712 116 20 November
361 712 53 20 1887
434 712 102 21 infordrat
554 712 203 26 Bankfullmäktiges
776 712 96 27 yttrande

120 746 103 20 deröfver:

187 780 103 20 huruvida
308 780 137 26 tryckningen
461 780 23 21 af
497 780 166 28 stämpelpapper
678 780 38 21 och
732 780 141 27 stämpelmär-

120 814 39 20 ken
174 814 69 20 kunde
258 814 23 20 af
293 814 98 20 Bankens
407 814 147 27 sedeltryckeri
569 814 127 27 öfvertagas;

189 854 33 14 om
238 847 77 27 jemväl
334 847 137 28 tryckningen
491 848 23 21 af
526 848 165 27 postfrimärken,
706 848 97 25 hbrefkort,
818 854 56 21 spar-

121 881 85 21 märken
225 881 65 27 jemte
308 881 66 27 öfriga
392 881 32 21 för
442 883 119 26 postverket
576 882 133 27 erforderliga
724 883 77 20 smärre
816 882 58 21 blan-

121 916 66 20 ketter
209 915 106 21 äfvensom
334 916 224 27 spelkortsbanderoler
576 916 67 21 tillika
658 916 68 21 kunde
742 916 23 21 af
777 916 96 21 Bankens

121 950 88 27 tryckeri
224 950 131 24 verkställas;

189 984 31 20 till
235 984 78 20 hvilket
328 984 74 27 belopp
417 984 116 21 kostnaden
548 984 71 21 härför
630 985 62 20 borde
703 985 106 24 beräknas,
821 984 53 21 samt

189 1019 7 20 i
213 1018 99 21 händelse
328 1018 100 27 förslaget
443 1019 102 21 befunnes
561 1019 6 20 i
583 1019 32 20 sin
630 1019 76 25 helhet,
722 1019 50 20 eller
787 1019 37 20 ock
839 1025 35 14 en-

121 1053 47 21 dast
186 1053 55 20 hvad
260 1053 198 26 stämpelvalörerna
477 1053 69 27 angår.
566 1053 108 25 utförbart,
690 1054 55 20 huru
759 1052 115 21 kontrollen

121 1087 56 21 öfver
199 1087 137 21 omförmälda
358 1087 213 26 tryckningsarbeten,
590 1087 48 21 med
657 1087 77 21 fästadt
752 1086 95 21 afseende
863 1086 12 20 ä

121 1122 114 26 ordningen
250 1121 31 21 för
295 1121 121 27 tryckeriets
427 1121 150 22 öfvervakande
587 1121 7 21 i
605 1121 67 27 öfrigt,
683 1121 113 28 lämpligen
805 1120 69 21 kunde

121 1156 94 21 inrättas.

189 1189 49 22 Med
256 1189 113 28 anledning
387 1189 62 21 häraf
465 1189 40 21 har
519 1189 195 26 Bankdirektionen,
730 1189 51 21 efter
796 1189 35 20 det
846 1188 30 21 fö-

121 1224 134 21 reständaren
271 1224 31 20 för
317 1223 170 27 sedeltryckeriet
502 1223 120 27 Litografen
637 1224 21 20 F.
672 1224 110 26 Tilgmann
793 1223 38 20 och
841 1222 35 21 dä-

121 1257 90 22 varande
229 1258 154 21 kontrollanten
402 1257 56 21 öfver
477 1257 218 27 sedeltillverkningen
713 1257 93 21 Filosofie
821 1257 55 20 Dok-

121 1293 46 20 torn
182 1292 23 21 E.
222 1291 91 22 Grönvik
328 1291 68 22 blifvit
410 1292 7 20 i
433 1292 64 20 saken
511 1291 71 25 hörde,
597 1292 31 20 uti
644 1291 32 21 till
686 1290 190 27 Bankfullmäktige

121 1326 86 27 afgifvet
221 1326 107 21 utlätande
344 1326 7 20 i
367 1327 71 19 ämnet
452 1325 120 26 framhällit,
590 1325 65 21 bland
674 1326 69 23 annat,
762 1325 31 20 att
811 1324 65 21 sedel-

121 1360 121 27 tryckeriets
261 1360 54 21 lokal
335 1361 23 20 är
372 1360 8 20 i
396 1360 32 20 sin
442 1360 73 20 helhet
529 1359 91 26 behöflig
635 1359 31 20 för
681 1359 160 26 tillverkningen
857 1357 22 21 af

121 1395 97 20 Bankens
236 1394 68 21 sedlar
323 1394 39 21 och
380 1395 32 20 att
430 1394 25 20 de
471 1393 32 21 för
517 1400 29 14 nu
561 1393 122 26 ifrägasatta
698 1391 179 28 tryckningsarbe-

121 1429 36 20 ten
171 1428 77 27 nödiga
262 1428 105 21 maskiner
382 1428 23 21 sä
420 1428 84 27 mycket
514 1427 81 21 mindre
607 1427 70 20 kunna
689 1427 7 21 i
707 1427 82 20 lokalen
799 1426 78 26 inrym-

121 1469 52 18 mas,
191 1469 45 14 som
254 1462 124 21 densamma
396 1461 65 22 redan
484 1461 54 21 visat
561 1461 32 26 sig
612 1461 6 20 i
636 1461 56 22 vissa
710 1460 58 21 delar
782 1466 49 15 vara
846 1459 31 22 för

798 1499 11 19 2

895 470 114 22 Ifrågakom-

890 498 41 12 men
943 492 78 18 tillverk-

884 516 46 21 ning
936 515 24 22 af
964 516 56 16 stäm-

885 538 99 23 pelpapper
996 544 24 10 m.

884 567 24 11 m.
921 561 8 17 i
935 561 86 17 Bankens

890 584 130 22 sedeltryckeri.
