1078 1692
245 119 28 19 20
424 116 83 23 Ständ.
523 116 54 23 Skr.
591 130 30 2 —
636 116 112 23 XXXVI.

286 183 44 21 Vid
353 182 232 28 afdelningskontoren
609 183 34 21 må
662 183 61 27 dock,
745 183 7 21 i
768 182 104 22 händelse
888 184 72 20 större

216 219 79 27 belopp
312 219 112 27 samtidigt
438 219 36 21 till
488 219 87 22 inlösen
590 218 90 28 företes,
696 218 50 22 med
761 218 113 22 sedlarnas
884 218 75 22 invex-

215 255 47 27 ling
278 255 70 26 anstå,
365 255 56 21 intill
438 255 51 21 dess
504 254 222 28 kassaförstärkning
741 254 7 22 i
764 254 120 22 metalliskt
899 256 61 25 mynt

217 290 79 22 hunnit
311 290 50 22 från
376 290 187 23 hufvudkontoret
577 290 94 22 inträffa.

557 351 27 21 21
603 350 18 28 8.

286 398 130 26 Banksedel,
432 404 46 15 som
493 400 26 19 är
535 398 96 27 söndrig,
648 398 58 21 skall
720 397 89 27 inlösas,
821 396 91 23 såframt
922 403 36 15 an-

215 433 77 27 tingen
313 434 57 21 båda
384 433 193 22 underskrifterna
590 433 68 27 jemte
674 433 82 22 endera
770 439 118 21 nummern,
905 433 54 22 eller

215 469 69 27 högra
307 476 113 15 nummern
439 470 68 27 jemte
528 470 73 26 någon
621 469 35 22 del
677 469 25 21 af
714 468 196 28 underskrifterna,
926 469 32 21 in-

215 505 83 21 lemnas
322 505 211 27 sammanhängande
557 507 56 19 samt
636 505 88 21 sedelns
744 505 62 21 valör
825 505 72 21 tillika
915 505 44 21 kan

215 540 158 28 tillförlitligen
395 541 110 27 urskiljas.
536 541 99 27 Uppstår
655 540 79 23 tvifvel
750 547 34 15 om
799 541 71 21 sedels
886 540 72 28 giltig-

215 576 44 27 het,
275 576 125 22 ankommer
416 577 37 21 det
468 577 28 27 på
511 576 199 28 bankfullmäktige
726 578 38 24 att,
775 576 57 22 efter
842 576 116 22 framställ-

215 612 53 27 ning
284 612 24 21 af
322 612 143 28 direktionen,
482 612 83 28 afgöra,
581 612 109 22 huruvida
705 612 68 22 sådan
789 612 60 22 sedel
864 612 57 22 skall
936 612 25 21 af

215 648 88 22 banken
318 648 88 22 inlösas.

286 684 111 22 Försliten
420 684 55 22 eller
495 684 92 27 söndrig
605 684 60 21 sedel
680 684 35 21 må
730 684 20 27 ej
767 684 7 21 i
789 684 98 22 rörelsen
902 684 55 27 ånyo

214 720 115 21 utlemnas.

555 763 28 19 22
600 760 19 29 8.

283 808 32 22 På
338 808 138 22 direktionen
496 809 127 21 ankommer
639 810 33 20 att
686 808 90 28 vidtaga
791 809 79 27 nödiga
884 809 73 27 åtgär-

215 844 39 21 der
278 843 34 22 för
331 844 243 27 sedeltillverkningen;
599 850 49 16 men
669 844 8 21 i
696 843 76 28 frågor
788 844 24 21 af
825 846 70 20 större
911 845 47 26 vigt

215 879 56 22 eller
287 879 39 22 der
342 879 34 22 för
392 880 124 21 ändamålet
532 880 107 21 särskildt
654 880 78 27 anslag
747 879 25 22 af
779 880 97 21 bankens
888 880 69 21 medel

215 914 119 28 erfordras,
356 915 84 27 åligger
463 915 38 22 det
523 915 71 22 likväl
615 916 138 21 direktionen
773 918 32 19 att
825 915 133 23 öfverlemna

216 951 93 21 ärendet
324 951 36 21 till
374 951 213 27 bankfullmäktiges
602 951 126 27 afgörande.

284 986 41 21 Om
341 986 112 22 sedlarnas
470 987 67 27 valör,
554 987 85 27 lydelse
656 989 56 20 samt
727 987 55 22 form
798 988 39 21 och
853 987 104 22 utseende

216 1023 25 20 är
257 1021 107 22 särskildt
380 1022 107 27 stadgadt.

517 1089 70 30 Kap.
607 1089 46 24 III.

252 1151 44 22 Om
312 1152 109 22 bankens
436 1153 151 22 lånerörelse
603 1153 46 22 och
665 1153 81 28 öfriga
761 1153 159 22 verksamhet.

557 1214 28 20 24
601 1212 19 29 8.

284 1259 48 21 Lån
355 1260 34 21 må
412 1260 49 21 icke
483 1260 94 27 beviljas
597 1262 45 19 mot
661 1262 55 25 pant
736 1261 24 21 af
773 1267 71 21 varor,
860 1267 45 15 som
920 1263 38 18 äro

215 1295 162 22 underkastade
393 1295 153 28 förskämning
561 1296 55 22 eller
631 1296 99 27 läckage.

284 1330 65 21 Emot
363 1331 83 27 borgen
461 1331 72 22 allena
548 1332 93 27 beviljas
656 1332 50 22 icke
720 1332 37 21 lån
773 1332 55 22 eller
842 1331 116 22 kassakre-

215 1365 62 27 ditiv,
301 1372 50 15 men
371 1367 35 21 till
429 1366 156 23 förstärkande
605 1367 26 22 af
643 1369 54 26 pant
712 1368 55 22 eller
782 1367 127 28 inteckning
924 1367 34 22 må

215 1401 83 27 borgen
313 1403 98 26 antagas.
