1078 1692
352 105 82 23 Ständ.
451 105 54 22 Skr.
522 118 27 4 —
565 105 113 23 XXXVI.
831 108 28 20 39

141 172 34 20 att
193 171 84 27 pröfva,
297 171 108 22 huruvida
420 171 99 21 bankens
535 171 106 22 säkerhet
656 172 41 21 och
712 171 72 22 fördel
799 172 38 22 vid
852 172 36 21 be-

213 206 107 28 viljandet
335 206 25 22 af
372 207 75 21 kredit
463 206 112 23 äfvensom
592 207 7 21 i
615 206 69 28 öfrigt
698 208 121 26 behörigen
832 208 56 21 iakt-

213 242 77 27 tagits;

142 278 33 20 att
190 278 98 27 granska
302 278 181 26 räkenskaperna
499 278 39 21 och
554 278 121 27 bokslutet;

141 315 34 19 att
190 314 98 26 granska
302 313 100 21 bankens
418 312 136 28 förvaltning
569 314 36 20 till
620 314 43 20 alla
679 314 65 21 dessa
758 314 61 21 delar
833 316 56 20 samt

213 349 78 22 dervid
311 349 73 21 tillika
406 349 131 27 undersöka,
556 349 108 21 huruvida
680 350 99 21 bankens
796 350 92 21 embets-

213 384 40 22 och
269 384 132 28 tjenstemän
417 385 55 21 stält
487 385 36 27 sig
537 385 104 27 gällande
654 385 138 27 stadganden
805 385 40 21 och
855 392 33 15 er-

214 420 75 21 hållna
304 420 143 22 föreskrifter
461 420 36 22 till
513 420 157 28 efterrättelse,
685 420 114 22 äfvensom
811 427 34 15 om
855 422 34 20 ut-

214 456 120 27 sökningar
345 456 40 22 och
396 456 143 27 rättegångar
549 456 75 22 blifvit
635 456 49 22 med
691 456 108 28 tillbörlig
807 456 81 28 skynd-

214 492 85 21 samhet
314 492 40 21 och
369 498 87 20 omsorg
471 491 92 22 utförda.

485 565 28 19 70
529 563 19 29 8.

213 616 65 22 Efter
300 616 94 22 slutförd
414 616 96 22 revision
526 616 63 22 skola
604 616 152 22 revisionerna
771 616 35 22 till
821 616 68 22 bank-

141 652 142 27 fullmäktige
306 651 135 23 öfverlemna
463 652 40 21 sitt
526 652 111 26 protokoll
656 651 114 23 äfvensom
790 651 99 28 skriftlig

141 688 122 21 berättelse
279 694 33 14 om
323 687 136 22 revisionens
470 686 93 28 förlopp.
591 687 11 21 I
613 687 71 21 denna
695 687 121 22 berättelse
827 687 62 21 skola

141 722 130 22 framhållas
292 723 82 21 sådana
396 723 193 27 omständigheter,
609 730 46 15 som
671 725 63 25 synts
749 723 140 22 revisorerna

141 765 56 15 vara
212 758 25 22 af
250 758 153 22 beskaffenhet
416 760 33 20 att
459 759 33 27 de,
504 761 53 19 utan
567 760 34 20 att
611 758 114 22 föranleda
735 758 153 28 anmärkning,

141 794 72 22 likväl
228 794 123 27 förtjenade
366 794 209 27 uppmärksammas,
587 796 57 20 samt
654 794 108 22 särskildt
772 794 116 22 anmärkas

144 830 69 21 sådan
227 830 81 26 åtgärd
324 830 54 21 eller
394 829 151 22 försummelse
560 830 8 20 i
583 829 171 28 förvaltningen,
770 836 46 15 som
831 829 57 22 revi-

142 871 92 15 sorerna
254 865 8 21 i
283 865 155 26 sammanhang
456 865 91 21 härmed
562 865 63 21 skola
640 865 71 21 utlåta
727 865 35 26 sig
777 871 33 14 om
826 864 40 21 och
881 864 7 21 i

142 900 77 22 hvilka
240 900 62 21 delar
322 900 161 22 ansvarsfrihet
503 900 34 21 för
553 901 99 21 bankens
668 900 136 27 förvaltning
819 900 70 22 under

141 936 205 27 redovisningsåret
360 936 44 21 kan
420 936 139 21 direktionen
574 936 153 21 tillerkännas.

212 971 160 22 Revisorernas
382 972 121 21 berättelse
515 972 62 21 skola
585 971 199 28 bankfullmäktige
792 971 97 27 delgifva

142 1007 99 21 bankens
266 1007 110 21 direktion
396 1009 56 19 samt
472 1007 73 21 tillika
565 1007 99 21 infordra
682 1007 151 22 direktionens
849 1006 40 22 och

142 1041 72 28 öfriga
234 1042 177 22 vederbörandes
431 1042 124 27 förklaring
573 1043 19 26 ej
609 1043 85 21 mindre
709 1043 8 20 i
732 1042 120 27 anledning
867 1041 24 22 af

142 1077 27 22 de
190 1078 177 27 anmärkningar,
391 1084 45 15 som
455 1077 24 22 af
497 1078 140 21 revisorerna
655 1077 152 28 tilläfventyrs
823 1077 65 21 fram-

141 1113 73 27 stälts,
238 1115 29 19 än
290 1113 67 22 äfven
377 1113 8 21 i
401 1113 27 22 de
443 1113 125 25 afseenden,
585 1113 79 22 sådant
680 1119 80 16 annars
776 1113 44 22 kan
836 1119 53 16 vara

142 1148 83 27 nödigt,
241 1148 114 22 hvarefter
370 1149 14 21 å
399 1148 200 28 bankfullmäktige
614 1149 127 22 ankommer
756 1151 34 19 att
806 1148 82 27 afgöra,

141 1183 109 23 huruvida
273 1184 39 21 och
334 1184 9 21 i
361 1184 77 22 hvilka
453 1185 62 21 delar
531 1185 162 21 ansvarsfrihet
709 1185 59 21 skall
783 1184 105 21 direktio-

141 1225 43 16 nen
200 1219 98 28 beviljas.

483 1263 27 20 71
527 1261 18 29 8.

213 1314 94 22 Revisor
327 1315 86 26 uppbär
432 1315 76 21 trettio
524 1315 63 21 mark
602 1315 8 20 i
626 1315 191 27 dagtraktamente
833 1316 57 19 samt

141 1350 285 27 resekostnadsersättning
440 1351 35 20 till
491 1357 82 14 samma
588 1350 86 27 belopp,
691 1356 46 15 som
753 1350 27 21 de
796 1349 8 22 i
819 1349 71 28 fjerde

141 1385 90 22 klassen
248 1385 24 22 af
285 1386 103 27 gällande
402 1387 187 26 resereglemente
604 1387 112 26 upptagna
731 1386 141 21 embetsmän.
