1078 1692
218 218 80 21 Denna
321 225 89 13 swmma
431 220 27 19 är
479 218 54 28 fullt
553 218 115 27 tillräcklig
684 218 36 27 för
736 218 127 21 betäckande
878 218 29 27 af

149 252 25 21 de
189 252 97 28 utgifter,
301 260 47 13 som
363 253 76 20 kunna
450 252 163 28 ifrågakomma
621 252 69 21 under
702 252 59 21 tiden
771 252 61 21 intill
840 254 61 20 näst-

149 287 129 21 kommande
294 287 110 27 landtdag,
420 287 27 21 år
462 288 64 26 1894,

218 322 86 20 hvarom
320 321 37 21 allt
371 321 154 28 Delegationen
542 321 32 21 får
589 322 37 20 hos
641 321 83 21 landets
740 320 89 22 Ständer
844 321 60 21 vörd-

149 357 55 19 samt
218 356 89 20 anmäla.

218 487 33 21 Då
273 488 138 27 suppleanten
434 488 33 20 för
482 488 159 21 Bondeståndet
656 489 100 19 senatorn
770 487 19 21 J.
805 487 24 21 G.
845 487 59 21 Sohl-

150 528 49 14 man
215 522 26 27 på
256 522 68 27 grund
340 522 22 20 af
376 522 36 20 sitt
427 529 29 13 nu
472 522 156 21 innehafvande
643 522 83 21 ämbete
739 522 46 20 icke
796 523 68 20 ansett
872 522 32 27 sig

150 556 52 21 böra
218 558 48 25 taga
282 556 33 21 del
330 556 8 20 i
352 556 165 28 Delegationens
533 557 86 21 arbeten
635 556 38 22 och
682 556 135 21 alldenstund
825 556 79 27 profes-

150 597 49 14 sorn
214 590 18 21 J.
248 590 108 27 Forsman,
372 590 86 22 hvilken
473 591 77 21 invalts
566 591 30 21 till
612 591 112 28 suppleant
738 591 33 20 för
786 590 52 21 både
854 590 49 21 Prä-

149 624 117 21 steståndet
288 625 38 20 och
346 624 164 28 Bondeståndet,
531 626 54 20 efter
605 625 165 21 extraordinarie
785 625 117 27 professorn

149 658 19 21 J.
185 658 85 21 Krohns
284 658 97 22 frånfälle
397 659 54 21 varit
466 660 54 20 ende
535 660 112 27 suppleant
662 660 32 20 för
718 659 35 21 det
775 658 129 22 förstnämda

149 692 89 28 ståndet,
254 693 32 21 får
300 692 153 28 Delegationen
469 694 107 20 vördsamt
591 694 89 25 anhålla,

356 758 33 18 att
414 756 163 21 Prästeständet
601 757 39 21 och
668 756 159 22 Bondeståndet
853 756 49 20 ville

288 790 63 20 hvart
371 790 36 27 för
428 791 34 27 sig
484 792 47 20 utse
553 798 26 14 en
602 798 30 20 ny
654 792 117 26 suppleant
786 790 9 21 i
810 790 91 28 Delega-

288 825 80 20 tionen.

219 939 42 20 Vid
277 939 163 27 Delegationens
456 939 155 21 sammanträde
623 939 40 21 den
673 939 10 20 1
697 946 54 14 mars
766 939 52 21 1891
831 939 72 20 väckte

149 973 112 20 statsrädet
284 973 20 20 Z.
324 973 99 28 Topelius
445 974 79 27 förslag
544 981 34 14 om
594 973 163 21 införskaffande
773 973 21 21 af
808 975 96 19 närmare

150 1007 114 27 utredning
284 1007 89 22 rörande
389 1008 136 27 möjligheten
541 1010 30 19 att
585 1008 83 27 placera
682 1007 219 22 Alexanders-monu-

149 1043 80 18 mentet
250 1041 86 21 framför
358 1041 158 28 Ständerhuset,
539 1042 39 21 och
601 1042 139 21 motiverades
755 1042 57 21 detta
827 1041 21 21 af
861 1041 42 21 för-

149 1075 156 27 slagsställaren
321 1076 26 27 pä
362 1076 93 27 följande
471 1078 48 19 sätt:

223 1109 56 21 »När
294 1109 143 28 Senatstorget
454 1110 71 27 utsägs
540 1110 31 21 till
582 1111 53 26 plats
650 1111 33 20 för
697 1111 36 20 det
740 1110 107 21 blifvande
855 1110 49 21 Ale-

149 1143 257 28 xanders-monumentet,
429 1144 53 21 hade
503 1151 49 14 man
572 1145 53 20 intet
640 1146 63 19 annat
719 1145 39 26 val,
774 1145 66 20 ehuru
856 1144 48 21 med

149 1177 121 21 fördelarna
292 1178 20 20 af
334 1178 70 21 denna
426 1179 109 27 placering
549 1179 65 26 följde
630 1179 119 26 betydande
764 1179 139 27 olägenheter.

148 1211 86 28 Torgets
256 1212 99 27 dosering
377 1213 118 20 missriktar
517 1213 116 27 synlinjen;
657 1213 47 20 dess
724 1214 56 19 stora
802 1214 36 25 yta
856 1212 48 21 med

150 1245 48 21 vida
221 1247 91 20 tomrum
332 1246 26 27 pä
374 1247 85 20 sidorna
475 1247 38 20 och
530 1249 29 18 ett
574 1249 74 19 nästan
664 1247 139 27 obegränsadt
817 1247 87 27 luftper-

149 1279 81 28 spektiv
252 1280 67 21 mäste
341 1282 51 25 göra
414 1283 157 19 monumentets
587 1281 141 21 dimensioner
755 1281 149 21 försvinnande

148 1314 51 20 små.
236 1314 43 21 När
294 1314 69 21 härtill
378 1315 102 27 kommer,
496 1317 29 18 att
540 1315 63 28 ingen
619 1315 55 28 figur
689 1315 41 21 kan
746 1317 55 19 mäta
817 1315 32 27 sig
856 1315 48 20 med

149 1347 179 28 Nikolaikyrkans
343 1350 47 19 torn
407 1349 38 20 och
462 1349 62 28 ingen
542 1349 100 28 piedestal
655 1349 47 21 med
716 1349 48 21 dess
775 1351 78 25 trappa,
863 1349 41 20 kan

148 1381 50 21 med
213 1382 46 20 skäl
275 1382 87 27 befaras,
378 1385 30 18 att
422 1383 57 21 detta
491 1385 124 19 monument
627 1384 26 27 pä
664 1383 163 28 Senatstorget,
818 1377 10 38 i
837 1383 68 21 stället

149 1415 32 21 för
196 1423 25 14 en
239 1416 151 21 dominerande
408 1417 146 27 medelpunkt,
568 1417 41 21 blir
623 1424 26 15 en
662 1417 130 28 dekoration,
807 1424 46 14 som
868 1417 36 21 do-

149 1450 93 21 mineras
258 1450 22 21 af
294 1451 150 28 omgifningen.
