1078 1692
418 149 32 21 :U.
462 149 28 20 B.
504 160 30 4 —
549 149 105 21 XXXVI.
864 151 24 19 13

162 212 94 27 utlåning
274 213 27 19 år
322 212 54 21 1888
398 212 77 21 :endast
493 212 51 20 med
559 212 56 20 Fmk
635 216 123 22 2,175;000,
774 219 49 15 men
838 214 79 26 privat-

162 246 118 21 bankernas
303 246 50 20 med
371 246 64 21 Fmk.
457 246 121 26 :6,900,000.
613 246 105 21 Finlands
733 246 72 22 Banks
820 251 76 23 anpart
911 248 6 19 i

162 280 108 28 ökningen
284 287 38 14 var
336 280 85 21 således
431 287 30 14 nu
471 280 57 21 blott
540 286 29 20 24
576 280 34 27 %/.
641 280 155 28 Förklaringen
807 281 31 21 till
848 282 69 20 denna

163 314 123 27 förändring
307 315 63 21 torde
392 314 150 27 förnämligast
563 315 60 27 ligga
639 315 56 25 däri,
708 318 36 18 att
759 315 64 21 äfven
835 317 82 25 privat-

163 349 108 20 bankerna
294 349 86 20 dämera
400 349 59 20 hade
483 348 92 22 känbart
590 348 64 22 sänkt
669 350 46 20 sina
730 349 131 21 räntesatser
876 349 41 20 och

163 386 38 22 att,
223 383 65 21 ehuru
310 383 132 27 sänkningen
459 383 48 27 gält
522 383 65 21 äfven
601 383 213 27 uppläningsräntan,
830 384 87 26 deposi-

162 419 96 19 tionerna
274 419 6 19 i
289 417 186 27 privatbankerna
490 417 65 21 likväl
569 418 68 20 under
652 418 46 20 äret
716 419 61 25 stigit
792 418 49 21 med
863 417 54 21 Fmk

163 451 119 27 6,670,000,
306 455 31 17 ett
359 452 82 26 belopp
462 453 6 19 i
483 452 39 21 det
537 452 108 21 närmaste
657 453 156 20 motsvarande
824 454 94 25 sstegrin-

163 492 41 21 gen
219 488 6 18 i
240 486 100 27 utläning.

231 520 74 20 Under
320 520 48 20 hela
383 521 47 20 äret
448 521 53 25 1889
517 520 107 21 förblefvo
645 520 102 21 Finlands
762 520 71 20 Banks
849 520 69 20 ränte-

165 558 67 17 satser
255 554 150 21 oförändrade.
443 548 22 27 Ä
486 562 27 13 en
536 554 35 21 del
590 554 115 21 utländska
727 554 146 28 affärsplatser
888 556 30 19 in-

162 589 91 20 träffade
280 590 28 26 pä
333 596 121 13 sommaren
481 596 27 13 en
533 590 44 20 viss
601 588 113 28 knapphet
739 590 7 19 i
770 588 147 28 penningetill-

162 624 90 26 gängen,
283 623 154 21 förorsakande
460 623 123 21 diskontots
607 622 93 27 höjande
725 623 33 21 för
780 624 70 26 nägon
879 623 37 25 tid,

163 657 94 21 särdeles
277 659 6 19 i
299 658 75 20 Berlin.
405 658 51 20 Men
485 658 106 20 rörelsens
614 658 58 26 gäng
690 658 7 20 i
720 661 50 23 eget
796 657 50 21 land
868 664 49 20 syn-

162 694 33 18 tes
218 692 17 26 ej
258 692 85 27 påkalla
368 698 27 14 en
418 694 97 25 stegring
537 692 25 20 af
580 692 82 20 räntan.
694 691 42 21 Om
759 691 41 21 ock
819 692 41 20 den
876 691 41 21 för-

163 726 111 27 stärkning
303 726 98 21 Bankens
431 726 122 21 metalliska
583 726 72 21 valuta
684 726 63 25 erfor,
782 726 44 20 frän
863 725 54 21 Fmk

164 760 128 26 46,826,000
314 761 37 21 vid
372 762 57 20 ärets
454 762 81 26 ingäng
553 761 30 21 till
598 760 55 21 Fmk
675 765 126 21 54,530,000
816 760 36 20 vid
868 760 48 20 dess

163 794 48 26 slut,
235 795 17 26 ej
276 796 136 20 uteslutande
431 802 38 14 var
485 799 32 17 att
532 795 124 21 tillskrifvas
672 794 179 25 utrikeshandeln,
867 798 50 16 utan

165 828 32 21 till
218 829 48 21 icke
288 831 60 25 ringa
370 830 54 26 grad
445 830 99 20 berodde
563 830 32 26 pä
611 829 46 20 dels
673 829 76 24 direkt,
766 828 45 21 dels
826 828 91 21 indirekt

165 863 80 20 verkan
268 865 6 19 i
296 864 60 21 detta
378 864 125 21 hänseende
526 863 25 21 af
570 863 144 21 statsverkets
732 866 58 17 stora
805 862 112 21 konverte-

164 897 99 27 ringslän,
280 899 24 19 sä
318 905 37 14 var
370 899 13 20 å
398 898 67 21 andra
480 898 63 21 sidan
558 897 108 27 ökningen
682 899 6 18 i
698 897 99 20 Bankens
807 896 110 21 inhemska

163 931 95 27 utläning
281 932 60 21 detta
363 933 23 20 är
406 932 157 27 jämförelsevis
585 933 69 25 ringa;
678 931 153 20 diskonterade
843 930 74 21 vexlar

164 969 63 24 stego
250 967 49 20 med
314 967 55 20 Fmk
387 972 120 21 .2,535,000,
523 973 50 14 men
588 966 35 21 län
638 966 42 20 och
694 965 157 21 kassakreditiv
865 966 52 19 min-

163 999 78 21 skades
266 1001 50 20 med
335 1009 57 20 resp.
414 1006 40 21 727
479 1001 41 20 och
540 1001 42 26 980
604 1004 63 17 tusen
689 999 51 21 eller
761 999 156 26 sammanlagdt

164 1034 55 20 Fmk
243 1040 115 21 1,707,000,
382 1036 87 20 hvadan
491 1035 120 27 ökningens
626 1035 62 20 saldo
704 1034 72 21 ställer
790 1035 33 25 sig
838 1034 29 26 pä
882 1040 35 14 en-

163 1068 49 21 dast
227 1069 55 20 Fmk
302 1071 97 23 828,000.
429 1069 181 22 Privatbankerna
621 1069 118 26 utvidgade
752 1068 97 20 däremot
857 1067 60 21 detta

163 1104 24 20 är
201 1105 32 19 sin
248 1104 95 28 utlåning
358 1107 6 18 i
379 1105 69 21 större
464 1105 131 26 proportion
610 1104 27 20 än
652 1104 106 26 någonsin
773 1102 54 21 förut
842 1102 28 27 pä
886 1105 31 17 ett

163 1139 30 24 är,
215 1139 107 27 nämligen
344 1139 50 21 med
419 1140 126 25 10,984,000
567 1140 7 19 i
596 1138 82 25 vexlar,
702 1137 34 21 län
758 1137 41 20 och
818 1136 98 25 kreditiv,

163 1173 86 20 hvartill
263 1173 97 22 kommer
376 1181 26 13 en
417 1173 86 22 tillväxt
519 1173 25 20 af
555 1173 62 20 Fmk.
634 1173 113 26 3,182,000
765 1173 6 18 i
785 1171 133 27 placeringar

163 1206 40 21 hos
228 1207 78 21 inrikes
331 1207 204 28 korrespondenter,
562 1207 62 21 alltså
646 1213 83 14 summa
754 1205 79 27 ökning
861 1204 57 21 Fmk

166 1241 131 26 14,166,000.
334 1242 100 27 Tillgång
456 1242 72 21 härtill
550 1241 107 21 bereddes
674 1241 50 20 dem
738 1247 79 20 genom
832 1239 86 27 deposi-

163 1276 108 20 tionernas
286 1277 85 20 tillväxt
386 1277 50 20 med
452 1276 55 21 Fmk
525 1276 131 25 14,650,000.

231 1310 9 20 I
263 1311 155 26 sammanhang
437 1311 91 20 härmed
550 1310 63 21 torde
632 1309 60 25 böra,
708 1309 73 20 såsom
796 1315 26 13 en
837 1308 29 26 på
881 1307 37 20 de-

164 1345 158 26 positionernas
338 1345 81 27 ökning
438 1345 132 20 inverkande
591 1343 169 27 omständighet,
791 1341 125 25 framhållas,

164 1381 32 18 att
211 1379 27 20 de
253 1380 67 20 under
335 1380 22 20 år
376 1380 53 25 1889
445 1379 60 21 såväl
521 1379 24 20 af
556 1378 68 21 finska
639 1385 47 14 som
702 1377 24 21 af
738 1377 65 27 ryska
813 1375 104 28 styrelsen

163 1413 143 27 genomförda
328 1414 225 27 lånekonverteringar
578 1413 102 26 frigjorde
702 1411 109 27 ansenliga
835 1410 81 27 belopp

163 1447 63 20 finskt
241 1447 88 27 kapital,
346 1454 48 14 som
408 1448 37 20 vid
462 1447 183 26 konverteringen
660 1446 103 26 föredrog
784 1445 90 20 kontant
895 1443 22 21 li-

231 1487 144 17 Bankutskottets
387 1486 111 18 betänkande
510 1487 37 17 N:o
560 1486 15 17 1.
