1078 1692
821 127 24 21 7

470 192 11 27 8
497 192 34 21 27.

199 233 38 22 Om
256 234 52 26 pant
326 232 52 22 eller
395 232 122 26 inteckning
531 232 46 21 icke
592 231 73 21 vidare
681 236 61 16 anses
758 230 68 22 lemna
839 230 37 27 pä-

132 268 79 21 räknad
227 268 104 25 säkerhet,
343 266 55 22 skall
413 266 132 27 läntagaren,
556 266 27 27 pä
599 266 143 21 direktionens
757 265 118 26 anfordran,

130 303 63 21 ställa
213 302 65 22 sädan
297 301 198 27 fyllnadssäkerhet,
515 307 44 15 som
579 300 23 22 af
619 300 133 21 direktionen
766 300 33 20 för
813 299 63 21 ända-

133 338 64 21 mälet
214 337 128 26 godkännes.
372 335 44 22 Gör
434 335 40 21 han
494 335 36 21 det
548 335 46 22 icke
611 335 56 21 inom
688 334 95 28 förelagd
801 334 37 26 tid,
853 335 23 19 är

131 372 58 21 länet
205 373 74 25 genast
294 370 94 22 förfallet
402 370 32 21 till
449 370 116 26 betalning.

474 427 11 27 8
501 427 34 21 28.

199 467 79 27 Hvarje
301 468 23 20 &r
345 468 7 20 i
370 467 88 21 Januari
477 467 76 21 mänad
573 467 38 21 och
630 467 62 21 äfven
710 467 28 27 pä
756 473 65 15 annan
841 466 36 27 tid,

131 504 39 20 när
193 502 112 26 anledning
327 502 69 21 dertill
420 501 149 27 förekommer,
591 502 81 26 äligger
694 502 36 20 det
749 501 128 21 direktionen

132 538 33 20 att
186 537 38 21 hos
246 536 158 22 vederbörande
427 536 154 21 domhafvande
603 536 52 21 eller
673 536 153 21 rädstufvurätt
843 541 35 15 an-

133 571 58 21 hällä
213 576 33 16 om
268 570 130 27 upplysning,
419 570 104 21 huruvida
544 570 7 21 i
573 570 100 21 afseende
696 570 12 21 &
730 570 148 27 eganderätten

133 606 34 21 till
188 604 107 28 fastighet,
314 604 60 21 hvari
391 604 84 21 banken
497 604 40 21 har
554 604 239 27 inteckningssäkerhet,
810 604 68 21 förän-

135 640 62 26 dring
217 638 94 22 inträffat
333 639 51 21 eller
407 638 50 22 tvist
475 638 106 27 uppstätt;
600 638 39 22 och
658 638 38 22 bör
715 638 65 22 sädan
798 637 82 28 uppgift

135 675 52 20 utan
203 673 99 27 dröjsmål
319 673 95 27 afgifvas.

477 724 11 28 8
503 725 35 21 29.

203 765 39 21 Om
264 765 36 21 län
322 765 51 21 eller
394 764 155 22 kreditivskuld
569 764 46 22 icke
633 765 27 27 pä
680 764 152 27 förfallodagen
850 764 30 20 in-

135 800 88 26 betalas,
240 801 23 19 är
282 799 81 21 banken
382 799 119 27 berättigad
520 801 32 19 att
569 801 51 19 utan
638 799 135 27 läntagarens
787 798 93 22 hörande

135 834 90 26 föryttra
239 837 85 23 panten.

477 884 12 27 8
505 885 34 21 30.

203 925 41 20 Till
260 925 82 21 banken
357 925 178 26 pantförskrifven
552 925 41 21 fast
609 925 52 21 eller
675 925 31 20 lös
718 924 107 27 egendom,
836 929 44 15 som

135 959 109 22 exekutivt
265 959 104 27 försäljes,
389 959 33 22 fär
444 959 32 21 till
495 959 123 27 skyddande
637 959 23 21 af
678 959 92 21 bankens
788 959 42 20 rätt
848 957 33 22 för

137 994 47 21 dess
200 993 88 28 räkning
304 994 91 27 inropas,
412 1000 46 15 men
475 994 62 26 skall,
553 995 24 20 sä
591 995 59 20 snart
665 993 37 22 ske
717 993 48 26 kan,
781 993 44 20 äter
840 991 41 22 för-

135 1028 72 27 säljas.

477 1079 11 28 8
503 1080 36 21 31.

204 1119 82 22 Räntan
302 1120 26 27 pä
344 1119 33 22 län
394 1120 104 21 beräknas
515 1119 46 22 frän
577 1120 40 20 den
633 1119 46 27 dag,
691 1119 27 21 dä
732 1118 57 21 länet
803 1117 78 28 lyftats.

203 1153 31 21 På
248 1153 154 22 kassakreditiv
419 1154 98 27 erlägger
527 1154 181 26 kreditivtagaren
718 1155 61 19 ränta
789 1153 12 20 å
811 1151 71 28 hvarje

137 1189 82 25 uttaget
244 1188 76 27 belopp
344 1188 45 21 från
412 1188 199 27 uttagningsdagen.
644 1188 42 21 För
708 1188 78 21 insatta
808 1186 74 26 medel,

135 1221 73 22 hvilka
226 1222 46 22 icke
291 1223 33 21 mä
344 1223 115 26 öfverstiga
477 1223 36 20 det
534 1223 82 26 belopp,
634 1228 44 15 som
698 1224 24 19 är
740 1222 12 21 å
771 1220 113 22 kreditivet

137 1257 87 25 uttaget,
237 1257 91 26 godtgör
343 1257 82 21 banken
440 1257 183 26 kreditivtagaren
639 1256 109 21 enahanda
762 1257 61 20 ränta
837 1254 46 21 från

137 1291 62 20 nästa
213 1289 91 28 helgfria
319 1291 40 26 dag
374 1291 54 21 efter
444 1291 47 26 den,
508 1291 27 20 då
549 1291 143 26 insättningen
708 1290 62 21 skett.

203 1324 160 28 Kreditivafgift
385 1325 97 27 erlägges
505 1325 136 22 förskottsvis
664 1325 48 22 med
734 1325 44 21 viss
798 1323 86 27 procent

137 1358 33 21 för
185 1358 24 21 år
224 1358 12 21 &
251 1359 124 22 kreditivets
390 1359 83 28 belopp.

204 1392 38 22 Om
262 1393 166 28 kreditivtagare
444 1393 75 27 aflidit,
535 1394 40 21 kan
591 1394 54 21 hans
660 1391 189 24 rättsinnehafvare
863 1390 23 21 af

137 1427 130 22 direktionen
291 1428 115 27 berättigas
425 1429 32 20 att
475 1428 98 27 begagna
592 1427 113 22 kreditivet
722 1427 33 21 för
774 1426 39 21 den
828 1424 56 22 åter-

137 1461 86 22 stående
242 1462 64 21 tiden.
337 1462 11 21 I
365 1462 74 21 sådant
455 1461 37 22 fall
510 1462 97 27 erlägges
622 1462 89 27 ickeäny
726 1458 159 27 kreditivafgift.
