1078 1692
410 152 27 22 U.
453 152 28 22 B.
494 164 24 2 —
535 152 45 22 N:o
597 152 22 22 3.

851 153 12 19 3

138 216 126 20 dannämnda
279 216 93 19 samfund
386 216 7 19 i
408 218 29 18 ett
451 216 29 20 för
495 216 36 20 allt
546 216 99 20 utbetalas
661 216 83 26 följande
752 216 77 26 belopp,
837 222 55 14 nem-

137 245 64 25 ligen:

138 307 30 19 till
182 307 73 19 Finska
271 307 180 25 Konstföreningen
467 323 4 3 .
502 322 3 4 .

151 344 8 9 >
186 336 294 25 Folkupplysningssällskapet
503 351 3 4 .
605 352 3 3 3

151 372 8 10 »
187 364 87 20 Societas
290 370 34 20 pro
340 364 60 20 fauna
414 366 20 18 et
448 365 49 19 flora
513 364 76 20 fennica
603 380 4 4 .

151 401 9 9 »
187 393 113 19 Historiska
314 392 117 20 Samfundet

152 430 8 8 »
185 421 155 25 Finsk-Ugriska
355 422 110 24 Sällskapet

153 458 8 9 >»
188 450 90 19 Svenska
293 450 217 25 Litteratursällskapet

153 486 8 9 »
185 478 73 20 Finska
272 478 246 26 Fornminnesföreningen
534 494 3 4 .
569 494 3 4 .

153 515 8 9 »
186 506 112 26 Sällskapet
309 508 29 19 för
352 507 93 19 Finlands
461 508 86 24 geografi
567 523 3 3 .

140 565 51 18 samt
207 566 29 17 att
250 564 20 19 af
284 564 110 20 förberörda
409 564 63 20 medel
487 564 116 25 ytterligare
618 564 80 20 ansläs
688 560 12 34 :

139 621 30 19 för
183 621 139 19 fortsättandet
337 620 21 20 af
372 621 24 19 de
411 621 136 25 arkeologiska
562 622 153 24 forskningarna

196 650 7 18 i
218 650 156 24 Central-Asien,
396 651 29 18 att
439 650 99 19 utbetalas
554 656 72 18 genom
645 650 69 20 Finsk-

197 678 85 25 Ugriska
297 678 111 25 Sällskapet

140 706 30 20 till
185 706 139 26 Längmanska
339 707 122 25 täflingspris
477 694 30 32 för
520 690 149 46 vetenskapliga
675 694 41 32 och

197 735 87 19 litterära
299 736 85 20 arbeten,
406 741 42 13 som
471 736 103 19 utkomma
589 736 64 19 under
668 736 47 19 åren

199 764 139 19 1891—1893

742 305 75 27 12,000
833 308 60 19 mark.

743 336 74 23 12,000
857 345 8 8 >

741 365 74 24 10,000
835 352 11 42 —
857 373 8 9 >

741 394 74 24 10,000
857 402 8 8 —»

741 422 75 24 10,000
857 430 9 9 >

742 451 74 24 10,000
836 438 11 42 —
857 459 9 8 >

756 480 60 24 9,000
834 465 15 43 —
858 487 8 9 >

754 508 59 24 9,000
834 495 11 42 —
858 516 8 8 >

744 679 75 24 20,000
836 678 60 20 mark.

758 764 110 25 9,000»

141 820 85 20 sälunda
245 822 29 18 att
296 822 28 18 ett
350 821 146 24 vetenskapligt
511 821 123 25 täflingspris
649 821 20 19 af
684 822 60 24 3,000
761 821 55 19 mark
832 821 65 19 skulle

141 849 68 19 ställas
224 849 30 19 till
269 849 73 19 Finska
356 849 247 26 Vetenskapssocietetens
619 849 118 26 disposition
754 851 52 18 samt
821 849 35 20 tvä
863 849 33 20 lit-

141 879 64 18 terära
219 877 128 25 täflingspris,
362 878 96 19 hvardera
469 878 72 25 jemväl
556 877 12 20 &
584 879 61 23 3,000
660 879 61 24 mark,
737 878 65 20 skulle
820 878 20 19 af
851 878 45 19 Fin-

141 905 36 20 ska
192 906 36 19 och
244 905 89 20 Svenska
349 906 221 25 Litteratursällskapen
585 913 73 18 genom
673 907 85 19 utsedde
782 907 115 24 delegerade

142 934 92 19 samfäldt
248 934 84 24 utdelas,
348 935 44 19 med
407 935 94 25 rättighet
516 935 51 19 dock
581 935 30 20 för
626 935 89 20 bemälda
730 935 95 20 samfund
832 937 30 17 att
868 935 28 19 äf-

141 968 39 14 ven
195 963 6 18 i
218 965 73 17 smärre
306 963 122 25 täflingspris
444 963 73 20 fördela
532 964 24 19 de
571 964 30 19 för
615 964 81 25 angifna
703 963 194 25 ändamälanslagna

141 991 103 26 beloppen,
258 991 41 19 ifall
316 991 71 20 sådant
402 992 97 19 befunnes
514 992 19 19 af
548 993 196 24 omständigheterna
760 992 105 26 päkalladt.

210 1054 130 25 Helsingfors,
356 1055 38 18 den
410 1055 12 18 4
438 1061 52 13 mars
508 1055 59 19 1891.

406 1150 28 22 L.
457 1150 174 22 Lindelöf.

199 1223 25 22 F.
242 1223 140 29 Stjernvall.
448 1224 26 23 0.
490 1224 109 23 Donner.
665 1225 26 22 A.
707 1225 133 22 Meurman.

621 1362 20 21 J.
658 1362 27 21 L.
704 1362 124 21 Snellman.

212 1491 144 18 Bankutskottets
369 1491 110 18 betänkande
491 1491 36 19 N:o
540 1493 17 16 3.
