1078 1692
53 508 12 28 8
81 509 28 21 59
125 508 44 29 (58)

52 710 11 26 5
80 710 28 22 60
122 711 46 28 (59)

47 1253 12 27 8
74 1254 29 21 62
119 1253 44 29 (61)

45 1339 12 26 8
73 1340 29 20 63
118 1339 45 29 (62)

216 120 33 37 20
463 124 22 22 U.
502 124 22 22 B.
540 137 27 3 —
582 124 94 22 XXXVI.

193 192 72 28 spräk,
288 194 24 19 är
330 192 36 22 det
384 193 65 27 enligt
467 193 120 22 Utskottets
608 193 66 22 tanke
694 193 115 27 tillbörligt,
833 194 31 20 att
878 193 68 27 regle-

192 223 89 24 mentet,
303 222 28 26 pä
353 223 43 20 sätt
414 222 7 20 i
440 222 103 27 förslaget
562 224 35 25 egt
617 229 54 19 rum,
694 222 80 21 uttalar
790 223 29 20 ett
834 221 77 22 förbud
926 221 24 22 af

192 250 165 27 ifrågavarande
380 250 100 22 innehåll.
511 251 110 22 Utskottet
635 252 40 20 har
690 250 56 22 dock
762 252 72 20 ansett
849 257 26 15 en
893 250 54 21 änd-

192 279 48 27 ring
258 279 24 21 af
295 279 41 21 den
351 280 87 27 lydelse,
457 280 131 27 stadgandet
605 280 7 21 i
627 280 102 27 förslaget
745 279 90 26 erhållit,
858 285 52 15 vara
926 279 24 21 af

191 308 80 26 nöden,
288 310 52 19 enär
355 315 28 15 en
398 308 83 22 skilnad
497 309 40 21 bör
552 310 65 26 göras
633 309 90 21 emellan
735 308 159 22 direktörernas
905 308 41 20 och

191 336 262 23 bankkommissariernas
469 338 102 27 ställning
586 338 30 20 till
631 338 71 21 denna
718 337 61 27 fråga
794 338 13 20 å
823 343 41 15 ena
876 336 69 26 sidan,

192 366 42 20 och
249 366 58 21 hvad
322 366 131 21 härutinnan
469 366 14 22 å
499 367 68 21 andra
583 367 63 21 sidan
661 363 40 25 bör
716 366 84 22 fordras
819 366 23 21 af
857 366 89 27 tjenste-

191 396 102 20 männen.
322 395 41 21 Det
386 402 63 21 synes
467 396 110 27 nämligen
597 398 53 18 utan
668 395 58 21 våda
741 395 73 21 kunna
829 394 116 22 öfverlem-

191 429 41 15 nas
247 422 24 22 åt
286 423 134 23 direktionen
435 426 32 20 att
481 424 84 28 pröfva,
581 424 107 22 huruvida
703 424 131 27 tjensteman
845 424 6 20 i
860 423 85 21 banken

191 452 36 21 må
252 452 80 22 tillåtas
357 455 32 19 att
414 454 65 27 åtaga
501 454 33 26 sig
557 453 67 27 något
640 453 96 21 aflönadt
752 452 111 28 sysslande
885 454 59 20 utom

189 481 94 21 banken.

261 510 70 22 Jemte
350 510 35 22 det
403 510 68 28 några
486 513 83 19 smärre
585 511 108 27 språkliga
708 510 100 22 rättelser
823 510 100 27 vidtagits
938 510 6 20 i

193 538 12 28 $
221 539 27 21 59
265 538 43 29 (58)
324 539 40 21 har
379 539 108 22 Utskottet
502 540 69 27 tillagt
586 546 27 15 en
629 540 139 26 bestämning
778 538 23 22 af
809 538 94 22 innehåll
914 540 30 19 att

192 568 134 22 direktionen
345 569 36 21 må
400 575 52 15 vara
470 569 122 27 berättigad
607 571 32 19 att
654 569 78 27 bevilja
748 568 93 22 medlem
856 568 22 20 af
891 567 53 21 den-

193 602 85 16 samma
297 596 89 28 tillfällig
404 598 48 21 kort
470 598 167 27 tjenstledighet.
668 598 132 26 Härigenom
816 596 127 28 förebyggas

191 626 111 26 praktiska
317 626 144 27 olägenheter,
481 633 48 15 som
545 627 48 21 icke
609 626 67 22 sällan
692 626 113 27 försports,
821 626 41 21 och
878 624 64 28 något

191 654 108 22 missbruk
314 656 25 20 är
354 656 18 26 ej
390 658 30 18 att
435 655 74 22 befara
525 656 28 21 då
569 656 36 20 det
620 656 66 26 gäller
701 662 28 15 en
745 654 124 28 myndighet
884 654 6 20 i
901 654 41 21 den

190 683 102 27 ställning
306 690 49 15 som
370 684 97 22 bankens
483 684 113 22 direktion.

258 712 74 22 Andra
347 719 65 15 mom.
429 713 23 21 af
465 713 12 27 8
493 714 28 20 59
537 714 6 20 i
559 713 102 27 förslaget
676 712 120 22 innehåller
811 718 27 15 en
848 712 95 21 bestäm-

189 740 58 28 ning,
264 748 47 14 som
326 742 125 21 motiverats
467 742 14 21 å
496 748 47 21 pag.
559 742 28 21 58
603 742 42 21 och
660 743 27 21 59
703 741 24 21 af
740 740 202 27 bankfullmäktiges

191 769 121 23 berättelse.
343 770 106 22 Utskottet
472 771 44 21 kan
538 771 48 21 icke
609 771 48 21 dela
675 770 144 27 fullmäktiges
839 770 104 26 åsigter
932 765 15 38 i

190 798 72 22 denna
278 799 44 21 sak.
351 799 31 21 De
398 799 41 23 fall,
455 806 37 15 om
507 800 73 21 hvilka
596 800 39 20 här
651 801 24 20 är
690 799 68 27 fråga,
772 801 39 19 äro
822 798 83 22 sådana
916 798 27 21 dä

189 826 159 23 fastställandet
370 828 24 21 af
416 828 93 21 vikaries
533 828 81 21 arvode
637 828 101 21 inverkar
760 828 29 27 på
807 827 135 21 Civilstatens

188 855 66 22 enke-
271 857 41 21 och
327 857 142 27 pupillkassas
484 859 49 19 rätt.
558 857 41 21 Det
614 857 23 20 af
650 856 132 27 fullmäktige
800 855 142 22 omförmälda

188 884 77 28 utslag,
282 891 48 15 som
345 885 102 22 förklarat
462 886 222 27 bestämningsrätten
700 886 6 20 i
722 887 23 26 ty
760 885 35 21 fll
808 885 85 20 tillhöra
904 883 38 22 Se-

188 915 79 20 natens
285 914 270 27 Ekonomiedepartement
574 915 40 21 har
632 915 65 26 enligt
713 914 119 27 Utskottets
847 913 94 27 uppfatt-

187 942 52 27 ning
255 942 44 22 fullt
315 943 49 21 stöd
378 943 8 20 i
400 943 99 27 gällande
515 943 156 27 författningar.
696 943 98 26 Ändring
808 943 7 20 i
830 942 112 21 desamma

187 971 44 21 kan
251 971 19 28 ej
289 971 115 28 lämpligen
422 972 160 27 åvägabringas
597 978 79 21 genom
692 971 205 27 bankreglementet,
914 971 28 20 då

187 999 77 28 frågan
284 1001 18 26 ej
318 1001 67 26 gäller
400 1001 77 21 endast
492 1001 93 26 banken,
608 1003 53 19 utan
676 1000 42 21 ock
734 1007 28 14 en
777 1006 73 15 annan
865 1000 76 20 inrätt-

187 1029 63 26 nings
266 1030 43 20 rätt
324 1029 42 22 och
381 1029 72 22 fördel.
476 1030 115 26 Utskottet,
607 1036 48 15 som
670 1029 48 22 icke
728 1029 67 21 heller
805 1029 68 20 finner
883 1029 58 26 prin-

187 1057 78 27 cipiela
280 1057 46 22 skäl
343 1058 72 21 fordra
430 1059 42 21 den
488 1059 165 26 ifrågavarande
663 1058 233 26 bestämningsrättens
906 1058 35 20 öt-

187 1086 143 27 verflyttande
352 1086 48 22 från
422 1087 96 22 Senaten
540 1088 29 27 pä
591 1087 198 26 bankfullmäktige,
812 1086 40 21 har
870 1085 71 22 derför

187 1115 97 21 uteslutit
303 1115 93 22 berörda
416 1123 71 20 mom.,
504 1117 6 20 i
525 1117 66 20 hvars
607 1116 60 21 ställe
682 1115 78 21 införts
777 1117 29 19 ett
822 1114 119 27 stadgande

187 1143 24 21 af
224 1144 102 26 innehäll,
342 1147 31 18 att
388 1145 36 21 det
439 1145 48 21 icke
501 1151 53 15 vare
569 1144 191 27 bankfullmäktige
776 1143 120 22 förmenadt
910 1145 31 19 att

187 1171 24 22 af
226 1172 100 22 bankens
346 1173 70 22 medel
433 1174 23 21 åt
471 1173 82 22 vikarie
568 1173 78 28 bevilja
662 1173 78 22 sådant
756 1171 184 28 tillskottsanslag,

185 1207 51 43 v
259 1201 141 28 tilläfventyrs
422 1202 97 22 befinnes
542 1203 76 26 nödigt
637 1202 33 21 för
685 1202 107 27 tjenstens
806 1201 134 27 upprätthäl-

194 1235 62 16 ande.

256 1259 289 28 Redaktionsförändringen
560 1261 6 20 i
582 1260 11 27 8
609 1260 28 21 62
653 1259 45 28 (61)
714 1259 40 21 har
770 1261 61 25 synts
841 1257 99 28 påkallad

187 1287 66 25 deraf,
271 1290 30 18 att
317 1294 51 15 man
384 1289 65 20 hellre
465 1288 40 22 bör
520 1289 6 20 i
538 1289 75 26 sjelfva
623 1289 147 26 reglementet,
782 1289 29 19 än
821 1287 31 21 uti
862 1289 78 23 staten,

187 1315 59 22 finna
262 1316 86 27 ledning
364 1316 32 22 för
412 1317 240 27 diskretionsanslagets
668 1317 145 26 användning.

256 1345 72 21 Ehuru
343 1345 108 22 Utskottet
466 1346 48 21 icke
529 1346 40 21 har
579 1347 67 26 något
657 1348 32 19 att
699 1345 107 21 anmärka
816 1347 45 18 mot
871 1343 69 22 bank-

185 1372 144 29 fullmäktiges
344 1374 79 27 förslag
438 1375 7 20 i
461 1374 68 22 första
545 1381 64 15 mom.
625 1375 23 21 af
661 1375 12 27 $
688 1375 28 20 63
732 1373 45 29 (62)
794 1376 45 19 tror
854 1373 86 21 Utskot-

183 1404 32 19 tet
230 1403 33 26 sig
279 1403 55 21 dock
350 1403 54 21 böra
419 1403 92 28 påpeka,
531 1406 30 19 att
580 1403 122 22 detsamma
718 1403 26 27 ej,
765 1401 75 22 såsom
855 1402 6 20 i
876 1401 64 21 moti-

184 1431 104 27 veringen
308 1439 15 13 s.
338 1432 28 21 59
382 1431 24 22 af
424 1432 135 21 Berättelsen
575 1432 121 27 uppgifvits,
714 1431 45 21 fullt
775 1431 165 21 öfverensstäm-

252 1470 149 19 Bankutskottets
412 1471 109 18 betänkande
534 1471 34 18 N:o
580 1472 18 17 2.
