1078 1692
395 136 25 22 U.
434 136 23 21 B.
474 148 26 2 —
516 136 91 22 XXXVI.
838 137 12 20 7

124 206 56 20 samt
204 204 107 28 Borgare-
334 204 40 21 och
397 204 175 26 Bondeständen,
593 204 28 21 dä
635 204 165 28 ifrägavarande
816 212 62 14 mom.

125 238 86 22 komme
226 240 32 20 att
274 238 58 28 lyda:

402 290 48 28 Lag
465 297 82 15 samma
563 298 51 14 vare
629 291 35 27 för
679 291 120 22 komiterad
807 292 8 20 i
824 291 56 21 hän-

335 325 55 21 delse
410 324 193 29 bankfullmäktige
623 327 43 20 mot
686 326 79 21 honom
785 325 45 22 läta
844 326 36 20 ut-

331 359 50 28 föra
396 359 52 22 ätal.

471 429 12 27 $
500 430 34 20 76.

195 474 157 28 Ridderskapet
375 474 36 22 och
432 474 73 22 Adelm
528 475 39 21 har
585 475 167 22 äterremitterat
774 476 10 27 $
795 474 39 29 för
849 477 32 19 att

127 509 80 21 ändras
222 508 89 26 derhän,
334 510 40 20 att'
390 510 70 26 nägon
483 510 32 21 tid
538 510 33 21 för
586 510 152 27 reglementets
752 510 107 21 trädande
874 510 7 20 i

127 542 58 22 kraft
201 542 19 29 ej
236 542 93 22 behöfde
345 544 100 21 utsättas.

195 577 163 22 Presteständet
378 578 40 21 har
439 578 168 22 äterremitterat
629 580 14 25 &
665 578 33 22 för
721 580 31 20 att
773 578 108 22 Utskottet

126 611 70 22 skulle
218 612 71 21 införa
311 612 82 28 förslag
412 612 33 21 till
459 612 182 28 tidsbestämning
655 613 7 21 i
678 614 78 20 sädant
772 612 108 22 afseende.

196 646 49 22 Med
260 646 102 22 afseende
378 648 13 20 &
407 648 25 20 de
443 646 179 28 betänkligheter,
632 654 45 14 som
686 647 108 22 föranledt
803 648 78 21 tvänne

126 680 71 22 Ständ
215 683 33 19 att
266 681 48 21 icke
333 681 51 27 vilja
399 681 72 21 lemna
485 681 209 28 tidsbestämningen
708 682 8 21 i
732 682 12 28 $
760 682 27 22 76
803 682 77 27 öppen,

127 715 40 21 och
183 716 28 20 dä
225 716 141 26 reglementet
389 718 53 19 utan
461 716 116 26 olägenhet
593 716 43 21 kan
652 717 63 20 träda
729 717 8 20 i
752 716 57 21 kraft
825 722 56 15 ome-

127 749 84 21 delbart
226 750 55 21 efter
297 751 49 20 dess
361 750 168 28 promulgering,
545 751 33 21 får
588 750 111 22 Utskottet
707 752 109 20 vördsamt
824 750 58 22 före-

126 783 39 28 slä,
181 786 33 19 att
228 784 104 28 samtliga
348 784 70 22 Ständ
433 784 51 22 ville
501 788 80 24 antaga
596 785 13 29 &
625 786 26 21 76
667 786 24 20 sä
706 785 101 28 lydande:

408 842 82 22 Genom
512 843 58 22 detta
599 843 126 28 reglemente
754 842 128 28 upphäfvas

334 877 44 26 alla
400 877 141 21 härförinnan
564 877 115 22 utfärdade
698 878 135 26 stadganden
849 877 33 21 rö-

335 912 67 21 rande
424 911 104 22 Finlands
551 912 69 27 Bank,
643 913 24 20 sä
689 912 45 22 vidt
750 913 26 20 de
792 912 6 21 i
813 911 69 28 regle-

335 948 81 19 mentet
430 945 48 22 icke
493 946 113 27 äberopas.
631 946 61 21 Dock
706 946 62 21 skola
778 945 44 22 alla
832 946 49 21 tidi-

334 987 52 20 gare
406 981 110 27 ingängna
534 980 142 22 förbindelser
692 980 40 22 och
748 980 133 21 rättsförhäl-

333 1014 80 22 landen
436 1015 79 21 mellan
539 1015 86 21 banken
647 1015 40 21 och
703 1015 99 21 enskilda
817 1015 65 21 bedö-

333 1056 45 15 mas
401 1049 53 22 efter
478 1050 27 21 de
528 1049 53 22 aftal
601 1049 40 22 och
656 1051 142 26 stadganden,
815 1049 66 22 hvarä

332 1084 26 21 de
374 1085 37 20 äro
426 1085 117 26 grundade.

193 1215 113 28 Förslaget
322 1215 32 22 till
369 1217 44 21 stat
427 1215 33 22 för
475 1216 105 21 Finlands
595 1216 62 21 Bank
671 1217 40 20 har
726 1217 7 20 i
749 1216 64 28 öfrigt
824 1216 56 21 oför-

125 1249 92 22 ändradt
232 1250 96 27 antagits
344 1250 24 21 af
381 1250 44 21 alla
440 1251 71 26 ständ,
529 1253 59 19 utom
603 1253 33 19 att
652 1251 163 21 Presteständet
829 1251 51 21 ned-

124 1285 45 19 satt
184 1282 66 23 förste
273 1286 149 20 kamrerarens
445 1285 34 21 vid
503 1285 184 22 hufvudkontoret
702 1285 36 22 lön
753 1285 47 22 frän
817 1286 63 25 6,000

125 1317 62 22 mark
210 1318 33 21 till
264 1319 65 22 5.000
352 1319 67 26 mark,
439 1326 49 14 men
505 1326 47 15 som
568 1319 7 21 i
591 1320 70 21 denna
676 1319 72 28 punkt
764 1322 32 19 tre
811 1319 69 22 Ständ

123 1352 98 27 godkänt
237 1353 122 22 Utskottets
375 1353 86 28 förslag,
478 1355 25 20 är
518 1354 65 27 nödig
593 1354 203 27 ständerpluralitet
807 1354 73 21 därför

123 1393 93 16 vunnen,

193 1483 150 19 Bankutskottets
354 1484 109 19 betänkande
474 1485 34 18 N:o
520 1487 19 16 2.
