1078 1692
203 146 25 20 12
434 146 28 21 U.
477 146 25 21 B.
518 158 27 4 —
561 146 104 21 XXXVI.

172 208 123 20 nuvarande
331 208 48 28 låga
408 208 163 21 räntesatserna
607 208 132 21 fortfarande
765 208 69 21 kunna
866 208 59 22 bibe-

172 242 87 21 hällas.*

240 277 77 21 Under
338 284 74 14 senare
434 277 83 21 hälften
539 277 27 21 af
576 278 25 20 är
617 278 52 20 1888
684 277 123 27 gestaltade
823 278 33 26 sig
870 277 54 21 Ban-

171 312 53 20 kens
246 312 81 20 rörelse
346 313 8 19 i
374 312 75 26 själfva
469 312 76 20 verket
560 312 30 24 sä,
607 315 32 18 att
653 312 72 27 nägon
740 312 98 27 pätaglig
853 311 71 21 anled-

171 347 51 26 ning
236 346 34 20 till
283 346 168 21 räntesatsernas
467 346 93 26 höjande
575 346 48 20 icke
636 346 138 21 framträdde.
804 346 120 21 Totalsum-

171 387 49 13 man
236 380 24 20 af
274 380 42 21 den
338 380 118 22 metalliska
478 380 87 21 valutan
581 380 32 21 för
629 380 167 28 sedelutgifning
809 380 57 21 hade
880 380 46 21 frän

171 414 36 21 ult.
221 414 44 26 juni
280 414 31 22 till
325 415 37 21 ult.
378 415 115 21 december
506 416 60 26 stigit
579 415 45 21 från
631 414 55 22 Fmk
692 414 131 27 41,960,128
829 415 31 21 till
870 415 54 21 Fmk

171 448 127 27 46,825,647
322 449 50 21 eller
390 449 51 21 med
461 450 52 20 nära
536 454 9 21 5
570 449 110 21 millioner.
718 449 51 21 Den
782 449 142 27 obegagnade

171 483 248 27 sedelutgifningsrätten
440 484 94 26 nedgick
555 484 126 26 visserligen
701 484 38 20 det
755 483 89 21 oaktadt
859 484 66 20 under

171 524 81 14 samma
274 518 33 20 tid
328 518 49 20 med
399 518 88 26 ungefär
510 517 55 21 Fmk
592 518 114 25 2,260,000
729 518 50 20 eller
800 518 45 21 frän
866 518 54 21 Fmk

174 552 126 26 10,996,776
321 552 33 20 till
366 551 60 21 Fmk.
443 552 118 26 8,732,956.
592 552 51 21 Men
659 552 27 21 dä
702 552 137 27 placeringen
845 547 12 36 i
876 554 47 19 inri-

171 586 38 20 kes
224 586 81 25 vexlar,
322 586 34 21 län
372 586 40 21 och
428 586 92 21 kreditiv
530 587 68 20 under
611 586 163 28 ifrägavarande
784 586 67 22 halfär
861 587 62 21 ökats

171 620 56 21 blott
241 620 51 21 med
306 621 68 27 nägot
388 628 44 13 mer
448 621 27 20 än
490 626 12 15 2
519 621 105 21 millioner
639 621 41 21 och
696 621 84 21 säledes
796 622 5 19 i
811 621 50 21 vida
871 623 52 19 min-

171 655 39 20 dre
230 657 128 25 proportion
381 655 27 21 än
428 655 43 21 den
493 655 114 21 utländska
630 655 93 25 valutan,
739 655 71 21 kunde
826 656 27 20 de
868 655 55 21 förra

171 690 170 20 räntesatsernas
362 690 150 20 bibehällande
533 697 64 13 anses
618 690 138 20 motiveradt.
793 689 33 21 En
848 690 76 26 partiel

171 724 123 27 förändring
316 724 87 27 vidtogs
425 724 70 25 likväl,
517 726 6 18 i
546 724 37 20 det
606 728 33 17 att
665 724 193 27 Bankfullmäktige
883 724 41 21 den

171 764 27 14 20
220 758 117 20 november
361 759 59 24 1888,
447 759 29 27 pä
498 758 156 27 framställning
676 758 25 20 af
720 758 200 25 Bankdirektionen,

170 792 100 26 förhöjde
292 792 134 21 räntesatsen
443 792 34 21 för
491 791 250 28 ,vexelomsättningar*
750 792 21 27 *)
788 792 49 21 med
853 792 27 26 1/2
894 792 28 27 %

170 830 55 17 samt
247 827 76 20 räntan
343 827 12 20 å
370 826 156 21 kassakreditiv
541 830 48 17 mot
603 827 30 20 de
646 826 62 21 flesta
724 826 47 27 slag
786 826 24 21 af
822 826 101 21 säkerhe-

170 863 33 18 ter
217 861 51 20 med
284 861 26 26 !/;
326 864 90 23 procent
431 861 43 20 och
489 860 187 27 inträdesafgiften
690 860 48 21 från
752 860 28 27 1/4
792 860 32 21 till
836 860 26 27 '/,
872 867 50 20 pro-

170 898 60 22 cent;
245 895 90 20 hvarom
350 895 97 20 närmare
461 895 106 21 inhemtas
588 902 23 13 ur
632 895 205 27 Bankfullmäktiges
855 895 69 21 berät-

169 929 55 20 telse
238 936 18 13 s.
272 935 34 20 23.

237 963 45 21 Det
304 963 102 27 förtjenar
426 963 76 21 härvid
521 963 107 28 tilläggas,
645 967 31 18 att
688 963 143 21 förhällandet
845 963 77 21 mellan

169 997 103 21 Finlands
292 997 72 21 Banks
386 998 43 20 och
447 998 194 28 privatbankernas
655 997 95 27 utläning
765 997 66 22 under
846 997 77 28 loppet

169 1031 25 20 af
213 1032 23 20 år
258 1032 52 20 1888
331 1032 53 21 stält
397 1033 34 26 sig
443 1032 136 27 väsentligen
595 1031 132 22 annorlunda
744 1031 27 21 än
786 1031 37 21 det
838 1031 86 28 föregä-

169 1066 55 20 ende
246 1067 53 20 året.
336 1066 80 21 Medan
433 1067 108 26 nämligen
557 1066 25 21 af
593 1066 28 21 de
637 1066 41 27 81/,
692 1065 111 26 millioner,
819 1066 102 21 hvarmed

168 1100 100 27 samtliga
290 1100 92 21 bankers
400 1100 97 28 utläning
510 1101 113 26 stegrades
639 1101 68 20 under
720 1101 24 20 är
761 1101 60 26 1887,
837 1101 55 20 circa
907 1101 14 20 6

167 1134 105 21 millioner
294 1134 52 21 eller
367 1135 62 27 70"/,
443 1135 90 27 belöpte
546 1137 33 25 sig
594 1135 29 27 pä
638 1134 102 21 Finlands
752 1134 61 21 Bank
828 1134 41 21 och
884 1141 36 14 en-

167 1169 50 20 dast
238 1169 43 26 21/,
301 1169 104 21 millioner
425 1170 28 27 pä
469 1169 187 28 privatbankerna,
672 1169 83 20 ökades
770 1168 151 22 statsbankens

235 1248 15 21 *)
264 1249 130 16 Fastställandet
412 1250 31 15 och
461 1250 116 20 kungörandet
590 1249 18 16 af
619 1249 70 16 särskild
702 1251 82 14 räntesats
796 1249 25 15 för
833 1249 86 15 vexelom-

166 1278 92 20 sättningar
276 1280 18 13 är
312 1278 51 21 enligt
379 1279 93 15 Utskottets
485 1279 50 15 tanke
547 1279 39 15 icke
596 1278 82 21 lämpligt.
702 1278 34 15 Det
748 1277 33 16 kan
794 1277 86 19 erkännas,
893 1280 23 13 att

165 1307 99 20 ömsesidigt
284 1307 70 16 intresse
366 1307 76 16 stundom
458 1307 81 21 päkallar,
553 1309 22 14 att
588 1312 20 10 en
621 1306 76 16 förfallen
711 1306 47 16 vexel
771 1305 24 16 får
806 1306 64 15 betalas
882 1312 35 10 me-

165 1335 43 16 delst
222 1340 20 11 en
255 1335 35 16 lika
302 1335 87 16 beskaffad
401 1340 22 15 ny
435 1335 55 20 vexel,
504 1335 73 16 särdeles
590 1340 29 12 om
630 1335 26 16 till
667 1335 56 21 grund
734 1335 56 16 härför
801 1334 53 21 ligger
864 1336 22 13 ett
898 1334 21 21 pä

165 1363 72 16 förhand
258 1363 26 17 för
301 1364 35 15 viss
354 1364 24 15 tid
390 1363 65 17 träffadt
467 1364 46 17 aftal.
537 1364 40 16 Men
590 1364 32 15 den
635 1364 51 20 högre
699 1363 116 16 diskontränta
827 1368 37 10 som
875 1363 5 14 i
892 1362 27 17 säv

165 1391 44 16 dana
221 1392 29 15 fall
263 1393 40 16 med
315 1393 37 15 skäl
364 1392 33 16 kan
409 1392 72 20 fordras,
492 1391 26 18 mä
530 1393 54 16 hellre
596 1393 64 20 grunda
672 1392 26 21 sig
710 1391 23 22 pä
746 1391 78 17 särskildt
833 1391 88 20 bemyndi-

164 1421 55 20 gande
232 1421 18 15 af
261 1421 162 21 Bankfullmäktige,
434 1423 21 14 än
467 1424 23 13 att
503 1421 32 16 den
547 1424 83 18 upptages
643 1421 50 16 bland
706 1421 22 16 de
740 1420 93 21 kungjorda
846 1419 75 16 normala

164 1450 128 15 räntesatserna.

232 1481 146 19 Bankutskottets
390 1483 109 17 betänkande
511 1483 36 17 N:o
561 1483 15 17 1.
