1078 1692
801 138 27 22 85

109 202 36 20 het
163 203 32 19 att
209 201 32 26 de,
256 202 51 20 utan
322 203 31 19 att
368 201 110 21 föranleda
493 202 145 26 anmärkning,
657 201 66 21 likväl
739 201 118 27 förtjenade

109 236 203 26 uppmärksammas,
329 238 54 18 samt
398 236 103 20 särskildt
516 236 112 20 anmärkas
643 236 66 20 sådan
718 236 76 26 åtgärd
804 236 53 20 eller

109 270 148 22 försummelse
277 270 6 20 i
306 270 162 26 förvaltningen,
488 276 45 15 som
556 270 132 21 revisorerne
707 276 51 14 anse
773 269 84 28 påkalla

109 304 88 22 rättelse
216 305 51 21 eller
286 304 88 26 beifran,
394 304 109 21 äfvensom
523 304 132 21 revisorerne
677 304 7 21 i
706 304 151 25 sammanhang

110 338 86 22 härmed
213 338 59 22 skola
287 338 67 21 utlåta
370 338 32 27 sig
418 344 32 15 om
467 338 39 21 och
521 338 7 21 i
543 338 72 21 hvilka
631 338 59 21 delar
705 337 152 22 ansvarsfrihet

110 372 32 22 för
157 373 95 21 bankens
268 372 127 27 förvaltning
411 372 68 22 under
495 372 194 27 redovisningsåret
705 372 40 21 kan
758 372 99 22 direktio-

110 413 39 15 nen
166 407 144 21 tillerkännas.

178 441 150 21 Revisorernes
349 441 112 21 berättelse
481 442 60 20 skola
561 441 190 27 bankfullmäktige
766 440 91 27 delgifva

111 475 92 21 bankens
218 475 105 21 direktion
334 477 54 19 samt
400 475 69 21 tillika
479 476 96 21 infordra
586 476 143 21 direktionens
741 476 39 20 och
790 475 67 26 öfriga

110 510 170 21 vederbörandes
295 510 117 26 förklaring
428 510 18 26 ej
463 510 82 21 mindre
561 510 6 21 i
576 510 113 26 anledning
698 510 22 20 af
728 510 25 21 de
762 508 95 22 anmärk-

110 544 81 27 ningar,
211 550 43 15 som
273 544 23 21 af
309 544 131 21 revisorerne
456 544 142 27 tilläfventyrs
615 544 125 26 framstälts,
756 546 25 18 än
796 543 61 21 äfven

109 578 6 21 i
139 579 26 21 de
187 578 121 26 afseenden,
331 578 75 21 sådant
428 585 78 15 annars
526 579 41 21 kan
586 585 51 15 vara
656 578 80 26 nödigt,
751 577 107 22 hvarefter

110 613 13 21 å
138 613 190 26 bankfullmäktige
339 613 122 21 ankommer
472 614 32 20 att
514 613 75 27 afgöra
598 613 105 21 huruvida
714 612 38 22 och
768 612 7 21 i
787 611 71 21 hvilka

111 646 59 22 delar
185 647 153 21 ansvarsfrihet
353 647 54 21 skall
422 647 134 21 direktionen
571 647 95 26 beviljas.

453 693 11 27 $
481 694 33 21 70.

178 733 88 21 Revisor
281 733 81 27 uppbär
371 734 72 20 trettio
454 733 61 21 mark
525 734 6 20 i
544 733 183 27 dagtraktamente
738 734 54 20 samt
802 738 57 15 rese-

110 767 220 27 kostnadsersättning
345 768 31 20 till
388 774 81 15 samma
484 768 83 26 belopp,
584 774 43 14 som
641 762 18 37 de
673 768 11 25 i
695 767 68 27 fjerde
773 766 84 22 klassen

111 801 22 21 af
147 802 97 26 gällande
260 802 176 26 resereglemente
452 804 108 25 upptagna
575 802 137 21 embetsmän.

178 836 151 21 Revisorernes
348 836 133 21 sekreterare
505 836 93 27 åtnjuter
620 837 78 20 arvode
720 836 32 20 till
775 835 82 26 belopp,

111 876 44 15 som
173 870 22 21 af
209 870 131 21 revisorerne
358 870 133 21 bestämmes.

453 917 12 26 8
482 917 33 21 71.

179 951 141 26 Kassörernes
340 956 34 21 vid
393 956 180 21 hufvudkontoret
596 956 132 21 handkassor
750 955 108 22 äfvensom

110 990 158 21 handkassorna
285 991 37 20 och
338 991 98 21 hvalfven
451 991 35 21 vid
503 991 95 21 bankens
613 990 196 27 afdelningskontor
819 989 38 22 och

110 1027 112 24 agenturer
238 1025 60 21 skola
313 1025 120 21 inventeras
446 1025 64 21 minst
519 1032 25 15 en
553 1025 55 27 gång
616 1025 72 26 hvarje
699 1025 83 26 månad,
794 1025 66 20 hand-

110 1059 103 21 kassorna
227 1059 34 21 vid
277 1059 181 22 hufvudkontoret
473 1059 24 22 af
511 1059 144 22 direktionens
667 1059 127 21 ordförande
806 1058 53 21 eller

110 1093 39 22 den
169 1093 22 21 af
209 1094 148 25 ledamöterne,
378 1100 44 15 som
439 1094 134 21 direktionen
589 1094 69 21 dertill
674 1096 65 23 utser,
755 1093 103 20 kassorna

109 1127 35 21 vid
163 1127 221 27 afdelningskontoren
402 1129 51 21 eller
469 1131 144 24 agenturerna
628 1128 22 21 af
664 1127 131 22 komiterade
806 1127 53 20 eller

109 1161 66 22 andra
189 1162 198 27 inventeringsmän,
401 1169 43 14 som
462 1163 23 21 af
496 1163 190 25 bankfullmäktige
697 1161 162 22 tillförordnats.

176 1196 136 27 Inventering
328 1196 22 21 af
363 1197 194 21 hufvudkontorets
572 1196 123 21 kassahvalf
710 1196 38 21 och
760 1195 99 26 samtliga

108 1229 75 22 kassor
201 1230 108 21 äfvensom
327 1231 57 21 läne-
399 1231 37 21 och
453 1231 239 26 säkerhetshandlingar
707 1232 55 19 samt
777 1229 82 26 deposi-

108 1264 69 21 tioner
197 1264 37 23 bör
254 1265 64 21 minst
336 1271 25 15 en
380 1265 55 26 gäng
455 1271 34 16 om
509 1266 46 21 äret
574 1265 126 21 verkställas
716 1264 22 21 af
753 1263 105 22 bankfull-

109 1298 92 26 mäktige
216 1301 55 19 samt
286 1299 105 22 likaledes
408 1306 25 15 en
449 1299 56 27 gång
522 1306 33 15 om
571 1300 46 21 året
633 1299 21 21 af
669 1299 140 21 direktionen.

176 1333 40 20 Vid
232 1333 102 22 kontoren
352 1334 59 21 skola
428 1335 79 25 vexlar,
524 1334 134 21 skuldsedlar
673 1333 39 22 och
724 1335 75 24 panter
806 1332 53 21 lika-

108 1367 59 21 ledes
187 1367 63 21 minst
269 1367 35 22 två
322 1368 81 26 gånger
422 1368 83 27 årligen
526 1369 119 20 inventeras
664 1367 22 22 af
704 1366 154 23 ofvannämnde

107 1401 199 26 inventeringsmän.

175 1435 135 27 Inventering
329 1436 23 21 af
366 1436 197 26 afdelningskontor
579 1436 34 21 må
621 1436 59 21 äfven
692 1436 53 26 eljes
757 1434 103 22 verkstäl-

107 1469 32 22 las
161 1469 23 21 af
206 1469 184 28 bankfullmäktig,
411 1471 92 20 medlem
528 1471 6 20 i
557 1470 131 21 direktionen
712 1469 53 22 eller
786 1475 74 20 genom
