1078 1692
848 158 13 20 3

203 226 81 21 Hösten
309 226 54 21 1889
387 228 93 26 emottog
502 226 152 28 Delegationen
672 227 20 20 af
707 227 25 20 hr
747 226 119 27 Runeberg,
882 226 6 20 i

134 261 93 27 enlighet
250 260 48 21 med
315 260 164 28 Delegationens
495 261 88 27 tidigare
599 261 72 21 härom
687 260 122 21 framstälda
825 260 63 28 begä-

133 302 43 19 ran,
210 294 76 28 nödiga
321 295 104 27 fotogram
456 295 21 21 af
504 297 158 19 monumentets
690 294 137 28 hufvudfigur
849 295 39 20 och

133 329 139 27 sidogrupper
297 330 55 19 samt
374 329 103 27 ritningar
501 329 163 27 framställande,
680 330 55 20 huru
758 329 128 21 konstnären

133 363 60 21 tänkt
208 363 32 27 sig
256 364 147 20 monumentet
418 364 7 19 i
440 363 48 21 dess
503 363 71 21 helhet
589 364 39 20 och
644 363 98 21 särskildt
757 363 130 27 piedestalen

136 397 88 21 utförda.
254 397 50 21 Med
319 397 115 27 anledning
449 398 60 20 häraf
523 398 171 20 sammanträdde
710 398 42 21 den
767 398 21 20 af
802 398 84 26 respek-

133 432 41 21 tive
197 433 98 26 experter
317 432 113 21 förstärkta
451 432 152 28 Delegationen
629 432 40 21 den
695 432 26 21 10
745 432 88 21 oktober
855 432 30 20 till

133 468 62 24 möte,
209 466 89 20 hvarvid
314 466 108 28 upplystes
438 468 29 19 att
483 466 121 28 skulptören
620 466 114 28 Runeberg
744 466 101 21 förklarat
855 466 32 28 sig

134 508 49 13 vara
206 500 96 28 benägen
324 502 30 19 att
376 501 34 20 vid
435 501 34 20 det
493 501 84 27 slutliga
596 501 148 21 utarbetandet
760 501 20 20 af
795 500 91 21 hufvud-

133 535 83 28 figuren
231 535 127 27 tillmötesgä
372 535 90 21 flertalet
477 535 21 21 af
513 536 26 20 de
555 536 58 20 inom
628 535 154 28 Delegationen
793 535 93 21 uttalade

133 570 192 27 önskningsmälen.
351 569 134 21 Beträffande
501 570 25 20 de
542 569 152 28 Delegationen
710 570 31 20 till
758 570 129 27 granskning

133 604 107 27 förelagda
262 604 153 27 fotogrammen
438 604 21 20 af
473 604 167 27 sidogrupperna
654 604 40 20 och
709 604 132 27 ritningarna
855 604 31 20 till

133 638 128 28 piedestalen
278 638 84 27 gjordes
377 638 64 27 nägra
457 638 164 27 anmärkningar
633 638 97 21 särskildt
746 638 47 21 med
805 638 82 26 hänsyn

134 673 30 20 till
187 672 40 21 den
246 679 74 21 grupp,
342 679 44 14 som
410 672 125 21 framställer
548 665 146 34 Jordbruket
709 673 38 20 och
763 672 123 27 industrin,"

133 707 84 21 hvilken
241 714 67 20 grupp
330 707 127 21 konstnären
473 706 33 21 för
521 707 62 27 öfrigt
597 707 48 27 själf
660 707 100 21 förklarat
775 706 46 21 icke
837 713 50 14 vara

133 741 13 21 å
160 742 32 20 sin
209 741 118 21 dåvarande
343 741 53 21 form
412 741 114 27 behörigen
541 741 115 21 utarbetad.

203 775 69 21 Sedan
294 775 25 21 de
341 775 153 21 förberedande
517 775 100 21 arbetena
632 776 32 20 för
679 776 146 20 monumentet
840 775 46 20 här-

137 809 48 21 med
207 809 117 21 fortskridit
343 810 23 20 så
381 810 63 27 långt,
459 811 30 19 att
504 810 145 27 afbildningar
664 810 93 27 förelägo
773 809 46 21 icke
834 809 54 21 blott

134 844 21 20 af
169 843 166 28 hufvudfiguren
350 844 39 20 och
405 843 170 28 sidogrupperna,
592 845 51 19 utan
656 843 38 22 ock
707 843 21 21 af
740 844 147 20 monumentet

134 878 75 21 sådant
224 877 34 21 det
273 878 7 20 i
295 878 32 20 sin
342 878 71 21 helhet
428 878 83 21 komme
525 879 29 20 att
566 879 19 20 te
597 878 36 27 sig,
645 878 37 21 och
696 877 27 22 då
732 877 155 28 Delegationen

134 913 61 26 hyste
216 918 27 15 en
266 911 52 28 liflig
333 912 81 21 önskan
430 919 33 14 om
479 913 35 26 att,
530 912 69 21 förrän
615 912 35 21 det
665 912 86 27 slutliga
767 911 121 21 utförandet

134 947 90 26 vidtoge,
252 946 92 21 utkastet
366 946 31 21 till
420 946 110 21 ärestoden
553 946 59 21 öfver
634 946 123 21 Alexander
779 946 21 20 II
823 945 64 22 måtte

135 981 135 20 därförinnan
294 981 65 20 varda
381 981 132 20 understäldt
528 981 36 20 vår
579 987 29 14 nu
624 981 115 27 regerande
756 980 131 27 Storfurstes,

134 1015 27 20 H.
176 1015 27 20 M.
220 1015 76 27 Kejsar
317 1015 123 21 Alexander
462 1015 51 20 III:s
533 1017 48 26 eget
595 1015 55 27 höga
664 1015 139 26 bedömande,
819 1014 68 21 beslöt

135 1049 153 28 Delegationen
311 1051 30 19 att
355 1049 7 20 i
378 1049 74 21 sådant
473 1049 99 21 afseende
596 1049 67 21 vända
685 1049 32 28 sig
736 1049 32 21 till
784 1049 104 20 minister-

135 1083 194 21 statssekreteraren
346 1083 202 28 generallöjtnanten
565 1083 21 21 C.
602 1083 118 21 Ehrnrooth
736 1083 49 21 med
796 1083 92 27 begäran

135 1119 30 20 att
179 1117 60 21 Hans
261 1117 114 21 Excellens
394 1118 48 20 ville
458 1117 35 21 vid
508 1117 81 21 tillfälle
605 1117 107 28 förelägga
727 1117 61 21 Hans
804 1117 83 27 Kejser-

134 1152 43 27 liga
199 1151 97 28 Majestät
312 1152 25 20 de
353 1152 21 20 af
388 1151 152 28 Delegationen
555 1152 90 20 insända
660 1151 154 28 fotogrammen
829 1151 59 20 öfver

134 1187 147 20 monumentet
295 1186 7 20 i
318 1186 48 21 dess
390 1186 69 21 helhet
477 1187 55 20 samt
547 1186 48 21 dess
609 1185 103 21 särskilda
727 1185 64 21 delar.
821 1185 10 20 I
847 1185 41 20 den

136 1220 47 21 med
207 1220 115 27 anledning
345 1220 59 21 häraf
425 1220 31 21 till
479 1220 26 21 H.
521 1220 52 21 Exc.
596 1219 292 22 ministerstatssekreteraren

135 1254 77 21 aflåtna
234 1254 126 21 skrifvelsen
384 1255 21 20 af
427 1254 40 21 den
493 1255 10 19 1
528 1254 115 21 november
658 1254 54 21 1889
728 1253 114 25 framhölls,
859 1254 29 19 att

136 1288 128 21 konstnären
282 1288 100 21 förklarat
397 1288 32 21 sin
445 1288 62 21 afsikt
523 1295 50 14 vara
587 1289 30 20 att
633 1288 33 20 vid
682 1288 35 21 det
732 1287 109 21 definitiva
857 1288 32 19 ut-

136 1322 96 21 förandet
258 1323 84 26 vidtaga
368 1323 55 20 vissa
445 1322 211 27 detaljförändringar
678 1322 57 21 såväl
758 1321 130 21 beträffande

136 1357 171 27 hufvudfiguren,
330 1363 46 14 som
399 1356 127 28 bifigurerna
545 1357 38 20 och
598 1356 135 27 piedestalen,
749 1356 85 20 hvarför
849 1355 41 21 alla

137 1391 61 21 dessa
212 1391 8 20 i
235 1391 35 20 sitt
286 1391 119 20 dävarande
424 1391 58 20 skick
499 1397 49 14 vore
564 1392 29 20 att
608 1391 106 20 betraktas
730 1390 75 21 endast
819 1390 70 21 säsom

137 1425 95 21 eskisser.
262 1425 32 21 De
316 1425 90 20 insända
428 1425 98 21 utkasten
542 1431 49 14 voro
607 1425 93 26 följande
716 1425 51 20 ätta:
786 1425 17 25 1)
819 1424 26 21 H.
861 1423 27 21 M.

138 1459 245 27 Kejsaren-Storfursten
400 1459 6 20 i
425 1459 69 27 profil;
517 1460 20 26 2)
560 1459 25 21 H.
604 1458 27 21 M.
645 1458 244 28 Kejsaren-Storfursten
