1078 1692
206 155 32 24 64

186 224 40 24 till
253 223 109 33 Banken,
388 224 59 25 eller
465 234 90 16 annars
574 229 27 21 är
620 226 25 24 af
663 226 169 31 beskaffenhet,
851 228 35 22 att
904 226 38 24 det

186 266 30 22 ur
242 259 157 31 synpunkten
426 260 25 24 af
477 260 115 24 Bankens
613 260 75 24 fördel
712 260 60 25 eller
790 260 111 25 säkerhet
920 261 20 31 ej

184 300 79 24 yppas
282 295 45 23 må.

526 358 13 30 8
560 358 55 24 133.

254 408 116 24 Inträffar
388 408 114 24 eldsväda
519 408 9 24 i
546 408 43 24 den
609 408 66 24 trakt
686 408 26 24 af
724 408 89 31 staden,
827 408 40 24 der
876 408 65 25 Ban-

185 442 61 24 kens
272 442 46 24 hus
346 446 28 20 är
395 443 93 32 beläget
509 443 69 24 skola
601 443 116 24 Bankens
736 443 144 31 tjenstemän
898 443 44 24 och

185 476 101 32 betjente
314 477 167 32 ofördröjligen
508 477 101 24 inställa
630 478 39 32 sig
689 478 9 23 i
719 477 108 31 Banken,
846 478 36 24 för
900 480 41 28 att,

185 511 76 24 under
287 512 99 32 ledning
412 512 25 24 af
463 512 154 24 närvarande
645 512 77 24 äldste
750 512 154 24 medlemmen
931 512 9 24 i

184 544 230 33 Bankdirektionen,
438 546 96 32 deltaga
556 547 9 23 i
583 547 27 23 de
629 547 117 31 åtgärder,
765 554 51 16 som
832 546 37 24 för
886 546 54 24 räd-

184 580 88 24 dandet
290 580 25 24 af
333 580 113 25 Bankens
465 581 113 31 egendom
596 581 108 24 befinnas
724 581 93 32 nödiga.

254 614 98 25 Samma
370 615 139 31 skyldighet
527 615 94 32 åligger
639 615 43 24 ock
699 616 101 23 embets-
819 615 43 24 och
879 615 61 31 tjen-

184 650 93 22 stemän
304 652 63 22 samt
393 650 100 31 hbetjente
512 650 42 24 vid
576 650 114 24 Bankens
715 650 92 30 kontor,
825 650 9 23 i
852 649 45 24 fall
916 649 25 24 af

182 683 116 25 eldsväda
316 684 8 23 i
343 684 120 24 kontorets
483 684 90 24 närhet.

509 766 14 28 s
544 764 55 36 134.

251 815 108 25 Embets-
383 816 58 24 eller
463 816 145 31 tjensteman
627 816 59 24 eller
702 816 91 30 betjent
811 815 9 23 i
837 814 102 25 Banken

181 849 60 24 eller
262 849 41 24 vid
322 850 53 24 dess
394 849 84 25 kontor
496 850 49 23 kan
563 850 60 30 icke,
641 850 72 26 äfven
732 857 38 16 om
787 849 50 24 han
855 849 83 24 endast

182 885 27 22 är
226 884 169 24 tillförordnad
412 885 59 23 eller
488 884 137 24 tillsvidare
649 884 113 30 anställd,
776 883 94 24 erhälla
879 891 57 24 pen-

182 918 124 31 ningelän,
326 919 26 23 af
373 919 64 23 hvad
459 919 54 31 slag
531 918 38 24 det
586 927 60 16 vara
664 920 46 29 mä,
728 918 10 23 i
755 917 108 31 Banken,
881 917 59 24 eller

182 954 103 30 antagas
304 960 51 17 som
372 953 127 24 löftesman
517 953 36 23 för
571 953 91 24 sädant.
689 953 55 24 Har
761 952 57 30 han,
834 952 48 24 före
896 952 42 24 sitt

181 986 95 25 inträde
294 987 9 23 i
321 987 114 24 Bankens
453 988 80 31 tjenst,
552 988 111 31 upptagit
680 987 44 24 län
742 987 9 23 i
766 986 102 25 Banken
880 986 59 24 eller

182 1021 134 24 sedermera
339 1021 83 24 blifvit
445 1025 71 29 ägare
543 1022 26 24 af
595 1022 123 32 fastighet,
743 1021 72 24 hvari
837 1021 101 24 Banken

181 1055 45 24 har
251 1055 274 33 inteckningssäkerhet,
549 1056 65 24 skall
637 1057 37 23 det
692 1056 54 23 bero
766 1055 25 24 af
807 1055 130 24 Bankfull-

180 1089 119 32 mäktiges
321 1090 121 33 pröfning,
464 1099 37 15 om
520 1091 65 24 länet
603 1093 39 22 mä
660 1091 85 23 kunna
764 1091 99 30 gvarstä
880 1089 58 24 eller

180 1123 41 24 bör
239 1124 50 23 före
308 1124 83 24 förfall
409 1125 125 24 inbetalas.

515 1195 14 28 8
549 1193 55 24 135.

249 1243 44 24 Om
316 1244 145 31 tjensteman
485 1245 58 23 eller
565 1245 88 31 betjent
671 1245 9 23 i
698 1243 103 25 Banken
820 1243 58 24 eller
896 1243 41 24 vid

179 1277 53 24 dess
260 1278 85 23 kontor
367 1279 103 24 tilltalas
493 1279 36 23 för
550 1281 99 22 svärare
668 1279 68 30 brott,
754 1278 59 24 eller
831 1277 106 24 afträder

179 1312 43 23 sitt
240 1313 35 30 bo,
294 1313 58 23 eller
368 1313 82 24 ställes
469 1313 74 24 under
556 1321 94 16 annans
664 1312 273 31 förmyndareinseende,

179 1346 59 24 eller
266 1347 87 24 varder
379 1347 82 31 bysatt
483 1347 36 24 för
539 1348 64 31 gäld,
621 1347 66 24 skall
704 1347 39 24 det
762 1347 127 23 ankomma
906 1348 32 29 pä

179 1380 237 25 Bankdirektionens
435 1382 129 31 afgörande
583 1382 43 23 och
644 1389 96 23 ansvar,
760 1389 37 16 om
813 1381 50 23 han
878 1381 58 23 fort-

179 1415 101 24 farande
304 1417 40 22 mä
362 1415 24 24 få
405 1416 106 24 bestrida
529 1416 38 24 sin
586 1417 74 30 tjenst
678 1416 59 24 eller
756 1423 83 16 annan
857 1414 80 25 dertill

179 1449 131 24 förordnas.
