1078 1692
835 146 25 19 17

306 219 39 27 12.
381 218 336 34 Undsättningsfonden.

203 282 166 27 Ursprungligen
390 283 72 19 bildad
485 282 26 26 på
533 283 69 26 grund
621 284 23 18 af
656 283 58 25 Kejs.
731 282 102 20 Senatens
848 284 41 18 för-

135 318 106 19 ordnande
253 317 41 20 och
304 317 123 26 Finansexp.
443 318 47 19 bref
503 318 23 18 af
539 318 41 19 den
595 317 27 20 26
638 324 48 19 aug.
699 317 53 20 1863
764 317 126 20 öfverfördes

135 352 93 20 nämnda
249 352 50 20 fond
320 352 33 19 till
374 352 40 19 den
430 351 87 26 jämlikt
531 352 59 25 Kejs.
606 352 80 19 brefvet
702 352 22 19 af
737 352 40 19 den
792 352 27 19 24
837 352 52 25 sept.

138 386 53 20 1867
207 386 103 20 inrättade
328 392 42 20 nya
385 386 50 20 fond
450 386 66 20 under
532 392 82 14 samma
629 386 134 26 benämning.
794 386 96 20 Fondens

135 420 114 26 tillgångar
271 420 94 26 placeras
387 420 178 26 hufvudsakligen
588 421 7 19 i
613 421 39 19 lätt
670 421 137 19 realiserbara
821 422 70 18 ränte-

136 456 92 18 bärande
250 456 137 24 statspapper.
417 453 44 21 Lån
483 455 94 26 utgifvas
595 455 41 19 enl.
652 455 58 26 Kejs.
728 455 102 20 Senatens
846 456 45 18 sär-

137 490 64 19 skildt
216 490 31 19 för
262 490 72 25 hvarje
350 490 36 18 fall
401 490 124 20 meddelade
540 490 146 20 förordnande.

224 574 39 26 13.
300 574 503 33 Lagmanstingsgästningsfonden.

208 638 69 20 Sedan
301 637 27 27 pä
351 638 89 19 Finland
471 638 101 20 Ständers
598 637 145 27 underdäniga
772 638 121 26 tillstyrkan

139 678 76 20 genom
237 672 71 26 Nädig
330 672 121 26 förordning
473 673 24 19 af
517 673 19 19 d.
555 673 28 19 27
606 672 52 26 april
676 672 54 20 1868
746 673 101 25 stadgats,
863 673 30 18 att

139 706 42 20 alla
203 707 163 25 lagmansrätter
388 707 61 19 skola
471 706 100 26 upphöra,
594 706 39 20 har
648 707 57 25 Kejs.
722 706 90 20 Senaten
828 706 66 26 enligt

139 741 151 26 Finansexped.
313 741 111 19 skrifvelse
446 742 23 18 af
491 742 41 19 den
554 741 27 20 26
602 741 41 25 juli
661 741 53 20 1870
730 742 111 22 förordnat,
857 742 36 24 att,

139 775 354 26 lagmanstingsgästningsmedlen
515 776 60 19 skola
591 776 6 18 i
613 776 169 25 räkenskaperna
797 775 97 19 bokföras

141 809 71 20 säsom
234 816 26 13 en
278 810 91 24 särskild
384 810 55 23 fond,
458 810 107 19 benämnd
579 810 317 26 lagmanstingsgästningsfon-

141 844 46 23 den,
203 843 39 20 och
257 843 149 26 behällningen
422 845 6 18 i
443 844 125 19 densamma
583 844 109 19 efterhand
702 845 103 18 omsättas
816 844 7 19 i
833 843 63 20 säkra

140 878 152 19 räntebärande
313 878 144 26 obligationer.
489 878 83 19 Räntan
588 877 13 20 å
615 879 69 18 denna
706 878 62 20 fonds
783 877 113 26 tillgångar

143 912 61 20 skola
225 913 85 19 komma
328 912 32 19 till
375 912 141 26 användning,
533 911 27 21 då
575 919 26 13 en
617 913 93 19 tilltänkt
725 913 75 19 reform
815 912 23 19 af
850 912 46 19 lan-

142 947 46 19 dets
201 946 175 26 justitieväsende
390 947 75 19 blifver
480 947 132 26 genomförd.

154 1030 40 27 14.
232 1031 32 26 H.
284 1031 32 27 K.
335 1031 33 26 H.
388 1031 214 34 Tronföljaren
620 1031 119 27 Nikolai
756 1029 130 29 Alexan-

318 1071 155 27 drovitsch
491 1071 232 34 stipendiefond.

212 1134 69 20 Sedan
296 1135 58 20 Hans
370 1135 120 26 Kejserliga
505 1135 99 26 Majestät
619 1136 65 19 under
702 1135 40 20 den
765 1134 27 20 20
807 1135 91 24 septem-

143 1169 36 19 ber
203 1169 52 20 1859
272 1169 7 19 i
293 1169 70 20 Näder
385 1170 114 25 förordnat,
522 1171 31 18 att
571 1170 35 19 det
621 1170 32 19 arf
666 1170 23 19 af
702 1169 62 24 9,000
780 1168 58 20 rubel
853 1168 46 19 silf-

143 1209 42 17 ver,
207 1203 81 20 hvilket
309 1204 103 19 tilidömts
434 1204 71 20 finska
525 1204 127 19 statsverket
670 1204 52 19 efter
736 1203 112 20 framlidna
863 1197 36 25 Öf-

143 1238 153 19 verstedottern
310 1238 76 20 Lovisa
401 1238 140 20 Wilhelmina
556 1238 98 26 Broberg,
670 1245 46 12 som
727 1239 50 18 utan
788 1237 111 20 arfsberät-

144 1271 72 26 tigado
234 1272 126 26 skyldemän
375 1273 72 23 aflidit,
463 1273 71 19 skulle
549 1273 108 19 användas
672 1272 33 19 till
720 1279 26 13 en
761 1272 56 25 fond,
827 1271 75 19 hvaraf

145 1306 74 19 räntan
227 1305 81 27 årligen
316 1307 63 19 borde
387 1307 94 26 utgifvas
489 1307 32 19 till
532 1307 114 19 understöd
654 1307 32 19 för
694 1312 135 20 agronomers
838 1305 62 20 utbil-

145 1339 73 24 dande,
229 1340 64 20 hafva
302 1341 93 19 nämnda
406 1341 70 19 medel
488 1341 69 20 blifvit
567 1341 8 19 i
591 1347 25 13 en
627 1341 65 19 under
702 1339 152 21 ofvanstäende
864 1339 37 19 be-

144 1374 102 26 nämning
261 1375 171 20 förekommande
443 1375 52 20 fond
506 1375 122 20 förvaltade.
651 1375 73 26 Enligt
734 1373 111 21 skrifvelse
856 1371 46 21 frän

144 1408 225 26 Finansexpeditionen
384 1409 23 19 af
420 1409 41 20 den
477 1410 14 19 4
506 1410 42 25 maj
568 1409 53 20 1865
637 1408 21 21 fä
667 1408 36 20 län
714 1408 46 20 frän
770 1409 69 18 denna
852 1407 50 19 fond

144 1442 92 25 utgifvas
244 1441 27 27 pä
279 1443 63 26 högst
350 1443 29 20 tio
388 1442 22 20 är
419 1445 57 18 emot
484 1443 83 22 villkor,
576 1449 46 14 som
630 1443 92 20 nämnda
728 1443 47 20 bref
779 1439 123 22 innehåller.
910 1467 3 3 N

828 1479 11 17 2
