1078 1692
842 156 26 20 41

141 217 99 26 ständiga
255 218 130 20 föreskrifter
400 218 89 20 rörande
505 218 93 20 nämnda
613 218 142 20 räntemedels
771 218 128 26 förvaltning

141 251 40 19 och
197 252 122 25 utgifvande
335 252 109 20 äfvensom
459 253 60 19 utses
535 258 26 14 en
577 252 104 20 direktion
703 253 33 19 för
758 252 140 20 ändamålet".

141 285 47 19 Med
211 286 115 26 anledning
348 286 62 20 häraf
428 286 39 19 har
487 286 120 26 Kejserliga
628 286 98 24 Senaten,
741 287 31 19 uti
788 286 110 20 skrifvelse

140 320 33 19 för
187 326 81 14 samme
284 320 42 26 dag
340 320 33 19 till
388 320 159 23 statskontoret,
563 321 32 19 för
610 320 139 20 omförmälda
764 320 82 20 inlösen
861 326 37 14 an-

141 354 64 26 slagit
220 360 24 13 ur
259 354 107 20 allmänna
381 354 69 20 medel
466 360 27 14 en
514 361 83 13 summa
613 355 23 19 af
651 354 92 24 240,000
765 355 58 19 mark
843 355 55 19 samt

140 388 92 20 anbefalt
248 388 158 24 statskontoret,
421 388 65 20 bland
501 390 71 22 annat,
593 390 32 18 att
643 389 49 19 med
714 389 131 20 direktionen
866 389 32 19 för

141 422 187 24 privatläroverket
353 422 77 20 afsluta
452 422 43 26 köp
518 429 35 13 om
575 423 122 19 förberörda
720 423 109 25 egendom,
852 429 46 13 som

141 455 69 20 skulle
230 456 23 19 af
265 456 81 20 kronan
361 456 105 20 tillträdas
481 457 42 19 den
548 456 9 20 1
579 456 48 26 juni
652 456 60 24 1887,
736 457 40 20 och
797 457 101 26 liqvidera

140 489 172 27 köpeskillingen
327 490 48 20 med
389 490 138 26 iakttagande
543 491 22 19 af
579 492 30 18 att
624 491 57 19 hvad
696 490 13 20 å
724 492 35 19 det
775 491 65 26 enligt
855 490 43 20 Nå-

141 524 45 26 digt
208 524 46 20 bref
271 525 32 19 för
318 525 40 19 den
374 524 26 20 25
417 525 88 19 oktober
522 524 53 20 1876
597 524 22 20 åt
641 525 131 20 direktionen
794 525 104 26 beviljade

141 558 90 20 statslån
246 557 13 21 å
276 558 91 24 100,000
382 560 60 19 mark
457 559 94 21 återstod
567 560 87 26 oguldet
668 560 66 20 borde
753 560 75 26 gäldas
850 559 48 19 med

141 592 177 26 köpeskillingen,
340 593 76 20 hvaraf
436 594 41 20 den
499 593 100 21 behållna
621 594 61 20 delen
705 594 84 20 komme
810 595 31 18 att
858 593 40 20 hos

141 626 151 20 statskontoret
307 626 83 21 innestå
405 628 31 20 för
451 629 31 18 att
495 628 69 26 jämte
574 628 198 26 privatläroverkets
782 628 116 26 penninge-

140 659 114 27 tillgångar
275 662 22 18 af
310 662 152 20 statskontoret
477 662 99 20 bokföras
595 662 41 20 och
650 662 102 20 förvaltas
774 662 66 19 under
861 662 37 19 be-

140 695 102 26 nämning
256 710 10 9 ,,
269 696 77 19 fonden
356 696 31 19 för
397 696 70 20 finska
479 696 235 20 elementarläroverket
726 697 8 19 i
744 696 153 26 Helsingfors".

209 729 41 19 Vid
266 730 56 19 möte
338 730 40 20 den
396 730 24 19 17
433 730 86 26 januari
543 730 54 20 1887
613 730 63 20 hafva
694 730 135 20 förenämnde
852 730 45 19 stif-

139 764 46 18 tare
200 764 97 22 bestämt,
312 765 58 18 utom
386 766 76 18 annat:
485 766 31 18 att
531 771 27 13 en
573 764 104 20 direktion
700 765 23 19 af
743 765 35 25 sju
800 770 98 20 personer

141 797 69 20 skulle
224 798 90 19 förvalta
328 798 41 19 och
384 799 97 19 använda
497 800 76 18 räntan
588 798 13 20 å
617 799 67 25 sagda
699 799 50 19 fond
766 798 33 19 till
816 797 82 21 förmån

140 831 31 19 för
187 831 132 26 Helsingfors
334 832 71 19 finska
414 832 169 27 normallyceum
596 832 51 20 eller
658 833 40 19 den
711 832 130 23 läroanstalt,
852 838 46 13 som

139 865 8 18 i
163 865 50 19 dess
235 865 62 20 ställe
319 866 95 25 uppstod,
438 865 73 21 såsom
533 867 115 25 stipendier
668 866 22 20 åt
705 865 59 21 såväl
780 866 68 19 elever
862 866 36 19 vid

140 899 119 20 läroverket
274 906 46 13 som
336 899 90 20 derifrån
441 900 32 19 till
497 901 146 20 universitetet
665 900 156 20 utdimitterade
842 906 56 20 yng-

139 933 70 26 lingar
226 935 56 18 samt
298 933 24 20 så
336 933 64 27 länge
415 936 30 17 ett
460 934 89 21 allmänt
565 935 89 20 erkändt
668 935 66 19 behof
747 935 19 26 ej
780 934 118 19 erfordrade

140 967 95 20 medlens
251 968 138 19 användande
404 969 32 19 till
452 969 62 19 deras
535 969 132 26 ofvansagda
689 969 149 26 ursprungliga
860 969 37 18 än-

141 1000 81 25 damål;
239 1003 30 18 att
284 1002 70 19 rektor
369 1002 57 23 eller,
441 1003 35 19 vid
492 1003 69 20 förfall
581 1003 32 20 för
632 1003 85 23 honom,
737 1003 108 26 prorektor
866 1003 32 19 för

140 1036 147 25 nyssnämnda
301 1036 85 26 lyceum
402 1037 51 19 eller
468 1036 41 21 den
524 1037 132 24 läroanstalt,
676 1037 32 20 till
730 1037 64 20 hvars
815 1035 83 21 förmån

139 1069 83 20 medlen
245 1071 114 23 användes,
382 1077 49 14 vore
453 1071 144 26 sjelfskrifven
619 1071 91 20 medlem
733 1072 7 19 i
760 1071 136 26 direktionen,

139 1103 64 20 hvars
218 1104 68 26 öfriga
302 1111 36 13 sex
353 1105 138 20 medlemmar
506 1105 35 20 vid
557 1106 113 19 omordade
686 1107 57 18 möte
759 1105 22 20 af
790 1105 108 19 stiftarene

139 1137 69 20 blifvit
222 1138 74 24 valda;
312 1140 31 18 att
358 1139 139 24 direktionen,
512 1140 7 19 i
534 1139 103 20 händelse
652 1139 70 26 någon
741 1140 23 19 af
782 1139 116 26 nästsagde

139 1172 116 20 ledamöter
270 1173 92 26 afginge,
378 1173 53 26 egde
446 1173 141 26 komplettera
603 1174 34 25 sig
650 1174 52 25 sjelf
709 1180 77 20 genom
797 1174 101 19 utseende

139 1206 24 19 af
182 1212 31 20 ny
232 1207 92 20 medlem
339 1207 7 19 i
362 1207 40 20 den
422 1206 119 27 afgångnes
562 1208 71 23 ställe;
650 1209 55 18 samt
720 1209 32 18 att
766 1207 131 20 direktionen

138 1240 65 19 borde
218 1239 81 27 årligen
314 1241 97 20 redovisa
426 1242 32 19 för
474 1242 33 19 sin
523 1242 129 26 förvaltning
667 1243 54 19 inför
737 1240 107 21 skolrådet
866 1241 32 20 för

138 1274 88 19 berörda
240 1275 86 25 lyceum
342 1275 50 20 eller
407 1275 132 21 läroanstalt.

207 1307 58 21 Efter
277 1309 35 20 det
327 1309 140 20 omförmälda
483 1310 42 26 köp
540 1311 40 18 den
595 1310 27 19 27
638 1311 42 25 maj
704 1309 54 20 1887
781 1309 115 26 uppgjorts,

138 1341 38 20 har
191 1341 33 20 till
238 1342 160 27 ifrågavarande
413 1344 50 19 fond
480 1351 82 12 samma
577 1343 23 21 år
615 1344 137 20 inlevererats
764 1342 133 21 återstående

137 1376 150 26 köpeskilling,
303 1377 52 20 efter
370 1377 35 20 det
423 1378 116 19 intecknad
554 1378 51 26 gäld
627 1378 86 25 guldits,
735 1378 49 19 med
808 1376 89 24 152,858

137 1410 61 19 mark
213 1410 27 20 84
255 1411 69 25 penni,
340 1411 7 19 i
362 1411 90 20 kontant
470 1411 75 24 12,250
561 1412 60 19 mark
637 1412 27 20 83
680 1412 63 26 penni
758 1411 41 20 och
817 1409 80 22 utestå-

137 1444 54 19 ende
206 1445 117 26 fordringar
340 1445 75 23 14,750
430 1446 62 19 mark
507 1446 51 20 eller
573 1446 89 26 tillhopa
679 1445 89 25 179,859
787 1445 60 20 mark
870 1445 26 19 67
