1078 1692
213 157 12 20 8
459 153 28 25 U.
503 154 24 23 B.
543 162 28 10 —
587 151 103 26 XXXVI.

252 218 41 21 Tilt
314 217 60 23 hvad
386 220 7 20 i
408 218 13 29 8
435 223 14 22 7
463 219 104 21 relateras
583 222 36 18 om
634 223 26 17 en
675 218 113 28 ifrågasatt
803 219 136 27 tillverkning

184 252 26 21 af
221 252 180 28 stämpelpäpper
413 258 28 16 m.
456 257 28 17 m.
495 254 6 20 i
512 253 102 21 Bankens
626 250 160 30 sedeltryckeri,
798 253 39 21 har
847 253 91 21 Utskot-

183 290 32 18 tet
230 288 56 20 intet
299 286 33 22 att
346 286 95 28 tillägga.

253 384 61 21 Efter
336 384 57 22 hvad
415 384 115 22 Utskottet
552 384 37 22 vid
609 384 165 28 genomgäende
795 384 26 21 af
832 384 108 21 Bankfull-

184 418 108 28 mäktiges
312 418 110 28 protokoll
442 418 74 26 funnit,
539 419 39 21 har
600 419 37 21 det
658 420 55 20 varit
731 418 31 22 till
777 424 59 22 gagn
850 420 32 20 att
896 418 42 21 för-

184 452 106 28 bränning
303 452 24 21 af
339 453 62 21 slitna
416 453 69 21 sedlar
501 453 42 21 och
559 453 179 21 sedelmakulatur
753 457 87 17 numera
854 453 42 21 kan
908 453 30 21 ef-

184 487 91 21 terhand
297 487 126 21 verkställas
444 488 59 20 inom
525 487 89 21 Banken
629 489 30 19 uti
674 494 27 14 en
716 487 33 21 för
764 487 61 21 detta
840 487 99 21 ändamål

185 522 6 20 i
206 521 99 21 Bankens
320 521 204 27 ekonomibyggnad
539 522 94 20 inrättad
648 528 48 21 ugn.

253 610 29 24 På
297 610 204 30 Bankfullmäktiges
517 613 156 27 framställning
687 613 39 21 har
741 613 121 27 Kejserliga
874 612 66 22 Sena-

184 650 37 18 ten
236 647 47 21 låtit
298 647 88 27 vidtaga
401 648 76 26 åtgärd
493 647 32 21 för
541 648 100 26 prägling
655 647 25 21 af
691 647 77 27 nödigt
778 647 102 21 befunnet
890 647 49 21 skil-

181 681 84 27 jemynt
280 682 13 20 å
307 678 60 30 lägre
381 682 83 20 valörer
479 682 27 20 än
524 688 7 14 I
550 682 66 20 mark.
642 682 71 26 Jämte
729 682 37 20 det
782 681 114 21 Utskottet
910 682 30 27 på

184 715 68 27 grund
268 713 25 23 af
302 716 42 20 den
354 716 12 20 å
384 716 38 20 sid.
436 721 23 21 17
471 717 7 19 i
491 716 42 21 den
545 716 153 28 ,summariska
709 715 144 28 öfversigten"
865 716 75 20 befint-

184 750 43 27 liga
242 748 94 23 tabellen
358 757 67 18 anser,
444 754 32 17 att
496 750 77 21 sådant
593 752 55 19 varit
663 750 25 21 af
703 750 104 21 behofvet
823 749 115 28 påkalladt,

184 783 36 21 vill
235 781 115 24 Utskottet
370 786 2 19 i
387 784 154 28 sammanhang
556 784 91 22 härmed
663 784 111 22 framhålla
790 785 72 20 såsom
877 784 64 21 önsk-

184 817 70 26 värdt,
278 822 32 18 att
333 822 61 18 orent
416 818 41 21 och
480 819 57 21 slitet
553 819 121 26 skiljemynt
690 820 7 20 i
712 818 116 22 allmänhet
843 818 47 22 icke
906 819 35 20 må

186 852 46 21 från
246 849 100 24 Bankens
361 852 75 21 kassor
451 853 106 20 utvexlas.

253 955 35 20 Då
304 955 37 21 det
356 953 23 22 är
394 955 24 21 af
429 957 52 26 vigt,
498 959 32 18 att
545 955 117 22 kontoret
653 949 11 39 i
673 955 31 21 S:t
715 955 129 27 Petersburg
854 955 34 20 mä
899 955 43 20 för-

185 989 51 27 foga
261 989 61 20 öfver
342 996 26 14 en
383 989 66 21 under
463 990 41 21 alla
519 989 147 22 förhållanden
681 989 115 27 tillräcklig
810 989 130 25 rubelkassa,

186 1023 43 21 kan
244 1021 183 30 bemyndigandet
441 1022 34 22 för
490 1024 93 21 nämnda
595 1023 85 26 kontor,
697 1027 32 18 att
744 1025 7 19 i
766 1022 32 22 S:t
813 1023 129 27 Petersburg

186 1061 98 24 upptaga
300 1061 32 18 ett
346 1055 155 24 kassakreditiv
516 1059 13 20 å
544 1063 79 21 75,000
637 1058 65 25 rubel,
720 1057 48 22 icke
783 1057 109 21 föranleda
904 1058 38 20 nå-

186 1097 44 21 gon
245 1091 145 28 anmärkning.

253 1181 81 23 Likaså
348 1180 66 24 finner
428 1180 115 24 Utskottet
558 1183 76 28 giltiga
648 1182 48 21 skäl
710 1183 28 20 ha
751 1182 97 27 betingat
863 1182 79 21 anstäl-

185 1213 73 25 landet
274 1216 25 21 af
310 1221 27 16 en
352 1216 127 22 biträdande
493 1217 142 21 vexelkassör
646 1217 37 20 vid
695 1216 167 21 vexelkontoret
872 1217 6 19 i
890 1216 50 21 Hel-

185 1251 99 26 singfors.
307 1244 114 34 Ätgärden
435 1251 88 27 vidtogs
539 1250 149 29 provisoriskt,
705 1257 51 14 men
768 1251 6 20 i
784 1250 156 21 Bankfullmäk-

185 1286 56 25 tiges
256 1285 82 27 förslag
352 1285 31 21 till
398 1289 42 18 stat
456 1285 32 21 för
503 1283 89 23 Banken
607 1285 24 21 är
646 1288 31 18 ett
693 1285 82 21 arvode
791 1288 106 23 upptaget
908 1285 32 20 för

185 1319 70 20 denna
278 1319 126 27 befattning,
427 1319 86 21 hvilken
535 1319 121 28 säkerligen
676 1319 38 21 allt
730 1319 106 26 framgent
851 1318 38 21 blir
904 1319 38 20 be-

184 1353 72 27 höflig.

254 1416 88 26 Jämlikt
357 1417 163 26 bestämningen
535 1418 6 19 i
557 1416 12 28 &
585 1417 13 20 6
613 1416 25 21 af
645 1417 78 26 nådiga
737 1415 152 26 förordningen
899 1415 42 20 den

183 1451 26 19 28
231 1450 41 26 maj
299 1451 59 26 1889,
375 1451 111 26 angäende
507 1451 104 20 särskilda
634 1451 114 26 ändringar
764 1449 41 21 och
820 1449 75 27 tillägg
910 1449 32 21 till

252 1489 146 18 Bankutskottets
410 1489 109 18 betänkande
531 1491 37 16 N:o
580 1490 15 17 1.
