1078 1692
228 136 29 22 34

200 199 72 26 digare
287 199 101 27 uppgifna
402 200 91 21 vilkoren
507 206 51 15 men
573 200 90 27 erbiudit
678 201 31 26 sig
724 201 31 21 att
770 201 32 21 för
817 207 26 15 en
859 201 52 27 årlig
927 201 31 21 af-

200 232 39 28 gift
253 233 8 20 i
276 234 31 21 ett
321 234 32 21 för
368 234 38 21 allt
420 234 23 21 af
455 234 62 25 1,500
531 234 60 21 mark
604 234 48 21 med
663 235 29 21 50
702 234 80 28 lampor
794 235 88 27 upplysa
892 236 64 20 bank-

198 267 89 21 lokalen.
309 268 44 21 Och
368 275 45 15 som
428 268 91 21 anbudet
534 269 59 27 synts
609 268 134 22 Direktionen
758 275 50 15 vara
823 268 32 21 för
868 269 88 21 Banken

199 301 140 28 fördelaktigt,
360 303 39 21 har
420 303 135 21 Direktionen
574 303 101 21 hemstält
693 310 34 14 om
742 302 166 28 bemyndigande
924 304 32 19 att

197 336 49 20 med
262 336 83 27 bolaget
359 337 49 27 ingå
423 337 56 27 dylik
493 337 215 21 öfverenskommelse.
734 337 70 21 Jemte
820 337 35 21 det
869 336 86 22 förestå-

198 370 52 21 ende
266 370 155 28 framställning
435 371 23 21 af
469 371 193 27 Bankfullmäktige
677 371 75 25 bifölls,
768 372 114 20 anmodade
897 371 57 21 Full-

197 404 93 27 mäktige
311 405 135 21 Direktionen
464 406 31 20 att
514 405 62 21 ställa
590 405 157 27 ifrågavarande
764 405 51 21 aftal
829 406 12 20 å
855 405 98 21 Bankens

197 439 45 21 sida
264 440 129 27 uppsägbart
415 440 105 21 äfvensom
539 440 31 20 att
588 440 7 20 i
614 440 38 20 och
668 440 31 20 för
714 440 135 26 inledningen
864 440 23 20 af
899 439 55 21 elek-

196 473 52 21 trisk
271 473 109 27 belysning
402 474 7 20 i
430 474 119 20 bankhuset
571 474 66 20 anlita
659 474 43 23 denj
718 474 31 20 för
768 474 74 20 staden
858 473 94 21 anstälde

196 508 180 21 elektrotekniker.

266 542 69 21 Sedan
358 542 192 27 Stadsfullmäktige
573 542 8 20 i
602 542 94 22 Joensuu
714 542 101 21 förklarat
833 542 31 27 sig
882 542 71 26 villige

195 576 31 20 att
240 576 47 20 frän
302 576 41 21 den
359 577 11 20 1
386 576 50 21 Juni
451 576 56 22 1889
522 577 22 20 ät
558 577 96 21 kontoret
669 576 107 22 derstädes
792 577 76 27 uthyra
879 576 40 21 den
931 576 23 21 af

195 610 117 21 detsamma
334 610 101 21 derintills
457 610 146 22 kostnadsfritt
625 610 113 22 innehafda
756 610 55 22 lokal
829 611 26 27 pä
874 611 28 20 tio
917 611 33 21 års

193 644 31 20 tid
246 644 39 21 och
307 646 44 19 mot
369 646 31 19 ett
417 645 61 27 ärligt
495 645 137 27 hyresbelopp
651 645 23 21 af
688 645 62 25 1,000
764 645 65 25 mark,
843 645 44 25 har,
901 645 49 21 med

193 678 203 27 Bankfullmäktiges
418 679 39 21 den
481 679 26 21 16
529 679 89 21 Januari
640 679 63 27 sagde
726 679 22 21 är
767 679 69 21 dertill
853 679 97 21 lemnade

193 712 173 28 bemyndigande,
382 712 155 28 ifrågavarande
553 713 55 21 lokal
623 713 67 21 blifvit
700 712 34 21 för
744 713 106 21 kontorets
861 713 89 26 räkning

192 747 98 27 upphyrd
309 747 26 27 på
354 747 119 21 förberörda
488 747 65 21 vilkor
569 748 38 20 och
622 747 48 21 med
686 747 127 27 förpligtelse
829 747 31 21 för
876 747 73 21 staden

192 782 32 20 att
241 781 43 21 låta
301 781 8 20 i
328 782 92 26 enlighet
433 781 48 21 med
496 781 102 27 uppgjord
614 782 78 26 ritning
707 781 89 27 uppföra
810 782 32 20 för
856 781 93 21 hvalfvet

191 815 121 28 erforderlig
328 816 86 21 eldstad.

260 850 72 27 Enligt
353 850 202 27 Bankfullmäktiges
579 851 41 20 den
642 851 14 20 2
674 851 57 20 Mars
751 850 55 21 1889
825 850 121 21 meddelade

190 883 139 22 förordnande
344 884 38 21 har
397 885 182 26 hyreskontraktet
593 891 35 14 om
642 885 106 20 kontorets
759 884 7 20 i
779 884 31 21 S:t
821 884 126 26 Petersburg

189 917 61 26 lokal,
273 918 79 21 hvilket
370 919 129 26 utgickden
519 919 27 21 13
563 918 125 28 derpäföljde
703 918 49 27 Maj,
767 918 68 21 blifvit
849 918 98 27 förnyadt

189 952 157 27 på!fobestämd
362 953 34 20 tid'
411 953 37 21 och
466 954 43 20 mot
529 959 81 15 samma
625 953 137 27 hyresbelopp
778 959 45 14 som
838 952 108 25 derintills,

189 985 50 22 eller
264 986 61 25 1,200
344 987 59 20 rubel
421 994 33 14 om
470 987 49 21 året.
549 987 113 26 Samtidigt
677 987 163 26 bemyndigades
855 986 91 21 Bankdi-

188 1019 114 27 rektionen,
323 1021 31 20 att
369 1021 32 20 till
416 1021 63 27 nödig
494 1021 106 21 befunnen
615 1021 125 27 utvidgning
755 1021 23 20 af
790 1021 92 20 nämnda
896 1021 50 20 kon-

188 1054 98 21 torslokal
309 1055 43 20 låta
375 1055 94 27 upphyra
490 1056 31 20 ett
543 1055 33 21 till
594 1055 123 21 densamma
736 1055 144 26 angränsande
898 1061 47 14 rum

187 1089 56 20 emot
263 1089 88 20 särskild
367 1089 115 27 ersättning
497 1089 24 21 af
533 1089 62 27 högst
612 1089 41 21 100
666 1089 60 20 rubel
741 1089 86 26 årligen,
835 1089 55 20 samt
904 1089 41 20 den

186 1121 15 22 5
223 1121 42 27 Maj
290 1122 55 21 1889
368 1123 32 20 att
417 1123 31 21 för
467 1123 92 21 lokalens
575 1123 141 27 remontering
732 1123 95 21 använda
843 1123 55 20 ända
912 1123 32 20 till

185 1156 43 21 500
250 1157 61 20 rubel
329 1157 106 21 äfvensom
452 1157 31 21 för
503 1157 133 22 anskaffande
656 1158 38 21 och
709 1157 116 26 insättning
840 1157 23 20 af
876 1163 25 14 en
917 1164 27 19 ny

185 1189 49 21 dörr
249 1190 33 21 till
296 1191 106 21 kontorets
418 1191 58 22 hvalf
489 1192 95 27 omkring
599 1192 44 21 300
657 1191 65 21 rubel.

253 1225 95 20 Emedan
363 1225 74 27 nödigt
451 1226 107 21 befunnits
575 1227 31 20 att
619 1226 49 21 med
684 1226 106 20 kontorets
805 1226 7 19 i
824 1225 32 21 S:t
866 1225 77 21 Michel

183 1259 56 20 lokal
263 1259 72 21 förena
353 1259 36 21 det
407 1260 144 27 angränsande
570 1267 54 19 rum,
643 1267 44 14 som
705 1260 83 20 bebotts
803 1259 23 21 af
838 1259 105 22 kontorets

184 1293 147 26 vaktmästare,
353 1294 44 25 har,
418 1294 49 21 med
488 1294 202 27 Bankfullmäktiges
710 1293 70 21 dertill
798 1293 41 21 den
858 1294 13 20 2
886 1293 56 21 Mars

184 1326 56 22 1889
256 1327 58 27 gifna
329 1327 173 28 bemyndigande,
518 1329 30 20 ett
563 1335 47 14 rum
625 1328 32 21 för
671 1328 168 21 vaktmästarens
854 1327 89 27 räkning

182 1362 44 19 mot
246 1367 27 15 en
288 1361 53 27 årlig
355 1362 53 27 hyra
423 1362 22 21 af
458 1362 43 22 250
516 1363 60 20 mark
590 1362 69 21 blifvit
673 1362 107 27 upphyrdt
795 1362 7 19 i
818 1367 80 15 samma
913 1361 30 21 lo-

181 1395 41 25 kal,
237 1395 37 21 der
289 1396 95 21 kontoret
399 1397 23 20 är
435 1397 99 26 inrymdt.

250 1429 38 21 Uti
307 1429 107 22 skrifvelse
432 1430 31 21 för
482 1431 41 20 den
541 1431 26 21 21
587 1431 57 21 Mars
661 1431 56 22 1890
731 1431 38 20 har
784 1430 157 21 Bankdirektio-

180 1469 42 15 nen
234 1463 33 21 till
277 1463 202 28 Bankfullmäktiges
491 1465 114 26 afgörande
617 1465 137 21 öfverlemnat
762 1463 99 22 Finlands
869 1463 71 21 Banks
