1078 1692
498 139 9 21 I
823 140 27 20 23

196 208 114 28 Angående
334 208 92 21 nämnda
449 214 41 21 nya
514 208 41 26 lån,
579 208 81 22 hvilket
682 208 49 22 med
747 214 25 15 en
788 208 91 27 kapital-

123 244 70 20 rabatt
211 243 21 21 af
247 243 41 26 59/,
304 243 40 21 och
360 245 57 19 emot
433 241 80 28 3!/,9/,
529 244 62 20 ränta
607 243 125 27 öfvertagits
750 242 23 22 af
786 244 31 20 ett
827 242 52 22 kon-

124 278 94 26 sortium,
238 277 116 21 bestående
374 276 23 22 af
416 277 103 21 Finlands
534 277 60 21 Bank
610 277 110 21 äfvensom
736 277 144 21 Bankirhuset

125 312 20 21 S.
169 312 137 21 Bleichröder
329 312 39 20 och
395 311 113 21 Direktion
531 312 38 20 der
591 310 260 22 Diskonto-Gesellschaft
873 311 7 20 i

125 346 73 21 Berlin
215 348 56 19 samt
286 346 28 20 M.
330 346 24 20 A.
371 352 39 14 von
430 346 127 21 Rothschild
572 346 17 22 &
605 346 71 21 Söhne
692 346 6 20 i
714 345 116 22 Frankfurt
845 352 34 14 am

124 381 65 26 Main,
206 381 63 20 hafva
287 382 99 19 närmare
402 381 161 26 bestämningar
578 380 69 21 blifvit
663 380 115 22 faststälda
794 380 6 20 i
816 380 64 26 nädig

125 415 127 27 kungörelse
268 415 22 21 af
304 415 40 20 den
361 415 27 20 25
404 415 42 26 Maj
466 416 60 20 1889.

192 450 54 20 36:0.
277 448 60 22 Efter
361 450 35 20 det
420 449 121 21 Ständerna
564 450 48 20 med
635 449 115 27 anledning
766 448 24 22 af
803 448 77 27 nådiga

125 484 158 26 propositionen
307 483 108 27 angäende
439 484 96 20 enskilda
552 484 114 26 jernvägar
682 483 33 21 för
730 484 79 20 allmän
825 488 55 16 sam-

124 518 78 21 färdsel
226 519 84 25 antagit
332 520 29 18 ett
386 518 220 27 författningsförslag
629 517 23 22 af
674 518 40 21 den
731 518 87 26 lydelse,
835 523 45 15 som

124 552 130 22 Ständernas
275 553 147 26 underdäniga
437 552 173 22 svarsskrifvelse
626 552 22 21 af
663 552 40 21 den
722 553 24 20 31
764 552 43 27 Maj
826 552 52 20 1888

124 588 104 26 utvisade,
252 588 39 20 har
318 588 58 20 Hans
401 587 119 27 Kejserliga
543 587 101 27 Majestät
666 587 94 26 behagat
785 587 6 20 i
815 586 66 21 näder

124 622 106 20 fastställa
246 622 66 26 sagda
328 622 79 26 förslag
424 622 37 20 och
478 622 48 20 låtit
542 622 6 20 i
563 621 219 21 öfverensstämmelse
794 620 85 22 dermed

125 656 41 20 den
184 656 25 20 15
225 656 59 26 April
303 657 53 19 1889
373 655 85 21 utfärda
474 656 64 26 nådig
554 656 129 26 förordning.

195 691 54 20 37:0.
266 690 49 21 Med
323 690 154 27 godkännande
487 690 23 21 af
517 690 131 21 Ständernas
657 690 158 26 framställning
827 690 6 20 i
843 695 35 15 an-

126 724 85 27 ledning
227 725 22 20 af
257 724 79 27 nådiga
344 724 162 27 propositionen
516 725 110 26 angående
638 724 132 27 omsättning
779 724 23 21 af
811 724 26 20 de
848 724 32 20 för

124 759 81 21 inlösen
222 759 23 21 af
259 760 239 26 donationslägenheter
513 760 7 20 i
536 760 100 26 Wiborgs
652 760 40 20 och
704 760 31 20 S:t
746 758 89 22 Michels
846 759 34 20 län

125 795 109 25 upptagna
249 794 98 25 statslån,
364 794 39 20 har
419 794 58 20 Hans
493 794 120 26 Kejserliga
628 794 101 26 Majestät
740 793 91 21 medelst
841 792 40 22 den

127 828 24 20 18
168 828 102 20 Februari
290 829 52 20 1889
358 828 7 20 i
377 828 96 26 enlighet
483 828 47 21 med
542 828 92 21 berörda
645 828 126 20 hemställan
780 827 100 20 utfärdad

124 862 65 26 nådig
212 862 124 27 förordning
359 862 98 27 påbjudit
481 865 38 23 att,
543 863 33 20 för
596 862 109 21 inlösande
722 861 22 21 af
759 861 121 21 återstoden

126 896 47 21 utaf
188 897 26 20 de
230 897 76 27 4!/,9/,
326 897 149 26 obligationer,
495 903 45 14 som
556 897 107 20 utfärdats
679 896 33 21 för
727 896 65 26 inköp
807 895 23 21 af
845 895 35 21 do-

125 931 145 27 nationsgods,
294 931 68 21 skulle
387 931 54 21 inom
467 931 73 22 landet
562 933 13 19 å
590 931 100 26 lämpliga
706 931 55 20 tider
776 932 105 25 upptagas

125 968 31 19 ett
180 966 4 20 i
208 966 65 21 serier
296 965 107 22 fördeladt
427 966 35 20 lån
486 966 33 21 till
540 965 136 27 erforderligt
691 965 84 26 belopp,
792 964 47 21 med
855 970 25 15 en

125 1001 106 20 räntesats
254 1000 46 21 icke
324 1000 157 27 öfverstigande
498 1001 54 26 +49/,,
577 1001 81 21 hvilket
676 999 34 22 lån
726 1000 84 21 komme
827 1001 32 19 att
874 999 6 20 i

125 1035 48 20 mån
198 1034 23 21 af
242 1035 140 20 statsverkets
398 1034 115 27 tillgångar
529 1034 55 21 efter
599 1035 132 26 uppsägning
746 1033 89 22 serievis
851 1033 29 20 in-

126 1069 56 20 lösas
199 1071 71 19 senast
284 1070 56 20 inom
357 1069 73 21 trettio
447 1071 24 19 år
488 1069 53 21 efter
557 1069 68 21 lånets
641 1069 143 26 upptagande.

193 1103 81 21 Genom
298 1103 64 27 nådig
385 1103 128 28 kungörelse
529 1103 23 21 af
566 1104 40 20 den
623 1104 25 20 22
665 1103 89 22 Januari
773 1103 52 20 1890
842 1102 39 21 har

125 1137 66 22 sedan
214 1138 111 26 bestämts,
349 1139 31 20 att
404 1139 13 20 å
439 1138 64 26 lånet,
520 1144 45 15 som
582 1138 6 20 i
604 1138 31 20 sin
651 1137 72 22 helhet
738 1137 96 21 kommer
849 1138 33 19 att

125 1172 70 27 uppgå
218 1173 33 20 till
271 1173 62 26 högst
349 1173 114 26 6,900,000
479 1172 68 25 mark,
563 1172 33 21 till
612 1179 27 14 en
654 1172 75 27 början
744 1171 69 21 skulle
828 1177 52 20 upp-

126 1209 60 24 tagas
202 1209 31 19 ett
248 1207 78 26 belopp
342 1206 23 21 af
383 1207 110 25 1,200,000
510 1207 67 25 mark,
601 1205 107 22 fördeladt
724 1205 6 21 i
746 1205 47 27 fyra
809 1205 71 20 serier.

195 1242 54 20 38:0.
280 1241 46 21 Den
351 1243 25 19 15
399 1241 60 26 April
481 1242 53 20 1889
551 1241 39 20 har
605 1241 60 20 Hans
681 1240 120 27 Kejserliga
816 1239 65 26 Maje-

126 1277 43 18 stät
192 1275 47 21 låtit
264 1275 86 21 utfärda
373 1275 35 26 lag
431 1275 112 26 angående
566 1274 79 27 lagfart
664 1275 38 20 och
721 1273 124 26 inteckning
860 1272 23 21 af

126 1309 83 21 enskild
229 1310 90 26 jernväg
342 1309 32 21 för
398 1310 79 20 allmän
501 1309 133 25 samfärdsel,
650 1307 232 22 öfverensstämmande

126 1343 48 22 med
191 1343 35 21 det
242 1343 121 28 lagförslag,
380 1343 122 22 Ständerna
518 1344 6 20 i
543 1343 113 26 anledning
666 1343 23 20 af
698 1343 79 26 nådiga
787 1341 95 28 proposi-

126 1378 72 21 tionen
221 1378 31 21 uti
275 1378 59 21 detta
358 1380 61 19 ämne
435 1378 84 26 antagit
535 1377 39 21 och
587 1377 64 27 jemte
668 1377 130 26 underdånig
814 1381 69 16 svars-

127 1411 110 22 skrifvelse
253 1411 22 21 af
290 1412 40 21 den
346 1413 23 20 31
390 1411 41 26 Maj
451 1412 54 21 1888
522 1411 33 21 till
571 1411 59 21 Hans
646 1411 120 26 Kejserliga
783 1410 101 26 Majestät

129 1445 145 22 öfverlemnat.
