1078 1692
209 165 32 25 66

189 234 51 24 alla
262 234 28 23 de
312 234 72 30 delar,
403 241 50 17 som
471 233 53 24 icke
543 241 86 25 genom
647 233 64 24 detta
728 233 144 32 reglemente
890 232 56 25 blif-

188 268 37 24 vit
252 268 104 24 ändrade
383 268 58 24 eller
467 268 130 32 upphäfne,
624 267 148 25 fortfarande
798 267 84 25 länder
907 267 40 24 till

189 302 164 24 efterrättelse.

523 372 13 28 8
558 370 55 24 139.

258 421 34 24 De
324 421 122 24 särskilda
472 421 183 30 instruktioner,
682 428 52 17 som
762 420 150 25 omförmäles
939 420 9 23 i

188 463 68 17 mom.
280 455 24 31 b)
329 456 25 24 af
373 456 32 24 54
424 458 20 28 $,
462 456 97 24 komma
577 458 35 22 att
630 456 55 23 från
703 456 45 23 den
767 456 52 31 dag,
838 463 50 16 som
906 454 42 24 vid

189 490 69 24 deras
281 490 102 32 slutliga
403 490 170 24 fastställande
595 491 149 29 bestämmes,
762 490 73 23 lända
853 490 39 23 till
910 488 34 24 ef-

188 524 145 31 terrättelse;
355 532 55 16 men
433 524 134 24 emellertid
589 525 69 23 skola
677 525 27 23 de
722 524 156 30 föreskrifter,
897 531 50 16 som

189 559 79 24 derom
286 566 34 16 nu
338 559 72 32 gälla,
428 560 66 30 tjena
511 559 41 24 till
571 559 146 24 efterlefnad.
740 558 59 24 Alla
817 558 27 24 de
863 558 83 24 skuld-

188 593 157 24 förbindelser
364 594 43 24 och
425 594 78 31 öfriga
521 593 231 25 rättsförhållanden
766 592 102 24 emellan
880 592 66 24 Ban-

187 628 48 23 ken
260 628 43 23 och
324 628 114 30 enskilde,
463 636 50 16 som
531 630 100 30 qvarstå
650 628 152 32 ouppgjorda,
821 627 69 24 skola
906 626 40 24 be-

188 662 107 24 dömmas
322 662 59 24 efter
402 663 27 23 de
450 662 61 24 aftal
535 663 44 23 och
597 662 155 32 stadganden,
770 662 73 23 hvari
861 662 27 22 de
906 663 40 21 äro

188 696 129 32 grundade.

256 730 46 24 Det
328 730 54 31 alle,
401 738 50 16 som
469 731 118 30 vederbör,
606 731 40 23 till
665 730 150 31 underdånig
833 729 108 24 efterrät-

188 764 59 24 telse
266 765 88 23 länder.
390 765 161 32 Helsingfors,
570 766 45 23 den
635 765 30 23 27
684 765 61 23 Juni
765 764 72 24 1878.

205 827 85 32 Enligt
307 827 82 24 Hans
408 828 169 31 Kejserliga
595 828 153 31 Majestäts
767 827 59 32 Eget
844 826 84 24 Beslut

395 862 44 23 och
457 862 9 23 i
483 862 61 23 Dess
564 861 71 32 Höga
652 861 89 30 Namn,

304 895 61 24 Dess
384 896 179 24 tillförordnade
583 895 73 25 Senat
669 896 37 23 för
719 895 111 24 Finland.
