1078 1692
225 140 27 20 40
571 140 10 20 I

197 210 83 20 stemän
297 209 156 21 ankommande
469 209 94 21 ärenden
579 208 143 27 förenklades,
734 214 34 15 om
779 208 87 27 möjligt,
878 214 74 21 genom

197 243 135 27 indragande
348 243 22 21 af
383 244 143 26 kronofogde-
542 244 52 20 eller
609 242 311 28 häradsskrifvaretjensterna.

268 278 76 21 Denna
369 278 147 27 underdåniga
539 278 90 26 petition
649 278 96 21 kommer
761 278 33 20 att
809 279 61 25 tagas
886 277 68 21 under

197 312 73 21 vidare
287 312 156 27 öfvervägande
459 313 5 20 i
481 312 155 27 sammanhang
651 312 48 21 med
715 312 36 21 det
761 312 136 21 betänkande
908 318 45 14 som

197 346 94 28 afgifvits
307 347 23 20 af
344 354 25 14 en
385 348 87 25 komité,
489 347 85 21 hvilken
590 346 45 22 haft
651 347 32 27 sig
698 347 122 26 uppdraget
832 348 32 19 att
875 346 31 21 till
917 345 36 21 Se-

196 383 66 19 naten
278 382 108 20 inkomma
406 382 17 26 ej
440 382 83 20 mindre
537 382 49 20 med
602 381 112 21 utlåtande
730 381 105 21 huruvida
851 381 25 21 de
892 382 61 25 göro-

198 416 47 26 mål,
262 422 46 14 som
324 416 32 21 för
372 416 135 21 närvarande
526 416 132 21 handhafvas
675 415 22 21 af
711 415 138 27 kronofogde,
865 415 88 21 härads-

197 450 105 21 skrifvare
325 450 39 21 och
378 451 175 26 kronolänsman,
569 451 72 20 kunde
657 450 23 21 af
694 450 76 21 endast
786 450 166 21 kronolänsman

197 484 38 21 och
258 485 124 27 någondera
406 484 22 22 af
449 485 96 21 bemälde
561 486 130 26 tjenstemän
707 484 138 27 handhafvas,
862 486 26 19 än
904 484 48 20 med

196 518 81 28 förslag
292 519 32 21 till
340 519 119 27 fördelning
476 519 22 21 af
511 519 123 27 göromålen
652 521 55 19 samt
724 519 31 20 till
771 518 130 21 instruktion
914 518 37 21 och

197 554 44 20 stat
257 553 33 21 för
306 554 26 20 de
348 553 22 21 af
384 554 61 21 desse
466 554 136 27 tjenstemän,
619 560 44 14 som
680 554 84 20 komme
781 554 32 19 att
829 552 122 26 bibehållas,

197 587 109 21 äfvensom
328 588 94 21 rörande
445 588 25 21 de
493 588 203 27 kompetensvilkor,
713 594 45 14 som
778 587 32 21 för
825 587 126 21 kronoläns-

196 623 129 27 manstjenst
340 623 66 21 borde
422 622 144 22 föreskrifvas.

271 658 52 20 18:0.
357 657 34 21 Uti
415 657 110 21 skrifvelse
544 657 23 21 af
581 657 39 21 den
638 658 24 20 31
680 656 42 27 Maj
744 657 51 19 1888
811 656 63 21 hafva
889 656 63 20 Stän-

197 691 67 21 derna
281 692 6 20 i
303 692 170 26 underdånighet
497 692 96 26 anhållit,
618 693 32 19 att
672 691 61 21 Hans
754 690 117 28 Kejserliga
887 690 64 26 Maje-

196 727 44 19 stät
264 726 83 21 täcktes
367 726 45 20 låta
432 726 86 26 vidtaga
534 726 79 26 nödiga
629 725 101 27 åtgärder
746 724 32 22 för
794 725 17 27 ej
828 725 82 21 mindre
926 730 24 15 en

196 760 101 26 grundlig
312 760 91 21 revision
420 760 23 21 af
456 760 84 21 landets
556 760 108 26 kartverk,
682 762 26 18 än
729 760 39 20 ock
786 760 48 20 dess
854 759 98 21 fullkom-

196 794 72 21 nande
288 794 78 27 jemväl
389 795 47 20 med
461 794 99 22 afseende
577 796 12 19 å
604 795 84 20 landets
705 794 197 26 höjdförhållanden
919 793 33 21 för

196 830 39 24 att,
252 828 28 21 då
296 830 23 19 så
335 829 54 20 låter
413 829 31 26 sig
467 831 58 24 göra,
551 829 146 21 åstadkomma
716 830 31 19 ett
764 828 5 21 i
786 828 40 21 allo
842 828 108 25 tidsenligt

195 863 103 20 kartverk
314 863 58 21 öfver
387 863 80 21 landet.

267 897 61 21 Efter
351 898 35 21 det
403 893 169 31 Öfverstyrelsen
589 897 33 21 för
637 897 162 21 landtmäteriet
816 896 80 27 afgifvit
912 903 39 14 un-

196 931 114 28 derdånigt
334 932 111 21 utlåtande
468 932 48 21 med
539 932 115 27 anledning
678 931 22 22 af
716 932 68 26 sagda
799 931 97 26 petition,
912 931 39 20 har

196 966 40 21 den
252 967 13 20 4
282 966 96 21 Oktober
402 967 53 20 1889
474 966 33 21 för
522 966 88 27 frågans
627 966 117 27 utredning
759 966 6 20 i
781 966 67 20 nåder
863 965 88 21 tillsatts

195 1007 26 14 en
237 1001 87 26 komité,
340 1001 64 21 hvars
420 1001 88 21 arbeten
526 1003 58 19 ännu
600 1001 45 20 icke
661 1000 78 21 hunnit
755 999 107 22 slutföras.

269 1036 52 20 19:0.
353 1035 10 21 I
379 1035 134 27 underdänig
537 1035 110 21 skrifvelse
670 1034 23 21 af
715 1035 41 20 den
780 1035 26 20 28
830 1034 40 27 Maj
898 1034 52 20 1888

194 1069 64 21 hafva
274 1069 121 22 Ständerna
410 1070 95 26 anhållit,
523 1071 32 19 att
570 1069 76 27 frågan
662 1075 34 15 om
712 1069 138 26 tillverkning
860 1068 38 21 och
909 1067 42 22 för-

195 1103 92 28 säljning
302 1104 23 21 af
338 1104 129 27 rusdrycker
481 1104 90 21 likasom
587 1104 39 21 ock
643 1104 25 21 de
684 1103 23 21 af
715 1103 160 27 lagstiftningen
888 1102 63 21 fram-

194 1138 86 21 kallade
295 1138 147 21 förhällanden
458 1139 7 20 i
481 1139 26 20 de
522 1139 81 25 länder,
620 1139 7 20 i
643 1138 70 21 hvilka
724 1137 125 27 förbudslag
859 1137 43 21 helt
913 1137 38 20 och

193 1173 67 20 hället
278 1173 50 21 eller
344 1173 65 21 delvis
426 1175 24 19 är
465 1173 106 27 gällande,
588 1173 68 21 mätte
666 1179 78 20 genom
755 1172 143 27 Regeringens
909 1171 42 27 för-

194 1213 50 21 sorg
267 1207 65 21 blifva
354 1207 88 21 föremäl
461 1207 34 21 för
511 1213 26 15 en
553 1207 100 26 grundlig
669 1207 164 26 undersökning
848 1207 55 20 samt
918 1211 33 15 re-

194 1241 96 21 sultaten
307 1241 22 22 af
343 1242 71 21 denna
429 1242 162 26 undersökning
607 1243 65 25 tagna
683 1241 5 21 i
700 1241 144 20 betraktande
852 1240 35 21 vid
897 1246 54 21 upp-

194 1276 107 26 görandet
317 1276 23 21 af
354 1277 39 20 den
418 1276 78 27 nädiga
519 1276 134 27 proposition
678 1275 111 27 angäende
804 1275 147 26 bränvinslag-

194 1309 134 28 stiftningen,
346 1317 44 14 som
406 1310 122 21 Ständerna
545 1311 109 26 emotsägo
671 1309 32 21 till
720 1309 70 21 denna
805 1309 109 27 landtdag.

267 1344 50 21 Med
333 1344 100 21 afseende
447 1345 54 20 härä
517 1344 39 21 och
572 1346 52 19 enär
640 1344 181 26 förordningarna
837 1342 22 21 af
873 1343 40 21 den
926 1344 24 19 16

195 1379 44 20 Juli
266 1380 60 25 1886,
351 1379 110 26 angäende
484 1379 95 20 vilkoren
603 1378 33 21 för
659 1378 144 26 tillverkning,
819 1377 131 27 försäljning,

193 1412 91 28 forsling
307 1413 38 21 och
363 1413 79 27 upplag
458 1413 23 21 af
493 1413 98 26 bränvin,
608 1413 60 20 skola
684 1413 60 26 tjena
760 1412 31 20 till
807 1411 143 21 efterrättelse
