1078 1692
84 229 18 23 (8
115 231 22 19 5).

79 505 18 23 (8
110 506 33 22 19).

75 723 29 22 (58
117 723 26 22 21;

69 752 11 16 4
94 752 61 22 1889).

224 128 28 21 32

544 192 12 28 $
573 193 32 21 23.

262 230 39 23 Om
320 232 111 21 sedlarnas
451 233 68 27 valör,
544 233 81 27 lydelse
643 235 57 19 samt
718 232 56 22 form
790 232 41 22 och
847 232 103 22 utseende

192 267 24 19 är
231 266 101 22 särskildt
348 266 105 28 stadgadt.

510 353 66 33 Kap.
596 353 39 27 III.

275 409 36 22 Om
326 409 97 23 bankens
438 410 135 22 lånerörelse
589 410 40 22 och
645 410 71 29 öfriga
730 410 144 22 verksamhet.

543 463 12 27 8
571 462 34 22 24.

260 502 45 21 Lån
328 503 36 21 mä
386 502 47 22 icke
455 502 91 28 beviljas
569 505 46 19 mot
634 505 53 25 pant
705 502 24 22 af
748 509 71 20 varor,
843 509 49 15 som
910 504 38 20 äro

191 536 159 22 underkastade
366 536 148 29 förskämning
531 538 51 21 eller
597 538 96 27 läckage.

260 571 62 21 Emot
344 571 83 27 borgen
445 572 72 22 allena
535 572 90 28 beviljas
648 572 47 22 icke
714 572 37 21 län
768 572 51 22 eller
834 572 114 21 kassakre-

191 604 58 27 ditiv,
266 612 50 15 men
330 606 32 21 till
376 606 150 22 förstärkande
542 607 24 21 af
579 609 53 25 pant
646 607 52 22 eller
712 606 126 28 inteckning
853 608 35 20 mä
898 606 50 22 bor-

191 646 41 20 gen
247 642 99 25 antagas.

543 682 12 28 8
571 682 34 21 25.

260 721 101 22 Pantsatt
378 722 60 27 gods,
455 729 48 15 som
519 722 48 22 icke
582 722 98 22 förvaras
696 722 8 21 i
718 722 94 26 banken,
828 722 53 21 skall
896 728 53 15 vara

191 756 103 26 upplagdt
309 756 7 20 i
332 756 72 22 säkert
419 756 171 28 förvaringsrum
606 757 42 22 och
663 757 67 21 stäldt
744 756 69 22 under
826 756 71 28 tillsyn
907 756 42 22 och

190 790 54 21 värd
264 790 24 21 äf
300 796 28 16 en
343 790 69 22 dertill
427 790 118 22 förordnad
560 791 223 28 magistratsledamot
798 791 51 22 eller
863 791 23 21 af
898 791 50 21 kro-

190 824 94 27 nofogde
308 824 50 22 eller
377 831 73 15 annan
469 825 24 21 af
505 825 88 22 banken
609 826 103 27 godkänd
726 832 81 21 person
822 826 50 21 eller
887 832 62 20 myn-

190 858 80 27 dighet,
293 865 49 15 som
356 859 78 22 härom
449 859 114 22 äfvensom
579 859 115 28 angäende
709 860 89 27 godsets
812 860 80 27 mängd
907 859 42 22 och

189 892 150 22 beskaffenhet
357 896 57 18 samt
428 893 229 28 förvaringsrummets
672 895 56 26 läge,
737 893 155 22 "beskaffenhet
907 894 42 21 och

190 927 96 27 stängsel
300 927 32 21 till
346 927 86 22 banken
448 928 96 22 utfärdat
559 929 60 22 bevis
632 929 68 27 jemte
715 928 130 22 förbindelse
860 931 31 18 att
901 928 47 21 icke

190 961 138 22 annorlunda
351 963 28 20 än
402 964 46 20 mot
467 963 96 21 bevisets
584 962 208 23 återbekommande
812 963 57 27 eller,
884 963 65 26 enligt

190 995 97 22 bankens
307 997 106 21 särskilda
435 997 110 22 föreskrift
567 998 97 21 utlemna
687 997 37 22 det
744 997 92 22 sålunda
853 997 7 21 i
876 997 73 21 förvar

189 1032 68 25 tagna
272 1031 77 26 godset
364 1031 51 22 eller
430 1032 74 27 någon
519 1032 35 21 del
569 1031 65 22 deraf.

259 1064 79 22 Såsom
353 1067 53 26 pant
421 1065 33 22 för
469 1066 36 21 lån
521 1066 74 21 kunna
606 1066 64 23 äfven
680 1066 129 28 godkännas
820 1073 70 19 varor,
901 1073 49 14 som

190 1101 38 20 äro
244 1099 110 28 upplagda
369 1101 28 26 på
410 1100 175 28 kreditnederlag
599 1101 69 22 under
680 1101 74 28 tillsyn
768 1101 25 21 af
801 1101 148 21 tullkammare

190 1133 51 22 eller
261 1134 81 21 insatta
360 1135 40 21 hos
416 1135 23 21 af
455 1135 166 28 bankstyrelsen
636 1135 103 28 godkänd
754 1135 67 22 dock-
837 1135 50 22 eller
902 1141 47 15 ma-

190 1168 204 28 gasinsinrättning;
409 1169 7 21 i
431 1169 108 22 hvardera
554 1170 59 21 fallet
627 1172 46 19 mot
688 1170 80 22 sådant
782 1169 61 22 bevis
857 1169 41 22 och
914 1170 35 21 så-

191 1203 43 20 dan
249 1203 140 27 förbindelse,
406 1210 47 15 som
469 1205 8 20 i
492 1204 183 28 nästföregående
690 1206 99 20 moment
804 1204 144 22 omförmäles.

260 1237 115 28 Trävaror,
390 1245 48 14 som
454 1239 7 20 i
476 1239 87 22 banken
579 1241 130 25 pantsättas,
721 1238 37 22 må
768 1239 57 21 dock
834 1245 53 15 vara
897 1245 52 21 upp-

190 1271 64 27 lagda
276 1272 6 20 i
303 1273 83 26 staplar
404 1273 51 21 eller
477 1275 72 26 öppna
569 1274 65 27 skjul;
652 1273 51 22 med
718 1273 70 21 vilkor
802 1275 32 20 att
849 1273 100 27 upplags-

190 1306 85 27 platsen
291 1306 33 21 för
339 1308 222 27 pantsättningstiden
575 1308 31 21 till
621 1308 88 22 banken
724 1309 29 26 på
768 1308 91 21 arrende
874 1308 76 27 upplå-

190 1342 33 19 tes
246 1343 58 18 samt
325 1342 35 20 att
374 1341 77 28 tillsyn
467 1342 60 27 öfver
542 1343 134 21 trävarorna
692 1342 119 27 öfvertages
826 1342 26 27 af
862 1348 87 21 person,

191 1381 44 14 som
250 1375 9 21 i
274 1375 83 22 sådant
370 1375 101 28 afseende
487 1376 26 28 af
527 1376 87 23 banken
627 1377 133 28 godkännes.

259 1409 48 22 Alla
324 1410 24 21 af
360 1413 92 25 pantens
468 1411 161 22 öfvervakande
641 1412 41 22 och
692 1411 123 28 försäkring
825 1411 125 22 föranledda

190 1443 120 22 kostnader
325 1445 83 21 drabba
423 1445 134 28 låntagaren.
