1078 1692
213 158 25 19 76

182 233 71 17 serna
272 226 36 23 för
326 225 239 33 Bankfullmäktiges
584 226 89 30 kansli,
687 226 39 23 till
738 226 37 23 det
787 226 89 30 belopp,
888 233 50 16 som

181 260 26 23 af
224 260 53 23 dem
295 260 59 24 efter
372 260 235 32 omständigheterna
625 263 112 21 närmare
755 260 147 24 bestämmes.

249 294 46 24 Det
313 294 53 31 alle,
394 302 49 16 som
467 295 118 30 vederbör,
603 294 41 24 till
661 295 150 31 underdånig
829 294 108 24 efterrät-

180 328 58 24 telse
256 328 90 24 länder.
382 328 161 33 Helsingfors,
561 330 45 22 den
626 329 31 23 14
675 329 103 23 Januari
798 328 72 24 1879.

205 386 86 32 Enligt
312 386 83 24 Hans
414 386 176 32 Kejserliga
607 386 127 32 Majestäts
753 386 60 32 Eget
832 385 84 24 Beslut

387 426 43 24 och
448 426 8 24 i
475 426 60 24 Dess
554 426 71 32 Höga
643 426 88 30 Namn,

295 466 60 24 Dess
374 466 179 24 tillförordnade
573 466 73 24 Senat
664 466 36 24 för
718 466 110 24 Finland.

233 614 71 20 Hans
320 614 139 26 Kejserliga
474 615 126 25 Majestäts
616 615 91 25 Nådiga
722 615 158 25 Kungörelse,

177 670 98 25 angående
297 671 36 19 den
355 678 49 18 rang
426 672 33 19 och
481 672 88 25 rättighet
590 672 29 19 till
639 672 61 26 skjuts
719 672 33 19 och
767 672 165 25 dagtraktamente,

178 699 77 19 hvartill
269 699 125 26 innehafvare
406 701 25 24 af
441 700 22 20 de
477 707 68 19 genom
564 700 78 26 Nädiga
656 701 126 25 Reglementet
795 700 32 25 för
839 700 95 19 Finlands

176 727 56 19 Bank
252 728 26 24 af
291 728 36 19 den
344 729 27 18 27
385 729 48 19 Juni
448 730 54 18 1878
521 729 96 19 inrättade
637 729 130 25 öfverkassörs
782 729 33 19 och
830 728 30 20 tvä
875 735 58 19 yngre

298 756 108 20 bokhållare
421 758 76 24 tjenster
511 758 32 18 vid
557 758 81 19 Banken
652 758 53 18 skola
717 757 100 25 hänföras.

315 802 70 20 Gifven
400 803 7 19 i
423 803 130 25 Helsingfors,
569 804 38 18 den
625 804 24 18 12
666 803 52 19 Mars
736 804 60 18 1879.

245 858 25 19 Vi
291 858 160 21 ALEXANDER
469 861 37 18 den
531 861 72 24 Andre,
626 860 45 19 med
691 859 57 20 Guds
770 859 61 25 Näde,
853 859 79 25 Kejsare

173 886 38 19 och
226 885 151 26 Sjelfherrskare
392 888 55 19 öfver
461 889 43 19 hela
519 889 108 24 Ryssland,
643 889 49 19 Tsar
706 889 20 18 af
741 889 66 24 Polen,
823 888 109 20 Storfurste

174 914 30 19 till
219 914 90 25 Finland,
324 917 37 18 etc.
376 918 36 17 etc.
427 919 37 17 etc.
480 917 49 20 Göre
545 917 101 25 veterligt:
659 919 29 18 att
702 917 61 20 sedan
773 923 72 19 genom
855 917 76 24 Nädiga

173 943 131 24 reglementet
326 944 30 19 för
374 945 93 20 Finlands
483 946 55 19 Bank
553 946 20 19 af
587 946 40 19 den
643 947 25 18 27
684 946 49 19 Juni
749 945 54 20 1878
819 945 110 20 förordnats

173 977 32 13 om
226 971 115 20 inrättande
360 973 19 18 af
396 979 25 13 en
441 974 134 20 öfverkassörs
595 975 38 18 och
647 974 116 25 ytterligare
778 976 74 17 tvenne
867 979 63 19 yngre

172 999 199 26 bokhällaretjenster
393 1002 33 19 vid
446 1002 87 24 Banken,
548 1002 23 20 sä
584 1003 57 19 hafve
656 1003 30 24 Vi,
699 1002 56 25 uppå
770 1002 108 19 Ekonomie
892 1002 38 19 De-

171 1029 145 24 partementets
331 1029 7 19 i
353 1029 41 20 Vär
410 1029 60 21 Senat
485 1031 28 20 för
528 1031 85 19 Finland
627 1031 147 24 framställning
789 1031 37 19 och
841 1031 44 18 med
900 1030 28 19 af-

172 1057 73 19 seende
264 1057 73 25 jemväl
353 1057 11 20 &
379 1058 29 19 för
423 1059 54 19 tiden
493 1062 14 17 t.
522 1060 12 19 f.
550 1059 221 26 Generalguvernörens
786 1059 7 19 i
808 1059 66 19 landet
889 1059 39 19 till-

172 1085 90 25 styrkan,
278 1085 67 20 funnit
359 1087 49 24 godt
422 1087 6 19 i
443 1087 66 20 Näder
521 1088 119 19 tillerkänna
649 1088 154 19 innehafvarena
813 1087 20 19 af
844 1087 85 19 nämnde

171 1113 85 24 tjenster
277 1120 55 19 rang,
353 1115 124 20 öfverkassör
495 1117 6 18 i
520 1117 68 19 tionde
603 1117 37 19 och
655 1123 65 18 yngre
734 1115 112 20 bokhällare
860 1116 7 19 i
882 1115 46 26 fjor-

170 1141 61 20 tonde
254 1142 81 20 klassen
356 1143 20 19 af
394 1144 38 19 den
451 1145 29 19 för
498 1145 190 20 Storfurstendömet
708 1145 39 19 den
764 1145 25 19 19
805 1144 52 19 Mars
874 1144 54 20 1860

170 1169 88 32 Nädigst
272 1171 113 20 fastställda
399 1173 136 25 rangordning
551 1175 52 18 samt
618 1174 62 19 tillika
695 1173 91 20 förordna
801 1174 30 18 att
840 1172 88 19 bemälde

170 1199 128 24 tjenstemän,
313 1200 6 19 i
334 1200 93 20 afseende
442 1201 11 20 å
468 1202 95 25 rättighet
578 1202 30 19 till
624 1202 64 25 skjuts
705 1202 37 19 och
753 1201 174 25 dagtraktamente,

170 1226 56 19 skola
246 1227 98 21 hänföras,
366 1229 125 20 öfverkassör
508 1230 30 19 till
554 1231 71 24 sjunde
641 1231 36 19 och
692 1236 64 19 yngre
772 1229 111 20 bokhållare
898 1229 30 19 till

169 1255 73 19 nionde
258 1255 80 20 klassen
354 1257 20 19 af
388 1257 77 26 Nädiga
479 1259 174 24 resereglementet
668 1259 39 19 den
723 1260 11 18 6
751 1258 107 19 December
868 1258 59 19 1875.

169 1283 38 19 Det
221 1283 44 26 alle,
281 1290 43 13 som
340 1285 99 26 vederbör,
455 1287 30 19 till
500 1287 125 26 underdänig
639 1287 133 20 efterrättelse
786 1287 74 19 länder.
880 1287 46 19 Hel-

169 1311 94 26 singfors,
279 1313 38 19 den
334 1314 26 19 12
376 1314 53 20 Mars
446 1316 61 19 1879.

252 1351 68 26 Enligt
335 1353 65 20 Hans
416 1355 137 26 Kojserliga
567 1356 126 25 Majestäts
709 1356 51 25 Eget
774 1356 71 19 Beslut

405 1389 37 19 och
457 1389 6 19 i
478 1389 51 20 Dess
544 1389 56 26 Höga
614 1390 71 24 Namn,

328 1421 51 20 Dess
395 1423 148 20 tillförordnade
559 1424 60 20 Senat
633 1425 30 19 för
677 1425 90 19 Finland.
