1078 1692
830 138 26 19 23

132 209 160 26 assignationer,
314 208 23 19 är
359 206 96 21 bestämd
477 205 33 19 till
532 202 167 28 uppmuntrande
722 202 23 18 af
762 201 60 25 järn-
845 199 39 21 och

132 243 176 27 kopparmalmers
323 240 136 27 uppsökande
474 239 63 25 längs
560 238 49 20 med
628 237 41 19 den
691 236 62 19 delen
775 236 23 18 af
816 234 70 20 finska

132 279 82 23 kusten,
230 284 46 13 som
292 276 92 20 sträcker
400 276 33 24 sig
448 273 47 21 från
509 273 42 20 och
565 272 49 20 med
629 271 67 19 Piikis
711 269 66 20 härad
796 268 33 20 till
846 268 38 19 Vi-

132 314 63 25 borgs
218 312 53 20 stad.
300 310 30 20 På
352 310 68 26 grund
440 309 23 19 af
484 307 119 26 Kejserliga
624 305 104 20 Senatens
747 302 138 21 förordnande

133 348 22 19 af
175 348 40 19 den
237 346 27 20 24
286 345 86 19 oktober
396 343 53 20 1866
468 341 70 21 hållas
561 341 89 20 fondens
665 338 115 27 tillgångar
794 338 7 18 i
816 337 70 19 ränte-

132 382 91 20 bärande
238 380 143 26 obligationer.

133 484 22 26 2.
192 482 118 27 Fonden
328 480 49 27 för
395 478 172 28 inrättande
586 476 34 26 af
637 476 42 27 ett
696 473 122 28 institut
836 471 50 27 för

414 518 189 28 döfstumma.

201 592 10 19 I
225 592 40 20 och
280 592 31 20 för
326 591 117 20 inrättande
459 591 24 19 af
497 592 29 18 ett
541 589 84 20 institut
637 589 31 19 för
680 584 145 22 döfstumma
814 579 13 40 i
837 583 49 20 Fin-

134 627 49 20 land
197 627 63 19 hafva
274 626 161 20 nedannämnde
449 631 102 20 personer
565 625 78 19 förärat
658 622 40 20 och
716 622 33 18 till
769 618 117 22 dåvarande

135 661 219 26 Generalguvernören
379 661 57 19 öfver
465 660 73 20 landet
567 660 216 26 Generaladjutanten
813 660 74 20 Grefve

134 696 54 25 Berg
212 696 100 19 inlemnat
334 695 93 25 följande
449 695 85 26 belopp:
561 695 20 26 a)
603 694 183 20 Kommerserådet
807 695 81 20 Feodor

134 730 67 19 Natus
226 730 59 23 1,000
307 730 58 19 rubel
387 730 70 19 silfver
482 730 49 19 med
553 730 111 19 skrifvelse
686 730 23 19 af
729 730 40 19 den
791 729 24 20 13
831 735 57 13 mars

137 764 62 24 1858;
215 763 21 27 b)
252 763 182 21 Kommerserådet
449 764 79 20 Mikael
548 764 88 19 Adaridi
656 763 62 24 2,000
736 764 59 19 rubel
817 764 71 19 silfver

135 799 48 19 med
205 798 109 20 skrifvelse
336 799 23 19 af
382 799 39 19 den
437 798 25 20 31
480 805 57 13 mars
555 798 64 23 1858;
638 800 17 21 c)
674 798 96 20 Friherre
784 798 63 20 Louis
862 798 26 20 de

135 832 63 19 Hauff
211 832 61 23 3,000
288 832 57 19 rubel
361 832 76 25 silfver,
454 838 36 13 om
509 832 73 19 hvilka
603 832 110 19 Friherren
736 831 67 20 aflätit
825 832 62 19 skrif-

134 867 68 18 velser
224 867 40 18 den
288 866 24 20 16
332 866 39 20 och
387 866 27 20 28
430 866 53 26 april
501 866 53 20 1859
571 868 54 18 samt
641 867 40 19 den
699 866 26 19 14
744 872 56 13 mars
824 865 62 24 1861;

135 901 108 19 äfvensom
264 900 20 26 d)
306 900 126 26 Bergsrädet
454 901 27 19 M.
504 901 77 19 Linder
603 900 61 24 3,000
680 901 58 19 rubel
754 901 71 19 silfver
839 900 49 20 med

135 935 110 19 skrifvelse
267 935 23 19 af
310 935 40 19 den
372 935 27 19 20
415 935 86 26 januari
521 935 60 23 1860,
602 935 50 20 eller
667 935 142 20 tillsammans
825 934 61 24 9,000

135 969 64 20 rubel.
229 969 35 20 Uti
286 969 46 20 bref
352 970 31 19 för
405 969 40 20 den
465 969 28 20 31
517 969 110 20 december
651 969 52 20 1861
727 969 39 20 har
788 969 100 20 General-

135 1004 135 25 guvernören,
287 1003 115 20 Generalen
417 1004 70 19 Baron
502 1003 147 27 Rokasowsky
661 1004 130 19 underrättat
803 1003 85 26 Kejser-

135 1038 43 25 liga
193 1037 90 20 Senaten
298 1044 34 13 om
348 1039 66 24 sagda
430 1038 125 20 donationer
573 1040 56 17 samt
647 1040 30 17 att
700 1038 187 25 Generaladjutan-

135 1073 35 18 ten
186 1072 74 19 Grefve
275 1072 54 26 Berg
344 1073 109 25 föreslagit
469 1073 31 19 att
516 1073 109 19 desamma
641 1073 67 19 skulle
728 1072 107 20 användas
855 1071 33 20 till

135 1107 118 19 inrättande
268 1107 22 19 af
304 1108 30 18 ett
352 1107 190 19 döfstumsinstitut
564 1107 8 19 i
594 1107 120 26 Jyväskylä
729 1107 53 23 stad,
805 1105 83 20 säsnart

135 1141 83 19 landets
235 1141 91 19 finanser
341 1141 67 20 tilläto
424 1141 117 26 företagets
556 1141 150 23 realiserande;
724 1141 105 19 hvarefter
847 1140 41 19 Ge-

136 1175 188 25 neralguvernören
340 1176 6 18 i
362 1175 111 20 skrifvelse
489 1176 23 19 af
521 1175 40 20 den
574 1175 12 20 9
598 1175 110 20 december
722 1175 54 20 1862
786 1174 39 20 hos
838 1174 51 25 Kej-

137 1209 76 25 serliga
228 1209 91 20 Senaten
334 1209 89 20 anhållit
438 1211 31 18 att
485 1210 114 19 omordade
615 1210 129 23 donationer,
760 1215 46 14 som
822 1208 68 20 blifvit

136 1243 109 25 placerade
266 1243 8 19 i
296 1243 71 20 Saima
388 1243 207 26 kanalobligationer
616 1243 41 20 och
680 1244 40 19 den
744 1243 10 20 1
781 1243 109 20 december

136 1276 142 21 nästnämnda
300 1277 23 20 är
345 1278 48 19 med
415 1279 72 18 räntor
511 1278 59 26 stigit
590 1278 31 19 till
645 1277 75 24 10,278
738 1277 59 20 rubel
813 1277 77 23 silfver,

137 1310 64 21 mätte
216 1311 26 26 pä
257 1311 148 27 förmänligare
420 1313 44 19 sätt
479 1313 65 25 göras
559 1313 113 20 fruktbara.

204 1345 72 26 Enligt
290 1347 55 19 hvad
363 1346 238 26 Finans-expeditionen
622 1347 7 18 i
644 1347 46 19 bref
707 1347 23 18 af
747 1346 40 19 den
809 1345 27 20 20
856 1345 36 25 ja-

137 1380 58 19 nuari
213 1379 52 20 1863
281 1380 105 20 meddelat
401 1381 134 19 direktionen
550 1381 31 19 för
595 1381 102 19 Finlands
712 1380 62 23 bank,
788 1379 37 19 har
842 1378 51 26 Kej-

137 1414 78 26 serliga
230 1413 90 21 Senaten
336 1421 82 13 samma
432 1415 43 26 dag
491 1415 107 20 förordnat
613 1416 31 18 att
658 1413 140 21 omförmälda
816 1412 75 24 medel,

137 1454 46 13 som
197 1448 107 20 tillsändts
320 1448 136 24 direktionen,
470 1449 71 20 skulle
559 1449 102 19 omsättas
676 1449 8 19 i
699 1447 27 21 dä
738 1448 59 19 snart
808 1447 85 19 utkom-
