1078 1692
210 152 27 22 30
444 153 28 21 U.
488 153 24 21 B.
528 165 29 3 —
571 152 105 22 XXXVI.

181 218 36 18 nat
230 216 6 20 i
251 215 93 21 nämnda
354 215 137 21 betänkande
502 216 107 26 ingäende
625 215 86 27 förslag,
728 215 114 27 nämligen,
859 218 32 18 att
902 215 36 21 det

181 249 89 27 belopp,
286 249 103 21 hvarmed
400 249 153 21 sedelstocken
569 249 57 27 finge
638 249 118 27 öfverstiga
767 249 119 21 metalliska
902 256 36 13 va-

181 283 64 25 lutan,
262 283 82 21 ökades
360 284 45 20 frän
421 289 26 21 30
462 283 32 21 till
510 288 24 22 35
547 284 111 24 millioner,
674 283 67 21 häller
756 283 115 21 Utskottet
886 283 51 24 före,

181 320 32 18 att
228 324 27 14 en
270 317 196 21 tillfredsställande
481 317 146 27 förstärkning
642 317 25 21 af
679 317 100 21 Bankens
795 317 96 27 förmåga
901 320 37 22 att

181 354 110 18 motsvara
306 352 46 20 sina
366 351 111 27 uppgifter
493 352 68 20 ernäs.

249 396 117 21 Utskottet
376 396 38 20 har
424 396 120 21 emellertid
555 396 18 26 ej
585 396 80 20 kunnat
676 396 44 21 helt
731 396 42 20 och
788 396 65 21 hället
868 396 70 20 lemna

181 436 24 14 ur
220 431 64 25 sigte,
306 433 32 17 att
353 429 167 22 Statsutskottet
535 430 102 26 möjligen
654 430 64 20 funne
733 430 135 27 nödvändigt
883 430 55 20 före-

181 463 30 21 slä
226 463 122 21 Ständerna
360 464 127 21 anvisandet
503 464 23 20 af
539 464 68 27 nägot
622 464 82 27 belopp
721 464 25 20 af
757 464 99 20 Bankens
871 465 67 19 vinst-

181 498 72 20 medel
268 498 31 20 till
314 498 155 27 budgetbehof.

249 543 65 21 Säväl
329 544 49 20 med
394 544 103 21 afseende
512 544 53 20 härä
580 551 48 13 som
643 544 42 20 ock
700 544 25 20 af
737 547 65 17 annat
817 544 53 24 skäl,
890 550 47 14 som

180 581 59 17 strax
255 578 54 20 skall
324 578 91 25 anföras,
438 578 39 20 har
492 578 117 21 Utskottet
623 581 55 18 trott
694 579 33 25 sig
742 578 53 20 böra
817 578 77 20 föreslä
910 584 27 14 en

179 611 117 21 förändrad
306 612 90 27 ordning
411 613 6 19 i
430 612 60 27 fräga
505 619 36 13 om
554 612 158 27 dispositionen
722 611 25 21 af
754 612 99 20 Bankens
868 613 67 19 vinst-

180 645 78 21 medel.

248 691 45 21 Vid
310 692 53 26 1877
379 692 34 20 ärs
428 692 105 26 landtdag
548 695 55 23 togo
619 690 121 22 Ständerna
756 690 32 21 för
803 690 67 21 första
885 691 52 26 gän-

179 732 43 19 gen
241 725 100 21 Bankens
362 725 129 21 vinstmedel
513 727 6 19 i
539 725 95 27 anspråk
656 724 33 21 för
711 724 161 21 statsändamäl.
902 724 34 21 Då

179 758 78 21 liksom
272 759 42 21 ock
328 759 37 21 vid
376 766 26 14 en
417 760 52 20 hvar
485 759 26 21 af
519 760 28 20 de
558 759 94 26 följande
662 758 157 27 landtdagarne
831 758 28 20 ha
873 758 64 21 Stän-

179 793 67 20 derna
268 794 84 20 anvisat
367 794 76 20 endast
459 794 28 26 pä
504 794 27 20 de
551 793 46 21 före
615 793 133 27 landtdagen
762 792 175 27 tilländagängna

179 827 63 20 ärens
258 827 128 20 realiserade
401 829 63 19 vinst.
494 828 68 19 Detta
577 827 39 20 har
631 826 93 21 medfört
740 826 42 21 den
798 826 95 21 fördelen
904 830 33 17 att

178 859 72 22 kunna
272 862 74 19 anvisa
360 862 30 26 pä
405 868 26 14 en
446 861 31 21 till
493 861 72 20 siffran
581 860 103 21 definitivt
699 860 101 21 bestämd
815 860 42 21 och
872 860 64 21 otvif-

180 894 106 27 velaktigt
301 895 114 27 förefintlig
430 895 95 27 tillgång.
548 895 52 20 Men
616 895 37 20 det
667 895 39 20 har
722 894 42 21 ock
779 894 45 21 haft
839 894 31 21 till
884 894 52 26 följd

181 928 42 20 den
238 928 48 21 icke
301 930 60 26 ringa
377 929 151 27 olägenheten,
548 932 33 18 att
595 929 170 26 vinstbeloppen
780 929 74 20 städse
869 929 67 20 under

179 969 26 13 en
232 962 53 27 följd
311 963 25 20 af
357 964 23 19 är
404 963 123 21 balanserat
553 963 67 20 under
646 962 101 21 Bankens
774 964 86 25 passiva
885 965 51 18 utan

178 999 33 18 att
232 1003 53 14 vare
300 998 33 25 sig
348 997 52 20 höra
415 997 31 21 till
461 997 82 20 sådana
565 997 148 24 förbindelser,
737 1003 48 14 som
801 996 99 21 afräknas
923 997 13 20 ä

177 1030 252 27 sedelutgifningsrätten
447 1031 52 20 eller
519 1034 150 24 representera
690 1037 27 14 en
733 1030 32 21 för
780 1030 99 21 Bankens
902 1031 33 20 rö-

177 1063 55 21 relse
256 1064 132 21 fortfarande
403 1065 122 27 disponibel
539 1065 96 27 tillgång.
664 1065 79 20 Denna
766 1064 116 27 olägenhet
896 1065 40 20 har

177 1097 32 21 för
221 1097 67 28 öfrigt
302 1098 63 21 ökats
381 1099 132 27 därigenom,
530 1102 33 18 att
578 1099 28 20 de
621 1099 25 20 af
658 1098 121 21 Ständerna
794 1098 67 21 redan
876 1100 58 19 anvi-

177 1131 53 21 sade
252 1132 143 21 vinstmedlen
417 1133 48 20 icke
482 1133 143 26 regelbundet
645 1133 51 20 eller
715 1132 114 21 efterhand
843 1133 91 26 uttagits

176 1165 25 20 af
219 1165 169 22 Statskontoret.
418 1167 94 20 Sälunda
533 1170 109 23 upptager
658 1166 101 21 Bankens
775 1166 100 27 ställning
896 1166 38 21 ult.

176 1199 47 20 dec.
248 1201 55 25 1890
325 1201 67 20 under
408 1201 152 27 ,innestäende
579 1199 143 22 vinstmedel*
746 1200 48 21 icke
808 1200 83 21 mindre
906 1200 28 21 än

175 1233 115 26 6,925,000
302 1234 66 26 mark,
384 1235 24 20 af
417 1235 72 20 hvilka
505 1241 11 20 3
532 1234 104 21 millioner
646 1234 54 21 höra
714 1234 32 21 till
757 1234 42 21 den
811 1233 24 21 af
847 1237 87 18 senaste

175 1267 106 27 landtdag
295 1268 73 27 gifven
383 1270 118 25 anvisning,
525 1275 50 14 men
589 1267 48 22 icke
651 1267 72 22 blifvit
738 1268 89 26 lyftade,
844 1267 42 21 och
901 1275 33 13 re-

175 1304 48 17 sten
236 1301 64 27 utgör
316 1302 28 21 de
353 1303 134 26 vinstmedel,
504 1309 36 14 om
551 1302 83 21 hvilkas
652 1302 130 27 disposition
792 1309 28 13 nu
833 1301 53 21 skall
896 1301 37 21 be-

175 1334 73 21 slutas.
279 1335 9 20 I
304 1343 26 13 en
345 1336 63 25 bank,
424 1337 65 20 hvars
504 1336 13 21 å
533 1337 56 20 vista
609 1335 143 22 förbindelser
765 1335 37 21 äro
817 1336 25 20 sä
857 1342 76 14 ansen-

175 1368 49 27 liga,
248 1376 48 13 som
314 1369 102 22 Finlands
431 1370 78 25 Banks,
534 1370 43 20 och
593 1369 33 21 för
641 1369 87 21 hvilken
744 1369 37 21 det
796 1370 70 20 måste
880 1375 53 14 vara

174 1402 117 27 angeläget
313 1407 33 17 att
360 1404 68 21 under
443 1404 41 21 alla
505 1403 148 21 förhållanden
667 1403 73 21 kunna
759 1410 58 20 noga
837 1402 95 22 beräkna

174 1436 108 27 beloppet
296 1437 25 20 af
333 1438 167 25 sedelreserven,
517 1445 53 13 vore
585 1438 38 21 det
638 1437 72 22 bättre
726 1441 32 18 att
774 1436 73 27 dylika
857 1440 75 24 poster

243 1475 144 19 Bankutskottets
399 1476 111 19 betänkande
523 1477 35 16 N:o
571 1477 15 16 1.
