1078 1692
811 157 40 19 109

123 226 83 25 frielse
223 226 55 24 från
296 226 145 32 erläggande
461 226 25 24 af
503 226 180 32 inträdesafgift
702 226 36 24 för
750 225 128 25 kassakre-

125 261 62 24 ditiv
205 261 65 24 skall
287 261 105 24 härefter
410 261 113 32 upphöra.

475 330 13 29 8
503 326 28 39 6.

191 381 111 24 Förutom
320 382 28 23 de
366 381 8 23 i
394 382 13 29 $
427 382 32 23 46
474 382 25 23 af
508 381 220 32 hankreglementet
738 380 141 24 omnämnda

125 416 83 23 slutna
234 416 163 31 depositioner,
419 418 27 22 är
464 416 103 24 Banken
584 416 90 31 jemväl
692 415 133 32 berättigad
845 417 34 21 att

123 450 42 24 vid
192 450 52 24 dess
266 450 179 24 hufvudkontor
463 450 9 24 i
491 450 81 24 förvar
590 453 106 29 mottaga
715 452 77 29 öppna
811 449 67 32 depo-

125 484 99 24 sitioner
252 484 24 24 af
294 485 223 31 värdehandlingar
535 485 44 24 och
597 484 157 33 obligationer
772 484 52 24 med
842 484 37 23 det

123 526 97 23 ansvar,
239 527 50 15 som
308 519 125 24 allmänna
451 519 72 32 lagen
541 520 8 23 i
570 519 30 24 12
619 519 55 32 kap.
693 519 30 24 H.
736 518 26 24 B.
775 518 103 32 stadgar.

191 553 102 24 Banken
320 554 49 23 kan
388 554 89 31 jemväl
501 555 72 31 ätaga
591 554 38 32 sig
648 556 34 22 att
701 556 14 21 &
733 553 144 32 deponerade

123 588 221 32 värdehandlingar
362 588 36 24 för
416 588 147 24 insättarens
581 588 107 32 räkning
706 588 63 30 lyfta
787 587 39 25 till
838 588 38 23 be-

124 622 98 32 talning
243 622 145 24 förfallande
414 625 78 28 ränta,
510 623 112 23 dividend
641 623 58 24 eller
718 622 159 32 kapitalafbe-

123 656 103 32 talning.

193 690 114 25 Bankens
335 692 124 31 provision
486 692 36 24 för
539 692 91 23 vården
648 691 25 24 af
691 690 186 33 öppnadeposi-

124 725 78 24 tioner
220 726 118 24 beräknas
358 726 58 24 efter
433 726 84 24 värdet
535 726 44 24 och
598 726 141 24 bestämmes
759 726 25 23 af
795 725 82 24 Bank-

123 759 154 33 fullmäktige
296 762 30 30 pä
345 760 183 32 framställning
547 760 24 24 af
589 760 228 24 Bankdirektionen.

193 794 35 24 På
255 794 228 32 Bankfullmäktige
510 795 138 24 ankommer
667 794 43 25 ock
729 797 35 21 att
782 796 31 30 pä
831 794 47 24 för-

124 828 55 32 slag
197 829 25 23 af
240 829 156 24 Direktionen
408 829 125 24 fastställa
551 832 111 21 närmare
673 829 150 24 föreskrifter
835 836 43 16 an-

125 863 90 32 gäende
234 863 162 32 mottagandet
414 863 44 24 och
476 863 91 24 värden
580 863 25 24 af
615 864 91 23 sädana
716 863 162 32 depositioner.

469 939 9 29 8
495 938 29 30 7.

194 988 100 33 Förslag
312 989 40 24 till
364 989 177 24 bestämmande
555 989 24 24 af
589 989 114 24 Bankens
714 989 166 24 diskontränta

125 1022 44 24 och
195 1023 133 24 räntefoten
355 1023 36 24 för
418 1024 41 23 län
482 1032 29 15 ur
529 1023 108 32 Banken,
656 1032 50 16 som
724 1023 156 24 Direktionen

125 1057 78 32 enligt
222 1059 13 28 $
256 1058 31 23 74
307 1058 7 23 i
333 1058 154 32 reglementet
506 1058 79 32 älegat
603 1061 36 21 att
656 1059 85 30 hvarje
760 1059 27 22 är
805 1058 9 23 i
831 1057 49 24 No-

124 1091 97 24 vember
244 1092 87 23 månad
356 1093 36 23 för
410 1092 161 32 nästföljande
590 1095 27 22 år
635 1093 39 23 till
693 1092 187 24 Bankfullmäk-

124 1125 50 32 tige
192 1126 110 31 insända,
320 1127 66 23 skall
404 1127 140 24 hädanefter
562 1127 25 24 af
605 1127 156 24 Direktionen
774 1127 106 32 afgifvas

125 1160 86 24 endast
228 1161 30 23 dä
276 1169 30 15 en
324 1161 141 32 förändring
484 1162 8 23 i
511 1161 111 32 gällande
641 1164 147 21 räntesatser
803 1161 77 24 finnes

125 1194 26 24 af
169 1195 235 32 omständigheterna
422 1196 121 31 påkallad.

478 1271 13 29 $
511 1271 21 23 8.

194 1319 46 25 För
259 1321 148 24 bestridande
426 1322 25 23 af
469 1322 27 23 de
515 1323 30 30 på
563 1321 115 26 Bankens
692 1322 137 24 kamrerare
839 1330 43 15 an-

125 1353 142 26 kommande
285 1356 107 31 göromål
410 1356 116 24 anställes
545 1356 143 31 tillsvidare,
706 1357 103 23 förutom
829 1356 27 24 de
874 1357 8 22 i

127 1389 14 29 $
171 1389 32 24 82
228 1389 24 24 af
274 1390 154 31 reglementet
446 1393 121 29 upptagne
586 1393 86 22 tvenne
691 1391 144 30 kamrerare,
853 1399 29 15 en

127 1423 74 31 tredje
219 1423 137 24 kamrerare
374 1426 31 29 på
424 1427 67 22 extra
511 1428 53 21 stat.
