1078 1692
209 134 27 21 58

221 230 159 28 Anmärkning
394 231 17 21 4
426 231 40 27 (3).
494 224 29 28 Åt
533 232 175 26 tjenstemännen

193 265 41 21 och
249 265 95 28 betjente
360 266 36 21 vid
408 266 103 21 kontoret
521 266 5 20 i
537 265 31 22 S:t
579 265 129 27 Petersburg

182 311 2 16 i
192 300 50 26 kan,
259 301 41 20 när
315 300 165 22 förhållandena
495 299 79 22 sådant
584 299 92 28 påkalla,
687 299 23 22 af

182 329 2 34 |
192 334 196 28 bankfullmäktige,
404 335 28 27 på
445 334 87 28 förslag,
544 341 48 15 som
605 334 103 22 direktio-

192 375 43 16 nen
251 375 51 21 eger
316 369 8 21 i
339 369 78 22 sädant
432 369 102 22 afseende
545 368 86 28 afgifva,
642 369 65 21 tiller-

192 404 85 21 kännas
292 404 161 27 arvodestillägg
469 404 32 21 för
517 406 30 19 ett
563 404 24 21 är
601 404 6 20 i
623 404 83 26 sender,

192 438 129 28 uppgående
342 438 31 21 till
395 438 64 27 högst
483 439 26 21 15
525 439 27 27 %
574 438 23 22 af
618 438 63 22 deras
700 438 8 20 i

192 474 72 20 staten
279 475 111 25 upptagna
405 473 101 27 aflöning,

220 512 160 28 Anmärkning
398 513 20 21 5.
451 512 44 22 Til
514 512 140 22 komitterade
672 512 36 22 vid

191 546 235 29 afdelningskontoren
436 548 53 28 utgå
500 548 26 20 de
536 547 95 21 arvoden
641 546 67 22 bank-

191 581 139 29 fullmäktige
344 582 104 27 faststält.

220 622 160 28 Anmärkning
399 622 15 21 6
430 622 44 28 (4).
503 622 88 22 Arvode
606 622 33 22 för
653 622 54 22 ban-

191 656 54 22 kens
268 659 91 25 agenter
379 658 59 21 inom
457 657 73 22 landet
548 656 132 22 bestämmes
701 656 7 21 i

191 691 76 27 hvarje
282 691 101 22 särskildt
398 692 35 21 fall
448 698 80 21 genom
543 691 107 22 kontrakt.

220 731 159 29 Anmärkning
397 732 14 20 7
424 732 40 27 (5).
488 732 43 21 Der
541 732 58 21 lokal
609 731 33 22 för
653 732 54 21 ban-

191 766 55 21 kens
261 766 80 22 kontor
355 766 8 22 i
372 766 127 22 landsorten
509 766 104 22 behöfver
624 767 83 27 upphy-

191 806 44 19 ras,
258 800 134 22 bestämmes
416 801 167 28 hyresbeloppet
607 800 100 22 särskildt

191 834 34 22 för
240 835 75 27 hvarje
330 835 44 22 fall.

193 910 139 27 pensemedel
345 910 62 28 ingår
418 910 63 23 äfven
491 910 123 22 kostnaden
623 909 33 22 för
666 909 41 22 ved

191 944 42 21 och
248 944 41 27 ljus
304 944 34 22 för
352 945 120 22 kontorens
486 944 71 23 behof.

616 990 90 22 Summa

220 874 160 29 Anmärkning
393 877 15 20 8
418 875 41 28 (6).
484 876 8 21 1
503 875 156 23 ofvanstäende
670 866 46 31 ex-|

838 988 92 27 447,300
