1078 1692
829 116 26 20 51

197 182 43 20 Har
255 181 141 21 föreskrifven
412 180 137 27 inventering
565 180 130 26 uraktlåtits,
711 186 53 16 vare
779 180 48 25 den,
838 186 47 14 som

128 216 33 21 sin
181 216 268 27 inventeringsskyldighet
469 214 136 27 försummat,
629 215 75 27 pligtig
723 217 32 19 att
767 215 68 27 jemte
849 220 37 16 ve-

128 250 135 22 derbörande
285 250 132 27 redogörare
438 251 83 20 ersätta
539 249 61 27 brist,
624 256 48 15 som
691 249 36 21 vid
742 248 144 22 nästskeende

127 285 135 27 inventering
276 284 44 21 kan
335 290 75 22 yppas,
427 290 50 16 men
493 290 52 15 vare
560 284 123 27 berättigad
699 286 31 19 att
746 284 23 20 af
777 284 70 21 denne
857 283 30 21 el-

127 320 37 26 ler,
181 320 37 20 der
233 320 37 20 två
285 319 51 21 eller
350 318 52 22 flere
418 320 39 20 äro
472 318 34 21 för
521 318 83 22 bristen
619 318 121 27 ansvarige,
758 318 23 21 af
794 318 49 21 dem
854 324 33 15 er-

128 354 57 21 hålla
202 353 118 27 ersättning
336 352 32 23 för
382 353 58 21 hvad
450 353 45 21 han
505 353 7 20 i
522 352 52 28 följd
585 352 64 22 häraf
656 353 92 21 kommit
759 354 31 20 att
800 352 86 27 utgifva.

197 388 8 21 I
220 388 42 21 alla
277 388 26 21 de
318 387 42 27 fall,
373 387 28 22 då
412 388 255 27 ersättningsskyldighet
678 387 24 21 af
708 388 41 20 här
759 387 128 22 omförmäld

127 423 149 21 beskaffenhet
290 422 28 28 på
334 422 86 27 engång
435 421 82 28 åligger
530 422 58 26 flere,
603 424 38 19 äro
652 422 27 21 de
690 422 72 21 derför
773 422 114 27 ansvariga

129 463 26 15 en
171 456 32 22 för
219 457 41 21 alla
276 457 41 21 och
334 457 41 21 alla
390 456 34 22 för
439 462 33 16 en.
502 456 50 22 Men
567 457 41 21 har
617 456 69 22 sådan
698 456 189 28 ersättningsskyl-

129 492 72 27 dighet
219 491 67 21 blifvit
302 492 73 26 någon
390 490 87 22 åhvälfd
493 492 28 26 på
537 491 69 27 grund
624 490 23 22 af
660 490 150 22 försummelse
825 491 7 21 i
847 491 39 21 ho-

128 532 52 15 nom
196 526 112 27 åliggande
324 526 100 26 kontroll,
441 527 24 19 är
480 526 45 20 han
540 525 123 27 berättigad
674 528 31 18 att
716 525 33 22 för
759 525 57 21 hvad
826 525 61 21 han
877 521 15 36 i

129 561 79 21 sådant
223 560 101 22 afseende
339 560 85 27 utgifvit
439 559 83 23 erhålla
537 560 137 27 godtgörelse
690 560 24 21 af
727 560 49 27 den,
792 567 47 15 som
855 559 32 22 för

128 595 82 21 bristen
225 596 97 20 närmast
337 595 40 21 har
392 597 32 19 att
440 601 101 15 ansvara.

480 646 13 28 8
509 646 33 22 74.

198 686 73 28 Yppas
286 686 78 22 balans
380 687 42 21 och
436 686 80 22 varder
531 686 83 21 bristen
629 686 47 22 icke
690 688 77 25 genast
777 686 49 28 fyld,
837 692 50 20 eger

130 721 140 27 direktionen,
287 721 68 21 sedan
370 721 171 27 balansräkning
550 720 69 22 blifvit
629 721 106 27 uppgjord
746 723 57 19 samt
813 720 75 22 veder-

130 755 98 21 börande
243 756 131 26 redogörare
390 756 92 20 lemnats
497 755 81 21 tillfälle
593 757 32 19 att
635 755 34 27 sig
679 754 99 22 deröfver
789 754 99 27 förklara,

129 789 107 22 fastställa
251 790 93 21 bristens
360 790 79 27 belopp
455 796 80 20 genom
551 790 77 26 utslag,
644 789 116 22 hvaröfver
774 790 79 21 besvär
867 789 21 21 få

131 824 59 21 inom
206 824 72 21 trettio
295 824 68 27 dagar
378 824 53 21 efter
447 824 123 21 delfåendet
585 824 88 21 anföras
688 824 7 21 i
710 824 108 22 Senatens
833 824 56 21 Eko-

131 859 228 26 nomiedepartement.

481 911 12 26 8
511 910 34 21 75.

201 950 47 26 Mål,
264 951 61 20 hvari
340 950 186 27 bankfullmäktig,
542 951 122 21 komiterad
675 951 51 21 eller
735 950 98 21 bankens
845 956 44 15 em-

131 984 59 21 bets-
214 985 50 21 eller
286 985 131 27 tjensteman
441 985 86 21 tilltalas
549 985 34 21 för
605 985 26 22 fel
650 985 51 22 eller
719 985 171 22 försummelse
876 980 16 37 i

131 1019 100 27 tjensten,
255 1022 104 24 upptages
380 1020 42 21 och
441 1019 86 28 afgöres
543 1019 24 22 af
583 1020 41 21 den
640 1020 87 26 hofrätt,
751 1020 58 21 inom
825 1020 65 20 hvars

132 1053 112 27 domvärjo
267 1053 49 22 felet
339 1054 50 21 eller
407 1054 167 21 försummelsen
595 1057 36 24 egt
648 1061 54 14 rum.
731 1054 99 21 Embets-
849 1054 40 21 och

131 1087 131 27 tjenstemän
281 1088 36 21 vid
336 1088 102 21 kontoret
457 1088 7 21 i
483 1087 31 22 S:t
529 1088 131 27 Petersburg
674 1089 50 27 lyda
739 1089 7 20 i
762 1089 59 21 detta
835 1088 55 21 hän-

132 1122 79 21 seende
226 1122 68 21 under
309 1122 92 27 Viborgs
416 1123 87 21 hofrätt.

480 1175 13 26 $
509 1175 33 20 76.

202 1213 63 22 Detta
280 1214 132 27 reglemente
428 1214 74 21 träder
517 1215 7 20 i
540 1214 100 27 gällande
655 1214 55 21 kraft
726 1215 42 20 den

133 1247 28 21 då
181 1248 41 21 alla
241 1248 142 21 härförinnan
399 1248 114 21 utfärdade
529 1249 135 26 stadganden
679 1249 95 21 rörande
789 1249 102 20 Finlands

132 1281 68 27 Bank,
224 1281 70 22 såvidt
314 1283 26 21 de
359 1283 7 20 i
382 1283 142 26 reglementet
539 1283 48 21 icke
603 1283 114 27 åberopas,
733 1283 31 20 till
778 1282 57 21 kraft
850 1283 42 20 och

132 1316 81 21 verkan
232 1317 105 27 upphöra.
367 1317 61 21 Dock
444 1317 62 21 skola
522 1317 42 20 alla
579 1317 91 26 tidigare
685 1317 111 27 ingångna
810 1317 81 21 förbin-

133 1350 69 22 delser
218 1351 41 21 och
274 1351 206 21 rättsförhållanden
495 1351 80 22 mellan
591 1351 87 22 banken
693 1352 42 21 och
746 1351 97 22 enskilda
854 1351 37 21 be-

133 1385 77 20 dömas
226 1385 52 22 efter
294 1385 26 22 de
336 1385 52 22 aftal
402 1385 41 22 och
454 1386 143 27 stadganden,
609 1386 69 21 hvarå
688 1386 27 21 de
726 1388 38 19 äro
776 1385 115 28 grundade.

914 689 18 21 ($
945 688 35 23 81).

908 951 18 22 (8
941 952 44 21 127).

885 1231 5 9 E
910 1209 16 22 (s
940 1209 46 22 139).
