1078 1692
224 152 12 22 8
404 152 28 22 U.
445 152 27 22 B.
484 165 27 2 —
527 152 217 28 Postsparbanken

197 221 49 15 som
269 214 138 22 framträder
429 214 30 22 bl.
475 222 19 14 a.
511 214 84 27 däruti,
611 216 35 20 att
661 214 89 22 antalet
764 214 164 28 postanstalter
942 214 8 21 i

195 248 80 22 landet
288 248 74 22 under
377 251 90 19 senaste
482 248 137 22 decennium
634 248 9 21 i
655 248 39 21 det
702 251 115 19 närmaste
825 247 126 29 fyradubb-

194 282 52 22 lats.
277 282 75 22 Också
368 286 25 18 är
408 282 39 22 det
461 282 82 22 endast
558 282 73 22 under
646 282 169 29 förutsättning
831 282 25 22 af
864 289 86 15 samma

197 316 133 22 förfarande
338 316 36 22 för
389 316 130 25 framtiden,
536 324 49 14 som
601 324 28 14 en
645 316 94 22 fortsatt
748 324 98 21 gynsam
857 316 93 22 utveck-

194 351 51 29 ling
268 351 26 21 af
314 351 40 21 det
372 351 75 22 finska
467 352 134 28 postverket
624 351 44 21 och
690 351 44 21 den
756 351 7 21 i
784 350 166 29 sammanhang

196 385 95 22 därmed
306 385 116 22 inrättade
437 386 200 28 postsparbanken
651 385 47 21 kan
713 385 121 29 påräknas.

266 420 48 21 För
349 420 113 21 Finlands
499 419 100 22 Ständer
628 423 26 18 är
682 419 40 22 det
751 427 29 14 en
808 419 144 29 undersätlig

194 454 62 28 pligt
272 456 34 19 att
320 454 62 21 inför
398 454 33 21 sin
463 454 98 22 Monark
591 457 70 26 öppet
690 454 44 22 och
763 454 187 21 förtroendefullt

196 488 76 22 uttala
297 488 41 22 det
366 488 74 22 finska
470 488 85 22 folkets
588 488 77 27 behof,
695 488 108 29 farhågor
833 488 42 22 och
904 488 47 21 för-

195 522 155 29 hoppningar.
390 523 12 21 I
437 522 107 22 afseende
575 523 12 21 å
617 522 93 29 nädiga]
736 522 133 22 manifestet
906 522 44 22 den

194 551 18 36 i
228 550 33 41 aa
283 558 53 21 1890
360 560 25 18 är
408 556 74 22 denna
505 557 60 29 pligt
588 557 25 21 sä
634 557 96 28 mycket
748 564 63 14 mera
836 556 113 28 oafvislig,

195 598 48 14 som
267 591 143 21 manifestets
433 591 145 29 ordalydelse
601 591 97 21 innebär
724 598 28 14 en
782 591 115 28 rubbning
927 590 26 22 af

195 625 84 29 själfva
300 625 145 29 principerna
468 626 35 21 för
525 626 68 20 den
586 621 17 38 i
613 626 101 21 Finland
735 625 108 29 gällande
859 625 91 21 ordnin-

195 667 45 21 gen
263 660 36 21 för
328 659 44 22 den
402 660 49 21 inre
481 660 120 28 styrelsen,
632 660 79 22 hvilka
741 660 116 28 principer
886 660 64 21 Hans

194 693 133 29 Kejserliga
346 694 107 28 Majestät
475 694 113 22 förklarat
610 694 36 28 sig
668 694 50 21 icke
740 698 56 17 ärna
810 694 140 21 underkasta

195 727 143 29 förändring.

262 762 36 22 På
319 762 76 28 grund
410 762 68 22 häraf
491 770 66 14 anser
573 762 183 28 Statsutskottet,
774 765 33 19 att
823 762 128 22 Ständerna

195 796 71 22 borde
282 796 8 21 i
306 796 186 29 underdånighet
507 796 100 28 anhålla,
624 796 39 22 det
677 797 65 21 Hans
757 796 130 29 Kejserliga
902 796 49 22 Ma-

193 829 72 30 jestät
280 830 90 21 täcktes
386 830 8 21 i
408 830 72 22 nåder
494 830 108 27 förklara,
617 833 35 19 att
667 830 113 22 Finlands
795 830 50 21 folk
860 830 68 21 äfven
944 830 7 21 i

195 863 111 23 afseende
322 865 13 20 å
350 864 89 22 landets
455 865 154 28 postväsende
624 865 61 21 skall
694 865 90 28 åtnjuta
792 863 159 30 dess
851 859 10 38 i
872 863 79 30 grund-

195 898 39 29 lag
249 898 179 27 tillförsäkrade,
444 899 26 21 af
482 899 71 21 rikets
569 899 123 21 Monarker
707 898 135 22 bekräftade
857 900 46 19 rätt
915 898 37 21 till

195 931 147 30 förvaltning
357 940 83 21 genom
455 933 90 21 landets
559 940 60 21 egna
634 933 168 28 myndigheter.

264 966 67 22 Dock
354 967 42 20 vill
417 967 127 26 Utskottet,
568 967 52 21 med
638 966 91 29 hänsyn
744 967 36 21 till
796 968 27 20 34
839 969 10 24 $
864 966 88 22 Landt-

196 1000 196 29 dagsordningen,
408 1001 118 21 vördsamt
541 1001 94 21 föreslå:

471 1049 32 19 att
525 1047 131 26 Ständerna,
676 1048 85 27 förrän
785 1047 25 21 de
835 1047 8 20 i
865 1047 87 21 ärendet

403 1081 89 26 besluta,
518 1081 49 21 ville
592 1081 51 21 däri
670 1081 93 22 inhemta
794 1081 158 28 Lagutskottets

399 1116 122 21 utlåtande.

265 1206 13 21 I
292 1205 174 30 behandlingen
486 1206 26 22 af
525 1207 64 21 detta
604 1207 84 21 ärende
704 1206 70 22 hafva
790 1206 98 29 deltagit
902 1206 51 22 ord-

197 1239 113 22 föranden
326 1240 128 28 Hackman,
471 1241 156 22 ledamöterne
643 1241 28 21 N.
683 1240 138 28 Grotenfelt,
832 1240 27 21 A.
868 1240 85 22 Schau-

196 1281 62 21 man,
272 1274 122 27 Norrmen,
409 1274 119 28 Kihlman,
544 1275 101 25 Donner,
661 1275 22 20 J.
699 1275 27 21 R.
738 1275 133 25 Danielson,
879 1275 75 23 Nord-

197 1309 79 23 ström,
304 1308 124 28 Snellman,
457 1304 96 32 Öhman,
577 1309 91 26 Heikel,
696 1309 109 26 Neovius,
827 1309 126 26 Meurman,

196 1341 86 26 Wärri,
298 1342 73 21 Häkli
386 1343 43 21 och
443 1343 97 28 Kiipula
555 1345 60 19 samt
630 1343 177 28 suppleanterne
815 1343 96 21 friherre
927 1343 26 22 E.

197 1375 28 23 G.
240 1376 98 23 Palmön
355 1376 42 22 och
412 1377 22 21 J.
450 1377 125 28 Lindberg.

266 1410 148 29 Helsingfors
430 1411 45 21 den
491 1412 12 21 8
518 1411 45 28 maj
581 1412 61 21 1891.

337 1485 116 21 Helsingfors,
469 1485 111 22 Helsingfors
592 1485 161 23 Central-Tryckori
766 1485 50 18 1891.
