1078 1692
205 141 27 21 68

245 209 39 21 Till
299 210 191 22 sammanträdena
504 210 97 22 utfärdas
612 210 88 22 kallelse
710 210 24 21 af
748 210 109 22 ordinarie
867 210 67 22 bank-

177 243 133 28 fullmäktige
326 244 67 28 jemte
412 244 83 28 uppgift
512 244 29 28 på
556 245 27 22 de
599 245 96 21 ärenden
710 252 49 14 som
776 245 61 21 skola
851 245 31 21 till
897 244 37 22 be-

177 278 105 28 handling
296 278 141 22 förekomma.

246 312 71 22 Anser
336 313 185 28 bankfullmäktig,
542 320 48 15 som
611 314 18 27 ej
650 314 66 21 hörer
730 314 32 20 till
778 314 26 21 de
820 313 114 26 ordinarie,

177 347 99 22 bankens
296 348 93 21 intresse
406 348 74 22 fordra
499 348 163 28 öfverläggning
681 348 52 22 eller
748 348 77 27 åtgärd
841 348 6 20 i
863 348 72 27 någon

181 382 69 21 sådan
266 381 61 28 fråga
342 389 48 15 som
406 383 26 21 de
447 383 7 21 i
470 383 11 27 $
497 384 13 20 3
526 385 119 25 upptagna,
661 389 51 21 eger
727 382 45 22 han
791 383 41 21 hos
848 383 86 21 ordina-

177 416 32 22 rie
229 416 191 29 bankfullmäktige
438 418 76 21 derom
535 418 88 21 anmäla
642 418 6 20 i
666 417 104 22 afseende
788 418 13 20 å
819 417 115 21 förstärkte

179 451 202 28 bankfullmäktiges
397 453 206 21 sammankållande.

246 486 202 28 bankfullmäktiges
459 487 130 22 ordförande
601 494 50 20 eger
661 488 31 20 till
705 487 164 21 sammanträde
877 486 57 21 kalla

179 520 203 28 bankdirektionen,
401 521 28 22 då
444 522 87 27 ärende,
547 522 63 21 hvari
627 528 128 21 gemensam
773 521 161 27 öfverläggning

177 556 79 21 mellan
280 556 132 27 fullmäktige
434 556 42 22 och
498 556 137 22 direktionen
654 556 66 27 enligt
735 556 142 27 reglementet
895 555 40 21 bör

177 596 41 21 ega
232 597 50 15 rum
297 590 51 22 eller
362 591 52 27 eljes
429 591 88 27 pröfvas
532 591 72 27 nödig,
621 591 54 21 skall
690 590 31 22 till
736 590 132 27 behandling
878 590 56 22 före-

177 624 95 22 komma.

531 672 47 28 87.

245 723 41 21 Det
303 723 71 21 tillhör
390 724 107 21 ordinarie
518 723 193 27 bankfullmäktige
726 725 32 19 att
774 723 30 21 till
819 722 115 22 förstärkte

177 758 202 27 bankfullmäktiges
400 758 178 22 sammanträden
596 758 114 22 förbereda
729 757 112 22 ärendena
856 763 78 21 genom

177 792 169 22 införskaffande
362 792 22 21 af
392 793 114 27 utredning
517 796 57 18 samt
585 792 141 22 inhemtande
736 792 24 20 af
773 792 161 21 bankdirektio-

177 833 53 15 nens
248 828 101 26 yttrande
365 828 37 21 der
418 828 78 21 sakens
511 827 149 22 beskaffenhet
676 827 25 21 sä
716 826 93 26 fordrar;
829 826 105 21 bankfull-

177 862 95 27 mäktige
291 861 64 22 likväl
371 861 102 28 obetaget
487 864 32 19 att
534 861 134 22 omedelbart
684 861 31 20 till
730 860 101 27 pröfning
846 860 41 21 och
902 859 32 22 af-

177 896 97 27 görande
290 899 96 24 upptaga
407 896 64 22 äfven
488 895 80 28 frågor,
584 895 72 22 hvilka
671 895 49 22 icke
736 895 115 27 undergätt
866 894 68 21 sådan

177 930 125 28 beredning.

249 965 86 22 Genom
358 965 107 22 ordinarie
488 965 204 26 bankfullmäktiges
712 963 87 28 försorg
819 963 53 21 skall
887 963 47 21 full-

177 999 96 27 ständigt
288 999 81 28 förslag
384 1000 29 21 till
430 1000 41 21 den
486 1000 7 21 i
514 1000 6 27 $
543 999 6 21 3
564 1005 66 15 mom.
640 999 22 28 k)
674 998 135 22 omnämnda
819 997 115 22 berättelse

177 1034 114 22 utarbetas
307 1035 66 20 innan
389 1034 90 22 ärendet
494 1033 121 28 förelägges
630 1033 118 22 förstärkte
763 1032 137 27 fullmäktige.

531 1103 12 27 S
559 1103 19 20 8.

246 1150 30 26 Är
291 1154 179 27 bankfullmäktig
485 1154 92 21 hindrad
593 1156 31 19 att
639 1153 31 22 till
684 1152 165 22 sammanträde
859 1152 33 27 sig
901 1151 33 21 in-

177 1188 65 28 finna,
259 1189 86 22 anmäle
361 1189 74 22 derom
452 1189 7 21 i
473 1189 43 27 god
531 1189 30 21 tid
577 1189 40 21 hos
633 1188 153 26 ordföranden,
802 1187 86 21 hvilken
899 1186 36 22 det

178 1224 81 27 äligger
278 1226 32 19 att
326 1223 60 22 säväl
401 1224 6 21 i
424 1224 58 21 detta
497 1223 42 27 fall,
556 1230 48 15 som
619 1223 28 21 dä
665 1222 180 26 bankfullmäktig
860 1221 74 27 afgätt,

177 1259 83 20 inkalla
275 1259 115 26 suppleant
405 1258 47 22 frän
467 1265 85 14 samma
567 1258 65 21 ständ
646 1258 7 20 i
669 1257 43 22 den
728 1257 93 26 ordning
836 1257 100 20 rösterna

180 1293 82 22 utfallit.

246 1327 22 27 Ej
285 1327 37 21 mä
338 1327 109 21 ordinarie
461 1326 178 27 bankfullmäktig
654 1326 33 21 för
700 1326 77 26 längre
788 1325 50 21 eller
849 1324 86 21 kortare

178 1361 31 22 tid
224 1363 51 26 taga
291 1362 32 27 sig
338 1361 94 26 ledighet
444 1361 48 22 frän
503 1361 60 22 detta
573 1361 99 27 uppdrag
682 1360 68 21 innan
766 1359 44 21 han
827 1359 40 21 hos
885 1359 50 20 ord-

177 1395 108 22 föranden
301 1396 82 21 anmält
398 1402 36 15 om
448 1396 42 21 den
500 1395 103 27 behörige
614 1395 121 27 suppleant,
746 1400 50 15 som
806 1395 25 20 är
841 1393 51 22 redo
904 1395 30 18 att

180 1431 7 20 i
202 1431 56 20 hans
273 1431 61 20 ställe
350 1431 125 26 tjenstgöra.

249 1465 73 22 Skulle
338 1465 18 27 ej
373 1465 54 21 blott
443 1465 152 26 ordföranden,
611 1466 53 19 utan
679 1463 65 22 äfven
759 1463 48 20 vice
822 1461 113 22 ordföran-
