1078 1692
817 125 27 21 19

402 184 24 27 b)
441 184 156 28 Suppleanter
589 180 12 36 :

198 232 58 21 Herr
270 231 136 21 Arkitekten
422 231 21 22 J.
460 230 120 22 Stenbäck.

272 267 103 21 Rektorn
390 266 27 22 A.
434 266 36 22 W.
487 266 88 22 Melart.

272 302 145 22 Redaktören
431 302 28 22 N.
475 302 28 22 V.
520 302 27 22 A.
564 303 107 29 Löfgren.

272 338 118 22 Docenten
405 338 26 22 E.
447 337 101 30 Aspelin.

230 284 10 12 ”

229 320 10 12 ”

199 450 139 22 Ordförande
363 451 9 21 i
396 451 158 29 delegationen
579 452 41 21 har
645 452 140 22 fortfarande
814 452 60 22 varit

127 482 202 34 Öfveringeniören
351 486 39 22 Th.
409 486 104 28 Tallgvist
529 487 43 22 och
591 490 74 19 såsom
680 488 137 21 sekreterare
832 488 41 21 har

126 530 37 20 nu,
183 522 97 22 likasom
300 522 70 22 under
388 522 137 29 föregående
544 523 230 29 landtdagsperioder,
792 523 80 29 funge-

126 560 36 20 rat
177 558 132 22 Professorn
326 558 22 22 C.
364 558 20 22 J.
401 558 132 28 Lindegvist.

410 749 173 33 Bilagor.

126 814 82 27 Bilaga
223 814 18 21 1.

165 879 156 22 Instruktion
336 879 40 22 för
392 878 185 23 Ständerhusets
593 879 236 28 byggnadsstyrelse.

197 933 45 21 För
260 933 168 22 ständerhusets
443 933 142 28 uppförande
600 933 106 22 tillsätter
722 933 149 22 Ständerhus-

126 968 158 29 delegationen
304 976 28 14 en
352 969 221 28 byggnadsstyrelse,
595 968 122 22 bestående
738 969 26 22 af
781 971 40 20 två
837 977 33 14 or-

126 1004 86 21 dinarie
231 1004 124 21 ledamöter
373 1004 43 21 och
436 1004 169 21 ständerhusets
625 1004 100 22 arkitekt
744 1007 59 20 samt
823 1005 48 21 der-

122 1039 73 29 jemte
211 1042 40 20 tvä
266 1040 150 29 suppleanter.

196 1076 246 28 Byggnadsstyrelsens
459 1075 140 22 Ordförande
614 1078 60 19 utses
688 1076 26 21 af
722 1076 149 22 Ständerhus-

125 1111 163 29 delegationen.

196 1147 50 22 Den
271 1149 113 19 närmaste
411 1147 107 29 tillsynen
544 1147 75 29 öfver
633 1147 238 29 byggnadsarbetenas

124 1183 121 21 utförande
260 1183 142 22 handhafves
418 1183 25 21 af
455 1183 169 22 ständerhusets
640 1183 105 22 arkitekt.

196 1218 235 29 Byggnadsstyrelsen
450 1221 25 19 är
492 1218 112 22 beslutför
621 1219 79 21 endast
716 1219 29 22 dä
760 1221 35 20 tre
810 1219 60 21 med-

123 1254 95 21 lemmar
240 1257 38 18 äro
301 1254 40 22 vid
364 1254 165 21 sammanträde
549 1255 145 22 närvarande.
731 1255 46 21 Vid
795 1254 76 22 förfall

124 1290 36 21 för
175 1289 112 22 ordinarie
302 1290 100 21 ledamot
417 1289 108 22 tillkallas
541 1290 125 29 suppleant.

195 1325 85 21 Kunna
298 1325 126 29 Styrelsens
440 1326 145 21 medlemmar
603 1325 50 22 icke
668 1333 53 14 enas
737 1333 37 14 om
790 1325 79 28 beslut,

123 1360 134 29 hänskjutes
272 1361 82 29 frågan
369 1361 36 21 till
421 1361 308 30 Ständerhusdelegationens
740 1362 129 29 afgörande.

195 1397 236 28 Byggnadsstyrelsen
447 1405 52 20 eger
514 1399 47 20 rätt
576 1399 35 20 att
625 1397 96 22 anställa
736 1405 28 14 en
774 1397 96 22 ekonom

123 1431 36 22 för
173 1431 175 23 handhafvande
364 1432 27 21 af
402 1432 95 29 möjliga
514 1433 77 21 förråd
607 1433 42 21 och
664 1433 167 22 verkställande
847 1433 27 22 af
