1078 1692
416 142 25 22 U.
458 142 17 21 B
498 142 128 22 111—-XXV.
847 143 20 19 11

144 207 71 19 ansett
240 205 31 27 sig
296 205 53 21 böra
368 206 68 20 uttala
459 205 41 21 den
523 205 146 27 förhoppning
694 206 32 20 att
748 205 26 21 de
797 205 46 21 icke
865 204 35 22 mä

143 246 76 20 genom
247 241 31 19 att
308 239 98 21 fonderas
429 240 150 26 undandragas
603 240 39 20 den
670 240 109 20 allmänna
806 240 93 20 rörelsen

143 276 58 24 utan,
223 274 27 26 pä
266 275 42 19 sätt
324 274 56 20 skett
396 280 76 20 genom
488 274 26 21 de
535 273 23 21 af
579 274 60 21 Hans
662 274 120 26 Kejserliga
799 274 100 26 Majestät

143 308 108 27 påbjudna
278 308 120 27 betydande
423 308 186 27 öfverföringarna
634 308 32 21 till
694 308 206 21 kommunikations-

144 342 85 27 fonden,
251 343 86 21 komma
352 342 82 21 arbetet
457 342 34 21 för
512 342 84 21 landets
623 342 140 22 ekonomiska
779 342 121 27 utveckling

144 377 33 21 till
193 378 61 26 godo.
284 376 135 22 Beträffande
435 377 189 27 sägningsafgiften
640 377 84 21 märkes
738 378 32 20 att
779 377 121 21 densamma

144 417 76 20 genom
235 411 83 27 Nådiga
332 411 140 27 kungörelsen
488 410 23 22 af
525 411 40 21 den
582 412 27 20 10
625 411 111 21 december
754 411 54 21 1890
826 410 74 22 tillsvi-

145 445 51 21 dare
211 446 32 20 för
258 447 32 19 tre
305 446 23 20 år
343 446 94 20 nedsatts
453 445 33 21 till
502 445 82 21 hälften
600 445 23 21 af
637 446 47 20 dess
700 445 58 21 förra
774 445 82 26 belopp.

214 479 213 21 Postinkomsternas
455 480 95 26 stegring
575 480 44 20 står
640 480 7 20 i
674 480 153 26 sammanhang
854 479 48 21 med

145 514 53 20 eller
213 515 23 19 är
252 520 25 14 en
293 514 50 27 följd
360 514 24 20 af
397 514 165 26 postväsendets
577 514 123 26 utveckling
716 514 101 20 särskildt
825 520 75 20 genom

145 548 111 26 öppnande
281 548 23 20 af
328 555 40 20 nya
392 548 155 27 postanstalter
568 548 40 21 och
635 550 115 24 postruter,
767 548 86 20 hvilken
868 549 33 19 ut-

145 582 96 27 veckling
253 582 81 27 belyses
350 582 23 22 af
386 583 94 27 följande
489 582 199 27 sammanställning
705 582 142 28 afuppgifter,
857 582 43 21 dels

145 616 100 21 hemtade
268 616 46 22 från
338 618 39 20 den
400 616 100 22 officiella
523 617 173 27 poststatistiken
718 617 39 21 och
779 616 122 22 fimansrela-

145 650 79 26 tionen,
241 651 45 21 dels
301 651 123 21 meddelade
440 651 23 21 af
477 651 162 27 poststyrelsen.

146 702 36 26 Är.
214 707 64 21 Antal
294 710 84 24 postan-
408 708 64 20 Antal
481 710 59 24 post-
598 708 103 20 Inkomst.
797 707 75 27 Utgift.

252 736 80 21 stalter.
392 736 143 21 försändelser
551 736 6 20 i

388 765 73 27 jämna
476 767 71 19 tusen-

447 794 37 20 tal.

148 828 52 19 1881
291 829 38 18 118
445 829 63 24 8,664
589 828 134 25 866,112:86
745 823 15 35 —
768 828 98 24 696,350:
876 827 25 20 25

148 861 53 20 1882
291 862 37 19 143
444 863 61 23 9,211
589 862 97 24 902,594:
697 862 24 20 81
745 851 14 40 —
769 862 96 21 783,379:
877 861 25 20 15

147 895 54 20 1883
289 897 38 19 192
432 896 73 25 10,151
589 896 97 20 969.695:
696 897 25 19 41
769 896 97 25 829,041:
875 895 27 20 03

147 929 54 21 1884
288 931 40 19 219
431 931 73 24 10,71
529 918 21 41 —
569 931 153 24 1,005,649:56
744 918 15 41 —
768 930 97 23 906,195:
876 930 25 19 92

148 963 54 20 1885
290 964 40 20 250
433 964 76 25 11,464
531 953 21 41 —
570 965 154 25 1,075,264:05
749 964 117 25 1,038,800:
877 964 25 19 18

149 998 60 33 1886,
291 999 40 19 275
433 999 76 25 12,020
534 987 18 42 —
570 999 118 25 1,089,077:
698 1000 26 19 76
749 998 153 26 1,073,83::26

147 1033 54 19 1887
289 1033 38 20 301
432 1033 75 25 12,936
569 1033 119 25 1,159,132:
698 1033 24 20 91
749 1033 118 25 1,136,377:
876 1032 27 21 90

148 1067 54 20 1888
289 1067 40 20 348
432 1067 76 25 14,718
533 1055 21 42 —
569 1067 119 24 1,262.826:
697 1068 26 19 46
749 1066 117 26 1,278,711:
876 1066 26 20 46

149 1101 53 20 1889
290 1101 39 20 385
433 1101 76 24 16,428
569 1102 119 24 1,413,957:
698 1102 22 19 31
748 1101 154 26 1,371,330:15

216 1157 31 26 Är
266 1165 52 18 1890
341 1163 75 20 funnos
439 1165 41 18 416
497 1163 154 26 postanstalter
666 1163 38 21 och
722 1163 6 20 i
744 1163 73 26 början
835 1162 24 21 af
871 1163 32 20 in-

147 1197 119 20 nevarande
282 1197 23 20 är
322 1197 107 26 öppnades
445 1198 26 19 32
488 1203 42 20 nya
545 1197 86 26 sädana,
648 1198 24 20 sä
693 1199 32 19 att
749 1197 49 20 hela
824 1197 79 20 antalet

146 1237 28 14 nu
189 1231 82 26 uppgär
286 1231 33 20 till
335 1231 41 21 448
392 1231 51 21 eller
459 1233 52 18 nära
527 1237 41 21 nog
585 1231 35 21 det
641 1231 113 27 fyrdubbla
776 1233 43 18 mot
843 1232 59 19 1881.

215 1265 42 20 För
279 1265 24 20 är
327 1266 53 20 1890
399 1265 64 20 hafva
479 1265 66 27 enligt
561 1265 84 27 uppgift
660 1265 23 21 af
697 1265 152 27 poststyrelsen
872 1265 32 20 in-

145 1298 123 21 komsterna
284 1299 48 20 med
348 1299 80 21 inemot
444 1300 91 25 200,000
552 1300 35 20 mk
604 1299 120 27 öfverstigit
739 1299 123 27 utgifterna.

215 1332 47 21 Den
276 1339 124 20 gynsamma
415 1333 122 27 utveckling
553 1333 23 21 af
590 1334 36 21 det
647 1333 69 21 finska
741 1333 159 27 postväsendet,

147 1367 88 20 hvarom
251 1367 61 21 dessa
328 1368 30 20 tal
374 1367 52 21 bära
441 1367 75 26 vittne,
533 1367 39 21 har
587 1371 52 17 utan
655 1367 73 21 tvifvel
744 1367 76 21 främst
836 1367 68 20 föror-

147 1401 72 20 sakats
236 1401 66 25 däraf,
319 1403 31 19 att
365 1402 130 26 postverket,
512 1408 45 15 som
573 1408 75 20 genom
664 1401 84 27 Nädiga
763 1401 141 26 kungörelsen

147 1435 40 21 den
215 1435 24 20 15
262 1441 56 15 mars
342 1436 52 19 1881
418 1435 68 21 erhöll
517 1442 25 14 en
565 1436 165 26 ändamälsenlig
753 1435 150 27 organisation,

218 1473 139 18 Statsutskottets
370 1474 109 17 betänkande
492 1474 37 17 N:o
543 1475 16 16 3.
