1078 1692
845 154 29 23 19

481 222 12 28 s
513 221 39 23 47.

205 271 167 23 Inlemnandet
399 272 55 23 sker
481 272 52 23 med
559 272 115 31 reversal,
698 280 50 16 som
766 272 41 24 bör
825 272 67 24 inne-

137 305 68 24 hålla
224 305 145 32 fullständig
386 306 96 32 uppgift
500 314 37 16 om
555 306 28 24 de
598 308 31 30 på
642 307 116 31 omslaget
770 306 124 32 befintliga

138 340 206 31 anteckningarne
363 343 63 21 samt
444 340 27 24 de
489 341 56 23 derå
564 341 148 32 anbringade
725 341 111 32 sigillens
851 349 42 15 an-

137 374 35 24 tal
192 374 43 24 och
252 374 170 24 beskaffenhet.

500 473 13 28 $
533 472 39 24 48.

207 522 50 24 Vid
275 523 93 31 godsets
388 523 165 32 emottagande
571 523 110 24 utfärdar
698 523 101 24 Banken
816 524 78 23 derom

138 557 157 31 inlagsbevis.
330 557 12 23 I
369 558 63 23 detta
455 558 74 30 bevis,
550 558 95 23 hvilket
668 558 183 24 underskrifves
870 558 24 23 af

139 599 29 16 en
186 591 177 24 Bankdirektör
382 592 42 24 och
443 600 28 16 en
489 592 99 30 Kassör,
606 592 92 24 införas
718 592 50 24 alla
787 592 26 24 de
831 592 8 23 i
858 600 36 15 re-

138 626 106 23 versalet
262 626 105 24 nämnda
384 626 181 24 kännemärken
577 627 70 31 femte
660 626 147 24 insättarens
820 634 74 16 namn

139 660 45 24 och
206 660 44 24 den
268 668 114 23 nummer,
401 661 138 23 hvarunder
558 661 92 31 inlaget
668 663 116 29 upptages
802 661 8 23 i
830 660 64 24 Ban-

139 694 60 24 kens
217 694 46 24 bok
282 694 66 24 öfver
366 696 97 30 sådana,
482 697 63 22 samt
557 695 107 31 beloppet
676 695 26 23 af
713 694 114 24 Bankens
840 702 53 24 pro-

139 729 81 23 vision
238 729 121 24 beräknad
378 729 59 24 efter
455 729 93 24 månad.

484 833 13 28 s
517 832 39 23 49.

209 894 45 23 För
272 895 95 31 godsets
386 895 143 24 förvarande
547 895 92 31 uppbär
657 894 102 24 Banken
778 895 51 23 viss
843 902 53 24 pro-

140 929 87 29 vision,
246 936 50 16 som
316 929 116 24 beräknas
451 929 59 24 efter
528 929 34 24 tid
582 929 44 24 och
647 929 104 32 inlagets
769 929 9 23 i
795 929 101 24 Banken

140 965 125 29 uppmätta
289 963 75 30 rymd,
394 963 105 31 uttryckt
522 964 8 23 i
553 963 117 30 kubikfot,
691 963 105 24 hvarvid
817 963 37 24 del
872 963 25 24 af

140 997 112 24 kubikfot
270 1005 70 16 anses
360 1005 49 16 som
427 998 39 23 hel
486 998 82 23 sådan.
598 997 159 24 Provisionen
776 997 65 24 skall
856 997 41 24 vid

140 1031 104 24 bevisets
266 1032 164 31 emottagande
453 1032 119 23 inbetalas
594 1032 35 23 för
648 1032 55 23 hela
726 1032 44 23 den
792 1032 50 23 deri
859 1034 37 21 ut-

141 1067 65 22 satta
229 1066 218 32 förvaringstiden;
472 1074 53 15 men
549 1074 36 15 om
604 1067 82 30 godset
704 1066 82 23 blifvit
803 1066 95 23 nedsatt

141 1101 31 30 på
193 1101 120 23 obestämd
326 1101 45 33 tid,
390 1101 108 31 erlägges
518 1101 153 30 provisionen
690 1101 52 23 tills
760 1101 83 23 vidare
862 1100 36 23 för

141 1142 29 16 en
193 1135 93 23 månad.
323 1134 95 24 Önskar
436 1135 141 30 insättaren,
597 1137 35 21 att
649 1135 82 31 godset
749 1134 149 31 qvarblifver

141 1169 9 22 i
172 1168 102 25 Banken
296 1169 84 32 längre
398 1169 34 24 tid
451 1172 31 20 än
501 1169 52 30 den,
571 1169 36 24 för
625 1169 101 23 hvilken
745 1169 153 31 provisionen

141 1203 97 31 erlagts,
257 1203 41 24 bör
315 1203 57 30 han,
390 1203 51 24 med
460 1203 116 24 anmälan
594 1203 84 30 derom,
697 1205 62 28 ånyo
771 1203 126 24 förskotts-

141 1237 39 24 vis
209 1237 105 24 inbetala
341 1237 126 24 enahanda
493 1237 73 32 afgift
593 1237 36 24 för
656 1237 75 24 minst
754 1245 29 16 en
805 1237 93 23 månad.

142 1271 49 24 Gör
208 1271 49 24 han
276 1272 38 23 det
332 1272 33 31 ej;
384 1272 121 23 utlemnas
525 1272 82 31 godset
625 1271 59 30 icke,
702 1271 77 24 innan
792 1272 45 23 den
849 1271 48 23 bri-

141 1305 85 24 stande
248 1306 154 31 provisionen
426 1306 122 30 inbetalts,
571 1306 105 23 hvarvid
690 1306 44 30 det,
752 1313 50 16 som
821 1305 77 24 öfver-

143 1339 92 32 skjuter
253 1340 94 30 månad,
365 1340 118 23 beräknas
503 1348 50 15 som
572 1340 40 23 hel
630 1340 94 23 månad.

211 1374 109 24 Inbetald
338 1374 122 31 provision
479 1375 120 22 återbäres
618 1374 53 23 icke
686 1373 39 24 till
738 1374 91 23 mindre
841 1373 59 24 eller

143 1410 75 22 större
239 1409 43 30 del,
301 1408 72 24 äfven
391 1416 37 15 om
447 1409 37 23 det
502 1409 111 23 nedsatta
631 1408 81 31 godset
730 1410 93 29 uttages
843 1407 55 23 tidi-

143 1443 62 30 dare,
223 1445 32 20 än
273 1443 77 23 afsedt
368 1450 50 16 var.
