1078 1692
238 163 16 20 4
469 161 68 23 U.B.
554 174 27 4 —
596 162 104 21 XXXVI.

484 228 35 18 att
537 225 108 21 Finlands
664 225 78 21 Banks
763 225 78 21 kontor
860 225 10 21 i
889 225 80 27 Fyväs-

416 258 55 28 kylä,
485 259 40 21 S:t
536 260 86 21 Michel
640 260 38 21 och
700 259 126 21 Sordavala
845 260 77 20 ställas
936 260 34 26 pä

414 294 111 20 ordinarie
534 295 44 27 fot,
594 294 39 21 och
647 297 34 18 att
704 295 5 19 ä
731 294 102 20 Bankens
853 296 44 18 stat
918 298 50 23 upp-

412 329 63 27 föres
488 331 32 18 ett
534 329 81 27 anslag
632 330 30 26 af
681 328 79 28 13,600
783 328 62 21 mark
868 335 32 14 om
922 328 48 20 året

411 364 44 26 för
467 366 31 18 ett
508 363 70 21 hvart
591 364 31 26 af
632 363 96 20 nämnda
742 363 81 20 kontor.

282 523 74 27 Äfven
370 529 66 21 under
451 529 38 21 det
511 532 87 18 senaste
618 530 100 20 trienniet
738 528 39 21 har
791 529 101 21 Finlands
907 529 60 21 Bank

211 564 55 20 varit
281 564 7 20 i
302 563 82 21 tillfälle
399 567 32 17 att
445 563 116 21 medverka
577 565 6 19 i
599 567 32 17 ett
645 563 134 21 konsortium
799 563 33 21 för
854 570 26 14 en
900 563 66 21 finska

211 600 83 18 statens
309 597 108 27 läneaffär,
432 598 108 26 nämligen
555 598 38 20 det
610 597 47 27 31/,
668 600 102 25 procents
779 597 34 21 län
822 598 11 20 ä
839 598 128 26 40,581,324

211 630 68 22 finska
294 631 66 26 mark,
376 632 81 21 hvilket
472 633 6 19 i
494 632 95 27 enlighet
604 632 50 20 med
669 626 73 27 senast
761 632 128 20 församlade
904 632 63 20 Stän-

211 665 49 21 ders
275 666 87 27 nädigst
378 666 112 21 faststälda
512 666 70 21 beslut
597 666 68 21 skulle
687 669 110 24 upptagas
819 666 93 20 närmast
935 666 32 20 för

211 699 83 21 inlösen
309 700 25 20 af
345 700 127 21 utestående
487 700 144 27 obligationer
646 700 96 21 hörande
757 700 31 21 till
801 701 54 25 1874
863 700 41 20 och
914 701 49 19 1881

209 734 34 20 års
259 734 96 21 statslän.
384 734 139 22 Hänvisande
538 736 6 19 i
560 734 65 28 öfrigt
640 734 32 22 till
690 734 205 28 Bankfullmäktiges
908 734 59 21 med-

210 768 93 21 delande
318 768 76 21 härom
408 768 32 22 för
455 768 116 22 Utskottet
585 769 99 27 upplysa,
702 772 33 18 att
749 768 102 22 Finlands
866 768 61 22 Bank
935 769 32 20 för

210 804 32 19 sin
258 803 35 21 del
308 803 116 27 öfvertagit
439 810 27 14 en
481 803 100 27 sjettedel
595 803 26 21 af
631 803 63 21 lånet.

278 837 173 25 Bankutskottet,
468 844 47 14 som
529 837 67 21 finner
611 838 37 20 det
664 839 6 18 i
685 837 116 21 allmänhet
809 843 52 15 vara
867 837 33 21 till
909 844 57 20 gagn

210 870 32 21 för
258 871 79 25 landet,
359 878 36 14 om
409 871 189 28 Finlands
523 866 10 37 ,
539 871 59 28 Bank,
615 871 39 21 där
673 871 160 21 förhållandena
856 872 37 21 det
916 871 50 27 eljes

210 905 116 28 medgifva,
343 907 29 26 pä
387 909 31 18 ett
433 905 109 22 verksamt
557 905 43 21 och
615 906 92 21 ledande
719 906 44 21 sätt
776 905 117 22 förmedlar
903 909 63 18 stats-

210 939 86 21 verkets
312 939 113 22 utländska
440 940 135 25 läneaffärer,
591 943 45 18 tror
652 941 33 26 sig
700 940 105 27 därjämte
829 940 53 21 böra
904 940 62 21 fram-

210 973 62 25 hälla,
289 977 32 18 att
337 974 42 21 den
394 974 69 27 dryga
478 977 83 24 anpart,
577 974 104 21 hvarmed
696 974 89 21 Banken
800 974 75 27 deltog
890 975 6 20 i
912 975 54 20 före-

209 1007 94 21 nämnda
318 1008 40 25 län,
375 1008 18 27 ej
409 1008 32 21 för
456 1009 71 26 nägon
542 1008 75 27 längre
632 1009 31 20 tid
678 1009 76 20 bundit
769 1008 99 21 Bankens
883 1007 83 28 tillgän-

209 1048 46 20 gar,
272 1045 51 18 utan
338 1042 38 21 har
391 1042 94 25 Banken,
501 1043 67 26 enligt
583 1043 58 20 hvad
655 1042 117 21 Utskottet
786 1042 38 21 har
839 1044 33 25 sig
878 1043 86 25 bekant,

208 1076 67 20 redan
297 1077 29 26 pä
348 1077 90 20 förhand
453 1077 101 20 förvissat
576 1078 34 26 sig
632 1083 42 19 om,
696 1080 32 17 att
747 1077 21 20 fä
783 1077 69 21 större
867 1077 62 20 delen
945 1077 25 20 af

209 1110 171 27 obligationerna
395 1111 102 26 placerad
511 1112 29 26 pä
555 1115 65 17 annat
634 1111 48 25 håll,
707 1123 27 2 —
756 1118 26 13 en
805 1111 160 27 omständighet

208 1151 48 13 som
282 1145 23 19 är
330 1145 26 20 af
372 1146 46 25 vigt
440 1145 175 26 med;afseende
637 1146 12 20 ä
664 1145 28 21 de
707 1145 173 27 betänkligheter
892 1149 34 17 ett
941 1146 24 19 sä

207 1181 57 18 stort
279 1182 143 23 engagement
437 1186 76 13 annars
529 1179 68 21 skulle
612 1179 116 21 framkalla.
758 1179 36 21 Af
805 1179 42 21 den
861 1186 103 21 ,summa-

207 1211 57 21 riska
280 1212 143 27 öfversigten*
439 1213 106 21 inhemtas
561 1213 48 25 ock,
625 1214 46 25 (sid.
690 1214 32 25 18)
738 1217 32 17 att
784 1213 100 21 Finlands
904 1213 61 21 Bank

207 1245 75 22 ultimo
298 1246 114 21 december
430 1248 54 25 1890
499 1247 106 21 innehade
620 1247 143 28 obligationer
778 1247 25 21 af
815 1248 59 20 detta
885 1248 34 20 län
932 1248 32 20 för

209 1280 78 21 endast
302 1285 112 22 2,555,113
431 1282 60 20 mark
505 1287 12 21 7
533 1283 72 26 penni.

276 1315 10 20 I
300 1315 155 28 sammanhang
470 1316 89 20 härmed
573 1315 43 22 kan
631 1316 37 21 det
683 1316 91 26 förtjena
790 1316 103 27 päpekas,
903 1320 31 17 att
942 1316 25 20 af

209 1348 55 21 1886
278 1349 34 20 ärs
328 1349 94 26 statslän,
431 1349 82 21 hvilket
529 1349 42 21 ock
585 1349 145 22 förmedlades
745 1350 25 20 af
782 1350 100 20 Finlands
896 1350 66 25 Bank,

206 1382 75 21 ultimo
297 1383 114 20 december
429 1384 54 26 1890
497 1387 77 17 iunnos
590 1390 53 20 gvar
656 1384 41 21 hos
712 1384 89 21 Banken
821 1384 141 27 obligationer

205 1416 33 21 för
254 1417 56 21 blott
328 1417 89 26 115,446
431 1418 61 21 mark
507 1419 26 25 87
549 1420 71 25 penni.

276 1501 142 19 Bankutskottets
430 1503 109 18 betänkande
551 1504 36 16 N:o
599 1504 16 17 1.
