1078 1692
212 156 13 20 4
446 156 29 22 U.
491 156 28 21 B.
534 169 27 1 —
578 156 45 22 N:0
639 156 22 22 3.

251 218 41 21 För
307 218 26 21 de
348 218 147 28 Längmanska
510 218 240 21 testamentsfondernas
766 219 111 27 uppkomst
900 218 38 21 och

183 252 99 20 ändamål
302 252 38 20 har
361 259 26 14 en
410 252 85 28 utförlig
511 252 134 28 redogörelse
660 252 90 21 lemnats
766 253 21 20 af
801 252 137 22 Ekonomiut-

182 286 78 21 skottet
275 286 35 21 vid
327 287 140 21 1877-—1878
483 287 34 21 års
532 287 102 27 landtdag
649 287 39 21 och
703 287 22 21 af
738 287 164 21 Bankutskottet
916 286 23 21 år

184 321 59 27 1882,
259 321 85 21 hvarför
358 321 109 21 Utskottet
477 328 29 14 nu
521 321 127 21 inskränker
662 321 32 27 sig
706 321 32 21 till
754 322 29 20 att
797 322 87 20 hänvisa
892 321 46 21 der-

182 355 36 21 till
248 355 30 21 Af
293 356 26 20 de
334 355 35 21 tvä
384 356 81 26 fonder,
480 356 72 20 hvilka
567 356 67 27 enligt
653 357 97 19 testators
772 356 106 20 föreskrift
899 356 38 20 bil-

181 389 47 21 dats
243 390 23 20 af
279 390 101 21 Finlands
395 390 56 21 folks
467 390 62 21 andel
544 390 7 20 i
567 390 209 21 testamentsmedlen
791 392 23 18 är
829 390 37 21 allt
880 392 57 18 ännu

181 424 53 21 blott
248 424 48 21 Litt.
311 424 24 21 B.
352 424 123 28 disponibel,
490 425 63 20 hvars
568 424 71 20 halfva
654 424 90 20 ärsvinst
759 426 23 18 är
797 424 93 21 bestämd
906 424 31 20 till

181 458 115 22 understöd
318 458 32 21 för
372 460 138 26 vetenskaper
528 459 40 21 och
583 459 66 20 sköna
664 458 92 27 konster,
781 458 83 21 literära
878 458 59 21 arbe-

181 497 35 17 ten
240 493 39 21 och
302 493 31 21 till
355 493 177 27 gratisutdelning
555 494 21 20 af
591 492 177 28 allmogeskrifter
782 492 106 21 äfvensom
904 492 32 21 för

181 527 135 21 bestridande
342 528 21 20 af
387 528 282 27 förvaltningskostnaderna
694 528 33 20 för
749 527 66 27 bägge
834 527 102 21 fonderna

179 562 65 26 jemte
261 562 91 21 derifrän
368 562 105 27 utgäende
489 562 103 21 särskilda
606 562 62 27 legat.

249 596 43 20 Vid
313 596 54 21 1882
391 596 33 21 ärs
443 596 102 28 landtdag
560 603 51 14 voro
627 596 118 21 Ständerna
760 596 32 20 för
806 596 64 20 första
885 595 50 28 gän-

179 636 43 21 gen
236 630 7 20 i
260 630 82 21 tillfälle
357 632 30 19 att
406 630 81 21 tilldela
502 630 103 21 särskilda
623 630 122 28 föreningar
760 630 114 21 understöd
889 630 46 20 frän

180 664 150 28 Längmanska
351 665 84 27 fonden,
459 665 125 27 uppgäende
601 664 31 21 till
647 666 29 19 ett
691 664 154 28 sammanlagdt
859 664 75 26 belopp

180 698 22 21 af
218 699 74 27 18,000
308 699 66 27 mark,
391 700 54 20 1885
460 699 111 21 utdelades
586 699 21 21 af
623 705 79 15 samma
710 698 68 22 medel
788 698 74 28 62,500
870 698 64 24 mark,

180 733 110 21 hvaremot
316 734 35 20 vid
376 736 83 18 senaste
484 734 101 27 landtdag
609 734 65 26 ingen
689 733 110 27 utdelning
814 733 52 27 egde
882 739 52 15 rum,

180 767 91 21 emedan
283 768 64 27 nödig
362 768 181 27 samstämmighet
560 768 79 20 mellan
660 768 26 20 de
701 774 53 20 resp.
777 766 91 22 Ständen
888 766 46 21 icke

180 801 110 21 ernäddes.
319 792 11 42 =
334 796 30 26 Är
387 803 54 20 1888
464 802 53 20 hade
541 802 26 20 de
590 802 122 20 emotsedda
742 801 139 21 vinstmedlen
903 800 32 21 för

179 835 51 20 ären
247 836 141 21 1888—1890
403 836 113 21 beräknats
531 836 64 27 jemte
611 842 27 14 en
653 836 83 20 mindre
752 835 121 26 hehällning
887 834 46 21 frän

179 869 24 20 är
232 870 54 20 1887
316 870 32 20 till
379 871 74 26 39,300
483 870 66 21 mark.
586 869 49 21 Men
664 869 31 21 till
716 869 52 27 följd
790 868 144 21 hufvudsakli-

179 910 40 21 gen
236 904 21 21 af
272 906 43 19 stor
330 904 105 27 agiovinst
450 904 12 21 ä
477 904 92 21 försälda
589 904 40 21 och
650 903 153 21 konverterade
825 903 109 27 obligatio-

179 944 39 15 ner
233 938 71 27 uppgå
319 938 25 21 de
360 945 30 14 nu
406 938 119 28 disponibla
540 938 141 21 vinstmedlen
697 951 27 2 -—
741 939 49 19 utan
810 939 29 19 att
861 937 73 28 päräk-

179 972 57 27 nelig
252 972 84 21 tillväxt
350 973 33 20 för
398 973 49 20 ären
465 973 140 20 1891—1893
621 974 58 25 tages
694 973 8 19 i
716 971 90 28 anspräk
821 984 27 2 —
860 971 32 21 till
900 971 35 21 det

180 1006 109 27 betydliga
304 1007 98 27 beloppet
418 1007 21 20 af
453 1007 93 26 111,752
561 1007 64 20 mark
639 1007 26 20 41
677 1006 77 27 penni.

247 1040 34 21 Dä
296 1041 36 20 det
346 1041 32 20 för
394 1041 107 20 Utskottet
515 1041 52 27 gällt
582 1043 29 18 att
627 1041 77 26 afgifva
720 1041 35 20 sitt
765 1040 77 27 förslag
850 1039 30 26 till
893 1039 41 21 för-

178 1074 89 28 delning
282 1075 20 20 af
317 1075 148 27 vinstmedlen,
480 1075 38 20 har
533 1075 108 20 Utskottet
660 1075 74 20 främst
748 1074 32 21 till
802 1073 132 28 ompröfning

181 1109 95 27 upptagit
298 1109 80 27 frägan,
401 1109 106 20 huruvida
529 1109 35 20 det
591 1115 50 14 vore
665 1108 123 27 lämpligare
803 1110 36 25 att,
853 1108 27 27 pä
894 1109 41 19 sätt

178 1143 191 27 bankfullmäktige
384 1143 107 27 tillstyrkt,
506 1143 115 20 inskränka
637 1143 78 20 antalet
730 1143 21 20 af
766 1143 26 20 de
814 1142 120 27 föreningar

177 1177 40 20 och
240 1177 87 27 företag,
350 1184 46 14 som
420 1177 75 27 skulle]
511 1177 80 21 erhålla
605 1177 116 21 understöd
736 1177 32 20 till
782 1176 152 27 jemförelsevis

177 1211 27 27 få,
219 1218 51 14 men
293 1212 95 21 deremot
402 1214 51 25 göra
469 1212 101 27 anslagen
594 1212 84 21 relativt
693 1214 61 23 stora,
770 1211 51 21 eller
837 1212 29 19 att
880 1210 54 21 min-

177 1246 38 21 ska
230 1246 113 27 anslagens
358 1246 83 27 belopp,
456 1253 49 14 men
521 1246 52 21 söka
587 1246 111 27 tillgodose
713 1245 51 21 flere
777 1245 102 20 ändamål.
896 1245 38 20 Ut-

176 1281 79 20 skottet
270 1281 37 20 har
322 1281 101 26 enhälligt
439 1281 96 20 omfattat
549 1281 36 20 det
595 1287 74 14 senare
678 1280 136 26 alternativet,
823 1279 44 21 dels
878 1285 56 14 eme-

177 1316 43 20 dan
235 1315 58 21 detta
308 1321 64 20 synes
387 1315 32 20 stä
433 1315 7 20 i
456 1317 65 18 större
537 1314 219 21 öfverensstämmelse
777 1314 48 20 med
839 1315 94 19 testators

176 1350 8 20 i
199 1350 135 20 testamentet
349 1349 93 20 uttalade
458 1349 56 27 vilja,
529 1349 46 20 dels
590 1349 40 20 ock
645 1349 48 20 med
708 1348 78 21 fästadt
807 1347 99 21 afseende
921 1347 12 21 å

175 1383 137 28 svärigheten
327 1385 30 18 att
372 1383 71 20 denna
457 1383 62 27 gäng,
534 1383 27 20 dä
576 1383 36 20 det
626 1383 32 20 till
670 1382 124 27 förfogande
803 1381 86 22 stäende
897 1381 36 21 be-

175 1418 73 27 loppet
263 1419 23 18 är
300 1417 23 20 sä
338 1419 58 25 stort,
411 1417 92 21 utesluta
519 1417 70 27 nägon
605 1419 65 18 större
686 1417 34 20 del
736 1417 21 20 af
772 1416 25 21 de
822 1416 111 27 gagneliga

175 1452 41 21 och
231 1452 22 21 af
269 1451 114 21 understöd
399 1452 33 20 väl
448 1452 99 27 förtjenta
562 1451 104 27 ändamål,
681 1451 33 20 för
728 1451 71 20 hvilka
819 1450 113 21 ansöknin-

244 1491 145 18 Bankutskottets
401 1491 111 18 betänkande
526 1493 35 15 N:o
574 1491 17 18 3.
