<?xml version="1.0" encoding="UTF-8"?>
<alto xmlns="http://www.loc.gov/standards/alto/ns-v3#" xmlns:xlink="http://www.w3.org/1999/xlink" xmlns:xsi="http://www.w3.org/2001/XMLSchema-instance" xsi:schemaLocation="http://www.loc.gov/standards/alto/ns-v3# http://www.loc.gov/alto/v3/alto-3-0.xsd">
	<Description>
		<MeasurementUnit>pixel</MeasurementUnit>
		<sourceImageInformation>
			<fileName>/tmp/tess_jk1wjfvx_input.PNG</fileName>
		</sourceImageInformation>
		<OCRProcessing ID="OCR_0">
			<ocrProcessingStep>
				<processingSoftware>
					<softwareName>tesseract 5.3.4</softwareName>
				</processingSoftware>
			</ocrProcessingStep>
		</OCRProcessing>
	</Description>
	<Layout>
		<Page WIDTH="1078" HEIGHT="1692" PHYSICAL_IMG_NR="0" ID="page_0">
			<PrintSpace HPOS="0" VPOS="0" WIDTH="1078" HEIGHT="1692">
				<ComposedBlock ID="cblock_0" HPOS="279" VPOS="150" WIDTH="577" HEIGHT="26">
					<TextBlock ID="block_0" HPOS="279" VPOS="150" WIDTH="577" HEIGHT="26">
						<TextLine ID="line_0" HPOS="279" VPOS="150" WIDTH="577" HEIGHT="26">
							<String ID="string_0" HPOS="279" VPOS="154" WIDTH="4" HEIGHT="6" WC="0.90" CONTENT="*"/><SP WIDTH="27" VPOS="154" HPOS="283"/>
							<String ID="string_1" HPOS="310" VPOS="150" WIDTH="93" HEIGHT="26" WC="0.90" CONTENT="Ständ.,"/><SP WIDTH="8" VPOS="150" HPOS="403"/>
							<String ID="string_2" HPOS="411" VPOS="150" WIDTH="54" HEIGHT="22" WC="0.93" CONTENT="Skr."/><SP WIDTH="18" VPOS="150" HPOS="465"/>
							<String ID="string_3" HPOS="483" VPOS="154" WIDTH="27" HEIGHT="12" WC="0.91" CONTENT="—"/><SP WIDTH="17" VPOS="154" HPOS="510"/>
							<String ID="string_4" HPOS="527" VPOS="150" WIDTH="185" HEIGHT="23" WC="0.91" CONTENT="Ständerhuset."/><SP WIDTH="133" VPOS="150" HPOS="712"/>
							<String ID="string_5" HPOS="845" VPOS="152" WIDTH="11" HEIGHT="20" WC="0.94" CONTENT="7"/>
						</TextLine>
					</TextBlock>
				</ComposedBlock>
				<ComposedBlock ID="cblock_1" HPOS="338" VPOS="386" WIDTH="549" HEIGHT="195">
					<TextBlock ID="block_1" HPOS="338" VPOS="386" WIDTH="549" HEIGHT="195">
						<TextLine ID="line_1" HPOS="407" VPOS="386" WIDTH="479" HEIGHT="23">
							<String ID="string_6" HPOS="407" VPOS="386" WIDTH="139" HEIGHT="22" WC="0.93" CONTENT="Finlands"/><SP WIDTH="24" VPOS="386" HPOS="546"/>
							<String ID="string_7" HPOS="570" VPOS="386" WIDTH="136" HEIGHT="23" WC="0.91" CONTENT="Ständers"/><SP WIDTH="24" VPOS="386" HPOS="706"/>
							<String ID="string_8" HPOS="730" VPOS="386" WIDTH="156" HEIGHT="23" WC="0.90" CONTENT="skrifvelse"/>
						</TextLine>
						<TextLine ID="line_2" HPOS="339" VPOS="420" WIDTH="547" HEIGHT="29">
							<String ID="string_9" HPOS="339" VPOS="421" WIDTH="40" HEIGHT="22" WC="0.93" CONTENT="till"/><SP WIDTH="17" VPOS="421" HPOS="379"/>
							<String ID="string_10" HPOS="396" VPOS="420" WIDTH="148" HEIGHT="23" WC="0.92" CONTENT="Ständernas"/><SP WIDTH="16" VPOS="420" HPOS="544"/>
							<String ID="string_11" HPOS="560" VPOS="421" WIDTH="227" HEIGHT="28" WC="0.91" CONTENT="Bankfullmäktige"/><SP WIDTH="10" VPOS="421" HPOS="787"/>
							<String ID="string_12" HPOS="797" VPOS="420" WIDTH="89" HEIGHT="23" WC="0.91" CONTENT="beträf-"/>
						</TextLine>
						<TextLine ID="line_3" HPOS="339" VPOS="455" WIDTH="548" HEIGHT="28">
							<String ID="string_13" HPOS="339" VPOS="455" WIDTH="73" HEIGHT="22" WC="0.92" CONTENT="fande"/><SP WIDTH="25" VPOS="455" HPOS="412"/>
							<String ID="string_14" HPOS="437" VPOS="456" WIDTH="120" HEIGHT="27" WC="0.92" CONTENT="tillsynen"/><SP WIDTH="27" VPOS="456" HPOS="557"/>
							<String ID="string_15" HPOS="584" VPOS="456" WIDTH="79" HEIGHT="22" WC="0.96" CONTENT="under"/><SP WIDTH="26" VPOS="456" HPOS="663"/>
							<String ID="string_16" HPOS="689" VPOS="456" WIDTH="71" HEIGHT="22" WC="0.92" CONTENT="tiden"/><SP WIDTH="22" VPOS="456" HPOS="760"/>
							<String ID="string_17" HPOS="782" VPOS="456" WIDTH="105" HEIGHT="22" WC="0.91" CONTENT="emellan"/>
						</TextLine>
						<TextLine ID="line_4" HPOS="338" VPOS="490" WIDTH="548" HEIGHT="28">
							<String ID="string_18" HPOS="338" VPOS="490" WIDTH="179" HEIGHT="28" WC="0.89" CONTENT="landtdagarne"/><SP WIDTH="30" VPOS="490" HPOS="517"/>
							<String ID="string_19" HPOS="547" VPOS="490" WIDTH="69" HEIGHT="22" WC="0.89" CONTENT="öfver"/><SP WIDTH="30" VPOS="490" HPOS="616"/>
							<String ID="string_20" HPOS="646" VPOS="490" WIDTH="240" HEIGHT="22" WC="0.89" CONTENT="Ständerhusekono-"/>
						</TextLine>
						<TextLine ID="line_5" HPOS="339" VPOS="524" WIDTH="547" HEIGHT="23">
							<String ID="string_21" HPOS="339" VPOS="530" WIDTH="68" HEIGHT="16" WC="0.95" CONTENT="mens"/><SP WIDTH="32" VPOS="530" HPOS="407"/>
							<String ID="string_22" HPOS="439" VPOS="524" WIDTH="46" HEIGHT="23" WC="0.92" CONTENT="och"/><SP WIDTH="31" VPOS="524" HPOS="485"/>
							<String ID="string_23" HPOS="516" VPOS="524" WIDTH="148" HEIGHT="23" WC="0.88" CONTENT="Ständernas"/><SP WIDTH="37" VPOS="524" HPOS="664"/>
							<String ID="string_24" HPOS="701" VPOS="524" WIDTH="185" HEIGHT="23" WC="0.60" CONTENT="hibliotekaries"/>
						</TextLine>
						<TextLine ID="line_6" HPOS="341" VPOS="559" WIDTH="161" HEIGHT="22">
							<String ID="string_25" HPOS="341" VPOS="559" WIDTH="161" HEIGHT="22" WC="0.96" CONTENT="verksamhet."/>
						</TextLine>
					</TextBlock>
				</ComposedBlock>
				<ComposedBlock ID="cblock_2" HPOS="224" VPOS="802" WIDTH="583" HEIGHT="38">
					<TextBlock ID="block_2" HPOS="224" VPOS="802" WIDTH="583" HEIGHT="38">
						<TextLine ID="line_7" HPOS="224" VPOS="802" WIDTH="583" HEIGHT="38">
							<String ID="string_26" HPOS="224" VPOS="802" WIDTH="49" HEIGHT="32" WC="0.90" CONTENT="Till"/><SP WIDTH="18" VPOS="802" HPOS="273"/>
							<String ID="string_27" HPOS="291" VPOS="802" WIDTH="119" HEIGHT="32" WC="0.93" CONTENT="Finlands"/><SP WIDTH="19" VPOS="802" HPOS="410"/>
							<String ID="string_28" HPOS="429" VPOS="802" WIDTH="120" HEIGHT="32" WC="0.92" CONTENT="Ständers"/><SP WIDTH="18" VPOS="802" HPOS="549"/>
							<String ID="string_29" HPOS="567" VPOS="802" WIDTH="240" HEIGHT="38" WC="0.74" CONTENT="Bankiullmäktiye."/>
						</TextLine>
					</TextBlock>
				</ComposedBlock>
				<ComposedBlock ID="cblock_3" HPOS="139" VPOS="932" WIDTH="752" HEIGHT="96">
					<TextBlock ID="block_3" HPOS="139" VPOS="932" WIDTH="752" HEIGHT="96">
						<TextLine ID="line_8" HPOS="207" VPOS="932" WIDTH="683" HEIGHT="28">
							<String ID="string_30" HPOS="207" VPOS="932" WIDTH="30" HEIGHT="21" WC="0.92" CONTENT="Pä"/><SP WIDTH="21" VPOS="932" HPOS="237"/>
							<String ID="string_31" HPOS="258" VPOS="933" WIDTH="71" HEIGHT="20" WC="0.90" CONTENT="derom"/><SP WIDTH="23" VPOS="933" HPOS="329"/>
							<String ID="string_32" HPOS="352" VPOS="932" WIDTH="60" HEIGHT="28" WC="0.91" CONTENT="gjord"/><SP WIDTH="22" VPOS="932" HPOS="412"/>
							<String ID="string_33" HPOS="434" VPOS="932" WIDTH="154" HEIGHT="27" WC="0.93" CONTENT="framställning"/><SP WIDTH="23" VPOS="932" HPOS="588"/>
							<String ID="string_34" HPOS="611" VPOS="932" WIDTH="62" HEIGHT="21" WC="0.92" CONTENT="hafva"/><SP WIDTH="15" VPOS="932" HPOS="673"/>
							<String ID="string_35" HPOS="688" VPOS="932" WIDTH="123" HEIGHT="27" WC="0.92" CONTENT="Ständerna,"/><SP WIDTH="15" VPOS="932" HPOS="811"/>
							<String ID="string_36" HPOS="826" VPOS="933" WIDTH="64" HEIGHT="26" WC="0.93" CONTENT="jemte"/>
						</TextLine>
						<TextLine ID="line_9" HPOS="139" VPOS="966" WIDTH="752" HEIGHT="21">
							<String ID="string_37" HPOS="139" VPOS="967" WIDTH="36" HEIGHT="20" WC="0.96" CONTENT="det"/><SP WIDTH="22" VPOS="967" HPOS="175"/>
							<String ID="string_38" HPOS="197" VPOS="966" WIDTH="69" HEIGHT="21" WC="0.96" CONTENT="beslut"/><SP WIDTH="22" VPOS="966" HPOS="266"/>
							<String ID="string_39" HPOS="288" VPOS="967" WIDTH="70" HEIGHT="20" WC="0.96" CONTENT="fattats"/><SP WIDTH="22" VPOS="967" HPOS="358"/>
							<String ID="string_40" HPOS="380" VPOS="973" WIDTH="34" HEIGHT="14" WC="0.93" CONTENT="om"/><SP WIDTH="25" VPOS="973" HPOS="414"/>
							<String ID="string_41" HPOS="439" VPOS="966" WIDTH="140" HEIGHT="21" WC="0.85" CONTENT="anställandet"/><SP WIDTH="22" VPOS="966" HPOS="579"/>
							<String ID="string_42" HPOS="601" VPOS="966" WIDTH="21" HEIGHT="21" WC="0.96" CONTENT="af"/><SP WIDTH="15" VPOS="966" HPOS="622"/>
							<String ID="string_43" HPOS="637" VPOS="973" WIDTH="26" HEIGHT="14" WC="0.93" CONTENT="en"/><SP WIDTH="15" VPOS="973" HPOS="663"/>
							<String ID="string_44" HPOS="678" VPOS="966" WIDTH="91" HEIGHT="21" WC="0.96" CONTENT="ekonom"/><SP WIDTH="15" VPOS="966" HPOS="769"/>
							<String ID="string_45" HPOS="784" VPOS="966" WIDTH="33" HEIGHT="21" WC="0.93" CONTENT="för"/><SP WIDTH="14" VPOS="966" HPOS="817"/>
							<String ID="string_46" HPOS="831" VPOS="966" WIDTH="60" HEIGHT="21" WC="0.91" CONTENT="Stän-"/>
						</TextLine>
						<TextLine ID="line_10" HPOS="140" VPOS="1001" WIDTH="104" HEIGHT="27">
							<String ID="string_47" HPOS="140" VPOS="1001" WIDTH="104" HEIGHT="27" WC="0.90" CONTENT="derhuset,"/>
						</TextLine>
					</TextBlock>
				</ComposedBlock>
				<ComposedBlock ID="cblock_4" HPOS="344" VPOS="1074" WIDTH="550" HEIGHT="201">
					<TextBlock ID="block_4" HPOS="344" VPOS="1074" WIDTH="550" HEIGHT="201">
						<TextLine ID="line_11" HPOS="412" VPOS="1074" WIDTH="479" HEIGHT="29">
							<String ID="string_48" HPOS="412" VPOS="1075" WIDTH="22" HEIGHT="20" WC="0.93" CONTENT="åt"/><SP WIDTH="16" VPOS="1075" HPOS="434"/>
							<String ID="string_49" HPOS="450" VPOS="1074" WIDTH="206" HEIGHT="29" WC="0.88" CONTENT="Bankfullmäktige"/><SP WIDTH="14" VPOS="1074" HPOS="656"/>
							<String ID="string_50" HPOS="670" VPOS="1075" WIDTH="120" HEIGHT="27" WC="0.96" CONTENT="uppdragit"/><SP WIDTH="15" VPOS="1075" HPOS="790"/>
							<String ID="string_51" HPOS="805" VPOS="1077" WIDTH="32" HEIGHT="18" WC="0.93" CONTENT="att"/><SP WIDTH="15" VPOS="1077" HPOS="837"/>
							<String ID="string_52" HPOS="852" VPOS="1081" WIDTH="39" HEIGHT="14" WC="0.92" CONTENT="un-"/>
						</TextLine>
						<TextLine ID="line_12" HPOS="344" VPOS="1109" WIDTH="548" HEIGHT="28">
							<String ID="string_53" HPOS="344" VPOS="1109" WIDTH="38" HEIGHT="21" WC="0.94" CONTENT="der"/><SP WIDTH="15" VPOS="1109" HPOS="382"/>
							<String ID="string_54" HPOS="397" VPOS="1109" WIDTH="59" HEIGHT="21" WC="0.93" CONTENT="tiden"/><SP WIDTH="15" VPOS="1109" HPOS="456"/>
							<String ID="string_55" HPOS="471" VPOS="1110" WIDTH="91" HEIGHT="20" WC="0.92" CONTENT="emellan"/><SP WIDTH="15" VPOS="1110" HPOS="562"/>
							<String ID="string_56" HPOS="577" VPOS="1109" WIDTH="175" HEIGHT="21" WC="0.92" CONTENT="ständermötena"/><SP WIDTH="15" VPOS="1109" HPOS="752"/>
							<String ID="string_57" HPOS="767" VPOS="1109" WIDTH="69" HEIGHT="28" WC="0.92" CONTENT="hafva"/><SP WIDTH="13" VPOS="1109" HPOS="836"/>
							<String ID="string_58" HPOS="849" VPOS="1109" WIDTH="43" HEIGHT="21" WC="0.88" CONTENT="till-"/>
						</TextLine>
						<TextLine ID="line_13" HPOS="345" VPOS="1143" WIDTH="548" HEIGHT="28">
							<String ID="string_59" HPOS="345" VPOS="1151" WIDTH="39" HEIGHT="20" WC="0.96" CONTENT="syn"/><SP WIDTH="16" VPOS="1151" HPOS="384"/>
							<String ID="string_60" HPOS="400" VPOS="1144" WIDTH="61" HEIGHT="27" WC="0.92" CONTENT="öfver"/><SP WIDTH="16" VPOS="1144" HPOS="461"/>
							<String ID="string_61" HPOS="477" VPOS="1143" WIDTH="251" HEIGHT="22" WC="0.92" CONTENT="Ständerhusekonomen"/><SP WIDTH="10" VPOS="1143" HPOS="728"/>
							<String ID="string_62" HPOS="738" VPOS="1143" WIDTH="39" HEIGHT="22" WC="0.93" CONTENT="och"/><SP WIDTH="12" VPOS="1143" HPOS="777"/>
							<String ID="string_63" HPOS="789" VPOS="1143" WIDTH="104" HEIGHT="22" WC="0.92" CONTENT="Ständer-"/>
						</TextLine>
						<TextLine ID="line_14" HPOS="345" VPOS="1177" WIDTH="548" HEIGHT="22">
							<String ID="string_64" HPOS="345" VPOS="1185" WIDTH="40" HEIGHT="14" WC="0.91" CONTENT="nas"/><SP WIDTH="24" VPOS="1185" HPOS="385"/>
							<String ID="string_65" HPOS="409" VPOS="1177" WIDTH="146" HEIGHT="22" WC="0.95" CONTENT="bibliotekarie"/><SP WIDTH="19" VPOS="1177" HPOS="555"/>
							<String ID="string_66" HPOS="574" VPOS="1178" WIDTH="9" HEIGHT="20" WC="0.95" CONTENT="i"/><SP WIDTH="18" VPOS="1178" HPOS="583"/>
							<String ID="string_67" HPOS="601" VPOS="1178" WIDTH="63" HEIGHT="21" WC="0.96" CONTENT="deras"/><SP WIDTH="20" VPOS="1178" HPOS="664"/>
							<String ID="string_68" HPOS="684" VPOS="1177" WIDTH="132" HEIGHT="22" WC="0.96" CONTENT="verksamhet"/><SP WIDTH="22" VPOS="1177" HPOS="816"/>
							<String ID="string_69" HPOS="838" VPOS="1180" WIDTH="55" HEIGHT="19" WC="0.96" CONTENT="samt"/>
						</TextLine>
						<TextLine ID="line_15" HPOS="346" VPOS="1212" WIDTH="548" HEIGHT="28">
							<String ID="string_70" HPOS="346" VPOS="1215" WIDTH="37" HEIGHT="23" WC="0.96" CONTENT="att,"/><SP WIDTH="15" VPOS="1215" HPOS="383"/>
							<String ID="string_71" HPOS="398" VPOS="1213" WIDTH="9" HEIGHT="19" WC="0.93" CONTENT="i"/><SP WIDTH="15" VPOS="1213" HPOS="407"/>
							<String ID="string_72" HPOS="422" VPOS="1212" WIDTH="101" HEIGHT="21" WC="0.96" CONTENT="händelse"/><SP WIDTH="16" VPOS="1212" HPOS="523"/>
							<String ID="string_73" HPOS="539" VPOS="1212" WIDTH="30" HEIGHT="28" WC="0.89" CONTENT="af"/><SP WIDTH="12" VPOS="1212" HPOS="569"/>
							<String ID="string_74" HPOS="581" VPOS="1212" WIDTH="59" HEIGHT="21" WC="0.91" CONTENT="desse"/><SP WIDTH="10" VPOS="1212" HPOS="640"/>
							<String ID="string_75" HPOS="650" VPOS="1212" WIDTH="140" HEIGHT="27" WC="0.92" CONTENT="tjenstemäns"/><SP WIDTH="12" VPOS="1212" HPOS="790"/>
							<String ID="string_76" HPOS="802" VPOS="1212" WIDTH="92" HEIGHT="28" WC="0.85" CONTENT="afgäng,"/>
						</TextLine>
						<TextLine ID="line_16" HPOS="346" VPOS="1247" WIDTH="475" HEIGHT="28">
							<String ID="string_77" HPOS="346" VPOS="1249" WIDTH="85" HEIGHT="26" WC="0.91" CONTENT="antaga"/><SP WIDTH="15" VPOS="1249" HPOS="431"/>
							<String ID="string_78" HPOS="446" VPOS="1247" WIDTH="73" HEIGHT="20" WC="0.96" CONTENT="andra"/><SP WIDTH="12" VPOS="1247" HPOS="519"/>
							<String ID="string_79" HPOS="531" VPOS="1253" WIDTH="105" HEIGHT="21" WC="0.95" CONTENT="personer"/><SP WIDTH="14" VPOS="1253" HPOS="636"/>
							<String ID="string_80" HPOS="650" VPOS="1247" WIDTH="9" HEIGHT="20" WC="0.96" CONTENT="i"/><SP WIDTH="15" VPOS="1247" HPOS="659"/>
							<String ID="string_81" HPOS="674" VPOS="1247" WIDTH="64" HEIGHT="20" WC="0.93" CONTENT="deras"/><SP WIDTH="15" VPOS="1247" HPOS="738"/>
							<String ID="string_82" HPOS="753" VPOS="1247" WIDTH="68" HEIGHT="20" WC="0.92" CONTENT="ställe."/>
						</TextLine>
					</TextBlock>
				</ComposedBlock>
				<ComposedBlock ID="cblock_5" HPOS="142" VPOS="1321" WIDTH="754" HEIGHT="166">
					<TextBlock ID="block_5" HPOS="142" VPOS="1321" WIDTH="754" HEIGHT="166">
						<TextLine ID="line_17" HPOS="210" VPOS="1321" WIDTH="685" HEIGHT="22">
							<String ID="string_83" HPOS="210" VPOS="1321" WIDTH="70" HEIGHT="22" WC="0.91" CONTENT="Jemte"/><SP WIDTH="20" VPOS="1321" HPOS="280"/>
							<String ID="string_84" HPOS="300" VPOS="1321" WIDTH="153" HEIGHT="22" WC="0.91" CONTENT="underrättelse"/><SP WIDTH="22" VPOS="1321" HPOS="453"/>
							<String ID="string_85" HPOS="475" VPOS="1322" WIDTH="73" HEIGHT="20" WC="0.90" CONTENT="härom"/><SP WIDTH="23" VPOS="1322" HPOS="548"/>
							<String ID="string_86" HPOS="571" VPOS="1321" WIDTH="20" HEIGHT="21" WC="0.90" CONTENT="fä"/><SP WIDTH="23" VPOS="1321" HPOS="591"/>
							<String ID="string_87" HPOS="614" VPOS="1321" WIDTH="116" HEIGHT="22" WC="0.92" CONTENT="Ständerna"/><SP WIDTH="20" VPOS="1321" HPOS="730"/>
							<String ID="string_88" HPOS="750" VPOS="1321" WIDTH="72" HEIGHT="21" WC="0.93" CONTENT="vidare"/><SP WIDTH="15" VPOS="1321" HPOS="822"/>
							<String ID="string_89" HPOS="837" VPOS="1321" WIDTH="58" HEIGHT="21" WC="0.93" CONTENT="med-"/>
						</TextLine>
						<TextLine ID="line_18" HPOS="143" VPOS="1355" WIDTH="752" HEIGHT="28">
							<String ID="string_90" HPOS="143" VPOS="1355" WIDTH="53" HEIGHT="28" WC="0.96" CONTENT="dela,"/><SP WIDTH="16" VPOS="1355" HPOS="196"/>
							<String ID="string_91" HPOS="212" VPOS="1355" WIDTH="35" HEIGHT="22" WC="0.93" CONTENT="det"/><SP WIDTH="15" VPOS="1355" HPOS="247"/>
							<String ID="string_92" HPOS="262" VPOS="1355" WIDTH="122" HEIGHT="28" WC="0.92" CONTENT="Ständerna,"/><SP WIDTH="16" VPOS="1355" HPOS="384"/>
							<String ID="string_93" HPOS="400" VPOS="1363" WIDTH="50" HEIGHT="20" WC="0.96" CONTENT="som,"/><SP WIDTH="16" VPOS="1363" HPOS="450"/>
							<String ID="string_94" HPOS="466" VPOS="1355" WIDTH="26" HEIGHT="28" WC="0.96" CONTENT="pä"/><SP WIDTH="15" VPOS="1355" HPOS="492"/>
							<String ID="string_95" HPOS="507" VPOS="1358" WIDTH="40" HEIGHT="19" WC="0.96" CONTENT="sätt"/><SP WIDTH="16" VPOS="1358" HPOS="547"/>
							<String ID="string_96" HPOS="563" VPOS="1356" WIDTH="20" HEIGHT="21" WC="0.93" CONTENT="af"/><SP WIDTH="10" VPOS="1356" HPOS="583"/>
							<String ID="string_97" HPOS="593" VPOS="1356" WIDTH="101" HEIGHT="27" WC="0.51" CONTENT="närlagda"/><SP WIDTH="10" VPOS="1356" HPOS="694"/>
							<String ID="string_98" HPOS="704" VPOS="1356" WIDTH="84" HEIGHT="21" WC="0.91" CONTENT="afskrift"/><SP WIDTH="11" VPOS="1356" HPOS="788"/>
							<String ID="string_99" HPOS="799" VPOS="1357" WIDTH="96" HEIGHT="20" WC="0.96" CONTENT="närmare"/>
						</TextLine>
						<TextLine ID="line_19" HPOS="142" VPOS="1389" WIDTH="753" HEIGHT="28">
							<String ID="string_100" HPOS="142" VPOS="1389" WIDTH="97" HEIGHT="28" WC="0.96" CONTENT="framgår,"/><SP WIDTH="17" VPOS="1389" HPOS="239"/>
							<String ID="string_101" HPOS="256" VPOS="1390" WIDTH="20" HEIGHT="21" WC="0.93" CONTENT="ät"/><SP WIDTH="16" VPOS="1390" HPOS="276"/>
							<String ID="string_102" HPOS="292" VPOS="1390" WIDTH="246" HEIGHT="21" WC="0.81" CONTENT="Ständerhusekonomen"/><SP WIDTH="18" VPOS="1390" HPOS="538"/>
							<String ID="string_103" HPOS="556" VPOS="1390" WIDTH="138" HEIGHT="21" WC="0.49" CONTENT="öfverlomnat"/><SP WIDTH="15" VPOS="1390" HPOS="694"/>
							<String ID="string_104" HPOS="709" VPOS="1392" WIDTH="29" HEIGHT="19" WC="0.93" CONTENT="att"/><SP WIDTH="15" VPOS="1392" HPOS="738"/>
							<String ID="string_105" HPOS="753" VPOS="1390" WIDTH="43" HEIGHT="21" WC="0.93" CONTENT="låta"/><SP WIDTH="15" VPOS="1390" HPOS="796"/>
							<String ID="string_106" HPOS="811" VPOS="1390" WIDTH="12" HEIGHT="20" WC="0.92" CONTENT="å"/><SP WIDTH="13" VPOS="1390" HPOS="823"/>
							<String ID="string_107" HPOS="836" VPOS="1389" WIDTH="59" HEIGHT="22" WC="0.92" CONTENT="Stän-"/>
						</TextLine>
						<TextLine ID="line_20" HPOS="143" VPOS="1423" WIDTH="753" HEIGHT="30">
							<String ID="string_108" HPOS="143" VPOS="1423" WIDTH="99" HEIGHT="22" WC="0.90" CONTENT="derhuset"/><SP WIDTH="17" VPOS="1423" HPOS="242"/>
							<String ID="string_109" HPOS="259" VPOS="1424" WIDTH="69" HEIGHT="21" WC="0.96" CONTENT="utföra"/><SP WIDTH="16" VPOS="1424" HPOS="328"/>
							<String ID="string_110" HPOS="344" VPOS="1424" WIDTH="101" HEIGHT="21" WC="0.93" CONTENT="särskilda"/><SP WIDTH="10" VPOS="1424" HPOS="445"/>
							<String ID="string_111" HPOS="455" VPOS="1425" WIDTH="266" HEIGHT="27" WC="0.92" CONTENT="kompletteringsarbeten,"/><SP WIDTH="10" VPOS="1425" HPOS="721"/>
							<String ID="string_112" HPOS="731" VPOS="1425" WIDTH="126" HEIGHT="28" WC="0.92" CONTENT="päkallande"/><SP WIDTH="13" VPOS="1425" HPOS="857"/>
							<String ID="string_113" HPOS="870" VPOS="1431" WIDTH="26" HEIGHT="14" WC="0.96" CONTENT="en"/>
						</TextLine>
						<TextLine ID="line_21" HPOS="144" VPOS="1458" WIDTH="752" HEIGHT="29">
							<String ID="string_114" HPOS="144" VPOS="1458" WIDTH="63" HEIGHT="27" WC="0.92" CONTENT="utgift"/><SP WIDTH="21" VPOS="1458" HPOS="207"/>
							<String ID="string_115" HPOS="228" VPOS="1459" WIDTH="21" HEIGHT="20" WC="0.93" CONTENT="af"/><SP WIDTH="21" VPOS="1459" HPOS="249"/>
							<String ID="string_116" HPOS="270" VPOS="1459" WIDTH="74" HEIGHT="27" WC="0.91" CONTENT="10,000"/><SP WIDTH="23" VPOS="1459" HPOS="344"/>
							<String ID="string_117" HPOS="367" VPOS="1459" WIDTH="57" HEIGHT="20" WC="0.93" CONTENT="mark"/><SP WIDTH="17" VPOS="1459" HPOS="424"/>
							<String ID="string_118" HPOS="441" VPOS="1459" WIDTH="83" HEIGHT="21" WC="0.89" CONTENT="utöfver"/><SP WIDTH="15" VPOS="1459" HPOS="524"/>
							<String ID="string_119" HPOS="539" VPOS="1459" WIDTH="53" HEIGHT="21" WC="0.92" CONTENT="hvad"/><SP WIDTH="17" VPOS="1459" HPOS="592"/>
							<String ID="string_120" HPOS="609" VPOS="1459" WIDTH="32" HEIGHT="20" WC="0.93" CONTENT="för"/><SP WIDTH="14" VPOS="1459" HPOS="641"/>
							<String ID="string_121" HPOS="655" VPOS="1459" WIDTH="131" HEIGHT="28" WC="0.92" CONTENT="uppförande"/><SP WIDTH="15" VPOS="1459" HPOS="786"/>
							<String ID="string_122" HPOS="801" VPOS="1459" WIDTH="22" HEIGHT="21" WC="0.93" CONTENT="af"/><SP WIDTH="14" VPOS="1459" HPOS="823"/>
							<String ID="string_123" HPOS="837" VPOS="1459" WIDTH="59" HEIGHT="21" WC="0.92" CONTENT="Stän-"/>
						</TextLine>
					</TextBlock>
				</ComposedBlock>
			</PrintSpace>
		</Page>
	</Layout>
</alto>
