1078 1692
381 150 29 22 U.
427 150 24 21 B.
467 162 28 4 —
510 150 106 21 XXXVI.
835 150 12 19 7

124 218 29 22 3,5
174 216 90 24 procent
287 212 41 22 och
350 212 94 28 nedgick
462 214 54 25 1890
530 213 126 28 ytterligare
671 213 32 21 till
718 213 76 21 endast
809 214 66 26 nägot

121 248 62 20 öfver
206 254 10 20 3
239 250 95 25 procent.
365 247 53 21 Men
439 247 64 21 äfven
526 254 36 14 om
584 246 292 28 tillverkningskostnaderna

123 282 38 20 här
183 282 85 21 hemma
289 281 132 21 fortfarande
441 280 67 22 skulle
527 281 62 21 ställa
601 283 34 25 sig
649 282 68 26 något
732 281 77 27 dyrare
828 282 48 20 än
860 276 18 36 i

123 316 150 27 Köpenhamn,
289 322 61 14 anser
366 314 122 26 Utskottet,
505 318 32 18 att
552 316 61 20 detta
628 322 46 14 mer
684 316 26 20 än
718 316 36 20 väl
763 316 112 27 uppväges

123 350 24 21 af
167 350 42 21 den
231 350 71 20 ökade
324 349 101 21 säkerhet
447 352 46 18 mot
514 350 111 25 missbruk,
641 349 87 21 hvilken
743 350 49 21 med
807 349 69 21 sedel-

123 384 127 27 tryckeriets
265 384 120 21 inrättande
401 384 98 26 äsyftats.

191 418 114 22 Utskottet
320 418 38 20 har
379 417 50 22 sökt
446 419 64 19 vinna
525 418 115 28 utredning
656 420 6 19 i
678 418 80 28 frägan,
774 418 102 21 huruvida

123 452 121 21 kontrollen
259 452 59 21 öfver
333 452 225 28 sedeltillverkningen
573 460 53 13 vore
641 452 47 22 fullt
703 453 172 27 ändamälsenlig.

123 486 61 22 Efter
205 490 32 18 att
252 487 76 20 därom
342 486 28 21 ha
385 486 110 21 meddelat
511 488 33 26 sig
559 487 50 21 med
624 486 196 22 Bankdirektionen
835 486 41 21 och

124 521 67 21 sedan
212 520 141 22 Direktionen
368 520 87 28 nyligen
470 521 93 27 vidtagit
577 522 68 26 nägra
659 521 127 27 ytterligare
800 521 76 21 anord-

123 556 74 26 ningar
211 555 32 21 till
256 554 132 22 kontrollens
403 554 122 26 stärkande,
542 554 65 22 finner
622 555 116 21 Utskottet
753 555 123 21 densamma

123 596 51 14 vara
190 590 24 20 sä
228 589 124 27 tillförlitlig,
369 596 48 13 som
432 589 155 27 inrättningens
598 589 150 21 beskaffenhet
758 589 118 27 medgifver

125 623 41 21 och
181 624 121 20 nuvarande
316 623 147 21 förhällanden
478 623 71 21 kunna
564 623 92 27 päkalla.

191 658 35 20 Dä
234 657 125 21 Utskottets
368 657 140 21 medlemmar
514 658 91 21 besökte
613 658 184 27 sedeltryckeriet,
805 658 71 21 kunde

123 692 29 21 de
171 692 17 26 ej
206 692 72 27 undgä
300 695 32 18 att
354 692 56 21 fästa
432 692 193 27 uppmärksamhet
646 692 38 21 vid
698 692 42 21 den
755 692 120 28 synnerliga

123 726 101 27 trängsel,
241 733 47 14 som
303 728 6 19 i
324 726 117 27 tryckeriet
456 726 70 21 räder.
556 726 52 21 Med
624 726 102 21 afseende
734 722 13 35 ä
764 726 47 22 icke
821 726 55 22 blott

124 760 28 20 de
167 760 124 27 fordringar,
308 760 71 21 hvilka
394 768 24 13 ur
433 760 116 28 hygienisk
559 760 109 28 synpunkt
679 760 42 21 och
731 761 51 21 med
791 761 85 27 hänsigt

124 794 32 21 till
170 794 136 21 arbetarenas
321 795 105 27 trygghet
441 795 42 20 och
498 794 85 21 trefnad
599 794 66 28 enligt
680 794 100 28 gällande
794 794 82 22 författ-

125 830 74 25 ningar
219 828 53 21 böra
286 829 73 20 ställas
375 830 29 26 pä
418 828 73 27 hvarje
507 829 110 20 industriel
632 829 122 27 inrättning,
770 832 49 18 utan
835 828 42 21 ock

124 864 74 25 vigten
218 863 66 24 däraf,
301 866 31 18 att
348 863 40 20 alla
410 863 89 20 arbeten
515 863 34 20 mä
564 863 71 20 kunna
650 863 82 21 utföras
747 863 50 21 med
812 863 65 21 erfor-

125 896 68 27 derlig
215 897 140 26 noggranhet,
372 897 23 20 är
410 897 38 21 det
463 897 68 27 enligt
546 897 127 21 Utskottets
688 897 66 22 tanke
769 897 107 27 oeftergif-

126 931 44 27 ligt,
187 934 32 18 att
233 931 128 26 tryckeriets
376 932 75 26 tränga
467 931 58 21 lokal
540 932 107 27 utvidgas.
670 931 61 22 Efter
746 935 65 24 tagen
826 931 51 21 kän-

123 965 80 20 nedom
226 972 35 14 om
281 969 31 18 ett
332 965 118 28 uppgjordt
472 966 82 27 förslag
568 966 32 21 till
615 966 82 21 mindre
719 966 158 27 tillbyggnader

123 1000 46 20 utät
184 999 105 21 hvardera
304 1000 86 27 gafveln
405 1000 26 21 af
441 999 101 22 Bankens
562 1000 212 27 ekonomibyggnad,
792 1000 85 21 hvarför

122 1033 122 22 kostnaden
264 1034 115 21 beräknats
394 1034 31 21 till
443 1035 76 24 18,000
534 1034 60 21 mark
609 1037 60 18 utom
685 1035 27 20 de
727 1035 25 20 af
763 1034 114 21 maskiner-

123 1075 38 13 nas
185 1068 136 27 omställning
341 1068 42 21 och
398 1069 85 20 diverse
498 1069 122 27 ledningars
636 1069 134 27 förlängning
786 1068 41 21 och
841 1069 36 20 än-

122 1101 63 28 dring
200 1102 113 27 päkallade
328 1102 94 27 utgifter,
439 1103 31 20 fär
485 1103 116 21 Utskottet
616 1103 111 21 vördsamt
742 1102 118 26 hemställa,

396 1168 34 17 att
452 1165 125 21 Ständerna
599 1166 49 20 ville
666 1166 14 20 ä
695 1165 101 22 Bankens
810 1165 70 21 medel

328 1199 80 28 bevilja
422 1203 29 17 ett
465 1200 81 27 anslag
559 1201 30 26 af
595 1200 59 21 ända
666 1201 36 20 till
710 1201 166 27 tjugufemtusen

327 1233 64 21 mark
404 1235 44 26 för
468 1235 147 26 omförmälda
628 1235 128 27 förstoring
772 1235 30 27 af
811 1234 65 21 sedel-

328 1268 123 27 tryckeriets
465 1269 128 20 nuvarande
609 1269 62 20 lokal.

193 1483 142 18 Bankutskoitets
348 1483 109 18 betänkande
470 1484 35 17 N:o
518 1484 16 18 1.
