1078 1692
835 160 26 20 87

484 228 13 29 g
517 227 38 24 91.

204 284 76 24 Dessa
302 283 92 31 kontor,
415 284 100 24 hvilkas
539 284 97 32 uppgift
657 287 27 21 är
702 286 35 22 att
755 285 135 24 underlätta

135 317 227 33 penningerörelsen
380 318 9 23 i
407 318 94 24 landets
521 318 65 24 olika
604 318 72 31 delar,
694 326 45 25 ega
757 321 47 21 att:

204 352 24 32 a)
255 352 135 24 verkställa
410 352 229 32 penningevexling,
660 353 170 32 samt.inköpa
848 353 42 24 och

135 386 100 32 försälja
261 386 127 24 utländskt
417 386 70 32 guld-
515 387 44 24 och
586 387 155 31 silfvermynt
768 388 122 23 äfvensom

135 420 131 25 utländska
284 420 97 31 vexlar;

203 455 23 30 b)
245 455 100 31 försälja
362 455 93 24 inrikes
474 455 157 32 invisningar
648 456 43 24 och
704 458 117 30 emottaga
833 464 57 24 pen-

135 489 250 32 ningeinsättningar;

205 523 21 31 c)
244 523 62 32 köpa
324 523 92 25 inrikes
437 524 86 24 vexlar
541 527 64 21 samt
623 524 89 32 bevilja
730 525 161 32 penningelän

136 558 44 23 och
198 558 185 30 kassakreditiv,
407 560 48 22 mot
473 560 58 29 pant
551 558 24 24 af
593 558 59 32 guld
670 559 42 24 och
731 559 85 24 silfver
833 559 58 24 eller

137 594 149 30 statspapper
304 592 43 24 och
364 592 174 24 räntebärande
557 593 170 31 obligationer;

205 626 23 30 d)
256 626 76 32 enligt
358 626 26 24 af
410 626 223 24 Bankdirektionen
656 627 153 25 förskottsvis
827 628 63 23 med-

137 660 80 24 delade
235 660 149 24 föreskrifter
403 661 43 23 och
464 661 93 23 tariffer
572 661 90 31 bevilja
673 662 162 32 penningelån
848 662 43 24 och

136 694 180 24 kassakreditiv
342 697 49 21 mot
415 695 27 24 de
460 695 79 31 öfriga
557 695 55 32 slag
630 696 24 23 af
672 698 58 29 pant
748 696 43 24 och
809 696 81 24 säker-

136 728 47 31 het,
202 736 48 16 som
270 732 100 20 nämnas
390 729 9 23 i
418 729 31 24 19
468 729 43 24 och
531 730 31 23 26
582 731 37 28 88.

481 810 14 28 s
516 809 38 23 94.

206 863 255 26 Bankkommissarien
480 865 93 32 åligger
590 865 99 32 jemväl:

207 898 23 31 a)
259 901 35 21 att
320 899 135 24 verkställa
481 899 50 24 alla
553 900 10 23 i
586 899 120 25 kontorets
725 901 88 23 rörelse
831 899 60 25 före-

138 933 140 23 kommande
297 933 174 32 uträkningar;

207 966 23 31 b)
250 969 35 22 att
303 967 141 24 handhafva
462 967 121 25 kontorets
603 968 125 32 bokföring
746 969 42 24 och
806 968 85 24 räken-

139 1001 97 32 skaper;

208 1035 22 31 c)
250 1037 35 22 att
303 1036 92 31 besörja
413 1036 121 24 kontorets
552 1036 166 33 brefvexling
708 1031 14 42 ;

208 1069 23 31 d)
252 1072 34 21 att
304 1070 138 32 sorgfälligt
460 1070 65 24 vaka
543 1071 107 23 deröfver
663 1073 35 21 att
709 1071 120 24 kontorets
842 1070 50 24 till-

138 1103 110 32 hörighet
266 1104 9 23 i
293 1104 142 32 penningar,
459 1105 272 32 säkerhetshandlingar
750 1105 42 24 och
809 1105 85 24 inven-

139 1138 74 23 tarier
238 1138 26 23 af
290 1138 50 24 alla
366 1138 54 33 slag
446 1139 42 23 väl
511 1139 88 24 vårdas
619 1139 42 24 och
680 1139 81 24 skötas
780 1141 61 22 samt
860 1140 34 23 att

139 1172 121 23 kontorets
287 1173 144 30 tjenstemän
457 1173 44 24 och
524 1173 101 32 betjente
643 1173 128 32 behörigen
790 1173 104 32 fullgöra

140 1207 55 23 sina
214 1206 159 32 åligganden
362 1202 15 40 ;

210 1240 20 31 e)
259 1243 35 21 att
320 1241 131 31 ombesörja
473 1241 27 24 de
518 1241 192 32 vexelprotester,
729 1249 50 16 som
798 1243 13 22 å
829 1241 65 24 Ban-

139 1274 60 24 kens
226 1277 95 29 vägnar
346 1275 57 24 böra
426 1283 44 24 ega
487 1283 54 16 rum
559 1277 30 30 på
608 1276 44 23 den
670 1278 42 28 ort,
730 1276 40 23 der
788 1276 108 23 kontoret

140 1309 89 31 finnes;
249 1311 63 22 samt

208 1343 20 30 f)
253 1345 35 22 att
305 1343 57 31 sjelf
379 1343 58 24 eller
455 1351 85 24 genom
559 1344 85 23 ombud
662 1343 134 25 verkställa
814 1343 81 24 utsök-

141 1377 61 38 ning
228 1377 25 24 af
279 1377 85 24 vexlar
383 1377 43 24 och
443 1377 49 31 lån,
511 1385 50 16 som
580 1378 41 23 vid
639 1378 107 23 kontoret
764 1378 39 23 till
822 1377 73 24 betal-

138 1412 63 31 ning
218 1411 110 31 förfalla;
348 1411 125 24 hvaremot
487 1397 171 46 bevakningar
676 1412 44 23 och
735 1412 77 32 öfriga
824 1414 72 39 rätte-

141 1447 93 30 gångar
252 1431 92 38 utföras
364 1445 25 24 af
406 1445 116 24 Bankens
542 1446 161 23 ombudsman.
