<?xml version="1.0" encoding="UTF-8"?>
<alto xmlns="http://www.loc.gov/standards/alto/ns-v3#" xmlns:xlink="http://www.w3.org/1999/xlink" xmlns:xsi="http://www.w3.org/2001/XMLSchema-instance" xsi:schemaLocation="http://www.loc.gov/standards/alto/ns-v3# http://www.loc.gov/alto/v3/alto-3-0.xsd">
	<Description>
		<MeasurementUnit>pixel</MeasurementUnit>
		<sourceImageInformation>
			<fileName>/tmp/tess_o0qd30ek_input.PNG</fileName>
		</sourceImageInformation>
		<OCRProcessing ID="OCR_0">
			<ocrProcessingStep>
				<processingSoftware>
					<softwareName>tesseract 5.3.4</softwareName>
				</processingSoftware>
			</ocrProcessingStep>
		</OCRProcessing>
	</Description>
	<Layout>
		<Page WIDTH="1078" HEIGHT="1692" PHYSICAL_IMG_NR="0" ID="page_0">
			<PrintSpace HPOS="0" VPOS="0" WIDTH="1078" HEIGHT="1692">
				<ComposedBlock ID="cblock_0" HPOS="192" VPOS="152" WIDTH="466" HEIGHT="22">
					<TextBlock ID="block_0" HPOS="192" VPOS="152" WIDTH="466" HEIGHT="22">
						<TextLine ID="line_0" HPOS="192" VPOS="152" WIDTH="466" HEIGHT="22">
							<String ID="string_0" HPOS="192" VPOS="152" WIDTH="41" HEIGHT="22" WC="0.50" CONTENT="28:"/><SP WIDTH="193" VPOS="152" HPOS="233"/>
							<String ID="string_1" HPOS="426" VPOS="152" WIDTH="27" HEIGHT="22" WC="0.89" CONTENT="U."/><SP WIDTH="16" VPOS="152" HPOS="453"/>
							<String ID="string_2" HPOS="469" VPOS="153" WIDTH="24" HEIGHT="20" WC="0.88" CONTENT="B."/><SP WIDTH="16" VPOS="153" HPOS="493"/>
							<String ID="string_3" HPOS="509" VPOS="165" WIDTH="28" HEIGHT="3" WC="0.88" CONTENT="—"/><SP WIDTH="15" VPOS="165" HPOS="537"/>
							<String ID="string_4" HPOS="552" VPOS="152" WIDTH="106" HEIGHT="22" WC="0.95" CONTENT="XXXVI."/>
						</TextLine>
					</TextBlock>
				</ComposedBlock>
				<ComposedBlock ID="cblock_1" HPOS="161" VPOS="214" WIDTH="763" HEIGHT="1281">
					<TextBlock ID="block_1" HPOS="163" VPOS="214" WIDTH="759" HEIGHT="55">
						<TextLine ID="line_1" HPOS="163" VPOS="214" WIDTH="759" HEIGHT="28">
							<String ID="string_5" HPOS="163" VPOS="214" WIDTH="69" HEIGHT="21" WC="0.96" CONTENT="borde"/><SP WIDTH="23" VPOS="214" HPOS="232"/>
							<String ID="string_6" HPOS="255" VPOS="214" WIDTH="105" HEIGHT="27" WC="0.96" CONTENT="granskas"/><SP WIDTH="22" VPOS="214" HPOS="360"/>
							<String ID="string_7" HPOS="382" VPOS="216" WIDTH="7" HEIGHT="20" WC="0.93" CONTENT="i"/><SP WIDTH="21" VPOS="216" HPOS="389"/>
							<String ID="string_8" HPOS="410" VPOS="214" WIDTH="127" HEIGHT="22" WC="0.92" CONTENT="Utskottets"/><SP WIDTH="22" VPOS="214" HPOS="537"/>
							<String ID="string_9" HPOS="559" VPOS="214" WIDTH="138" HEIGHT="22" WC="0.92" CONTENT="betänkande"/><SP WIDTH="21" VPOS="214" HPOS="697"/>
							<String ID="string_10" HPOS="718" VPOS="214" WIDTH="113" HEIGHT="28" WC="0.92" CONTENT="angäende"/><SP WIDTH="22" VPOS="214" HPOS="831"/>
							<String ID="string_11" HPOS="853" VPOS="214" WIDTH="69" HEIGHT="27" WC="0.92" CONTENT="regle-"/>
						</TextLine>
						<TextLine ID="line_2" HPOS="163" VPOS="251" WIDTH="89" HEIGHT="18">
							<String ID="string_12" HPOS="163" VPOS="251" WIDTH="89" HEIGHT="18" WC="0.92" CONTENT="mentet."/>
						</TextLine>
					</TextBlock>
					<TextBlock ID="block_2" HPOS="161" VPOS="282" WIDTH="761" HEIGHT="946">
						<TextLine ID="line_3" HPOS="232" VPOS="282" WIDTH="689" HEIGHT="28">
							<String ID="string_13" HPOS="232" VPOS="282" WIDTH="36" HEIGHT="21" WC="0.96" CONTENT="Af"/><SP WIDTH="11" VPOS="282" HPOS="268"/>
							<String ID="string_14" HPOS="279" VPOS="282" WIDTH="28" HEIGHT="21" WC="0.93" CONTENT="de"/><SP WIDTH="15" VPOS="282" HPOS="307"/>
							<String ID="string_15" HPOS="322" VPOS="284" WIDTH="6" HEIGHT="19" WC="0.93" CONTENT="i"/><SP WIDTH="16" VPOS="284" HPOS="328"/>
							<String ID="string_16" HPOS="344" VPOS="283" WIDTH="38" HEIGHT="21" WC="0.93" CONTENT="det"/><SP WIDTH="14" VPOS="283" HPOS="382"/>
							<String ID="string_17" HPOS="396" VPOS="282" WIDTH="131" HEIGHT="28" WC="0.91" CONTENT="föregäende"/><SP WIDTH="21" VPOS="282" HPOS="527"/>
							<String ID="string_18" HPOS="548" VPOS="282" WIDTH="91" HEIGHT="22" WC="0.91" CONTENT="anförda"/><SP WIDTH="15" VPOS="282" HPOS="639"/>
							<String ID="string_19" HPOS="654" VPOS="282" WIDTH="60" HEIGHT="21" WC="0.96" CONTENT="fakta"/><SP WIDTH="16" VPOS="282" HPOS="714"/>
							<String ID="string_20" HPOS="730" VPOS="282" WIDTH="42" HEIGHT="21" WC="0.96" CONTENT="och"/><SP WIDTH="16" VPOS="282" HPOS="772"/>
							<String ID="string_21" HPOS="788" VPOS="282" WIDTH="133" HEIGHT="28" WC="0.96" CONTENT="synpunkter"/>
						</TextLine>
						<TextLine ID="line_4" HPOS="163" VPOS="316" WIDTH="758" HEIGHT="28">
							<String ID="string_22" HPOS="163" VPOS="316" WIDTH="63" HEIGHT="21" WC="0.96" CONTENT="torde"/><SP WIDTH="22" VPOS="316" HPOS="226"/>
							<String ID="string_23" HPOS="248" VPOS="317" WIDTH="68" HEIGHT="20" WC="0.96" CONTENT="redan"/><SP WIDTH="14" VPOS="317" HPOS="316"/>
							<String ID="string_24" HPOS="330" VPOS="317" WIDTH="28" HEIGHT="20" WC="0.92" CONTENT="ha"/><SP WIDTH="23" VPOS="317" HPOS="358"/>
							<String ID="string_25" HPOS="381" VPOS="317" WIDTH="108" HEIGHT="27" WC="0.92" CONTENT="framgätt,"/><SP WIDTH="23" VPOS="317" HPOS="489"/>
							<String ID="string_26" HPOS="512" VPOS="320" WIDTH="33" HEIGHT="18" WC="0.96" CONTENT="att"/><SP WIDTH="15" VPOS="320" HPOS="545"/>
							<String ID="string_27" HPOS="560" VPOS="317" WIDTH="42" HEIGHT="21" WC="0.93" CONTENT="den"/><SP WIDTH="13" VPOS="317" HPOS="602"/>
							<String ID="string_28" HPOS="615" VPOS="316" WIDTH="157" HEIGHT="26" WC="0.92" CONTENT="jämförelsevis"/><SP WIDTH="23" VPOS="316" HPOS="772"/>
							<String ID="string_29" HPOS="795" VPOS="316" WIDTH="126" HEIGHT="27" WC="0.96" CONTENT="betydande"/>
						</TextLine>
						<TextLine ID="line_5" HPOS="163" VPOS="350" WIDTH="757" HEIGHT="28">
							<String ID="string_30" HPOS="163" VPOS="352" WIDTH="104" HEIGHT="26" WC="0.92" CONTENT="stegring,"/><SP WIDTH="23" VPOS="352" HPOS="267"/>
							<String ID="string_31" HPOS="290" VPOS="350" WIDTH="86" HEIGHT="22" WC="0.92" CONTENT="hvilken"/><SP WIDTH="18" VPOS="350" HPOS="376"/>
							<String ID="string_32" HPOS="394" VPOS="351" WIDTH="66" HEIGHT="21" WC="0.96" CONTENT="under"/><SP WIDTH="16" VPOS="351" HPOS="460"/>
							<String ID="string_33" HPOS="476" VPOS="351" WIDTH="28" HEIGHT="21" WC="0.93" CONTENT="de"/><SP WIDTH="22" VPOS="351" HPOS="504"/>
							<String ID="string_34" HPOS="526" VPOS="355" WIDTH="87" HEIGHT="17" WC="0.92" CONTENT="senaste"/><SP WIDTH="15" VPOS="355" HPOS="613"/>
							<String ID="string_35" HPOS="628" VPOS="352" WIDTH="50" HEIGHT="20" WC="0.92" CONTENT="ären"/><SP WIDTH="16" VPOS="352" HPOS="678"/>
							<String ID="string_36" HPOS="694" VPOS="351" WIDTH="57" HEIGHT="27" WC="0.96" CONTENT="gjort"/><SP WIDTH="15" VPOS="351" HPOS="751"/>
							<String ID="string_37" HPOS="766" VPOS="352" WIDTH="33" HEIGHT="25" WC="0.96" CONTENT="sig"/><SP WIDTH="22" VPOS="352" HPOS="799"/>
							<String ID="string_38" HPOS="821" VPOS="350" WIDTH="99" HEIGHT="27" WC="0.96" CONTENT="gällande"/>
						</TextLine>
						<TextLine ID="line_6" HPOS="163" VPOS="384" WIDTH="757" HEIGHT="28">
							<String ID="string_39" HPOS="163" VPOS="386" WIDTH="6" HEIGHT="19" WC="0.93" CONTENT="i"/><SP WIDTH="15" VPOS="386" HPOS="169"/>
							<String ID="string_40" HPOS="184" VPOS="384" WIDTH="86" HEIGHT="21" WC="0.92" CONTENT="landets"/><SP WIDTH="18" VPOS="384" HPOS="270"/>
							<String ID="string_41" HPOS="288" VPOS="385" WIDTH="208" HEIGHT="25" WC="0.91" CONTENT="affärsverksamhet,"/><SP WIDTH="23" VPOS="385" HPOS="496"/>
							<String ID="string_42" HPOS="519" VPOS="385" WIDTH="48" HEIGHT="21" WC="0.91" CONTENT="icke"/><SP WIDTH="16" VPOS="385" HPOS="567"/>
							<String ID="string_43" HPOS="583" VPOS="385" WIDTH="24" HEIGHT="21" WC="0.96" CONTENT="är"/><SP WIDTH="15" VPOS="385" HPOS="607"/>
							<String ID="string_44" HPOS="622" VPOS="385" WIDTH="77" HEIGHT="22" WC="0.96" CONTENT="endast"/><SP WIDTH="19" VPOS="385" HPOS="699"/>
							<String ID="string_45" HPOS="718" VPOS="391" WIDTH="27" HEIGHT="14" WC="0.91" CONTENT="en"/><SP WIDTH="15" VPOS="391" HPOS="745"/>
							<String ID="string_46" HPOS="760" VPOS="384" WIDTH="91" HEIGHT="28" WC="0.87" CONTENT="tillfällig"/><SP WIDTH="14" VPOS="384" HPOS="851"/>
							<String ID="string_47" HPOS="865" VPOS="392" WIDTH="55" HEIGHT="20" WC="0.90" CONTENT="upp-"/>
						</TextLine>
						<TextLine ID="line_7" HPOS="163" VPOS="418" WIDTH="757" HEIGHT="28">
							<String ID="string_48" HPOS="163" VPOS="418" WIDTH="111" HEIGHT="28" WC="0.91" CONTENT="svallning,"/><SP WIDTH="24" VPOS="418" HPOS="274"/>
							<String ID="string_49" HPOS="298" VPOS="426" WIDTH="48" HEIGHT="14" WC="0.96" CONTENT="som"/><SP WIDTH="15" VPOS="426" HPOS="346"/>
							<String ID="string_50" HPOS="361" VPOS="423" WIDTH="58" HEIGHT="17" WC="0.96" CONTENT="snart"/><SP WIDTH="15" VPOS="423" HPOS="419"/>
							<String ID="string_51" HPOS="434" VPOS="421" WIDTH="50" HEIGHT="25" WC="0.93" CONTENT="igen"/><SP WIDTH="14" VPOS="421" HPOS="484"/>
							<String ID="string_52" HPOS="498" VPOS="419" WIDTH="89" HEIGHT="21" WC="0.92" CONTENT="komme"/><SP WIDTH="14" VPOS="419" HPOS="587"/>
							<String ID="string_53" HPOS="601" VPOS="423" WIDTH="33" HEIGHT="17" WC="0.93" CONTENT="att"/><SP WIDTH="15" VPOS="423" HPOS="634"/>
							<String ID="string_54" HPOS="649" VPOS="419" WIDTH="97" HEIGHT="21" WC="0.93" CONTENT="äterfalla"/><SP WIDTH="15" VPOS="419" HPOS="746"/>
							<String ID="string_55" HPOS="761" VPOS="420" WIDTH="58" HEIGHT="20" WC="0.93" CONTENT="inom"/><SP WIDTH="15" VPOS="420" HPOS="819"/>
							<String ID="string_56" HPOS="834" VPOS="419" WIDTH="86" HEIGHT="27" WC="0.93" CONTENT="trängre"/>
						</TextLine>
						<TextLine ID="line_8" HPOS="163" VPOS="452" WIDTH="757" HEIGHT="28">
							<String ID="string_57" HPOS="163" VPOS="452" WIDTH="100" HEIGHT="21" WC="0.92" CONTENT="bräddar."/><SP WIDTH="23" VPOS="452" HPOS="263"/>
							<String ID="string_58" HPOS="286" VPOS="453" WIDTH="76" HEIGHT="21" WC="0.93" CONTENT="Denna"/><SP WIDTH="11" VPOS="453" HPOS="362"/>
							<String ID="string_59" HPOS="373" VPOS="455" WIDTH="96" HEIGHT="25" WC="0.93" CONTENT="stegring"/><SP WIDTH="14" VPOS="455" HPOS="469"/>
							<String ID="string_60" HPOS="483" VPOS="454" WIDTH="64" HEIGHT="20" WC="0.93" CONTENT="beror"/><SP WIDTH="15" VPOS="454" HPOS="547"/>
							<String ID="string_61" HPOS="562" VPOS="453" WIDTH="180" HEIGHT="27" WC="0.91" CONTENT="hufvudsakligen"/><SP WIDTH="12" VPOS="453" HPOS="742"/>
							<String ID="string_62" HPOS="754" VPOS="454" WIDTH="29" HEIGHT="26" WC="0.93" CONTENT="pä"/><SP WIDTH="15" VPOS="454" HPOS="783"/>
							<String ID="string_63" HPOS="798" VPOS="453" WIDTH="57" HEIGHT="21" WC="0.91" CONTENT="ökad"/><SP WIDTH="10" VPOS="453" HPOS="855"/>
							<String ID="string_64" HPOS="865" VPOS="453" WIDTH="55" HEIGHT="21" WC="0.92" CONTENT="före-"/>
						</TextLine>
						<TextLine ID="line_9" HPOS="163" VPOS="487" WIDTH="759" HEIGHT="27">
							<String ID="string_65" HPOS="163" VPOS="487" WIDTH="126" HEIGHT="26" WC="0.93" CONTENT="tagsamhet"/><SP WIDTH="15" VPOS="487" HPOS="289"/>
							<String ID="string_66" HPOS="304" VPOS="489" WIDTH="7" HEIGHT="19" WC="0.96" CONTENT="i"/><SP WIDTH="16" VPOS="489" HPOS="311"/>
							<String ID="string_67" HPOS="327" VPOS="487" WIDTH="57" HEIGHT="21" WC="0.93" CONTENT="olika"/><SP WIDTH="14" VPOS="487" HPOS="384"/>
							<String ID="string_68" HPOS="398" VPOS="488" WIDTH="173" HEIGHT="26" WC="0.91" CONTENT="industrigrenar,"/><SP WIDTH="20" VPOS="488" HPOS="571"/>
							<String ID="string_69" HPOS="591" VPOS="488" WIDTH="112" HEIGHT="20" WC="0.92" CONTENT="äfvensom"/><SP WIDTH="15" VPOS="488" HPOS="703"/>
							<String ID="string_70" HPOS="718" VPOS="488" WIDTH="7" HEIGHT="20" WC="0.96" CONTENT="i"/><SP WIDTH="13" VPOS="488" HPOS="725"/>
							<String ID="string_71" HPOS="738" VPOS="487" WIDTH="126" HEIGHT="27" WC="0.96" CONTENT="jordbruket"/><SP WIDTH="15" VPOS="487" HPOS="864"/>
							<String ID="string_72" HPOS="879" VPOS="487" WIDTH="43" HEIGHT="21" WC="0.96" CONTENT="och"/>
						</TextLine>
						<TextLine ID="line_10" HPOS="164" VPOS="520" WIDTH="757" HEIGHT="29">
							<String ID="string_73" HPOS="164" VPOS="520" WIDTH="51" HEIGHT="21" WC="0.93" CONTENT="dess"/><SP WIDTH="9" VPOS="520" HPOS="215"/>
							<String ID="string_74" HPOS="224" VPOS="520" WIDTH="119" HEIGHT="22" WC="0.92" CONTENT="förnämsta"/><SP WIDTH="10" VPOS="520" HPOS="343"/>
							<String ID="string_75" HPOS="353" VPOS="522" WIDTH="97" HEIGHT="27" WC="0.93" CONTENT="binäring"/><SP WIDTH="10" VPOS="522" HPOS="450"/>
							<String ID="string_76" HPOS="460" VPOS="522" WIDTH="185" HEIGHT="26" WC="0.92" CONTENT="mejeriväsendet,"/><SP WIDTH="14" VPOS="522" HPOS="645"/>
							<String ID="string_77" HPOS="659" VPOS="525" WIDTH="56" HEIGHT="17" WC="0.96" CONTENT="samt"/><SP WIDTH="11" VPOS="525" HPOS="715"/>
							<String ID="string_78" HPOS="726" VPOS="521" WIDTH="88" HEIGHT="21" WC="0.96" CONTENT="innebär"/><SP WIDTH="11" VPOS="521" HPOS="814"/>
							<String ID="string_79" HPOS="825" VPOS="528" WIDTH="27" HEIGHT="14" WC="0.93" CONTENT="en"/><SP WIDTH="14" VPOS="528" HPOS="852"/>
							<String ID="string_80" HPOS="866" VPOS="521" WIDTH="55" HEIGHT="21" WC="0.92" CONTENT="sund"/>
						</TextLine>
						<TextLine ID="line_11" HPOS="165" VPOS="554" WIDTH="757" HEIGHT="29">
							<String ID="string_81" HPOS="165" VPOS="554" WIDTH="42" HEIGHT="21" WC="0.92" CONTENT="och"/><SP WIDTH="21" VPOS="554" HPOS="207"/>
							<String ID="string_82" HPOS="228" VPOS="555" WIDTH="93" HEIGHT="27" WC="0.91" CONTENT="naturlig"/><SP WIDTH="14" VPOS="555" HPOS="321"/>
							<String ID="string_83" HPOS="335" VPOS="556" WIDTH="128" HEIGHT="27" WC="0.92" CONTENT="utveckling,"/><SP WIDTH="24" VPOS="556" HPOS="463"/>
							<String ID="string_84" HPOS="487" VPOS="556" WIDTH="112" HEIGHT="27" WC="0.92" CONTENT="päverkad"/><SP WIDTH="15" VPOS="556" HPOS="599"/>
							<String ID="string_85" HPOS="614" VPOS="556" WIDTH="26" HEIGHT="20" WC="0.93" CONTENT="af"/><SP WIDTH="8" VPOS="556" HPOS="640"/>
							<String ID="string_86" HPOS="648" VPOS="556" WIDTH="175" HEIGHT="26" WC="0.92" CONTENT="jernvägsnätets"/><SP WIDTH="14" VPOS="556" HPOS="823"/>
							<String ID="string_87" HPOS="837" VPOS="555" WIDTH="85" HEIGHT="27" WC="0.91" CONTENT="utvidg-"/>
						</TextLine>
						<TextLine ID="line_12" HPOS="163" VPOS="589" WIDTH="758" HEIGHT="27">
							<String ID="string_88" HPOS="163" VPOS="590" WIDTH="58" HEIGHT="26" WC="0.93" CONTENT="ning,"/><SP WIDTH="16" VPOS="590" HPOS="221"/>
							<String ID="string_89" HPOS="237" VPOS="589" WIDTH="165" HEIGHT="27" WC="0.91" CONTENT="befolkningens"/><SP WIDTH="10" VPOS="589" HPOS="402"/>
							<String ID="string_90" HPOS="412" VPOS="590" WIDTH="86" HEIGHT="21" WC="0.91" CONTENT="tillväxt"/><SP WIDTH="16" VPOS="590" HPOS="498"/>
							<String ID="string_91" HPOS="514" VPOS="590" WIDTH="41" HEIGHT="20" WC="0.96" CONTENT="och"/><SP WIDTH="11" VPOS="590" HPOS="555"/>
							<String ID="string_92" HPOS="566" VPOS="590" WIDTH="67" HEIGHT="20" WC="0.93" CONTENT="andra"/><SP WIDTH="15" VPOS="590" HPOS="633"/>
							<String ID="string_93" HPOS="648" VPOS="590" WIDTH="74" HEIGHT="26" WC="0.92" CONTENT="dylika"/><SP WIDTH="16" VPOS="590" HPOS="722"/>
							<String ID="string_94" HPOS="738" VPOS="590" WIDTH="87" HEIGHT="20" WC="0.96" CONTENT="orsaker"/><SP WIDTH="13" VPOS="590" HPOS="825"/>
							<String ID="string_95" HPOS="838" VPOS="589" WIDTH="25" HEIGHT="21" WC="0.92" CONTENT="af"/><SP WIDTH="10" VPOS="589" HPOS="863"/>
							<String ID="string_96" HPOS="873" VPOS="596" WIDTH="48" HEIGHT="14" WC="0.92" CONTENT="var-"/>
						</TextLine>
						<TextLine ID="line_13" HPOS="163" VPOS="623" WIDTH="757" HEIGHT="27">
							<String ID="string_97" HPOS="163" VPOS="623" WIDTH="61" HEIGHT="27" WC="0.92" CONTENT="aktig"/><SP WIDTH="22" VPOS="623" HPOS="224"/>
							<String ID="string_98" HPOS="246" VPOS="627" WIDTH="40" HEIGHT="17" WC="0.91" CONTENT="art."/><SP WIDTH="30" VPOS="627" HPOS="286"/>
							<String ID="string_99" HPOS="316" VPOS="624" WIDTH="129" HEIGHT="21" WC="0.91" CONTENT="Därutöfver"/><SP WIDTH="23" VPOS="624" HPOS="445"/>
							<String ID="string_100" HPOS="468" VPOS="624" WIDTH="38" HEIGHT="20" WC="0.96" CONTENT="har"/><SP WIDTH="19" VPOS="624" HPOS="506"/>
							<String ID="string_101" HPOS="525" VPOS="624" WIDTH="37" HEIGHT="21" WC="0.96" CONTENT="det"/><SP WIDTH="22" VPOS="624" HPOS="562"/>
							<String ID="string_102" HPOS="584" VPOS="624" WIDTH="80" HEIGHT="21" WC="0.93" CONTENT="kunnat"/><SP WIDTH="24" VPOS="624" HPOS="664"/>
							<String ID="string_103" HPOS="688" VPOS="623" WIDTH="113" HEIGHT="27" WC="0.92" CONTENT="iakttagas,"/><SP WIDTH="24" VPOS="623" HPOS="801"/>
							<String ID="string_104" HPOS="825" VPOS="626" WIDTH="32" HEIGHT="18" WC="0.96" CONTENT="att"/><SP WIDTH="21" VPOS="626" HPOS="857"/>
							<String ID="string_105" HPOS="878" VPOS="623" WIDTH="42" HEIGHT="21" WC="0.96" CONTENT="den"/>
						</TextLine>
						<TextLine ID="line_14" HPOS="163" VPOS="657" WIDTH="757" HEIGHT="28">
							<String ID="string_106" HPOS="163" VPOS="657" WIDTH="112" HEIGHT="21" WC="0.91" CONTENT="inhemska"/><SP WIDTH="23" VPOS="657" HPOS="275"/>
							<String ID="string_107" HPOS="298" VPOS="664" WIDTH="78" HEIGHT="20" WC="0.92" CONTENT="engros"/><SP WIDTH="24" VPOS="664" HPOS="376"/>
							<String ID="string_108" HPOS="400" VPOS="658" WIDTH="92" HEIGHT="20" WC="0.96" CONTENT="handeln"/><SP WIDTH="15" VPOS="658" HPOS="492"/>
							<String ID="string_109" HPOS="507" VPOS="658" WIDTH="57" HEIGHT="27" WC="0.93" CONTENT="gjort"/><SP WIDTH="22" VPOS="658" HPOS="564"/>
							<String ID="string_110" HPOS="586" VPOS="658" WIDTH="120" HEIGHT="27" WC="0.92" CONTENT="väsentliga"/><SP WIDTH="23" VPOS="658" HPOS="706"/>
							<String ID="string_111" HPOS="729" VPOS="658" WIDTH="109" HEIGHT="26" WC="0.92" CONTENT="framsteg,"/><SP WIDTH="23" VPOS="658" HPOS="838"/>
							<String ID="string_112" HPOS="861" VPOS="658" WIDTH="6" HEIGHT="20" WC="0.96" CONTENT="i"/><SP WIDTH="16" VPOS="658" HPOS="867"/>
							<String ID="string_113" HPOS="883" VPOS="657" WIDTH="37" HEIGHT="21" WC="0.96" CONTENT="det"/>
						</TextLine>
						<TextLine ID="line_15" HPOS="164" VPOS="690" WIDTH="757" HEIGHT="29">
							<String ID="string_114" HPOS="164" VPOS="690" WIDTH="126" HEIGHT="22" WC="0.96" CONTENT="densamma"/><SP WIDTH="21" VPOS="690" HPOS="290"/>
							<String ID="string_115" HPOS="311" VPOS="692" WIDTH="31" HEIGHT="20" WC="0.93" CONTENT="till"/><SP WIDTH="20" VPOS="692" HPOS="342"/>
							<String ID="string_116" HPOS="362" VPOS="692" WIDTH="47" HEIGHT="21" WC="0.96" CONTENT="icke"/><SP WIDTH="15" VPOS="692" HPOS="409"/>
							<String ID="string_117" HPOS="424" VPOS="694" WIDTH="59" HEIGHT="25" WC="0.96" CONTENT="ringa"/><SP WIDTH="22" VPOS="694" HPOS="483"/>
							<String ID="string_118" HPOS="505" VPOS="692" WIDTH="36" HEIGHT="20" WC="0.92" CONTENT="del"/><SP WIDTH="14" VPOS="692" HPOS="541"/>
							<String ID="string_119" HPOS="555" VPOS="692" WIDTH="117" HEIGHT="26" WC="0.84" CONTENT="öfvertagit"/><SP WIDTH="21" VPOS="692" HPOS="672"/>
							<String ID="string_120" HPOS="693" VPOS="692" WIDTH="42" HEIGHT="20" WC="0.93" CONTENT="den"/><SP WIDTH="22" VPOS="692" HPOS="735"/>
							<String ID="string_121" HPOS="757" VPOS="691" WIDTH="164" HEIGHT="27" WC="0.92" CONTENT="varuspridning"/>
						</TextLine>
						<TextLine ID="line_16" HPOS="164" VPOS="724" WIDTH="756" HEIGHT="28">
							<String ID="string_122" HPOS="164" VPOS="724" WIDTH="66" HEIGHT="21" WC="0.93" CONTENT="bland"/><SP WIDTH="16" VPOS="724" HPOS="230"/>
							<String ID="string_123" HPOS="246" VPOS="725" WIDTH="202" HEIGHT="27" WC="0.91" CONTENT="detaljhandlarena,"/><SP WIDTH="17" VPOS="725" HPOS="448"/>
							<String ID="string_124" HPOS="465" VPOS="733" WIDTH="48" HEIGHT="13" WC="0.93" CONTENT="som"/><SP WIDTH="14" VPOS="733" HPOS="513"/>
							<String ID="string_125" HPOS="527" VPOS="726" WIDTH="57" HEIGHT="20" WC="0.91" CONTENT="förut"/><SP WIDTH="15" VPOS="726" HPOS="584"/>
							<String ID="string_126" HPOS="599" VPOS="726" WIDTH="87" HEIGHT="20" WC="0.92" CONTENT="bedrefs"/><SP WIDTH="16" VPOS="726" HPOS="686"/>
							<String ID="string_127" HPOS="702" VPOS="725" WIDTH="135" HEIGHT="21" WC="0.92" CONTENT="omedelbart"/><SP WIDTH="15" VPOS="725" HPOS="837"/>
							<String ID="string_128" HPOS="852" VPOS="725" WIDTH="24" HEIGHT="21" WC="0.93" CONTENT="af"/><SP WIDTH="12" VPOS="725" HPOS="876"/>
							<String ID="string_129" HPOS="888" VPOS="728" WIDTH="32" HEIGHT="18" WC="0.93" CONTENT="ut-"/>
						</TextLine>
						<TextLine ID="line_17" HPOS="162" VPOS="758" WIDTH="758" HEIGHT="28">
							<String ID="string_130" HPOS="162" VPOS="758" WIDTH="92" HEIGHT="21" WC="0.92" CONTENT="ländska"/><SP WIDTH="15" VPOS="758" HPOS="254"/>
							<String ID="string_131" HPOS="269" VPOS="759" WIDTH="77" HEIGHT="25" WC="0.95" CONTENT="firmor,"/><SP WIDTH="21" VPOS="759" HPOS="346"/>
							<String ID="string_132" HPOS="367" VPOS="760" WIDTH="112" HEIGHT="20" WC="0.95" CONTENT="äfvensom"/><SP WIDTH="14" VPOS="760" HPOS="479"/>
							<String ID="string_133" HPOS="493" VPOS="763" WIDTH="32" HEIGHT="18" WC="0.93" CONTENT="att"/><SP WIDTH="16" VPOS="763" HPOS="525"/>
							<String ID="string_134" HPOS="541" VPOS="759" WIDTH="184" HEIGHT="21" WC="0.91" CONTENT="inrikeshandelns"/><SP WIDTH="16" VPOS="759" HPOS="725"/>
							<String ID="string_135" HPOS="741" VPOS="760" WIDTH="132" HEIGHT="26" WC="0.93" CONTENT="omsättning"/><SP WIDTH="15" VPOS="760" HPOS="873"/>
							<String ID="string_136" HPOS="888" VPOS="759" WIDTH="32" HEIGHT="20" WC="0.90" CONTENT="öf-"/>
						</TextLine>
						<TextLine ID="line_18" HPOS="163" VPOS="792" WIDTH="757" HEIGHT="29">
							<String ID="string_137" HPOS="163" VPOS="792" WIDTH="121" HEIGHT="22" WC="0.90" CONTENT="verhufvud"/><SP WIDTH="22" VPOS="792" HPOS="284"/>
							<String ID="string_138" HPOS="306" VPOS="793" WIDTH="87" HEIGHT="27" WC="0.89" CONTENT="tilltagit"/><SP WIDTH="22" VPOS="793" HPOS="393"/>
							<String ID="string_139" HPOS="415" VPOS="795" WIDTH="6" HEIGHT="19" WC="0.96" CONTENT="i"/><SP WIDTH="23" VPOS="795" HPOS="421"/>
							<String ID="string_140" HPOS="444" VPOS="794" WIDTH="69" HEIGHT="20" WC="0.96" CONTENT="större"/><SP WIDTH="25" VPOS="794" HPOS="513"/>
							<String ID="string_141" HPOS="538" VPOS="794" WIDTH="55" HEIGHT="27" WC="0.96" CONTENT="grad"/><SP WIDTH="22" VPOS="794" HPOS="593"/>
							<String ID="string_142" HPOS="615" VPOS="794" WIDTH="28" HEIGHT="20" WC="0.95" CONTENT="än"/><SP WIDTH="21" VPOS="794" HPOS="643"/>
							<String ID="string_143" HPOS="664" VPOS="793" WIDTH="182" HEIGHT="21" WC="0.95" CONTENT="utrikeshandeln."/><SP WIDTH="30" VPOS="793" HPOS="846"/>
							<String ID="string_144" HPOS="876" VPOS="793" WIDTH="44" HEIGHT="21" WC="0.95" CONTENT="Det"/>
						</TextLine>
						<TextLine ID="line_19" HPOS="163" VPOS="826" WIDTH="758" HEIGHT="29">
							<String ID="string_145" HPOS="163" VPOS="826" WIDTH="72" HEIGHT="21" WC="0.92" CONTENT="ökade"/><SP WIDTH="15" VPOS="826" HPOS="235"/>
							<String ID="string_146" HPOS="250" VPOS="826" WIDTH="143" HEIGHT="26" WC="0.91" CONTENT="kreditbehof,"/><SP WIDTH="21" VPOS="826" HPOS="393"/>
							<String ID="string_147" HPOS="414" VPOS="834" WIDTH="48" HEIGHT="13" WC="0.97" CONTENT="som"/><SP WIDTH="15" VPOS="834" HPOS="462"/>
							<String ID="string_148" HPOS="477" VPOS="828" WIDTH="89" HEIGHT="20" WC="0.96" CONTENT="sålunda"/><SP WIDTH="15" VPOS="828" HPOS="566"/>
							<String ID="string_149" HPOS="581" VPOS="828" WIDTH="101" HEIGHT="27" WC="0.96" CONTENT="uppstått"/><SP WIDTH="15" VPOS="828" HPOS="682"/>
							<String ID="string_150" HPOS="697" VPOS="827" WIDTH="43" HEIGHT="20" WC="0.96" CONTENT="och"/><SP WIDTH="15" VPOS="827" HPOS="740"/>
							<String ID="string_151" HPOS="755" VPOS="827" WIDTH="63" HEIGHT="20" WC="0.93" CONTENT="hvars"/><SP WIDTH="16" VPOS="827" HPOS="818"/>
							<String ID="string_152" HPOS="834" VPOS="826" WIDTH="87" HEIGHT="21" WC="0.93" CONTENT="omfatt-"/>
						</TextLine>
						<TextLine ID="line_20" HPOS="163" VPOS="860" WIDTH="757" HEIGHT="28">
							<String ID="string_153" HPOS="163" VPOS="861" WIDTH="52" HEIGHT="26" WC="0.96" CONTENT="ning"/><SP WIDTH="13" VPOS="861" HPOS="215"/>
							<String ID="string_154" HPOS="228" VPOS="861" WIDTH="58" HEIGHT="20" WC="0.96" CONTENT="visar"/><SP WIDTH="15" VPOS="861" HPOS="286"/>
							<String ID="string_155" HPOS="301" VPOS="862" WIDTH="34" HEIGHT="26" WC="0.96" CONTENT="sig"/><SP WIDTH="14" VPOS="862" HPOS="335"/>
							<String ID="string_156" HPOS="349" VPOS="861" WIDTH="52" HEIGHT="25" WC="0.95" CONTENT="däri,"/><SP WIDTH="19" VPOS="861" HPOS="401"/>
							<String ID="string_157" HPOS="420" VPOS="865" WIDTH="31" HEIGHT="17" WC="0.96" CONTENT="att"/><SP WIDTH="22" VPOS="865" HPOS="451"/>
							<String ID="string_158" HPOS="473" VPOS="861" WIDTH="153" HEIGHT="21" WC="0.96" CONTENT="totalsumman"/><SP WIDTH="16" VPOS="861" HPOS="626"/>
							<String ID="string_159" HPOS="642" VPOS="861" WIDTH="24" HEIGHT="21" WC="0.96" CONTENT="af"/><SP WIDTH="12" VPOS="861" HPOS="666"/>
							<String ID="string_160" HPOS="678" VPOS="861" WIDTH="101" HEIGHT="27" WC="0.96" CONTENT="samtliga"/><SP WIDTH="21" VPOS="861" HPOS="779"/>
							<String ID="string_161" HPOS="800" VPOS="860" WIDTH="120" HEIGHT="21" WC="0.95" CONTENT="bankernas"/>
						</TextLine>
						<TextLine ID="line_21" HPOS="163" VPOS="893" WIDTH="758" HEIGHT="30">
							<String ID="string_162" HPOS="163" VPOS="893" WIDTH="177" HEIGHT="29" WC="0.90" CONTENT="inrikesutlåning"/><SP WIDTH="22" VPOS="893" HPOS="340"/>
							<String ID="string_163" HPOS="362" VPOS="895" WIDTH="89" HEIGHT="27" WC="0.91" CONTENT="(vexlar,"/><SP WIDTH="17" VPOS="895" HPOS="451"/>
							<String ID="string_164" HPOS="468" VPOS="895" WIDTH="40" HEIGHT="25" WC="0.93" CONTENT="lån,"/><SP WIDTH="16" VPOS="895" HPOS="508"/>
							<String ID="string_165" HPOS="524" VPOS="895" WIDTH="99" HEIGHT="26" WC="0.92" CONTENT="kreditiv,"/><SP WIDTH="18" VPOS="895" HPOS="623"/>
							<String ID="string_166" HPOS="641" VPOS="894" WIDTH="178" HEIGHT="29" WC="0.92" CONTENT="kontokuranter)"/><SP WIDTH="22" VPOS="894" HPOS="819"/>
							<String ID="string_167" HPOS="841" VPOS="895" WIDTH="29" HEIGHT="27" WC="0.96" CONTENT="på"/><SP WIDTH="23" VPOS="895" HPOS="870"/>
							<String ID="string_168" HPOS="893" VPOS="895" WIDTH="28" HEIGHT="20" WC="0.94" CONTENT="de"/>
						</TextLine>
						<TextLine ID="line_22" HPOS="163" VPOS="927" WIDTH="757" HEIGHT="30">
							<String ID="string_169" HPOS="163" VPOS="927" WIDTH="49" HEIGHT="27" WC="0.96" CONTENT="fyra"/><SP WIDTH="22" VPOS="927" HPOS="212"/>
							<String ID="string_170" HPOS="234" VPOS="929" WIDTH="52" HEIGHT="20" WC="0.96" CONTENT="åren"/><SP WIDTH="25" VPOS="929" HPOS="286"/>
							<String ID="string_171" HPOS="311" VPOS="929" WIDTH="138" HEIGHT="26" WC="0.91" CONTENT="1887—1890"/><SP WIDTH="22" VPOS="929" HPOS="449"/>
							<String ID="string_172" HPOS="471" VPOS="931" WIDTH="60" HEIGHT="26" WC="0.96" CONTENT="stigit"/><SP WIDTH="14" VPOS="931" HPOS="531"/>
							<String ID="string_173" HPOS="545" VPOS="929" WIDTH="47" HEIGHT="22" WC="0.93" CONTENT="från"/><SP WIDTH="22" VPOS="929" HPOS="592"/>
							<String ID="string_174" HPOS="614" VPOS="929" WIDTH="63" HEIGHT="27" WC="0.87" CONTENT="711/,"/><SP WIDTH="21" VPOS="929" HPOS="677"/>
							<String ID="string_175" HPOS="698" VPOS="929" WIDTH="33" HEIGHT="21" WC="0.96" CONTENT="till"/><SP WIDTH="24" VPOS="929" HPOS="731"/>
							<String ID="string_176" HPOS="755" VPOS="934" WIDTH="39" HEIGHT="21" WC="0.96" CONTENT="137"/><SP WIDTH="15" VPOS="934" HPOS="794"/>
							<String ID="string_177" HPOS="809" VPOS="929" WIDTH="111" HEIGHT="26" WC="0.96" CONTENT="millioner,"/>
						</TextLine>
						<TextLine ID="line_23" HPOS="164" VPOS="961" WIDTH="757" HEIGHT="29">
							<String ID="string_178" HPOS="164" VPOS="961" WIDTH="54" HEIGHT="21" WC="0.95" CONTENT="skall"/><SP WIDTH="20" VPOS="961" HPOS="218"/>
							<String ID="string_179" HPOS="238" VPOS="963" WIDTH="37" HEIGHT="20" WC="0.95" CONTENT="väl"/><SP WIDTH="15" VPOS="963" HPOS="275"/>
							<String ID="string_180" HPOS="290" VPOS="963" WIDTH="37" HEIGHT="20" WC="0.96" CONTENT="allt"/><SP WIDTH="15" VPOS="963" HPOS="327"/>
							<String ID="string_181" HPOS="342" VPOS="963" WIDTH="105" HEIGHT="27" WC="0.93" CONTENT="framgent"/><SP WIDTH="16" VPOS="963" HPOS="447"/>
							<String ID="string_182" HPOS="463" VPOS="963" WIDTH="129" HEIGHT="21" WC="0.91" CONTENT="förnimmas."/><SP WIDTH="31" VPOS="963" HPOS="592"/>
							<String ID="string_183" HPOS="623" VPOS="963" WIDTH="35" HEIGHT="21" WC="0.96" CONTENT="Af"/><SP WIDTH="12" VPOS="963" HPOS="658"/>
							<String ID="string_184" HPOS="670" VPOS="963" WIDTH="50" HEIGHT="21" WC="0.93" CONTENT="dess"/><SP WIDTH="16" VPOS="963" HPOS="720"/>
							<String ID="string_185" HPOS="736" VPOS="963" WIDTH="185" HEIGHT="21" WC="0.90" CONTENT="tillfredställande"/>
						</TextLine>
						<TextLine ID="line_24" HPOS="163" VPOS="995" WIDTH="759" HEIGHT="30">
							<String ID="string_186" HPOS="163" VPOS="995" WIDTH="64" HEIGHT="21" WC="0.96" CONTENT="beror"/><SP WIDTH="16" VPOS="995" HPOS="227"/>
							<String ID="string_187" HPOS="243" VPOS="996" WIDTH="28" HEIGHT="21" WC="0.96" CONTENT="de"/><SP WIDTH="15" VPOS="996" HPOS="271"/>
							<String ID="string_188" HPOS="286" VPOS="997" WIDTH="130" HEIGHT="26" WC="0.95" CONTENT="produktiva"/><SP WIDTH="15" VPOS="997" HPOS="416"/>
							<String ID="string_189" HPOS="431" VPOS="997" WIDTH="123" HEIGHT="27" WC="0.96" CONTENT="företagens"/><SP WIDTH="15" VPOS="997" HPOS="554"/>
							<String ID="string_190" HPOS="569" VPOS="997" WIDTH="191" HEIGHT="28" WC="0.96" CONTENT="upprätthållande"/><SP WIDTH="16" VPOS="997" HPOS="760"/>
							<String ID="string_191" HPOS="776" VPOS="997" WIDTH="41" HEIGHT="20" WC="0.93" CONTENT="och"/><SP WIDTH="15" VPOS="997" HPOS="817"/>
							<String ID="string_192" HPOS="832" VPOS="997" WIDTH="90" HEIGHT="21" WC="0.92" CONTENT="utveck-"/>
						</TextLine>
						<TextLine ID="line_25" HPOS="163" VPOS="1029" WIDTH="758" HEIGHT="29">
							<String ID="string_193" HPOS="163" VPOS="1029" WIDTH="50" HEIGHT="27" WC="0.94" CONTENT="ling."/><SP WIDTH="30" VPOS="1029" HPOS="213"/>
							<String ID="string_194" HPOS="243" VPOS="1029" WIDTH="125" HEIGHT="22" WC="0.93" CONTENT="Bankernas"/><SP WIDTH="22" VPOS="1029" HPOS="368"/>
							<String ID="string_195" HPOS="390" VPOS="1031" WIDTH="189" HEIGHT="27" WC="0.88" CONTENT="samhällsuppgift"/><SP WIDTH="15" VPOS="1031" HPOS="579"/>
							<String ID="string_196" HPOS="594" VPOS="1031" WIDTH="98" HEIGHT="21" WC="0.96" CONTENT="framstår"/><SP WIDTH="20" VPOS="1031" HPOS="692"/>
							<String ID="string_197" HPOS="712" VPOS="1031" WIDTH="77" HEIGHT="20" WC="0.96" CONTENT="härvid"/><SP WIDTH="14" VPOS="1031" HPOS="789"/>
							<String ID="string_198" HPOS="803" VPOS="1032" WIDTH="6" HEIGHT="19" WC="0.96" CONTENT="i"/><SP WIDTH="16" VPOS="1032" HPOS="809"/>
							<String ID="string_199" HPOS="825" VPOS="1031" WIDTH="48" HEIGHT="20" WC="0.96" CONTENT="hela"/><SP WIDTH="15" VPOS="1031" HPOS="873"/>
							<String ID="string_200" HPOS="888" VPOS="1032" WIDTH="33" HEIGHT="19" WC="0.96" CONTENT="sin"/>
						</TextLine>
						<TextLine ID="line_26" HPOS="163" VPOS="1063" WIDTH="758" HEIGHT="30">
							<String ID="string_201" HPOS="163" VPOS="1067" WIDTH="59" HEIGHT="17" WC="0.96" CONTENT="stora"/><SP WIDTH="15" VPOS="1067" HPOS="222"/>
							<String ID="string_202" HPOS="237" VPOS="1063" WIDTH="125" HEIGHT="28" WC="0.96" CONTENT="betydelse:"/><SP WIDTH="16" VPOS="1063" HPOS="362"/>
							<String ID="string_203" HPOS="378" VPOS="1065" WIDTH="38" HEIGHT="20" WC="0.96" CONTENT="det"/><SP WIDTH="14" VPOS="1065" HPOS="416"/>
							<String ID="string_204" HPOS="430" VPOS="1065" WIDTH="71" HEIGHT="21" WC="0.96" CONTENT="tillhör"/><SP WIDTH="15" VPOS="1065" HPOS="501"/>
							<String ID="string_205" HPOS="516" VPOS="1065" WIDTH="18" HEIGHT="26" WC="0.96" CONTENT="ej"/><SP WIDTH="16" VPOS="1065" HPOS="534"/>
							<String ID="string_206" HPOS="550" VPOS="1065" WIDTH="50" HEIGHT="21" WC="0.96" CONTENT="dem"/><SP WIDTH="15" VPOS="1065" HPOS="600"/>
							<String ID="string_207" HPOS="615" VPOS="1068" WIDTH="33" HEIGHT="18" WC="0.93" CONTENT="att"/><SP WIDTH="15" VPOS="1068" HPOS="648"/>
							<String ID="string_208" HPOS="663" VPOS="1071" WIDTH="57" HEIGHT="21" WC="0.92" CONTENT="egga"/><SP WIDTH="15" VPOS="1071" HPOS="720"/>
							<String ID="string_209" HPOS="735" VPOS="1065" WIDTH="32" HEIGHT="20" WC="0.96" CONTENT="till"/><SP WIDTH="14" VPOS="1065" HPOS="767"/>
							<String ID="string_210" HPOS="781" VPOS="1071" WIDTH="42" HEIGHT="20" WC="0.96" CONTENT="nya"/><SP WIDTH="13" VPOS="1071" HPOS="823"/>
							<String ID="string_211" HPOS="836" VPOS="1065" WIDTH="85" HEIGHT="28" WC="0.96" CONTENT="företag"/>
						</TextLine>
						<TextLine ID="line_27" HPOS="163" VPOS="1097" WIDTH="758" HEIGHT="29">
							<String ID="string_212" HPOS="163" VPOS="1097" WIDTH="51" HEIGHT="21" WC="0.96" CONTENT="eller"/><SP WIDTH="22" VPOS="1097" HPOS="214"/>
							<String ID="string_213" HPOS="236" VPOS="1098" WIDTH="136" HEIGHT="27" WC="0.96" CONTENT="spekulativa"/><SP WIDTH="15" VPOS="1098" HPOS="372"/>
							<String ID="string_214" HPOS="387" VPOS="1099" WIDTH="156" HEIGHT="27" WC="0.96" CONTENT="utvidgningar,"/><SP WIDTH="24" VPOS="1099" HPOS="543"/>
							<String ID="string_215" HPOS="567" VPOS="1106" WIDTH="50" HEIGHT="14" WC="0.96" CONTENT="men"/><SP WIDTH="15" VPOS="1106" HPOS="617"/>
							<String ID="string_216" HPOS="632" VPOS="1099" WIDTH="125" HEIGHT="20" WC="0.96" CONTENT="samhällets"/><SP WIDTH="23" VPOS="1099" HPOS="757"/>
							<String ID="string_217" HPOS="780" VPOS="1099" WIDTH="141" HEIGHT="21" WC="0.96" CONTENT="ekonomiska"/>
						</TextLine>
						<TextLine ID="line_28" HPOS="161" VPOS="1131" WIDTH="760" HEIGHT="29">
							<String ID="string_218" HPOS="161" VPOS="1131" WIDTH="37" HEIGHT="20" WC="0.97" CONTENT="väl"/><SP WIDTH="14" VPOS="1131" HPOS="198"/>
							<String ID="string_219" HPOS="212" VPOS="1131" WIDTH="90" HEIGHT="26" WC="0.96" CONTENT="fordrar,"/><SP WIDTH="16" VPOS="1131" HPOS="302"/>
							<String ID="string_220" HPOS="318" VPOS="1135" WIDTH="32" HEIGHT="18" WC="0.96" CONTENT="att"/><SP WIDTH="15" VPOS="1135" HPOS="350"/>
							<String ID="string_221" HPOS="365" VPOS="1133" WIDTH="108" HEIGHT="20" WC="0.96" CONTENT="bankerna"/><SP WIDTH="22" VPOS="1133" HPOS="473"/>
							<String ID="string_222" HPOS="495" VPOS="1134" WIDTH="36" HEIGHT="19" WC="0.97" CONTENT="mä"/><SP WIDTH="13" VPOS="1134" HPOS="531"/>
							<String ID="string_223" HPOS="544" VPOS="1133" WIDTH="71" HEIGHT="21" WC="0.96" CONTENT="kunna"/><SP WIDTH="21" VPOS="1133" HPOS="615"/>
							<String ID="string_224" HPOS="636" VPOS="1133" WIDTH="79" HEIGHT="21" WC="0.95" CONTENT="tillföra"/><SP WIDTH="15" VPOS="1133" HPOS="715"/>
							<String ID="string_225" HPOS="730" VPOS="1133" WIDTH="38" HEIGHT="20" WC="0.96" CONTENT="det"/><SP WIDTH="22" VPOS="1133" HPOS="768"/>
							<String ID="string_226" HPOS="790" VPOS="1132" WIDTH="131" HEIGHT="28" WC="0.96" CONTENT="produktiva"/>
						</TextLine>
						<TextLine ID="line_29" HPOS="162" VPOS="1165" WIDTH="758" HEIGHT="29">
							<String ID="string_227" HPOS="162" VPOS="1165" WIDTH="86" HEIGHT="22" WC="0.96" CONTENT="arbetet"/><SP WIDTH="22" VPOS="1165" HPOS="248"/>
							<String ID="string_228" HPOS="270" VPOS="1166" WIDTH="38" HEIGHT="21" WC="0.95" CONTENT="allt"/><SP WIDTH="15" VPOS="1166" HPOS="308"/>
							<String ID="string_229" HPOS="323" VPOS="1166" WIDTH="37" HEIGHT="21" WC="0.96" CONTENT="det"/><SP WIDTH="14" VPOS="1166" HPOS="360"/>
							<String ID="string_230" HPOS="374" VPOS="1166" WIDTH="89" HEIGHT="28" WC="0.95" CONTENT="kapital,"/><SP WIDTH="24" VPOS="1166" HPOS="463"/>
							<String ID="string_231" HPOS="487" VPOS="1174" WIDTH="48" HEIGHT="13" WC="0.96" CONTENT="som"/><SP WIDTH="15" VPOS="1174" HPOS="535"/>
							<String ID="string_232" HPOS="550" VPOS="1167" WIDTH="23" HEIGHT="20" WC="0.96" CONTENT="är"/><SP WIDTH="15" VPOS="1167" HPOS="573"/>
							<String ID="string_233" HPOS="588" VPOS="1169" WIDTH="7" HEIGHT="19" WC="0.96" CONTENT="i"/><SP WIDTH="14" VPOS="1169" HPOS="595"/>
							<String ID="string_234" HPOS="609" VPOS="1167" WIDTH="74" HEIGHT="21" WC="0.96" CONTENT="landet"/><SP WIDTH="14" VPOS="1167" HPOS="683"/>
							<String ID="string_235" HPOS="697" VPOS="1167" WIDTH="132" HEIGHT="27" WC="0.76" CONTENT="tillgängligt"/><SP WIDTH="15" VPOS="1167" HPOS="829"/>
							<String ID="string_236" HPOS="844" VPOS="1167" WIDTH="41" HEIGHT="20" WC="0.96" CONTENT="och"/><SP WIDTH="16" VPOS="1167" HPOS="885"/>
							<String ID="string_237" HPOS="901" VPOS="1167" WIDTH="19" HEIGHT="26" WC="0.96" CONTENT="ej"/>
						</TextLine>
						<TextLine ID="line_30" HPOS="161" VPOS="1200" WIDTH="509" HEIGHT="28">
							<String ID="string_238" HPOS="161" VPOS="1200" WIDTH="69" HEIGHT="20" WC="0.96" CONTENT="måste"/><SP WIDTH="16" VPOS="1200" HPOS="230"/>
							<String ID="string_239" HPOS="246" VPOS="1207" WIDTH="52" HEIGHT="13" WC="0.96" CONTENT="vara"/><SP WIDTH="14" VPOS="1207" HPOS="298"/>
							<String ID="string_240" HPOS="312" VPOS="1200" WIDTH="34" HEIGHT="21" WC="0.96" CONTENT="för"/><SP WIDTH="14" VPOS="1200" HPOS="346"/>
							<String ID="string_241" HPOS="360" VPOS="1201" WIDTH="67" HEIGHT="20" WC="0.95" CONTENT="andra"/><SP WIDTH="15" VPOS="1201" HPOS="427"/>
							<String ID="string_242" HPOS="442" VPOS="1201" WIDTH="99" HEIGHT="21" WC="0.96" CONTENT="ändamål"/><SP WIDTH="15" VPOS="1201" HPOS="541"/>
							<String ID="string_243" HPOS="556" VPOS="1205" WIDTH="114" HEIGHT="23" WC="0.96" CONTENT="upptaget."/>
						</TextLine>
					</TextBlock>
					<TextBlock ID="block_3" HPOS="161" VPOS="1233" WIDTH="763" HEIGHT="232">
						<TextLine ID="line_31" HPOS="230" VPOS="1233" WIDTH="690" HEIGHT="29">
							<String ID="string_244" HPOS="230" VPOS="1233" WIDTH="36" HEIGHT="21" WC="0.96" CONTENT="Då"/><SP WIDTH="15" VPOS="1233" HPOS="266"/>
							<String ID="string_245" HPOS="281" VPOS="1241" WIDTH="27" HEIGHT="13" WC="0.95" CONTENT="nu"/><SP WIDTH="15" VPOS="1241" HPOS="308"/>
							<String ID="string_246" HPOS="323" VPOS="1234" WIDTH="117" HEIGHT="27" WC="0.96" CONTENT="tillgången"/><SP WIDTH="15" VPOS="1234" HPOS="440"/>
							<String ID="string_247" HPOS="455" VPOS="1236" WIDTH="29" HEIGHT="26" WC="0.93" CONTENT="på"/><SP WIDTH="21" VPOS="1236" HPOS="484"/>
							<String ID="string_248" HPOS="505" VPOS="1235" WIDTH="92" HEIGHT="21" WC="0.93" CONTENT="samladt"/><SP WIDTH="16" VPOS="1235" HPOS="597"/>
							<String ID="string_249" HPOS="613" VPOS="1235" WIDTH="42" HEIGHT="21" WC="0.97" CONTENT="och"/><SP WIDTH="15" VPOS="1235" HPOS="655"/>
							<String ID="string_250" HPOS="670" VPOS="1235" WIDTH="69" HEIGHT="26" WC="0.96" CONTENT="ledigt"/><SP WIDTH="14" VPOS="1235" HPOS="739"/>
							<String ID="string_251" HPOS="753" VPOS="1235" WIDTH="83" HEIGHT="26" WC="0.96" CONTENT="kapital"/><SP WIDTH="15" VPOS="1235" HPOS="836"/>
							<String ID="string_252" HPOS="851" VPOS="1236" WIDTH="6" HEIGHT="19" WC="0.97" CONTENT="i"/><SP WIDTH="15" VPOS="1236" HPOS="857"/>
							<String ID="string_253" HPOS="872" VPOS="1235" WIDTH="48" HEIGHT="21" WC="0.96" CONTENT="vårt"/>
						</TextLine>
						<TextLine ID="line_32" HPOS="162" VPOS="1266" WIDTH="762" HEIGHT="29">
							<String ID="string_254" HPOS="162" VPOS="1266" WIDTH="50" HEIGHT="21" WC="0.96" CONTENT="land"/><SP WIDTH="15" VPOS="1266" HPOS="212"/>
							<String ID="string_255" HPOS="227" VPOS="1267" WIDTH="24" HEIGHT="20" WC="0.96" CONTENT="är"/><SP WIDTH="16" VPOS="1267" HPOS="251"/>
							<String ID="string_256" HPOS="267" VPOS="1268" WIDTH="81" HEIGHT="27" WC="0.96" CONTENT="ganska"/><SP WIDTH="16" VPOS="1268" HPOS="348"/>
							<String ID="string_257" HPOS="364" VPOS="1268" WIDTH="73" HEIGHT="27" WC="0.95" CONTENT="knapp"/><SP WIDTH="16" VPOS="1268" HPOS="437"/>
							<String ID="string_258" HPOS="453" VPOS="1271" WIDTH="6" HEIGHT="18" WC="0.96" CONTENT="i"/><SP WIDTH="18" VPOS="1271" HPOS="459"/>
							<String ID="string_259" HPOS="477" VPOS="1269" WIDTH="133" HEIGHT="20" WC="0.95" CONTENT="förhållande"/><SP WIDTH="15" VPOS="1269" HPOS="610"/>
							<String ID="string_260" HPOS="625" VPOS="1269" WIDTH="32" HEIGHT="20" WC="0.96" CONTENT="till"/><SP WIDTH="14" VPOS="1269" HPOS="657"/>
							<String ID="string_261" HPOS="671" VPOS="1269" WIDTH="125" HEIGHT="20" WC="0.93" CONTENT="nuvarande"/><SP WIDTH="14" VPOS="1269" HPOS="796"/>
							<String ID="string_262" HPOS="810" VPOS="1269" WIDTH="70" HEIGHT="20" WC="0.91" CONTENT="behof"/><SP WIDTH="18" VPOS="1269" HPOS="880"/>
							<String ID="string_263" HPOS="898" VPOS="1269" WIDTH="26" HEIGHT="20" WC="0.96" CONTENT="af"/>
						</TextLine>
						<TextLine ID="line_33" HPOS="161" VPOS="1301" WIDTH="759" HEIGHT="28">
							<String ID="string_264" HPOS="161" VPOS="1301" WIDTH="154" HEIGHT="21" WC="0.92" CONTENT="rörelsemedel"/><SP WIDTH="13" VPOS="1301" HPOS="315"/>
							<String ID="string_265" HPOS="328" VPOS="1302" WIDTH="42" HEIGHT="20" WC="0.96" CONTENT="och"/><SP WIDTH="10" VPOS="1302" HPOS="370"/>
							<String ID="string_266" HPOS="380" VPOS="1303" WIDTH="28" HEIGHT="20" WC="0.96" CONTENT="då"/><SP WIDTH="10" VPOS="1303" HPOS="408"/>
							<String ID="string_267" HPOS="418" VPOS="1303" WIDTH="31" HEIGHT="20" WC="0.96" CONTENT="till"/><SP WIDTH="11" VPOS="1303" HPOS="449"/>
							<String ID="string_268" HPOS="460" VPOS="1303" WIDTH="51" HEIGHT="26" WC="0.96" CONTENT="följd"/><SP WIDTH="11" VPOS="1303" HPOS="511"/>
							<String ID="string_269" HPOS="522" VPOS="1303" WIDTH="65" HEIGHT="20" WC="0.96" CONTENT="däraf"/><SP WIDTH="6" VPOS="1303" HPOS="587"/>
							<String ID="string_270" HPOS="593" VPOS="1303" WIDTH="132" HEIGHT="20" WC="0.96" CONTENT="inrättandet"/><SP WIDTH="11" VPOS="1303" HPOS="725"/>
							<String ID="string_271" HPOS="736" VPOS="1303" WIDTH="24" HEIGHT="20" WC="0.96" CONTENT="af"/><SP WIDTH="8" VPOS="1303" HPOS="760"/>
							<String ID="string_272" HPOS="768" VPOS="1309" WIDTH="42" HEIGHT="20" WC="0.96" CONTENT="nya"/><SP WIDTH="13" VPOS="1309" HPOS="810"/>
							<String ID="string_273" HPOS="823" VPOS="1302" WIDTH="97" HEIGHT="21" WC="0.95" CONTENT="enskilda"/>
						</TextLine>
						<TextLine ID="line_34" HPOS="161" VPOS="1334" WIDTH="759" HEIGHT="29">
							<String ID="string_274" HPOS="161" VPOS="1334" WIDTH="82" HEIGHT="21" WC="0.96" CONTENT="banker"/><SP WIDTH="16" VPOS="1334" HPOS="243"/>
							<String ID="string_275" HPOS="259" VPOS="1335" WIDTH="51" HEIGHT="20" WC="0.96" CONTENT="eller"/><SP WIDTH="14" VPOS="1335" HPOS="310"/>
							<String ID="string_276" HPOS="324" VPOS="1335" WIDTH="107" HEIGHT="28" WC="0.96" CONTENT="ökningen"/><SP WIDTH="16" VPOS="1335" HPOS="431"/>
							<String ID="string_277" HPOS="447" VPOS="1337" WIDTH="25" HEIGHT="20" WC="0.96" CONTENT="af"/><SP WIDTH="11" VPOS="1337" HPOS="472"/>
							<String ID="string_278" HPOS="483" VPOS="1337" WIDTH="119" HEIGHT="20" WC="0.96" CONTENT="bestående"/><SP WIDTH="15" VPOS="1337" HPOS="602"/>
							<String ID="string_279" HPOS="617" VPOS="1337" WIDTH="93" HEIGHT="20" WC="0.95" CONTENT="bankers"/><SP WIDTH="15" VPOS="1337" HPOS="710"/>
							<String ID="string_280" HPOS="725" VPOS="1336" WIDTH="114" HEIGHT="27" WC="0.95" CONTENT="tillgångar"/><SP WIDTH="15" VPOS="1336" HPOS="839"/>
							<String ID="string_281" HPOS="854" VPOS="1336" WIDTH="18" HEIGHT="26" WC="0.92" CONTENT="ej"/><SP WIDTH="11" VPOS="1336" HPOS="872"/>
							<String ID="string_282" HPOS="883" VPOS="1336" WIDTH="37" HEIGHT="20" WC="0.91" CONTENT="all-"/>
						</TextLine>
						<TextLine ID="line_35" HPOS="161" VPOS="1368" WIDTH="759" HEIGHT="30">
							<String ID="string_283" HPOS="161" VPOS="1369" WIDTH="32" HEIGHT="20" WC="0.96" CONTENT="tid"/><SP WIDTH="12" VPOS="1369" HPOS="193"/>
							<String ID="string_284" HPOS="205" VPOS="1368" WIDTH="43" HEIGHT="21" WC="0.96" CONTENT="kan"/><SP WIDTH="10" VPOS="1368" HPOS="248"/>
							<String ID="string_285" HPOS="258" VPOS="1369" WIDTH="50" HEIGHT="26" WC="0.93" CONTENT="följa"/><SP WIDTH="15" VPOS="1369" HPOS="308"/>
							<String ID="string_286" HPOS="323" VPOS="1370" WIDTH="120" HEIGHT="21" WC="0.92" CONTENT="behofvet"/><SP WIDTH="-6" VPOS="1370" HPOS="443"/>
							<String ID="string_287" HPOS="437" VPOS="1364" WIDTH="13" HEIGHT="38" WC="0.96" CONTENT="i"/><SP WIDTH="9" VPOS="1364" HPOS="450"/>
							<String ID="string_288" HPOS="459" VPOS="1371" WIDTH="83" HEIGHT="27" WC="0.95" CONTENT="spåren,"/><SP WIDTH="17" VPOS="1371" HPOS="542"/>
							<String ID="string_289" HPOS="559" VPOS="1378" WIDTH="53" HEIGHT="13" WC="0.96" CONTENT="vore"/><SP WIDTH="19" VPOS="1378" HPOS="612"/>
							<String ID="string_290" HPOS="631" VPOS="1371" WIDTH="37" HEIGHT="21" WC="0.96" CONTENT="det"/><SP WIDTH="11" VPOS="1371" HPOS="668"/>
							<String ID="string_291" HPOS="679" VPOS="1370" WIDTH="61" HEIGHT="21" WC="0.96" CONTENT="såväl"/><SP WIDTH="15" VPOS="1370" HPOS="740"/>
							<String ID="string_292" HPOS="755" VPOS="1370" WIDTH="25" HEIGHT="21" WC="0.96" CONTENT="af"/><SP WIDTH="12" VPOS="1370" HPOS="780"/>
							<String ID="string_293" HPOS="792" VPOS="1371" WIDTH="64" HEIGHT="20" WC="0.96" CONTENT="dessa"/><SP WIDTH="10" VPOS="1371" HPOS="856"/>
							<String ID="string_294" HPOS="866" VPOS="1370" WIDTH="54" HEIGHT="25" WC="0.96" CONTENT="skäl,"/>
						</TextLine>
						<TextLine ID="line_36" HPOS="163" VPOS="1403" WIDTH="757" HEIGHT="28">
							<String ID="string_295" HPOS="163" VPOS="1409" WIDTH="48" HEIGHT="14" WC="0.96" CONTENT="som"/><SP WIDTH="15" VPOS="1409" HPOS="211"/>
							<String ID="string_296" HPOS="226" VPOS="1403" WIDTH="30" HEIGHT="26" WC="0.96" CONTENT="på"/><SP WIDTH="15" VPOS="1403" HPOS="256"/>
							<String ID="string_297" HPOS="271" VPOS="1404" WIDTH="69" HEIGHT="25" WC="0.96" CONTENT="grund"/><SP WIDTH="15" VPOS="1404" HPOS="340"/>
							<String ID="string_298" HPOS="355" VPOS="1404" WIDTH="25" HEIGHT="20" WC="0.96" CONTENT="af"/><SP WIDTH="11" VPOS="1404" HPOS="380"/>
							<String ID="string_299" HPOS="391" VPOS="1404" WIDTH="64" HEIGHT="21" WC="0.96" CONTENT="ofvan"/><SP WIDTH="15" VPOS="1404" HPOS="455"/>
							<String ID="string_300" HPOS="470" VPOS="1405" WIDTH="90" HEIGHT="20" WC="0.96" CONTENT="anförda"/><SP WIDTH="15" VPOS="1405" HPOS="560"/>
							<String ID="string_301" HPOS="575" VPOS="1405" WIDTH="106" HEIGHT="20" WC="0.96" CONTENT="allmänna"/><SP WIDTH="16" VPOS="1405" HPOS="681"/>
							<String ID="string_302" HPOS="697" VPOS="1404" WIDTH="142" HEIGHT="27" WC="0.96" CONTENT="synpunkter,"/><SP WIDTH="15" VPOS="1404" HPOS="839"/>
							<String ID="string_303" HPOS="854" VPOS="1404" WIDTH="66" HEIGHT="26" WC="0.95" CONTENT="enligt"/>
						</TextLine>
						<TextLine ID="line_37" HPOS="161" VPOS="1436" WIDTH="759" HEIGHT="29">
							<String ID="string_304" HPOS="161" VPOS="1436" WIDTH="128" HEIGHT="22" WC="0.93" CONTENT="Utskottets"/><SP WIDTH="22" VPOS="1436" HPOS="289"/>
							<String ID="string_305" HPOS="311" VPOS="1438" WIDTH="56" HEIGHT="26" WC="0.92" CONTENT="åsigt"/><SP WIDTH="15" VPOS="1438" HPOS="367"/>
							<String ID="string_306" HPOS="382" VPOS="1438" WIDTH="114" HEIGHT="27" WC="0.93" CONTENT="ingalunda"/><SP WIDTH="15" VPOS="1438" HPOS="496"/>
							<String ID="string_307" HPOS="511" VPOS="1438" WIDTH="132" HEIGHT="26" WC="0.92" CONTENT="välbetänkt,"/><SP WIDTH="24" VPOS="1438" HPOS="643"/>
							<String ID="string_308" HPOS="667" VPOS="1445" WIDTH="37" HEIGHT="14" WC="0.96" CONTENT="om"/><SP WIDTH="16" VPOS="1445" HPOS="704"/>
							<String ID="string_309" HPOS="720" VPOS="1438" WIDTH="37" HEIGHT="21" WC="0.96" CONTENT="det"/><SP WIDTH="15" VPOS="1438" HPOS="757"/>
							<String ID="string_310" HPOS="772" VPOS="1438" WIDTH="96" HEIGHT="21" WC="0.93" CONTENT="samlade"/><SP WIDTH="14" VPOS="1438" HPOS="868"/>
							<String ID="string_311" HPOS="882" VPOS="1437" WIDTH="38" HEIGHT="21" WC="0.93" CONTENT="ka-"/>
						</TextLine>
					</TextBlock>
					<TextBlock ID="block_4" HPOS="230" VPOS="1475" WIDTH="343" HEIGHT="20">
						<TextLine ID="line_38" HPOS="230" VPOS="1475" WIDTH="343" HEIGHT="20">
							<String ID="string_312" HPOS="230" VPOS="1475" WIDTH="146" HEIGHT="19" WC="0.90" CONTENT="Bankutskottets"/><SP WIDTH="12" VPOS="1475" HPOS="376"/>
							<String ID="string_313" HPOS="388" VPOS="1477" WIDTH="109" HEIGHT="18" WC="0.96" CONTENT="betänkande"/><SP WIDTH="12" VPOS="1477" HPOS="497"/>
							<String ID="string_314" HPOS="509" VPOS="1478" WIDTH="37" HEIGHT="17" WC="0.96" CONTENT="N:o"/><SP WIDTH="12" VPOS="1478" HPOS="546"/>
							<String ID="string_315" HPOS="558" VPOS="1477" WIDTH="15" HEIGHT="18" WC="0.96" CONTENT="1."/>
						</TextLine>
					</TextBlock>
				</ComposedBlock>
			</PrintSpace>
		</Page>
	</Layout>
</alto>
