1078 1692
839 166 31 24 53

133 235 77 31 hvalf,
228 235 59 24 dock
304 235 9 23 i
332 235 116 24 särskildt
460 234 138 33 kassaskåp
611 235 59 24 eller
682 235 66 24 kista
760 235 52 24 med
824 235 65 24 olika

133 270 38 24 lås
196 269 102 25 hvartill
316 269 133 31 nycklarne
467 270 147 24 innehafvas
638 270 25 23 af
680 270 121 24 kontorets
819 270 69 24 Före-

135 305 111 23 ståndare
264 304 43 24 och
324 304 97 24 Kassör.

203 338 46 24 För
275 338 61 24 att
329 334 15 40 i
362 338 121 24 kontorets
511 338 88 24 rörelse
618 338 156 24 förefallande
791 338 99 32 utgifter

135 375 40 22 må
192 373 84 24 kunna
293 375 60 21 utan
372 374 103 31 omgång
493 372 118 24 bestridas
631 372 43 24 och
692 372 105 24 influtna
815 372 75 24 medel

135 407 137 24 tillsvidare
299 407 165 31 undansättas,
493 408 39 23 må
557 406 123 25 Kassören
707 406 134 25 innehafva
861 414 29 16 en

136 442 106 24 särskild
268 441 145 31 handkassa,
430 441 103 24 hvilken
554 442 110 23 förvaras
682 441 50 24 ien
746 441 9 23 i
767 441 62 25 hans
842 449 48 16 em-

135 476 105 24 betsrum
258 476 111 32 befintlig
386 476 120 31 jernkista
523 476 59 24 eller
595 476 67 32 skåp,
674 476 103 24 hvartill
788 476 49 24 han
849 484 41 15 en-

136 518 52 16 sam
216 510 173 24 omhänderhar
415 510 94 31 nyckel.
544 510 86 24 Denna
652 510 146 31 handkassa,
815 510 75 24 hvars

135 545 84 31 belopp
237 545 141 23 bestämmes
396 552 85 24 genom
500 545 44 23 den
556 545 37 23 för
609 545 108 23 kontoret
729 544 112 32 gällande
853 544 37 24 in-

137 579 156 31 struktionen,
314 581 94 29 uttages
435 579 42 23 vid
506 581 62 22 årets
596 579 84 32 början
698 579 55 23 från
771 579 120 24 kontorets

136 614 160 30 nyssberörda
313 613 169 24 hufvudkassa
501 614 43 23 och
562 614 132 24 förstärkes
713 614 79 30 sedan,
809 614 9 23 i
835 615 57 22 mån

137 648 25 24 af
180 648 74 30 behof,
273 648 49 24 dels
346 655 83 24 genom
457 648 102 24 skeende
576 648 182 32 inbetalningar
776 648 39 23 till
833 648 58 24 kon-

137 684 59 22 toret
217 682 50 24 dels
285 690 84 24 genom
386 682 143 32 ytterligare
546 682 160 32 uttagningar
721 682 55 24 från
788 682 104 24 hufvud-

137 716 97 24 kassan.
270 716 56 24 Men
343 716 106 24 befinnes
467 717 158 23 handkassan
644 717 131 31 öfverstiga
793 716 36 24 det
841 716 51 24 till-

137 751 68 23 låtna
222 751 86 31 högsta
327 751 110 31 beloppet,
456 751 67 24 skall
535 751 154 24 öfverskottet
700 752 103 23 insättas
816 751 9 23 i
837 750 55 24 huf-

138 785 146 24 vudkassan.
319 785 58 23 Alla
403 785 166 33 insättningar
596 786 43 23 och
660 786 164 31 uttagningar,
843 793 50 16 som

137 820 46 23 här
201 821 139 28 omnämnts,
360 819 68 24 skola
446 822 72 29 göras
538 820 7 23 i
558 820 204 23 Kommissariens
776 820 43 23 och
830 819 62 24 Kas-

139 856 81 21 sörens
248 861 176 24 gemensamma
450 853 126 25 öfvervaro
604 854 42 24 och
666 854 83 24 tillika
766 854 127 31 behörigen

138 887 110 24 bokföras
267 888 9 23 i
294 895 29 16 en
340 888 9 23 i
368 888 186 24 hufvudkassan
573 889 112 23 förvarad
702 888 171 31 kassaspecial.

207 921 34 24 De
259 921 113 24 Bankens
399 922 81 31 medel,
503 931 50 16 som
571 923 81 24 finnas
671 923 43 24 hos
732 924 80 31 Agent
829 923 65 23 inom

138 956 87 31 landet,
252 956 68 24 skola
348 956 109 25 förvaras
485 957 9 23 i
522 959 33 22 ett
581 957 118 24 särskildt
716 957 135 31 kassaskåp
870 956 25 24 af

138 991 64 31 jern;
230 991 100 23 hvarom
356 993 110 22 närmare
493 991 154 32 bestämning
673 992 41 23 bör
732 992 59 31 ingå
808 991 9 24 i
834 991 59 24 kon-

139 1025 89 24 traktet
246 1025 101 24 emellan
364 1025 223 24 Bankdirektionen
605 1026 44 24 och
667 1026 91 24 honom.

474 1101 14 29 8
510 1101 55 23 111.

208 1150 58 23 Alla
287 1150 108 25 bankens
423 1151 88 24 kassor
538 1152 57 23 böra
621 1151 71 24 äfven
711 1151 9 24 i
738 1151 72 32 öfrigt
828 1159 66 24 sorg-

140 1184 82 32 fälligt
240 1184 86 25 vårdas
345 1185 43 24 och
405 1185 162 24 underkastas
586 1193 143 24 noggranna
746 1185 148 24 inventerin-

140 1226 51 23 gar,
208 1220 30 29 på
257 1221 47 21 sätt
321 1219 45 24 här
384 1220 77 23 nedan
477 1223 76 29 säges.

209 1253 191 24 Hufvudkassan
418 1254 8 23 i
444 1254 117 24 Bankens
579 1254 71 24 hvalf
668 1254 138 24 inventeras
821 1254 75 23 minst

140 1288 43 22 två
199 1288 91 31 gånger
308 1288 74 23 under
401 1290 50 22 året
470 1289 25 23 af
513 1288 227 33 Bankfullmäktige
758 1290 31 30 på
800 1288 44 23 den
856 1288 40 30 tid,

140 1321 163 32 Fullmäktige
329 1322 68 24 finna
420 1323 81 23 dertill
529 1323 107 32 lämplig.
676 1322 56 25 Men
751 1323 50 24 alla
819 1322 78 32 öfriga

141 1355 92 32 kassor,
250 1356 70 24 såväl
338 1357 27 23 de
382 1357 9 22 i
413 1357 104 24 Banken
540 1365 49 16 som
609 1357 27 24 de
653 1357 10 24 i
680 1357 114 24 Bankens
812 1357 85 23 kontor

141 1390 44 23 och
204 1393 132 28 agenturer,
356 1391 68 24 skola
441 1391 141 24 inventeras
600 1391 76 24 minst
694 1399 29 16 en
735 1393 66 30 gång
812 1391 85 30 hvarje

142 1424 94 31 månad,
261 1425 183 24 handkassorna
471 1425 8 24 i
498 1425 102 24 Banken
620 1426 25 23 af
662 1425 234 24 Bankdirektionens

142 1458 152 32 Ordförande,
320 1459 119 24 kassorna
465 1460 43 23 vid
535 1460 115 24 kontoren
677 1460 43 24 och
738 1462 160 29 agenturerna
