1078 1692
844 152 30 24 55

207 220 90 24 Vidare
324 223 27 21 är
378 228 89 16 samme
488 220 101 25 ledamot
611 221 9 23 i
641 220 162 31 Direktionen,
821 221 10 23 i
848 220 44 25 fall

139 256 49 23 han
205 255 128 24 uraktlåtit
351 257 41 29 att,
410 256 31 37 på
459 256 48 24 sätt
525 255 8 23 i
553 255 30 24 79
603 255 43 24 och
666 255 49 24 108
734 256 31 29 $$
784 258 27 20 är
829 255 63 25 stad-

139 290 62 32 gadt,
224 290 8 23 i
255 289 81 24 förvar
352 292 58 29 taga
428 289 9 23 i
455 285 201 29 Öfverkassörens
674 290 140 24 handkassa
831 289 61 24 utöf-

139 332 42 16 ver
197 324 99 24 tillåtna
312 324 86 32 högsta
416 324 107 32 beloppet
535 324 127 32 befintliga
673 324 81 31 medel,
768 324 42 24 ock
823 323 67 31 skyl-

139 359 41 32 dig
197 360 35 22 att
250 358 70 32 jemte
337 358 106 24 bemälde
461 358 92 25 Kassör
570 358 63 31 fylla
647 358 45 24 den
707 344 61 38 brist
780 359 9 24 i
802 366 91 16 samma

139 394 79 29 kassa,
230 400 50 16 som
292 392 41 24 vid
342 393 158 24 nästskeende
517 392 154 33 inventering
683 393 114 32 möjligen
809 400 83 24 yppas,

139 428 58 24 dock
223 427 53 24 icke
303 427 39 24 till
364 429 75 22 större
462 427 82 32 belopp
567 430 31 21 än
617 428 43 30 det,
677 427 103 24 hvartill
798 427 37 24 det
854 428 38 23 sä-

139 462 74 24 lunda
230 461 168 32 ifrägakomna
416 462 155 24 öfverskottet
588 462 68 24 visas
674 462 76 24 hafva
767 463 106 31 uppgått.

207 502 133 33 Enahanda
348 509 179 24 gemensamma
536 501 357 33 ersättningsskyldighetälig-

141 544 41 24 ger
200 536 88 32 jemväl
307 536 189 24 Ofverkassören
514 536 9 24 i
537 536 135 24 afseendeä
688 536 114 32 möjligen
814 536 80 32 yppad

140 571 61 23 brist
227 570 9 24 i
262 570 81 24 Förste
370 570 58 24 eller
451 570 81 24 Andre
554 570 134 25 Kassörens
711 570 157 30 handkassor,
886 570 9 23 i

140 605 112 24 händelse
278 605 49 23 han
354 604 143 24 försummat
520 607 41 28 att,
583 606 32 30 pä
636 607 48 22 sätt
701 605 9 23 i
730 605 49 24 108
798 606 13 28 $
830 604 64 24 stad-

140 642 60 30 gats,
227 639 39 24 till
292 639 39 32 sig
354 641 58 30 taga
438 640 27 23 de
487 640 82 30 medel,
587 640 115 23 hvarmed
720 640 72 31 sagde
810 639 86 24 kassor

141 674 135 32 Ofverstigit
294 674 68 23 deras
381 674 123 31 medgifna
522 674 86 32 högsta
625 674 90 31 belopp.

208 714 53 23 Har
278 713 168 24 Direktionens
466 713 145 24 Ordförande
630 714 131 24 underlätit
779 715 34 22 att
830 713 65 23 inom

140 748 160 24 föreskrifven
319 748 35 24 tid
372 748 135 24 verkställa
525 748 155 32 inventering
699 748 24 24 af
734 748 160 24 Kassörernes

141 782 8 24 i
167 782 101 24 Banken
285 782 157 31 handkassor,
461 785 27 21 är
506 782 57 31 han,
581 790 37 16 om
635 783 62 23 brist
715 783 8 23 i
736 783 52 23 dem
799 782 41 24 vid
852 784 42 21 nä-

142 819 37 21 sta
197 817 154 31 inventering
368 817 139 31 upptäckes,
525 817 70 31 jemte
613 817 174 24 vederbörande
804 816 92 24 Kassör

142 851 117 32 ansvarig
276 851 37 23 för
331 851 150 24 densammas
502 851 114 30 fyllande.

211 891 43 24 Om
271 891 99 24 Banken
390 891 111 32 tillhörig
519 891 76 31 vexel,
613 891 137 24 skuldsedel
762 891 58 23 eller
831 892 65 30 pant,

142 932 50 17 som
210 925 82 24 blifvit
310 925 8 24 i
336 925 111 24 hvalfvet
466 925 37 24 för
520 925 115 24 Bankens
645 925 204 31 länehandlingar
857 924 38 24 in-

141 961 49 22 satt
212 960 39 23 till
274 960 87 30 förvar,
384 960 133 24 sedermera
539 960 97 31 saknas,
655 963 39 20 äro
713 959 69 25 såväl
800 959 45 24 den
862 959 34 23 le-

141 994 79 23 damot
237 994 9 23 i
263 994 163 31 Direktionen,
443 994 103 24 hvilken
563 997 122 21 närmaste
698 993 121 25 inseendet
831 993 65 24 öfver

142 1028 247 24 kamrerarekontoret
407 1029 154 30 tillkommer,
573 1037 51 16 som
636 1028 173 25 vederbörande
821 1027 74 24 Kam-

144 1070 80 16 rerare
242 1065 148 30 gemensamt
408 1063 111 32 skyldige
538 1065 35 22 att
589 1063 116 32 antingen
714 1061 184 26 tillrättaskaffa

141 1097 38 23 det
198 1097 104 24 saknade
320 1097 59 24 eller
397 1100 90 21 ersätta
504 1097 101 25 Banken
625 1098 52 24 dess
696 1097 63 24 fulla
776 1097 77 23 värde.

211 1137 91 24 Likaså
320 1140 40 21 äro
380 1137 50 24 alla
448 1137 33 31 de,
499 1137 88 25 hvilka
605 1137 204 24 omhänderhafva
821 1136 75 31 nyck-

142 1171 68 24 larne
236 1171 40 24 till
298 1171 115 24 Bankens
431 1172 153 31 kassahvalf,
603 1174 147 30 gemensamt
768 1170 128 32 ansvarige

142 1205 39 23 till
208 1205 100 25 Banken
330 1206 37 24 för
387 1207 84 23 värdet
494 1206 25 24 af
542 1207 37 23 det
601 1207 9 23 i
631 1206 110 24 hvalfvet
758 1205 40 24 till
816 1205 82 24 förvar

142 1239 110 25 nedsatta
270 1241 64 31 gods,
352 1248 52 16 som
421 1241 115 32 möjligen
555 1241 107 24 derifrån
680 1240 148 24 förkommer.

212 1274 45 24 För
279 1275 62 24 brist
362 1275 9 23 i
389 1275 187 24 hufvudkassan
594 1275 42 24 vid
653 1275 115 24 Bankens
786 1274 84 23 kontor
889 1273 9 23 i

142 1309 137 24 landsorten
298 1309 43 24 och
359 1309 9 23 i
380 1309 38 24 S:t
427 1309 146 39 Petersburg
582 1311 38 22 stå
632 1309 173 24 vederbörande
815 1307 82 25 Bank-

142 1343 167 24 kommissarie
336 1344 43 23 och
408 1343 93 24 Kassör
523 1344 8 23 i
555 1351 92 16 samma
666 1343 162 32 ansvarighet,
848 1349 49 16 som

143 1377 122 24 ofvanföre
287 1378 109 38 stadgats
414 1378 37 23 för
468 1377 103 25 ledamot
589 1378 9 23 i
615 1377 220 24 Bankdirektionen
855 1375 43 24 och

143 1406 186 29 Öfverkassören
347 1412 9 23 i
374 1412 71 32 fråga
463 1419 38 16 om
519 1412 61 24 brist
596 1412 9 23 i
617 1412 213 24 centralkontorets
841 1409 57 25 huf-

143 1446 130 31 vudkassa,
300 1446 104 24 sålunda
430 1446 123 33 nemligen
575 1449 36 22 att
629 1445 269 25 Bankkommissariens
