<?xml version="1.0" encoding="UTF-8"?>
<alto xmlns="http://www.loc.gov/standards/alto/ns-v3#" xmlns:xlink="http://www.w3.org/1999/xlink" xmlns:xsi="http://www.w3.org/2001/XMLSchema-instance" xsi:schemaLocation="http://www.loc.gov/standards/alto/ns-v3# http://www.loc.gov/alto/v3/alto-3-0.xsd">
	<Description>
		<MeasurementUnit>pixel</MeasurementUnit>
		<sourceImageInformation>
			<fileName>/tmp/tess_b4apsiy6_input.PNG</fileName>
		</sourceImageInformation>
		<OCRProcessing ID="OCR_0">
			<ocrProcessingStep>
				<processingSoftware>
					<softwareName>tesseract 5.3.4</softwareName>
				</processingSoftware>
			</ocrProcessingStep>
		</OCRProcessing>
	</Description>
	<Layout>
		<Page WIDTH="1078" HEIGHT="1692" PHYSICAL_IMG_NR="0" ID="page_0">
			<PrintSpace HPOS="0" VPOS="0" WIDTH="1078" HEIGHT="1692">
				<ComposedBlock ID="cblock_0" HPOS="202" VPOS="149" WIDTH="456" HEIGHT="22">
					<TextBlock ID="block_0" HPOS="202" VPOS="149" WIDTH="456" HEIGHT="22">
						<TextLine ID="line_0" HPOS="202" VPOS="149" WIDTH="456" HEIGHT="22">
							<String ID="string_0" HPOS="202" VPOS="149" WIDTH="38" HEIGHT="21" WC="0.91" CONTENT="24:"/><SP WIDTH="185" VPOS="149" HPOS="240"/>
							<String ID="string_1" HPOS="425" VPOS="150" WIDTH="28" HEIGHT="20" WC="0.92" CONTENT="U."/><SP WIDTH="16" VPOS="150" HPOS="453"/>
							<String ID="string_2" HPOS="469" VPOS="150" WIDTH="24" HEIGHT="20" WC="0.85" CONTENT="B."/><SP WIDTH="16" VPOS="150" HPOS="493"/>
							<String ID="string_3" HPOS="509" VPOS="162" WIDTH="24" HEIGHT="3" WC="0.87" CONTENT="—"/><SP WIDTH="19" VPOS="162" HPOS="533"/>
							<String ID="string_4" HPOS="552" VPOS="150" WIDTH="106" HEIGHT="21" WC="0.96" CONTENT="XXXVI."/>
						</TextLine>
					</TextBlock>
				</ComposedBlock>
				<ComposedBlock ID="cblock_1" HPOS="173" VPOS="212" WIDTH="763" HEIGHT="1279">
					<TextBlock ID="block_1" HPOS="173" VPOS="212" WIDTH="758" HEIGHT="130">
						<TextLine ID="line_1" HPOS="173" VPOS="212" WIDTH="755" HEIGHT="27">
							<String ID="string_5" HPOS="173" VPOS="212" WIDTH="71" HEIGHT="20" WC="0.93" CONTENT="hållna"/><SP WIDTH="15" VPOS="212" HPOS="244"/>
							<String ID="string_6" HPOS="259" VPOS="212" WIDTH="101" HEIGHT="26" WC="0.92" CONTENT="generela"/><SP WIDTH="15" VPOS="212" HPOS="360"/>
							<String ID="string_7" HPOS="375" VPOS="213" WIDTH="124" HEIGHT="26" WC="0.92" CONTENT="stegringen"/><SP WIDTH="15" VPOS="213" HPOS="499"/>
							<String ID="string_8" HPOS="514" VPOS="212" WIDTH="26" HEIGHT="20" WC="0.93" CONTENT="af"/><SP WIDTH="10" VPOS="212" HPOS="540"/>
							<String ID="string_9" HPOS="550" VPOS="212" WIDTH="100" HEIGHT="20" WC="0.93" CONTENT="Bankens"/><SP WIDTH="21" VPOS="212" HPOS="650"/>
							<String ID="string_10" HPOS="671" VPOS="212" WIDTH="130" HEIGHT="21" WC="0.91" CONTENT="räntesatser"/><SP WIDTH="16" VPOS="212" HPOS="801"/>
							<String ID="string_11" HPOS="817" VPOS="215" WIDTH="38" HEIGHT="24" WC="0.96" CONTENT="egt"/><SP WIDTH="21" VPOS="215" HPOS="855"/>
							<String ID="string_12" HPOS="876" VPOS="220" WIDTH="52" HEIGHT="18" WC="0.96" CONTENT="rum,"/>
						</TextLine>
						<TextLine ID="line_2" HPOS="173" VPOS="246" WIDTH="757" HEIGHT="27">
							<String ID="string_13" HPOS="173" VPOS="246" WIDTH="127" HEIGHT="26" WC="0.92" CONTENT="förspordes"/><SP WIDTH="16" VPOS="246" HPOS="300"/>
							<String ID="string_14" HPOS="316" VPOS="246" WIDTH="18" HEIGHT="26" WC="0.91" CONTENT="ej"/><SP WIDTH="15" VPOS="246" HPOS="334"/>
							<String ID="string_15" HPOS="349" VPOS="246" WIDTH="74" HEIGHT="21" WC="0.93" CONTENT="vidare"/><SP WIDTH="14" VPOS="246" HPOS="423"/>
							<String ID="string_16" HPOS="437" VPOS="247" WIDTH="73" HEIGHT="26" WC="0.92" CONTENT="nägon"/><SP WIDTH="15" VPOS="247" HPOS="510"/>
							<String ID="string_17" HPOS="525" VPOS="253" WIDTH="39" HEIGHT="13" WC="0.96" CONTENT="oro"/><SP WIDTH="16" VPOS="253" HPOS="564"/>
							<String ID="string_18" HPOS="580" VPOS="246" WIDTH="51" HEIGHT="21" WC="0.93" CONTENT="med"/><SP WIDTH="15" VPOS="246" HPOS="631"/>
							<String ID="string_19" HPOS="646" VPOS="246" WIDTH="86" HEIGHT="27" WC="0.92" CONTENT="hänsigt"/><SP WIDTH="15" VPOS="246" HPOS="732"/>
							<String ID="string_20" HPOS="747" VPOS="246" WIDTH="32" HEIGHT="21" WC="0.93" CONTENT="till"/><SP WIDTH="11" VPOS="246" HPOS="779"/>
							<String ID="string_21" HPOS="790" VPOS="246" WIDTH="140" HEIGHT="27" WC="0.91" CONTENT="möjligheten"/>
						</TextLine>
						<TextLine ID="line_3" HPOS="174" VPOS="279" WIDTH="757" HEIGHT="29">
							<String ID="string_22" HPOS="174" VPOS="280" WIDTH="33" HEIGHT="20" WC="0.96" CONTENT="för"/><SP WIDTH="15" VPOS="280" HPOS="207"/>
							<String ID="string_23" HPOS="222" VPOS="279" WIDTH="110" HEIGHT="22" WC="0.96" CONTENT="bankerna"/><SP WIDTH="15" VPOS="279" HPOS="332"/>
							<String ID="string_24" HPOS="347" VPOS="284" WIDTH="32" HEIGHT="18" WC="0.93" CONTENT="att"/><SP WIDTH="15" VPOS="284" HPOS="379"/>
							<String ID="string_25" HPOS="394" VPOS="280" WIDTH="160" HEIGHT="21" WC="0.96" CONTENT="tillhandahålla"/><SP WIDTH="15" VPOS="280" HPOS="554"/>
							<String ID="string_26" HPOS="569" VPOS="280" WIDTH="145" HEIGHT="21" WC="0.93" CONTENT="allmänheten"/><SP WIDTH="15" VPOS="280" HPOS="714"/>
							<String ID="string_27" HPOS="729" VPOS="280" WIDTH="138" HEIGHT="28" WC="0.92" CONTENT="erforderliga"/><SP WIDTH="21" VPOS="280" HPOS="867"/>
							<String ID="string_28" HPOS="888" VPOS="280" WIDTH="43" HEIGHT="21" WC="0.87" CONTENT="till-"/>
						</TextLine>
						<TextLine ID="line_4" HPOS="174" VPOS="314" WIDTH="597" HEIGHT="28">
							<String ID="string_29" HPOS="174" VPOS="314" WIDTH="83" HEIGHT="27" WC="0.96" CONTENT="gångar"/><SP WIDTH="15" VPOS="314" HPOS="257"/>
							<String ID="string_30" HPOS="272" VPOS="314" WIDTH="32" HEIGHT="21" WC="0.93" CONTENT="för"/><SP WIDTH="15" VPOS="314" HPOS="304"/>
							<String ID="string_31" HPOS="319" VPOS="314" WIDTH="244" HEIGHT="21" WC="0.91" CONTENT="affärsverksamhetens"/><SP WIDTH="12" VPOS="314" HPOS="563"/>
							<String ID="string_32" HPOS="575" VPOS="314" WIDTH="74" HEIGHT="27" WC="0.91" CONTENT="jämna"/><SP WIDTH="15" VPOS="314" HPOS="649"/>
							<String ID="string_33" HPOS="664" VPOS="314" WIDTH="107" HEIGHT="28" WC="0.90" CONTENT="fortgång."/>
						</TextLine>
					</TextBlock>
					<TextBlock ID="block_2" HPOS="175" VPOS="348" WIDTH="758" HEIGHT="402">
						<TextLine ID="line_5" HPOS="243" VPOS="348" WIDTH="687" HEIGHT="28">
							<String ID="string_34" HPOS="243" VPOS="348" WIDTH="79" HEIGHT="27" WC="0.96" CONTENT="Någon"/><SP WIDTH="22" VPOS="348" HPOS="322"/>
							<String ID="string_35" HPOS="344" VPOS="348" WIDTH="43" HEIGHT="21" WC="0.96" CONTENT="kris"/><SP WIDTH="22" VPOS="348" HPOS="387"/>
							<String ID="string_36" HPOS="409" VPOS="348" WIDTH="56" HEIGHT="21" WC="0.96" CONTENT="hade"/><SP WIDTH="16" VPOS="348" HPOS="465"/>
							<String ID="string_37" HPOS="481" VPOS="348" WIDTH="18" HEIGHT="27" WC="0.96" CONTENT="ej"/><SP WIDTH="14" VPOS="348" HPOS="499"/>
							<String ID="string_38" HPOS="513" VPOS="349" WIDTH="106" HEIGHT="27" WC="0.96" CONTENT="uppstått,"/><SP WIDTH="14" VPOS="349" HPOS="619"/>
							<String ID="string_39" HPOS="633" VPOS="352" WIDTH="25" HEIGHT="23" WC="0.96" CONTENT="ty"/><SP WIDTH="14" VPOS="352" HPOS="658"/>
							<String ID="string_40" HPOS="672" VPOS="348" WIDTH="89" HEIGHT="21" WC="0.96" CONTENT="orsaker"/><SP WIDTH="14" VPOS="348" HPOS="761"/>
							<String ID="string_41" HPOS="775" VPOS="348" WIDTH="31" HEIGHT="22" WC="0.96" CONTENT="till"/><SP WIDTH="15" VPOS="348" HPOS="806"/>
							<String ID="string_42" HPOS="821" VPOS="356" WIDTH="27" HEIGHT="13" WC="0.96" CONTENT="en"/><SP WIDTH="14" VPOS="356" HPOS="848"/>
							<String ID="string_43" HPOS="862" VPOS="348" WIDTH="68" HEIGHT="21" WC="0.96" CONTENT="sådan"/>
						</TextLine>
						<TextLine ID="line_6" HPOS="175" VPOS="382" WIDTH="755" HEIGHT="28">
							<String ID="string_44" HPOS="175" VPOS="389" WIDTH="53" HEIGHT="13" WC="0.96" CONTENT="voro"/><SP WIDTH="17" VPOS="389" HPOS="228"/>
							<String ID="string_45" HPOS="245" VPOS="382" WIDTH="18" HEIGHT="26" WC="0.95" CONTENT="ej"/><SP WIDTH="16" VPOS="382" HPOS="263"/>
							<String ID="string_46" HPOS="279" VPOS="382" WIDTH="33" HEIGHT="21" WC="0.96" CONTENT="för"/><SP WIDTH="14" VPOS="382" HPOS="312"/>
							<String ID="string_47" HPOS="326" VPOS="382" WIDTH="92" HEIGHT="25" WC="0.96" CONTENT="handen,"/><SP WIDTH="16" VPOS="382" HPOS="418"/>
							<String ID="string_48" HPOS="434" VPOS="383" WIDTH="27" HEIGHT="20" WC="0.93" CONTENT="då"/><SP WIDTH="16" VPOS="383" HPOS="461"/>
							<String ID="string_49" HPOS="477" VPOS="382" WIDTH="195" HEIGHT="28" WC="0.92" CONTENT="affärsställningen"/><SP WIDTH="10" VPOS="382" HPOS="672"/>
							<String ID="string_50" HPOS="682" VPOS="384" WIDTH="6" HEIGHT="19" WC="0.96" CONTENT="i"/><SP WIDTH="12" VPOS="384" HPOS="688"/>
							<String ID="string_51" HPOS="700" VPOS="382" WIDTH="116" HEIGHT="22" WC="0.95" CONTENT="allmänhet"/><SP WIDTH="12" VPOS="382" HPOS="816"/>
							<String ID="string_52" HPOS="828" VPOS="390" WIDTH="38" HEIGHT="13" WC="0.96" CONTENT="var"/><SP WIDTH="9" VPOS="390" HPOS="866"/>
							<String ID="string_53" HPOS="875" VPOS="382" WIDTH="55" HEIGHT="21" WC="0.96" CONTENT="sund"/>
						</TextLine>
						<TextLine ID="line_7" HPOS="175" VPOS="416" WIDTH="756" HEIGHT="28">
							<String ID="string_54" HPOS="175" VPOS="416" WIDTH="42" HEIGHT="20" WC="0.96" CONTENT="och"/><SP WIDTH="15" VPOS="416" HPOS="217"/>
							<String ID="string_55" HPOS="232" VPOS="416" WIDTH="52" HEIGHT="27" WC="0.96" CONTENT="god."/><SP WIDTH="30" VPOS="416" HPOS="284"/>
							<String ID="string_56" HPOS="314" VPOS="416" WIDTH="71" HEIGHT="28" WC="0.86" CONTENT="Läget"/><SP WIDTH="15" VPOS="416" HPOS="385"/>
							<String ID="string_57" HPOS="400" VPOS="416" WIDTH="83" HEIGHT="21" WC="0.96" CONTENT="kändes"/><SP WIDTH="15" VPOS="416" HPOS="483"/>
							<String ID="string_58" HPOS="498" VPOS="424" WIDTH="27" HEIGHT="13" WC="0.95" CONTENT="en"/><SP WIDTH="15" VPOS="424" HPOS="525"/>
							<String ID="string_59" HPOS="540" VPOS="416" WIDTH="32" HEIGHT="21" WC="0.96" CONTENT="tid"/><SP WIDTH="15" VPOS="416" HPOS="572"/>
							<String ID="string_60" HPOS="587" VPOS="417" WIDTH="67" HEIGHT="27" WC="0.93" CONTENT="något"/><SP WIDTH="16" VPOS="417" HPOS="654"/>
							<String ID="string_61" HPOS="670" VPOS="416" WIDTH="80" HEIGHT="28" WC="0.92" CONTENT="spändt"/><SP WIDTH="15" VPOS="416" HPOS="750"/>
							<String ID="string_62" HPOS="765" VPOS="417" WIDTH="72" HEIGHT="20" WC="0.96" CONTENT="såsom"/><SP WIDTH="16" VPOS="417" HPOS="837"/>
							<String ID="string_63" HPOS="853" VPOS="424" WIDTH="26" HEIGHT="14" WC="0.90" CONTENT="en"/><SP WIDTH="14" VPOS="424" HPOS="879"/>
							<String ID="string_64" HPOS="893" VPOS="423" WIDTH="38" HEIGHT="14" WC="0.90" CONTENT="na-"/>
						</TextLine>
						<TextLine ID="line_8" HPOS="175" VPOS="450" WIDTH="756" HEIGHT="28">
							<String ID="string_65" HPOS="175" VPOS="450" WIDTH="64" HEIGHT="28" WC="0.91" CONTENT="turlig"/><SP WIDTH="14" VPOS="450" HPOS="239"/>
							<String ID="string_66" HPOS="253" VPOS="450" WIDTH="53" HEIGHT="27" WC="0.95" CONTENT="följd"/><SP WIDTH="15" VPOS="450" HPOS="306"/>
							<String ID="string_67" HPOS="321" VPOS="451" WIDTH="67" HEIGHT="25" WC="0.96" CONTENT="däraf,"/><SP WIDTH="16" VPOS="451" HPOS="388"/>
							<String ID="string_68" HPOS="404" VPOS="454" WIDTH="31" HEIGHT="18" WC="0.96" CONTENT="att"/><SP WIDTH="15" VPOS="454" HPOS="435"/>
							<String ID="string_69" HPOS="450" VPOS="451" WIDTH="85" HEIGHT="21" WC="0.96" CONTENT="landets"/><SP WIDTH="16" VPOS="451" HPOS="535"/>
							<String ID="string_70" HPOS="551" VPOS="450" WIDTH="118" HEIGHT="22" WC="0.93" CONTENT="förnämsta"/><SP WIDTH="8" VPOS="450" HPOS="669"/>
							<String ID="string_71" HPOS="677" VPOS="454" WIDTH="140" HEIGHT="24" WC="0.91" CONTENT="exportgren,"/><SP WIDTH="9" VPOS="454" HPOS="817"/>
							<String ID="string_72" HPOS="826" VPOS="450" WIDTH="105" HEIGHT="28" WC="0.91" CONTENT="sågrörel-"/>
						</TextLine>
						<TextLine ID="line_9" HPOS="175" VPOS="484" WIDTH="756" HEIGHT="28">
							<String ID="string_73" HPOS="175" VPOS="491" WIDTH="45" HEIGHT="19" WC="0.96" CONTENT="sen,"/><SP WIDTH="16" VPOS="491" HPOS="220"/>
							<String ID="string_74" HPOS="236" VPOS="484" WIDTH="42" HEIGHT="28" WC="0.96" CONTENT="gaf"/><SP WIDTH="9" VPOS="484" HPOS="278"/>
							<String ID="string_75" HPOS="287" VPOS="484" WIDTH="154" HEIGHT="27" WC="0.96" CONTENT="jämförelsevis"/><SP WIDTH="15" VPOS="484" HPOS="441"/>
							<String ID="string_76" HPOS="456" VPOS="485" WIDTH="50" HEIGHT="20" WC="0.96" CONTENT="klen"/><SP WIDTH="15" VPOS="485" HPOS="506"/>
							<String ID="string_77" HPOS="521" VPOS="485" WIDTH="100" HEIGHT="25" WC="0.96" CONTENT="inkomst,"/><SP WIDTH="16" VPOS="485" HPOS="621"/>
							<String ID="string_78" HPOS="637" VPOS="485" WIDTH="79" HEIGHT="21" WC="0.96" CONTENT="medan"/><SP WIDTH="15" VPOS="485" HPOS="716"/>
							<String ID="string_79" HPOS="731" VPOS="486" WIDTH="108" HEIGHT="26" WC="0.96" CONTENT="importen"/><SP WIDTH="15" VPOS="486" HPOS="839"/>
							<String ID="string_80" HPOS="854" VPOS="485" WIDTH="25" HEIGHT="20" WC="0.95" CONTENT="af"/><SP WIDTH="10" VPOS="485" HPOS="879"/>
							<String ID="string_81" HPOS="889" VPOS="484" WIDTH="42" HEIGHT="21" WC="0.96" CONTENT="alla"/>
						</TextLine>
						<TextLine ID="line_10" HPOS="175" VPOS="518" WIDTH="757" HEIGHT="28">
							<String ID="string_82" HPOS="175" VPOS="518" WIDTH="58" HEIGHT="27" WC="0.96" CONTENT="slags"/><SP WIDTH="23" VPOS="518" HPOS="233"/>
							<String ID="string_83" HPOS="256" VPOS="526" WIDTH="64" HEIGHT="13" WC="0.92" CONTENT="varor"/><SP WIDTH="22" VPOS="526" HPOS="320"/>
							<String ID="string_84" HPOS="342" VPOS="519" WIDTH="93" HEIGHT="27" WC="0.91" CONTENT="tortgick"/><SP WIDTH="21" VPOS="519" HPOS="435"/>
							<String ID="string_85" HPOS="456" VPOS="518" WIDTH="48" HEIGHT="22" WC="0.96" CONTENT="icke"/><SP WIDTH="22" VPOS="518" HPOS="504"/>
							<String ID="string_86" HPOS="526" VPOS="518" WIDTH="57" HEIGHT="22" WC="0.93" CONTENT="blott"/><SP WIDTH="24" VPOS="518" HPOS="583"/>
							<String ID="string_87" HPOS="607" VPOS="518" WIDTH="153" HEIGHT="26" WC="0.92" CONTENT="oförminskad,"/><SP WIDTH="17" VPOS="518" HPOS="760"/>
							<String ID="string_88" HPOS="777" VPOS="522" WIDTH="50" HEIGHT="18" WC="0.97" CONTENT="utan"/><SP WIDTH="16" VPOS="522" HPOS="827"/>
							<String ID="string_89" HPOS="843" VPOS="518" WIDTH="31" HEIGHT="22" WC="0.96" CONTENT="till"/><SP WIDTH="14" VPOS="518" HPOS="874"/>
							<String ID="string_90" HPOS="888" VPOS="518" WIDTH="44" HEIGHT="21" WC="0.96" CONTENT="och"/>
						</TextLine>
						<TextLine ID="line_11" HPOS="175" VPOS="552" WIDTH="757" HEIGHT="28">
							<String ID="string_91" HPOS="175" VPOS="552" WIDTH="50" HEIGHT="21" WC="0.95" CONTENT="med"/><SP WIDTH="15" VPOS="552" HPOS="225"/>
							<String ID="string_92" HPOS="240" VPOS="554" WIDTH="8" HEIGHT="19" WC="0.96" CONTENT="i"/><SP WIDTH="15" VPOS="554" HPOS="248"/>
							<String ID="string_93" HPOS="263" VPOS="553" WIDTH="69" HEIGHT="21" WC="0.96" CONTENT="större"/><SP WIDTH="16" VPOS="553" HPOS="332"/>
							<String ID="string_94" HPOS="348" VPOS="553" WIDTH="128" HEIGHT="27" WC="0.96" CONTENT="omfattning"/><SP WIDTH="18" VPOS="553" HPOS="476"/>
							<String ID="string_95" HPOS="494" VPOS="553" WIDTH="27" HEIGHT="21" WC="0.96" CONTENT="än"/><SP WIDTH="22" VPOS="553" HPOS="521"/>
							<String ID="string_96" HPOS="543" VPOS="554" WIDTH="68" HEIGHT="26" WC="0.96" CONTENT="något"/><SP WIDTH="22" VPOS="554" HPOS="611"/>
							<String ID="string_97" HPOS="633" VPOS="553" WIDTH="132" HEIGHT="27" WC="0.96" CONTENT="föregående"/><SP WIDTH="21" VPOS="553" HPOS="765"/>
							<String ID="string_98" HPOS="786" VPOS="554" WIDTH="23" HEIGHT="20" WC="0.96" CONTENT="år"/><SP WIDTH="22" VPOS="554" HPOS="809"/>
							<String ID="string_99" HPOS="831" VPOS="552" WIDTH="41" HEIGHT="21" WC="0.93" CONTENT="och"/><SP WIDTH="21" VPOS="552" HPOS="872"/>
							<String ID="string_100" HPOS="893" VPOS="552" WIDTH="39" HEIGHT="22" WC="0.92" CONTENT="be-"/>
						</TextLine>
						<TextLine ID="line_12" HPOS="175" VPOS="586" WIDTH="757" HEIGHT="28">
							<String ID="string_101" HPOS="175" VPOS="586" WIDTH="84" HEIGHT="28" WC="0.96" CONTENT="tydliga"/><SP WIDTH="15" VPOS="586" HPOS="259"/>
							<String ID="string_102" HPOS="274" VPOS="587" WIDTH="114" HEIGHT="27" WC="0.93" CONTENT="tillgångar"/><SP WIDTH="21" VPOS="587" HPOS="388"/>
							<String ID="string_103" HPOS="409" VPOS="588" WIDTH="96" HEIGHT="20" WC="0.92" CONTENT="fästades"/><SP WIDTH="20" VPOS="588" HPOS="505"/>
							<String ID="string_104" HPOS="525" VPOS="588" WIDTH="6" HEIGHT="20" WC="0.93" CONTENT="i"/><SP WIDTH="16" VPOS="588" HPOS="531"/>
							<String ID="string_105" HPOS="547" VPOS="587" WIDTH="209" HEIGHT="27" WC="0.91" CONTENT="byggnadsföretag."/><SP WIDTH="37" VPOS="587" HPOS="756"/>
							<String ID="string_106" HPOS="793" VPOS="587" WIDTH="139" HEIGHT="27" WC="0.96" CONTENT="Spänningen"/>
						</TextLine>
						<TextLine ID="line_13" HPOS="176" VPOS="620" WIDTH="756" HEIGHT="28">
							<String ID="string_107" HPOS="176" VPOS="620" WIDTH="102" HEIGHT="21" WC="0.96" CONTENT="försvann"/><SP WIDTH="12" VPOS="620" HPOS="278"/>
							<String ID="string_108" HPOS="290" VPOS="621" WIDTH="67" HEIGHT="21" WC="0.96" CONTENT="sedan"/><SP WIDTH="15" VPOS="621" HPOS="357"/>
							<String ID="string_109" HPOS="372" VPOS="621" WIDTH="38" HEIGHT="21" WC="0.96" CONTENT="det"/><SP WIDTH="14" VPOS="621" HPOS="410"/>
							<String ID="string_110" HPOS="424" VPOS="622" WIDTH="55" HEIGHT="20" WC="0.96" CONTENT="visat"/><SP WIDTH="16" VPOS="622" HPOS="479"/>
							<String ID="string_111" HPOS="495" VPOS="622" WIDTH="39" HEIGHT="26" WC="0.96" CONTENT="sig,"/><SP WIDTH="17" VPOS="622" HPOS="534"/>
							<String ID="string_112" HPOS="551" VPOS="624" WIDTH="32" HEIGHT="18" WC="0.96" CONTENT="att"/><SP WIDTH="15" VPOS="624" HPOS="583"/>
							<String ID="string_113" HPOS="598" VPOS="621" WIDTH="81" HEIGHT="27" WC="0.95" CONTENT="nödiga"/><SP WIDTH="15" VPOS="621" HPOS="679"/>
							<String ID="string_114" HPOS="694" VPOS="621" WIDTH="114" HEIGHT="27" WC="0.95" CONTENT="tillgångar"/><SP WIDTH="14" VPOS="621" HPOS="808"/>
							<String ID="string_115" HPOS="822" VPOS="620" WIDTH="48" HEIGHT="22" WC="0.93" CONTENT="icke"/><SP WIDTH="12" VPOS="620" HPOS="870"/>
							<String ID="string_116" HPOS="882" VPOS="621" WIDTH="50" HEIGHT="21" WC="0.91" CONTENT="sak-"/>
						</TextLine>
						<TextLine ID="line_14" HPOS="176" VPOS="654" WIDTH="756" HEIGHT="28">
							<String ID="string_117" HPOS="176" VPOS="654" WIDTH="68" HEIGHT="22" WC="0.90" CONTENT="nades"/><SP WIDTH="15" VPOS="654" HPOS="244"/>
							<String ID="string_118" HPOS="259" VPOS="655" WIDTH="34" HEIGHT="20" WC="0.96" CONTENT="för"/><SP WIDTH="14" VPOS="655" HPOS="293"/>
							<String ID="string_119" HPOS="307" VPOS="658" WIDTH="32" HEIGHT="18" WC="0.96" CONTENT="att"/><SP WIDTH="15" VPOS="658" HPOS="339"/>
							<String ID="string_120" HPOS="354" VPOS="655" WIDTH="70" HEIGHT="21" WC="0.93" CONTENT="kunna"/><SP WIDTH="15" VPOS="655" HPOS="424"/>
							<String ID="string_121" HPOS="439" VPOS="655" WIDTH="86" HEIGHT="21" WC="0.91" CONTENT="ostördt"/><SP WIDTH="14" VPOS="655" HPOS="525"/>
							<String ID="string_122" HPOS="539" VPOS="656" WIDTH="109" HEIGHT="26" WC="0.96" CONTENT="genomgå"/><SP WIDTH="16" VPOS="656" HPOS="648"/>
							<String ID="string_123" HPOS="664" VPOS="655" WIDTH="42" HEIGHT="20" WC="0.95" CONTENT="den"/><SP WIDTH="12" VPOS="655" HPOS="706"/>
							<String ID="string_124" HPOS="718" VPOS="655" WIDTH="38" HEIGHT="25" WC="0.95" CONTENT="tid,"/><SP WIDTH="10" VPOS="655" HPOS="756"/>
							<String ID="string_125" HPOS="766" VPOS="655" WIDTH="67" HEIGHT="21" WC="0.96" CONTENT="under"/><SP WIDTH="12" VPOS="655" HPOS="833"/>
							<String ID="string_126" HPOS="845" VPOS="654" WIDTH="87" HEIGHT="22" WC="0.96" CONTENT="hvilken"/>
						</TextLine>
						<TextLine ID="line_15" HPOS="177" VPOS="688" WIDTH="756" HEIGHT="28">
							<String ID="string_127" HPOS="177" VPOS="688" WIDTH="55" HEIGHT="20" WC="0.96" CONTENT="ännu"/><SP WIDTH="27" VPOS="688" HPOS="232"/>
							<String ID="string_128" HPOS="259" VPOS="689" WIDTH="71" HEIGHT="27" WC="0.96" CONTENT="någon"/><SP WIDTH="22" VPOS="689" HPOS="330"/>
							<String ID="string_129" HPOS="352" VPOS="689" WIDTH="81" HEIGHT="21" WC="0.96" CONTENT="verkan"/><SP WIDTH="22" VPOS="689" HPOS="433"/>
							<String ID="string_130" HPOS="455" VPOS="689" WIDTH="25" HEIGHT="21" WC="0.90" CONTENT="af"/><SP WIDTH="18" VPOS="689" HPOS="480"/>
							<String ID="string_131" HPOS="498" VPOS="689" WIDTH="99" HEIGHT="27" WC="0.90" CONTENT="antydda"/><SP WIDTH="15" VPOS="689" HPOS="597"/>
							<String ID="string_132" HPOS="612" VPOS="688" WIDTH="106" HEIGHT="27" WC="0.96" CONTENT="tillfälliga"/><SP WIDTH="14" VPOS="688" HPOS="718"/>
							<String ID="string_133" HPOS="732" VPOS="688" WIDTH="201" HEIGHT="22" WC="0.96" CONTENT="missförhållanden"/>
						</TextLine>
						<TextLine ID="line_16" HPOS="176" VPOS="722" WIDTH="274" HEIGHT="28">
							<String ID="string_134" HPOS="176" VPOS="722" WIDTH="89" HEIGHT="21" WC="0.96" CONTENT="komme"/><SP WIDTH="15" VPOS="722" HPOS="265"/>
							<String ID="string_135" HPOS="280" VPOS="726" WIDTH="32" HEIGHT="18" WC="0.92" CONTENT="att"/><SP WIDTH="15" VPOS="726" HPOS="312"/>
							<String ID="string_136" HPOS="327" VPOS="723" WIDTH="123" HEIGHT="27" WC="0.90" CONTENT="förspörjas."/>
						</TextLine>
					</TextBlock>
					<TextBlock ID="block_3" HPOS="177" VPOS="756" WIDTH="757" HEIGHT="265">
						<TextLine ID="line_17" HPOS="245" VPOS="756" WIDTH="687" HEIGHT="28">
							<String ID="string_137" HPOS="245" VPOS="756" WIDTH="65" HEIGHT="21" WC="0.96" CONTENT="Hvad"/><SP WIDTH="22" VPOS="756" HPOS="310"/>
							<String ID="string_138" HPOS="332" VPOS="757" WIDTH="33" HEIGHT="20" WC="0.96" CONTENT="för"/><SP WIDTH="22" VPOS="757" HPOS="365"/>
							<String ID="string_139" HPOS="387" VPOS="757" WIDTH="64" HEIGHT="27" WC="0.95" CONTENT="öfrigt"/><SP WIDTH="23" VPOS="757" HPOS="451"/>
							<String ID="string_140" HPOS="474" VPOS="757" WIDTH="27" HEIGHT="21" WC="0.96" CONTENT="de"/><SP WIDTH="22" VPOS="757" HPOS="501"/>
							<String ID="string_141" HPOS="523" VPOS="758" WIDTH="7" HEIGHT="20" WC="0.90" CONTENT="i"/><SP WIDTH="19" VPOS="758" HPOS="530"/>
							<String ID="string_142" HPOS="549" VPOS="756" WIDTH="9" HEIGHT="28" WC="0.83" CONTENT="&amp;"/><SP WIDTH="19" VPOS="756" HPOS="558"/>
							<String ID="string_143" HPOS="577" VPOS="762" WIDTH="25" HEIGHT="15" WC="0.96" CONTENT="10"/><SP WIDTH="21" VPOS="762" HPOS="602"/>
							<String ID="string_144" HPOS="623" VPOS="756" WIDTH="25" HEIGHT="21" WC="0.93" CONTENT="af"/><SP WIDTH="19" VPOS="756" HPOS="648"/>
							<String ID="string_145" HPOS="667" VPOS="756" WIDTH="207" HEIGHT="27" WC="0.92" CONTENT="Bankfullmäktiges"/><SP WIDTH="20" VPOS="756" HPOS="874"/>
							<String ID="string_146" HPOS="894" VPOS="756" WIDTH="38" HEIGHT="21" WC="0.93" CONTENT="be-"/>
						</TextLine>
						<TextLine ID="line_18" HPOS="177" VPOS="790" WIDTH="755" HEIGHT="26">
							<String ID="string_147" HPOS="177" VPOS="790" WIDTH="89" HEIGHT="21" WC="0.96" CONTENT="rättelse"/><SP WIDTH="15" VPOS="790" HPOS="266"/>
							<String ID="string_148" HPOS="281" VPOS="790" WIDTH="92" HEIGHT="22" WC="0.96" CONTENT="berörda"/><SP WIDTH="15" VPOS="790" HPOS="373"/>
							<String ID="string_149" HPOS="388" VPOS="791" WIDTH="77" HEIGHT="21" WC="0.93" CONTENT="ämnen"/><SP WIDTH="14" VPOS="791" HPOS="465"/>
							<String ID="string_150" HPOS="479" VPOS="791" WIDTH="141" HEIGHT="25" WC="0.92" CONTENT="vidkommer,"/><SP WIDTH="17" VPOS="791" HPOS="620"/>
							<String ID="string_151" HPOS="637" VPOS="791" WIDTH="38" HEIGHT="20" WC="0.96" CONTENT="har"/><SP WIDTH="15" VPOS="791" HPOS="675"/>
							<String ID="string_152" HPOS="690" VPOS="790" WIDTH="121" HEIGHT="25" WC="0.96" CONTENT="Utskottet,"/><SP WIDTH="17" VPOS="790" HPOS="811"/>
							<String ID="string_153" HPOS="828" VPOS="797" WIDTH="47" HEIGHT="14" WC="0.93" CONTENT="som"/><SP WIDTH="21" VPOS="797" HPOS="875"/>
							<String ID="string_154" HPOS="896" VPOS="798" WIDTH="36" HEIGHT="14" WC="0.92" CONTENT="an-"/>
						</TextLine>
						<TextLine ID="line_19" HPOS="177" VPOS="824" WIDTH="755" HEIGHT="27">
							<String ID="string_155" HPOS="177" VPOS="830" WIDTH="35" HEIGHT="14" WC="0.96" CONTENT="ser"/><SP WIDTH="21" VPOS="830" HPOS="212"/>
							<String ID="string_156" HPOS="233" VPOS="824" WIDTH="94" HEIGHT="21" WC="0.96" CONTENT="beslutet"/><SP WIDTH="18" VPOS="824" HPOS="327"/>
							<String ID="string_157" HPOS="345" VPOS="825" WIDTH="25" HEIGHT="20" WC="0.96" CONTENT="af"/><SP WIDTH="12" VPOS="825" HPOS="370"/>
							<String ID="string_158" HPOS="382" VPOS="825" WIDTH="41" HEIGHT="20" WC="0.96" CONTENT="den"/><SP WIDTH="14" VPOS="825" HPOS="423"/>
							<String ID="string_159" HPOS="437" VPOS="825" WIDTH="14" HEIGHT="20" WC="0.96" CONTENT="6"/><SP WIDTH="16" VPOS="825" HPOS="451"/>
							<String ID="string_160" HPOS="467" VPOS="825" WIDTH="92" HEIGHT="20" WC="0.96" CONTENT="oktober"/><SP WIDTH="17" VPOS="825" HPOS="559"/>
							<String ID="string_161" HPOS="576" VPOS="826" WIDTH="60" HEIGHT="25" WC="0.96" CONTENT="1890,"/><SP WIDTH="16" VPOS="826" HPOS="636"/>
							<String ID="string_162" HPOS="652" VPOS="828" WIDTH="32" HEIGHT="17" WC="0.96" CONTENT="att"/><SP WIDTH="16" VPOS="828" HPOS="684"/>
							<String ID="string_163" HPOS="700" VPOS="826" WIDTH="6" HEIGHT="19" WC="0.96" CONTENT="i"/><SP WIDTH="16" VPOS="826" HPOS="706"/>
							<String ID="string_164" HPOS="722" VPOS="824" WIDTH="101" HEIGHT="21" WC="0.92" CONTENT="afseende"/><SP WIDTH="15" VPOS="824" HPOS="823"/>
							<String ID="string_165" HPOS="838" VPOS="825" WIDTH="12" HEIGHT="20" WC="0.92" CONTENT="å"/><SP WIDTH="12" VPOS="825" HPOS="850"/>
							<String ID="string_166" HPOS="862" VPOS="825" WIDTH="70" HEIGHT="20" WC="0.92" CONTENT="ränte-"/>
						</TextLine>
						<TextLine ID="line_20" HPOS="177" VPOS="857" WIDTH="755" HEIGHT="28">
							<String ID="string_167" HPOS="177" VPOS="861" WIDTH="74" HEIGHT="17" WC="0.92" CONTENT="satsen"/><SP WIDTH="23" VPOS="861" HPOS="251"/>
							<String ID="string_168" HPOS="274" VPOS="858" WIDTH="91" HEIGHT="21" WC="0.91" CONTENT="likställa"/><SP WIDTH="15" VPOS="858" HPOS="365"/>
							<String ID="string_169" HPOS="380" VPOS="859" WIDTH="41" HEIGHT="20" WC="0.96" CONTENT="alla"/><SP WIDTH="15" VPOS="859" HPOS="421"/>
							<String ID="string_170" HPOS="436" VPOS="859" WIDTH="35" HEIGHT="20" WC="0.96" CONTENT="lån"/><SP WIDTH="14" VPOS="859" HPOS="471"/>
							<String ID="string_171" HPOS="485" VPOS="862" WIDTH="46" HEIGHT="17" WC="0.96" CONTENT="mot"/><SP WIDTH="16" VPOS="862" HPOS="531"/>
							<String ID="string_172" HPOS="547" VPOS="862" WIDTH="54" HEIGHT="23" WC="0.95" CONTENT="pant"/><SP WIDTH="14" VPOS="862" HPOS="601"/>
							<String ID="string_173" HPOS="615" VPOS="858" WIDTH="28" HEIGHT="21" WC="0.95" CONTENT="af"/><SP WIDTH="10" VPOS="858" HPOS="643"/>
							<String ID="string_174" HPOS="653" VPOS="857" WIDTH="82" HEIGHT="22" WC="0.96" CONTENT="sådana"/><SP WIDTH="15" VPOS="857" HPOS="735"/>
							<String ID="string_175" HPOS="750" VPOS="864" WIDTH="63" HEIGHT="14" WC="0.96" CONTENT="varor"/><SP WIDTH="14" VPOS="864" HPOS="813"/>
							<String ID="string_176" HPOS="827" VPOS="865" WIDTH="47" HEIGHT="13" WC="0.96" CONTENT="som"/><SP WIDTH="16" VPOS="865" HPOS="874"/>
							<String ID="string_177" HPOS="890" VPOS="858" WIDTH="20" HEIGHT="21" WC="0.96" CONTENT="få"/><SP WIDTH="16" VPOS="858" HPOS="910"/>
							<String ID="string_178" HPOS="926" VPOS="859" WIDTH="6" HEIGHT="20" WC="0.96" CONTENT="i"/>
						</TextLine>
						<TextLine ID="line_21" HPOS="177" VPOS="891" WIDTH="756" HEIGHT="28">
							<String ID="string_179" HPOS="177" VPOS="891" WIDTH="90" HEIGHT="21" WC="0.93" CONTENT="Banken"/><SP WIDTH="15" VPOS="891" HPOS="267"/>
							<String ID="string_180" HPOS="282" VPOS="892" WIDTH="93" HEIGHT="25" WC="0.91" CONTENT="belånas,"/><SP WIDTH="16" VPOS="892" HPOS="375"/>
							<String ID="string_181" HPOS="391" VPOS="893" WIDTH="27" HEIGHT="20" WC="0.96" CONTENT="ha"/><SP WIDTH="15" VPOS="893" HPOS="418"/>
							<String ID="string_182" HPOS="433" VPOS="894" WIDTH="54" HEIGHT="19" WC="0.96" CONTENT="varit"/><SP WIDTH="15" VPOS="894" HPOS="487"/>
							<String ID="string_183" HPOS="502" VPOS="894" WIDTH="6" HEIGHT="19" WC="0.93" CONTENT="i"/><SP WIDTH="15" VPOS="894" HPOS="508"/>
							<String ID="string_184" HPOS="523" VPOS="892" WIDTH="43" HEIGHT="21" WC="0.91" CONTENT="allo"/><SP WIDTH="15" VPOS="892" HPOS="566"/>
							<String ID="string_185" HPOS="581" VPOS="892" WIDTH="149" HEIGHT="27" WC="0.91" CONTENT="välgrundadt,"/><SP WIDTH="18" VPOS="892" HPOS="730"/>
							<String ID="string_186" HPOS="748" VPOS="891" WIDTH="47" HEIGHT="21" WC="0.96" CONTENT="icke"/><SP WIDTH="15" VPOS="891" HPOS="795"/>
							<String ID="string_187" HPOS="810" VPOS="891" WIDTH="67" HEIGHT="22" WC="0.92" CONTENT="funnit"/><SP WIDTH="19" VPOS="891" HPOS="877"/>
							<String ID="string_188" HPOS="896" VPOS="893" WIDTH="37" HEIGHT="20" WC="0.92" CONTENT="nå-"/>
						</TextLine>
						<TextLine ID="line_22" HPOS="177" VPOS="925" WIDTH="756" HEIGHT="28">
							<String ID="string_189" HPOS="177" VPOS="932" WIDTH="45" HEIGHT="20" WC="0.96" CONTENT="gon"/><SP WIDTH="14" VPOS="932" HPOS="222"/>
							<String ID="string_190" HPOS="236" VPOS="926" WIDTH="116" HEIGHT="27" WC="0.96" CONTENT="anledning"/><SP WIDTH="14" VPOS="926" HPOS="352"/>
							<String ID="string_191" HPOS="366" VPOS="926" WIDTH="32" HEIGHT="21" WC="0.96" CONTENT="till"/><SP WIDTH="14" VPOS="926" HPOS="398"/>
							<String ID="string_192" HPOS="412" VPOS="928" WIDTH="82" HEIGHT="19" WC="0.96" CONTENT="erinran"/><SP WIDTH="15" VPOS="928" HPOS="494"/>
							<String ID="string_193" HPOS="509" VPOS="926" WIDTH="136" HEIGHT="21" WC="0.96" CONTENT="beträffande"/><SP WIDTH="15" VPOS="926" HPOS="645"/>
							<String ID="string_194" HPOS="660" VPOS="926" WIDTH="27" HEIGHT="20" WC="0.97" CONTENT="de"/><SP WIDTH="16" VPOS="926" HPOS="687"/>
							<String ID="string_195" HPOS="703" VPOS="925" WIDTH="165" HEIGHT="27" WC="0.96" CONTENT="bestämningar,"/><SP WIDTH="17" VPOS="925" HPOS="868"/>
							<String ID="string_196" HPOS="885" VPOS="933" WIDTH="48" HEIGHT="13" WC="0.97" CONTENT="som"/>
						</TextLine>
						<TextLine ID="line_23" HPOS="177" VPOS="959" WIDTH="757" HEIGHT="28">
							<String ID="string_197" HPOS="177" VPOS="959" WIDTH="105" HEIGHT="27" WC="0.96" CONTENT="vidtagits"/><SP WIDTH="15" VPOS="959" HPOS="282"/>
							<String ID="string_198" HPOS="297" VPOS="961" WIDTH="7" HEIGHT="19" WC="0.96" CONTENT="i"/><SP WIDTH="15" VPOS="961" HPOS="304"/>
							<String ID="string_199" HPOS="319" VPOS="960" WIDTH="60" HEIGHT="27" WC="0.96" CONTENT="fråga"/><SP WIDTH="15" VPOS="960" HPOS="379"/>
							<String ID="string_200" HPOS="394" VPOS="967" WIDTH="36" HEIGHT="14" WC="0.92" CONTENT="om"/><SP WIDTH="14" VPOS="967" HPOS="430"/>
							<String ID="string_201" HPOS="444" VPOS="961" WIDTH="48" HEIGHT="20" WC="0.92" CONTENT="låne"/><SP WIDTH="11" VPOS="961" HPOS="492"/>
							<String ID="string_202" HPOS="503" VPOS="960" WIDTH="42" HEIGHT="21" WC="0.93" CONTENT="och"/><SP WIDTH="10" VPOS="960" HPOS="545"/>
							<String ID="string_203" HPOS="555" VPOS="960" WIDTH="176" HEIGHT="24" WC="0.91" CONTENT="förfallotiderna,"/><SP WIDTH="14" VPOS="960" HPOS="731"/>
							<String ID="string_204" HPOS="745" VPOS="959" WIDTH="189" HEIGHT="28" WC="0.91" CONTENT="belåningsvärdet"/>
						</TextLine>
						<TextLine ID="line_24" HPOS="177" VPOS="993" WIDTH="557" HEIGHT="28">
							<String ID="string_205" HPOS="177" VPOS="993" WIDTH="33" HEIGHT="20" WC="0.96" CONTENT="för"/><SP WIDTH="15" VPOS="993" HPOS="210"/>
							<String ID="string_206" HPOS="225" VPOS="997" WIDTH="78" HEIGHT="23" WC="0.96" CONTENT="panter"/><SP WIDTH="15" VPOS="997" HPOS="303"/>
							<String ID="string_207" HPOS="318" VPOS="994" WIDTH="42" HEIGHT="21" WC="0.96" CONTENT="och"/><SP WIDTH="15" VPOS="994" HPOS="360"/>
							<String ID="string_208" HPOS="375" VPOS="994" WIDTH="104" HEIGHT="21" WC="0.96" CONTENT="särskilda"/><SP WIDTH="15" VPOS="994" HPOS="479"/>
							<String ID="string_209" HPOS="494" VPOS="994" WIDTH="47" HEIGHT="27" WC="0.96" CONTENT="slag"/><SP WIDTH="15" VPOS="994" HPOS="541"/>
							<String ID="string_210" HPOS="556" VPOS="994" WIDTH="25" HEIGHT="21" WC="0.96" CONTENT="af"/><SP WIDTH="12" VPOS="994" HPOS="581"/>
							<String ID="string_211" HPOS="593" VPOS="995" WIDTH="141" HEIGHT="26" WC="0.96" CONTENT="provisioner."/>
						</TextLine>
					</TextBlock>
					<TextBlock ID="block_4" HPOS="178" VPOS="1027" WIDTH="756" HEIGHT="124">
						<TextLine ID="line_25" HPOS="246" VPOS="1027" WIDTH="688" HEIGHT="28">
							<String ID="string_212" HPOS="246" VPOS="1027" WIDTH="36" HEIGHT="21" WC="0.96" CONTENT="Då"/><SP WIDTH="14" VPOS="1027" HPOS="282"/>
							<String ID="string_213" HPOS="296" VPOS="1028" WIDTH="100" HEIGHT="21" WC="0.96" CONTENT="Finlands"/><SP WIDTH="16" VPOS="1028" HPOS="396"/>
							<String ID="string_214" HPOS="412" VPOS="1028" WIDTH="71" HEIGHT="21" WC="0.96" CONTENT="Banks"/><SP WIDTH="15" VPOS="1028" HPOS="483"/>
							<String ID="string_215" HPOS="498" VPOS="1028" WIDTH="159" HEIGHT="27" WC="0.96" CONTENT="förfaringssätt"/><SP WIDTH="16" VPOS="1028" HPOS="657"/>
							<String ID="string_216" HPOS="673" VPOS="1030" WIDTH="59" HEIGHT="18" WC="0.96" CONTENT="emot"/><SP WIDTH="16" VPOS="1030" HPOS="732"/>
							<String ID="string_217" HPOS="748" VPOS="1034" WIDTH="26" HEIGHT="13" WC="0.97" CONTENT="en"/><SP WIDTH="22" VPOS="1034" HPOS="774"/>
							<String ID="string_218" HPOS="796" VPOS="1027" WIDTH="35" HEIGHT="21" WC="0.93" CONTENT="del"/><SP WIDTH="23" VPOS="1027" HPOS="831"/>
							<String ID="string_219" HPOS="854" VPOS="1029" WIDTH="80" HEIGHT="25" WC="0.92" CONTENT="privat-"/>
						</TextLine>
						<TextLine ID="line_26" HPOS="178" VPOS="1061" WIDTH="756" HEIGHT="27">
							<String ID="string_220" HPOS="178" VPOS="1061" WIDTH="82" HEIGHT="21" WC="0.96" CONTENT="banker"/><SP WIDTH="22" VPOS="1061" HPOS="260"/>
							<String ID="string_221" HPOS="282" VPOS="1062" WIDTH="67" HEIGHT="20" WC="0.96" CONTENT="under"/><SP WIDTH="22" VPOS="1062" HPOS="349"/>
							<String ID="string_222" HPOS="371" VPOS="1062" WIDTH="86" HEIGHT="21" WC="0.96" CONTENT="förlidet"/><SP WIDTH="17" VPOS="1062" HPOS="457"/>
							<String ID="string_223" HPOS="474" VPOS="1063" WIDTH="23" HEIGHT="20" WC="0.96" CONTENT="år"/><SP WIDTH="22" VPOS="1063" HPOS="497"/>
							<String ID="string_224" HPOS="519" VPOS="1063" WIDTH="56" HEIGHT="20" WC="0.96" CONTENT="varit"/><SP WIDTH="22" VPOS="1063" HPOS="575"/>
							<String ID="string_225" HPOS="597" VPOS="1061" WIDTH="89" HEIGHT="22" WC="0.96" CONTENT="föremål"/><SP WIDTH="16" VPOS="1061" HPOS="686"/>
							<String ID="string_226" HPOS="702" VPOS="1061" WIDTH="32" HEIGHT="21" WC="0.96" CONTENT="för"/><SP WIDTH="16" VPOS="1061" HPOS="734"/>
							<String ID="string_227" HPOS="750" VPOS="1061" WIDTH="162" HEIGHT="27" WC="0.93" CONTENT="anmärkningar"/><SP WIDTH="16" VPOS="1061" HPOS="912"/>
							<String ID="string_228" HPOS="928" VPOS="1063" WIDTH="6" HEIGHT="18" WC="0.93" CONTENT="5"/>
						</TextLine>
						<TextLine ID="line_27" HPOS="178" VPOS="1095" WIDTH="756" HEIGHT="27">
							<String ID="string_229" HPOS="178" VPOS="1095" WIDTH="192" HEIGHT="27" WC="0.91" CONTENT="tidningspressen,"/><SP WIDTH="16" VPOS="1095" HPOS="370"/>
							<String ID="string_230" HPOS="386" VPOS="1096" WIDTH="39" HEIGHT="21" WC="0.96" CONTENT="har"/><SP WIDTH="14" VPOS="1096" HPOS="425"/>
							<String ID="string_231" HPOS="439" VPOS="1096" WIDTH="115" HEIGHT="21" WC="0.96" CONTENT="Utskottet"/><SP WIDTH="15" VPOS="1096" HPOS="554"/>
							<String ID="string_232" HPOS="569" VPOS="1099" WIDTH="72" HEIGHT="18" WC="0.96" CONTENT="ansett"/><SP WIDTH="15" VPOS="1099" HPOS="641"/>
							<String ID="string_233" HPOS="656" VPOS="1097" WIDTH="33" HEIGHT="25" WC="0.96" CONTENT="sig"/><SP WIDTH="16" VPOS="1097" HPOS="689"/>
							<String ID="string_234" HPOS="705" VPOS="1095" WIDTH="53" HEIGHT="21" WC="0.96" CONTENT="böra"/><SP WIDTH="14" VPOS="1095" HPOS="758"/>
							<String ID="string_235" HPOS="772" VPOS="1098" WIDTH="51" HEIGHT="24" WC="0.96" CONTENT="taga"/><SP WIDTH="13" VPOS="1098" HPOS="823"/>
							<String ID="string_236" HPOS="836" VPOS="1095" WIDTH="98" HEIGHT="20" WC="0.96" CONTENT="närmare"/>
						</TextLine>
						<TextLine ID="line_28" HPOS="178" VPOS="1129" WIDTH="514" HEIGHT="22">
							<String ID="string_237" HPOS="178" VPOS="1129" WIDTH="124" HEIGHT="22" WC="0.96" CONTENT="kännedom"/><SP WIDTH="16" VPOS="1129" HPOS="302"/>
							<String ID="string_238" HPOS="318" VPOS="1137" WIDTH="36" HEIGHT="13" WC="0.96" CONTENT="om"/><SP WIDTH="14" VPOS="1137" HPOS="354"/>
							<String ID="string_239" HPOS="368" VPOS="1130" WIDTH="56" HEIGHT="21" WC="0.96" CONTENT="rätta"/><SP WIDTH="15" VPOS="1130" HPOS="424"/>
							<String ID="string_240" HPOS="439" VPOS="1130" WIDTH="142" HEIGHT="21" WC="0.96" CONTENT="förhållandet"/><SP WIDTH="16" VPOS="1130" HPOS="581"/>
							<String ID="string_241" HPOS="597" VPOS="1129" WIDTH="95" HEIGHT="22" WC="0.96" CONTENT="härmed."/>
						</TextLine>
					</TextBlock>
					<TextBlock ID="block_5" HPOS="176" VPOS="1162" WIDTH="760" HEIGHT="299">
						<TextLine ID="line_29" HPOS="247" VPOS="1162" WIDTH="686" HEIGHT="29">
							<String ID="string_242" HPOS="247" VPOS="1163" WIDTH="50" HEIGHT="21" WC="0.96" CONTENT="Den"/><SP WIDTH="14" VPOS="1163" HPOS="297"/>
							<String ID="string_243" HPOS="311" VPOS="1167" WIDTH="78" HEIGHT="23" WC="0.96" CONTENT="nyaste"/><SP WIDTH="15" VPOS="1167" HPOS="389"/>
							<String ID="string_244" HPOS="404" VPOS="1164" WIDTH="25" HEIGHT="21" WC="0.93" CONTENT="af"/><SP WIDTH="13" VPOS="1164" HPOS="429"/>
							<String ID="string_245" HPOS="442" VPOS="1164" WIDTH="187" HEIGHT="27" WC="0.92" CONTENT="privatbankerna,"/><SP WIDTH="23" VPOS="1164" HPOS="629"/>
							<String ID="string_246" HPOS="652" VPOS="1162" WIDTH="281" HEIGHT="28" WC="0.91" CONTENT="Kansallis-Osakepankki,"/>
						</TextLine>
						<TextLine ID="line_30" HPOS="179" VPOS="1197" WIDTH="755" HEIGHT="28">
							<String ID="string_247" HPOS="179" VPOS="1197" WIDTH="57" HEIGHT="21" WC="0.95" CONTENT="hade"/><SP WIDTH="23" VPOS="1197" HPOS="236"/>
							<String ID="string_248" HPOS="259" VPOS="1197" WIDTH="25" HEIGHT="20" WC="0.95" CONTENT="af"/><SP WIDTH="17" VPOS="1197" HPOS="284"/>
							<String ID="string_249" HPOS="301" VPOS="1197" WIDTH="102" HEIGHT="21" WC="0.96" CONTENT="Finlands"/><SP WIDTH="23" VPOS="1197" HPOS="403"/>
							<String ID="string_250" HPOS="426" VPOS="1197" WIDTH="71" HEIGHT="22" WC="0.91" CONTENT="Banks"/><SP WIDTH="22" VPOS="1197" HPOS="497"/>
							<String ID="string_251" HPOS="519" VPOS="1198" WIDTH="121" HEIGHT="25" WC="0.91" CONTENT="Direktion,"/><SP WIDTH="18" VPOS="1198" HPOS="640"/>
							<String ID="string_252" HPOS="658" VPOS="1198" WIDTH="29" HEIGHT="27" WC="0.96" CONTENT="på"/><SP WIDTH="17" VPOS="1198" HPOS="687"/>
							<String ID="string_253" HPOS="704" VPOS="1197" WIDTH="76" HEIGHT="20" WC="0.96" CONTENT="därom"/><SP WIDTH="14" VPOS="1197" HPOS="780"/>
							<String ID="string_254" HPOS="794" VPOS="1197" WIDTH="63" HEIGHT="27" WC="0.93" CONTENT="gjord"/><SP WIDTH="15" VPOS="1197" HPOS="857"/>
							<String ID="string_255" HPOS="872" VPOS="1197" WIDTH="62" HEIGHT="20" WC="0.92" CONTENT="fram-"/>
						</TextLine>
						<TextLine ID="line_31" HPOS="179" VPOS="1230" WIDTH="756" HEIGHT="29">
							<String ID="string_256" HPOS="179" VPOS="1231" WIDTH="108" HEIGHT="27" WC="0.93" CONTENT="ställning,"/><SP WIDTH="16" VPOS="1231" HPOS="287"/>
							<String ID="string_257" HPOS="303" VPOS="1231" WIDTH="149" HEIGHT="22" WC="0.91" CONTENT="tillförsäkrats"/><SP WIDTH="16" VPOS="1231" HPOS="452"/>
							<String ID="string_258" HPOS="468" VPOS="1232" WIDTH="103" HEIGHT="27" WC="0.96" CONTENT="rättighet"/><SP WIDTH="16" VPOS="1232" HPOS="571"/>
							<String ID="string_259" HPOS="587" VPOS="1235" WIDTH="32" HEIGHT="17" WC="0.96" CONTENT="att"/><SP WIDTH="15" VPOS="1235" HPOS="619"/>
							<String ID="string_260" HPOS="634" VPOS="1231" WIDTH="21" HEIGHT="21" WC="0.96" CONTENT="få"/><SP WIDTH="15" VPOS="1231" HPOS="655"/>
							<String ID="string_261" HPOS="670" VPOS="1232" WIDTH="46" HEIGHT="19" WC="0.93" CONTENT="sina"/><SP WIDTH="16" VPOS="1232" HPOS="716"/>
							<String ID="string_262" HPOS="732" VPOS="1230" WIDTH="157" HEIGHT="21" WC="0.91" CONTENT="innehafvande"/><SP WIDTH="15" VPOS="1230" HPOS="889"/>
							<String ID="string_263" HPOS="904" VPOS="1232" WIDTH="31" HEIGHT="19" WC="0.91" CONTENT="in-"/>
						</TextLine>
						<TextLine ID="line_32" HPOS="178" VPOS="1265" WIDTH="756" HEIGHT="22">
							<String ID="string_264" HPOS="178" VPOS="1265" WIDTH="56" HEIGHT="20" WC="0.93" CONTENT="rikes"/><SP WIDTH="23" VPOS="1265" HPOS="234"/>
							<String ID="string_265" HPOS="257" VPOS="1265" WIDTH="75" HEIGHT="21" WC="0.91" CONTENT="vexlar"/><SP WIDTH="22" VPOS="1265" HPOS="332"/>
							<String ID="string_266" HPOS="354" VPOS="1266" WIDTH="177" HEIGHT="21" WC="0.92" CONTENT="rediskonterade"/><SP WIDTH="16" VPOS="1266" HPOS="531"/>
							<String ID="string_267" HPOS="547" VPOS="1267" WIDTH="6" HEIGHT="19" WC="0.96" CONTENT="i"/><SP WIDTH="15" VPOS="1267" HPOS="553"/>
							<String ID="string_268" HPOS="568" VPOS="1265" WIDTH="85" HEIGHT="21" WC="0.96" CONTENT="banken"/><SP WIDTH="22" VPOS="1265" HPOS="653"/>
							<String ID="string_269" HPOS="675" VPOS="1265" WIDTH="32" HEIGHT="20" WC="0.96" CONTENT="till"/><SP WIDTH="15" VPOS="1265" HPOS="707"/>
							<String ID="string_270" HPOS="722" VPOS="1268" WIDTH="32" HEIGHT="17" WC="0.96" CONTENT="ett"/><SP WIDTH="14" VPOS="1268" HPOS="754"/>
							<String ID="string_271" HPOS="768" VPOS="1266" WIDTH="54" HEIGHT="19" WC="0.93" CONTENT="visst"/><SP WIDTH="15" VPOS="1266" HPOS="822"/>
							<String ID="string_272" HPOS="837" VPOS="1265" WIDTH="97" HEIGHT="20" WC="0.92" CONTENT="maximi-"/>
						</TextLine>
						<TextLine ID="line_33" HPOS="177" VPOS="1298" WIDTH="758" HEIGHT="29">
							<String ID="string_273" HPOS="177" VPOS="1299" WIDTH="91" HEIGHT="27" WC="0.95" CONTENT="belopp."/><SP WIDTH="30" VPOS="1299" HPOS="268"/>
							<String ID="string_274" HPOS="298" VPOS="1299" WIDTH="84" HEIGHT="21" WC="0.96" CONTENT="Härvid"/><SP WIDTH="14" VPOS="1299" HPOS="382"/>
							<String ID="string_275" HPOS="396" VPOS="1299" WIDTH="123" HEIGHT="28" WC="0.96" CONTENT="samtyckte"/><SP WIDTH="15" VPOS="1299" HPOS="519"/>
							<String ID="string_276" HPOS="534" VPOS="1299" WIDTH="148" HEIGHT="25" WC="0.96" CONTENT="Direktionen,"/><SP WIDTH="18" VPOS="1299" HPOS="682"/>
							<String ID="string_277" HPOS="700" VPOS="1299" WIDTH="28" HEIGHT="26" WC="0.96" CONTENT="på"/><SP WIDTH="17" VPOS="1299" HPOS="728"/>
							<String ID="string_278" HPOS="745" VPOS="1299" WIDTH="100" HEIGHT="26" WC="0.96" CONTENT="begäran,"/><SP WIDTH="16" VPOS="1299" HPOS="845"/>
							<String ID="string_279" HPOS="861" VPOS="1301" WIDTH="32" HEIGHT="18" WC="0.95" CONTENT="att"/><SP WIDTH="10" VPOS="1301" HPOS="893"/>
							<String ID="string_280" HPOS="903" VPOS="1298" WIDTH="32" HEIGHT="21" WC="0.95" CONTENT="till"/>
						</TextLine>
						<TextLine ID="line_34" HPOS="178" VPOS="1332" WIDTH="757" HEIGHT="29">
							<String ID="string_281" HPOS="178" VPOS="1340" WIDTH="27" HEIGHT="14" WC="0.96" CONTENT="en"/><SP WIDTH="15" VPOS="1340" HPOS="205"/>
							<String ID="string_282" HPOS="220" VPOS="1333" WIDTH="75" HEIGHT="26" WC="0.93" CONTENT="början"/><SP WIDTH="15" VPOS="1333" HPOS="295"/>
							<String ID="string_283" HPOS="310" VPOS="1333" WIDTH="97" HEIGHT="28" WC="0.92" CONTENT="iakttaga"/><SP WIDTH="15" VPOS="1333" HPOS="407"/>
							<String ID="string_284" HPOS="422" VPOS="1334" WIDTH="38" HEIGHT="21" WC="0.93" CONTENT="det"/><SP WIDTH="15" VPOS="1334" HPOS="460"/>
							<String ID="string_285" HPOS="475" VPOS="1333" WIDTH="245" HEIGHT="27" WC="0.91" CONTENT="undantagsförfarande"/><SP WIDTH="16" VPOS="1333" HPOS="720"/>
							<String ID="string_286" HPOS="736" VPOS="1336" WIDTH="32" HEIGHT="17" WC="0.96" CONTENT="att"/><SP WIDTH="21" VPOS="1336" HPOS="768"/>
							<String ID="string_287" HPOS="789" VPOS="1332" WIDTH="48" HEIGHT="21" WC="0.93" CONTENT="icke"/><SP WIDTH="22" VPOS="1332" HPOS="837"/>
							<String ID="string_288" HPOS="859" VPOS="1332" WIDTH="76" HEIGHT="21" WC="0.91" CONTENT="under-"/>
						</TextLine>
						<TextLine ID="line_35" HPOS="177" VPOS="1366" WIDTH="758" HEIGHT="29">
							<String ID="string_289" HPOS="177" VPOS="1367" WIDTH="57" HEIGHT="20" WC="0.96" CONTENT="rätta"/><SP WIDTH="23" VPOS="1367" HPOS="234"/>
							<String ID="string_290" HPOS="257" VPOS="1374" WIDTH="57" HEIGHT="20" WC="0.93" CONTENT="resp."/><SP WIDTH="19" VPOS="1374" HPOS="314"/>
							<String ID="string_291" HPOS="333" VPOS="1371" WIDTH="140" HEIGHT="24" WC="0.92" CONTENT="acceptanter"/><SP WIDTH="22" VPOS="1371" HPOS="473"/>
							<String ID="string_292" HPOS="495" VPOS="1375" WIDTH="36" HEIGHT="13" WC="0.93" CONTENT="om"/><SP WIDTH="21" VPOS="1375" HPOS="531"/>
							<String ID="string_293" HPOS="552" VPOS="1367" WIDTH="114" HEIGHT="21" WC="0.91" CONTENT="vexlarnas"/><SP WIDTH="23" VPOS="1367" HPOS="666"/>
							<String ID="string_294" HPOS="689" VPOS="1366" WIDTH="137" HEIGHT="21" WC="0.85" CONTENT="öfverlåtelse"/><SP WIDTH="14" VPOS="1366" HPOS="826"/>
							<String ID="string_295" HPOS="840" VPOS="1366" WIDTH="32" HEIGHT="21" WC="0.93" CONTENT="till"/><SP WIDTH="14" VPOS="1366" HPOS="872"/>
							<String ID="string_296" HPOS="886" VPOS="1366" WIDTH="49" HEIGHT="21" WC="0.91" CONTENT="Fin-"/>
						</TextLine>
						<TextLine ID="line_36" HPOS="177" VPOS="1399" WIDTH="758" HEIGHT="29">
							<String ID="string_297" HPOS="177" VPOS="1401" WIDTH="61" HEIGHT="20" WC="0.96" CONTENT="lands"/><SP WIDTH="16" VPOS="1401" HPOS="238"/>
							<String ID="string_298" HPOS="254" VPOS="1401" WIDTH="67" HEIGHT="26" WC="0.96" CONTENT="Bank,"/><SP WIDTH="15" VPOS="1401" HPOS="321"/>
							<String ID="string_299" HPOS="336" VPOS="1402" WIDTH="91" HEIGHT="20" WC="0.93" CONTENT="emedan"/><SP WIDTH="14" VPOS="1402" HPOS="427"/>
							<String ID="string_300" HPOS="441" VPOS="1401" WIDTH="275" HEIGHT="27" WC="0.92" CONTENT="Kansallis-Osakepankki"/><SP WIDTH="15" VPOS="1401" HPOS="716"/>
							<String ID="string_301" HPOS="731" VPOS="1400" WIDTH="48" HEIGHT="21" WC="0.96" CONTENT="icke"/><SP WIDTH="15" VPOS="1400" HPOS="779"/>
							<String ID="string_302" HPOS="794" VPOS="1403" WIDTH="77" HEIGHT="24" WC="0.96" CONTENT="genast"/><SP WIDTH="14" VPOS="1403" HPOS="871"/>
							<String ID="string_303" HPOS="885" VPOS="1399" WIDTH="50" HEIGHT="21" WC="0.96" CONTENT="ville"/>
						</TextLine>
						<TextLine ID="line_37" HPOS="176" VPOS="1433" WIDTH="760" HEIGHT="28">
							<String ID="string_304" HPOS="176" VPOS="1434" WIDTH="44" HEIGHT="21" WC="0.96" CONTENT="låta"/><SP WIDTH="16" VPOS="1434" HPOS="220"/>
							<String ID="string_305" HPOS="236" VPOS="1436" WIDTH="46" HEIGHT="19" WC="0.96" CONTENT="sina"/><SP WIDTH="15" VPOS="1436" HPOS="282"/>
							<String ID="string_306" HPOS="297" VPOS="1435" WIDTH="82" HEIGHT="20" WC="0.96" CONTENT="kunder"/><SP WIDTH="15" VPOS="1435" HPOS="379"/>
							<String ID="string_307" HPOS="394" VPOS="1435" WIDTH="21" HEIGHT="20" WC="0.96" CONTENT="få"/><SP WIDTH="15" VPOS="1435" HPOS="415"/>
							<String ID="string_308" HPOS="430" VPOS="1435" WIDTH="122" HEIGHT="21" WC="0.96" CONTENT="kännedom"/><SP WIDTH="15" VPOS="1435" HPOS="552"/>
							<String ID="string_309" HPOS="567" VPOS="1442" WIDTH="36" HEIGHT="13" WC="0.96" CONTENT="om"/><SP WIDTH="18" VPOS="1442" HPOS="603"/>
							<String ID="string_310" HPOS="621" VPOS="1435" WIDTH="164" HEIGHT="26" WC="0.91" CONTENT="ifrågavarande"/><SP WIDTH="21" VPOS="1435" HPOS="785"/>
							<String ID="string_311" HPOS="806" VPOS="1433" WIDTH="130" HEIGHT="22" WC="0.91" CONTENT="transaktio-"/>
						</TextLine>
					</TextBlock>
					<TextBlock ID="block_6" HPOS="244" VPOS="1473" WIDTH="345" HEIGHT="18">
						<TextLine ID="line_38" HPOS="244" VPOS="1473" WIDTH="345" HEIGHT="18">
							<String ID="string_312" HPOS="244" VPOS="1473" WIDTH="146" HEIGHT="18" WC="0.90" CONTENT="Bankutskottets"/><SP WIDTH="13" VPOS="1473" HPOS="390"/>
							<String ID="string_313" HPOS="403" VPOS="1474" WIDTH="110" HEIGHT="17" WC="0.96" CONTENT="betänkande"/><SP WIDTH="12" VPOS="1474" HPOS="513"/>
							<String ID="string_314" HPOS="525" VPOS="1475" WIDTH="36" HEIGHT="16" WC="0.95" CONTENT="N:o"/><SP WIDTH="12" VPOS="1475" HPOS="561"/>
							<String ID="string_315" HPOS="573" VPOS="1474" WIDTH="16" HEIGHT="17" WC="0.96" CONTENT="1."/>
						</TextLine>
					</TextBlock>
				</ComposedBlock>
			</PrintSpace>
		</Page>
	</Layout>
</alto>
