1078 1692
222 154 12 20 6
375 154 88 24 Ständ.
475 155 54 23 Skr.
546 169 27 2 —
589 156 185 22 Ständerhuset.

400 220 65 24 7,000
487 219 63 21 mark
572 219 38 21 och
629 220 43 27 för
694 219 151 28 uppförandet
859 219 31 28 af
908 220 41 20 den

400 260 43 21 nya
469 254 211 28 friskluftbrunnen
717 254 61 21 ända
807 254 35 21 till
870 255 79 25 14,000

400 288 73 26 mark;
488 288 113 28 äfvensom

469 325 31 19 att
522 330 55 21 egna
599 324 26 20 de
648 324 31 28 af
692 324 50 28 gips
758 322 93 28 utförda
866 322 84 22 akrote-

399 357 75 21 rierna
486 358 33 26 på
532 358 125 28 glaslyktan
673 358 62 28 öfver
750 360 59 19 stora
825 357 124 28 trapphuset

400 392 65 28 nödig
481 392 97 28 eftersyn
593 393 46 27 och,
654 392 30 22 då
699 392 35 22 det
750 392 80 28 blifver
841 392 108 28 erforder-

400 426 45 28 ligt,
461 426 118 22 verkställa
593 427 71 29 utbyte
680 428 30 27 af
725 427 109 21 desamma
849 429 42 19 mot
906 434 42 21 nya

400 461 86 21 sådana
502 462 31 27 af
544 462 62 26 zink;

468 498 32 19 att
522 496 59 21 inom
600 496 41 21 den
655 496 119 28 respektive
790 498 159 26 entreprenörer

396 530 121 29 förelagda
531 531 124 28 garantitid
670 531 98 21 anställa
787 538 39 20 syn
849 532 12 20 å
881 531 26 21 de
922 531 30 27 af

400 565 47 21 dem
462 565 93 28 utförda
571 566 96 26 arbeten;
682 568 55 19 samt

469 602 32 19 att
525 600 70 22 under
620 602 64 20 nästa
712 607 94 15 sommar
831 600 117 28 ombesörja

396 636 182 26 fastmurningen
593 636 32 27 af
636 636 156 27 öppningarna
809 636 12 20 ä
837 635 82 21 vinden.

262 686 82 22 Derhos
360 688 40 20 och
415 694 46 14 som
477 687 117 21 Ständerna
609 688 61 27 gifvit
685 687 153 28 Delegationen
854 687 32 21 för
896 693 50 21 upp-

194 721 88 21 resande
305 721 21 21 af
348 728 26 14 en
396 722 83 21 ärestod
501 722 31 21 till
550 722 116 21 åminnelse
682 722 22 20 af
718 722 104 27 Kejsaren
838 722 37 20 och
891 721 55 21 Stor-

193 755 80 21 fursten
297 755 123 22 Alexander
433 756 22 20 II
471 756 7 20 i
493 756 96 28 uppdrag
611 758 30 19 att
664 757 70 26 utlysa
749 763 27 14 en
792 756 76 21 allmän
884 756 63 20 täflan

193 796 34 14 om
243 790 112 21 utförande
371 790 21 21 af
407 792 29 19 ett
451 790 150 28 skulpturverk
623 791 33 21 för
671 791 176 27 tympanonfältet
862 790 12 21 ä
889 790 59 21 Stän-

193 824 111 21 derhusets
326 825 87 26 peristyl
435 827 45 18 mot
501 825 147 27 Nikolaigatan
673 826 39 20 och
728 826 32 20 till
776 826 41 26 pris
833 825 31 20 för
879 825 69 20 denna

193 858 65 21 täflan
273 858 32 21 till
320 858 164 28 Delegationens
499 859 124 28 förfogande
639 859 49 21 stält
703 859 62 27 5,000
780 859 65 27 mark,
858 859 21 20 få
889 858 59 21 Stän-

195 892 65 21 derna
275 893 86 21 härmed
378 894 90 21 anmoda
479 893 56 22 Herr
550 894 163 27 Borgmästaren
726 895 30 19 att
772 893 57 21 detta
839 893 73 27 belopp
924 900 24 13 ur

194 926 150 29 behållningen
360 927 12 21 å
387 927 207 28 byggnadsanslaget
609 928 33 21 för
652 927 153 22 Ständerhuset
817 927 31 21 till
860 927 88 27 Delega-

193 961 73 21 tionen
281 961 27 28 på
322 962 99 21 anmälan
437 962 99 21 utbetala.

261 995 88 22 Hvilket
370 996 37 21 allt
422 998 55 19 samt
491 999 30 18 att
537 997 117 20 Ständerna
668 997 7 20 i
691 996 134 27 underdånig
840 996 108 21 skrifvelse

193 1029 89 22 anhållit
301 1037 34 14 om
351 1031 73 27 nådigt
438 1031 142 21 förordnande
596 1031 85 28 derhän,
697 1033 31 19 att
743 1030 153 21 ofvanberörda
911 1037 37 14 an-

193 1064 45 27 slag
254 1064 22 21 af
292 1065 74 24 10,000
388 1065 60 21 mark
472 1065 67 21 skulle
563 1065 31 21 till
611 1065 129 21 Ständernas
756 1065 191 26 Bankfullmäktige

196 1098 109 27 utbetalas,
327 1099 33 20 för
382 1101 30 19 att
433 1099 65 22 sedan
513 1100 32 21 till
559 1100 56 21 Herr
631 1100 170 27 Borgmistaren,
817 1099 26 27 på
858 1099 90 20 skeende

193 1133 129 27 reqvisition,
338 1133 136 28 utanordnas,
491 1134 54 21 Herr
560 1134 163 27 Borgmästaren
735 1133 31 21 till
778 1133 119 21 kännedom
910 1133 38 20 och

193 1167 136 28 iakttagande
344 1168 123 27 härigenom
483 1169 113 20 meddelas.

263 1236 140 27 Helsingfors,
419 1237 40 20 den
477 1238 26 19 28
518 1237 41 27 Maj
579 1237 59 20 1891.
