1078 1692
373 400 260 40 Förslag

237 528 179 56 Reglemente
446 528 45 46 för
524 526 130 48 Finlands
686 526 84 48 Bank.

452 644 66 33 Kap.
538 644 17 27 I.

352 713 115 21 Allmänna
481 713 176 29 Bestämningar.

484 784 11 26 8
514 784 17 21 1.

195 840 101 22 Finlands
312 841 67 27 Bank,
397 848 48 15 som
461 842 45 21 står
521 841 70 22 under
606 841 103 21 Finlands
724 840 105 22 Ständers
845 846 37 21 ga-
904 836 14 40 —
936 849 54 22 (51).

127 875 56 21 ranti
206 875 41 21 och
266 875 59 27 värd,
342 876 40 21 har
397 877 30 20 till
442 875 84 28 uppgift
541 878 31 19 att
588 876 145 27 upprätthälla
749 875 76 28 stadga
841 875 41 21 och

127 909 101 22 säkerhet
250 910 7 20 i
275 910 83 21 landets
380 911 206 26 penningeväsende
606 913 57 19 samt
678 912 32 19 att
724 910 101 21 befordra
841 909 42 22 och

127 943 121 22 underlätta
263 945 271 26 penningeomsättningen
549 945 7 20 i
571 945 79 21 landet.

481 1014 12 27 s
504 1014 25 27 2.

195 1071 89 22 Banken
303 1078 47 21 eger
368 1073 47 20 rätt
432 1073 35 20 att
484 1071 87 28 utgifva
592 1071 73 22 sedlar
680 1071 68 28 enligt
762 1073 26 19 de
803 1071 8 21 i
826 1071 56 26 Kap.
895 1079 28 22 (35
936 1079 16 20 2,
961 1078 16 22 4,
986 1078 46 17 10—

126 1105 33 21 II
170 1105 100 28 stadgade
284 1106 104 27 grunder,
404 1107 58 20 samt
477 1107 40 20 har
533 1107 30 20 till
579 1106 91 22 föremål
684 1106 34 21 för
728 1107 33 20 sin
773 1106 110 22 verksam-
919 1107 26 22 17,
963 1106 28 23 19,
1006 1107 27 22 26,

127 1140 36 21 het
178 1142 43 19 att:
897 1165 3 4 ,
919 1136 27 22 35,
953 1135 37 33 46;

126 1175 33 20 in-
179 1175 41 21 och
240 1175 86 22 utvexla
343 1175 98 22 bankens
461 1175 72 21 sedlar
554 1175 41 22 och
611 1175 116 22 metalliskt
742 1177 69 26 mynt;
826 1175 58 27 köpa
896 1165 38 17 sio.
947 1163 87 21 94889.

195 1210 42 21 och
248 1210 54 27 sälja
312 1209 50 28 guld
374 1210 42 21 och
426 1209 72 22 silfver
509 1212 58 19 samt
577 1210 60 27 ryskt
645 1210 43 21 och
697 1210 108 21 utländskt
814 1212 70 25 mynt;

196 1244 58 27 köpa
270 1244 41 21 och
326 1244 54 27 sälja
395 1246 140 25 statspapper
551 1244 41 21 och
608 1244 149 27 obligationer,
773 1244 111 27 kuponger

195 1281 57 18 samt
262 1279 65 26 ryska
338 1279 41 20 och
390 1279 117 20 utländska
517 1279 78 26 sedlar,
607 1279 73 21 vexlar
688 1279 41 21 och
738 1279 146 26 anvisningar;

127 1313 54 27 sälja
199 1313 144 27 anvisningar,
366 1313 113 21 betalbara
503 1313 13 21 å
537 1315 40 24 ort,
597 1313 38 22 der
649 1313 87 22 banken
752 1313 40 21 har
806 1313 79 21 kontor

195 1347 51 22 eller
261 1351 102 23 agentur
353 1343 14 36 ;

127 1382 125 21 diskontera
271 1382 81 26 vexlar,
368 1382 145 27 accepterade
529 1381 24 22 af
566 1381 97 22 inhemsk
678 1381 65 27 firma
758 1381 51 22 eller
825 1381 61 21 inom

195 1416 73 21 landet
286 1416 72 21 bosatt
377 1416 54 21 finsk
447 1416 145 27 medborgare
608 1416 112 22 äfvensom
736 1416 75 27 andra,
830 1416 55 27 jem-

195 1450 34 21 väl
245 1451 13 20 å
274 1453 33 18 ort
322 1451 59 20 inom
396 1451 74 20 landet
485 1451 115 21 betalbara
615 1451 162 26 kreditpapper;
