<?xml version="1.0" encoding="UTF-8"?>
<alto xmlns="http://www.loc.gov/standards/alto/ns-v3#" xmlns:xlink="http://www.w3.org/1999/xlink" xmlns:xsi="http://www.w3.org/2001/XMLSchema-instance" xsi:schemaLocation="http://www.loc.gov/standards/alto/ns-v3# http://www.loc.gov/alto/v3/alto-3-0.xsd">
	<Description>
		<MeasurementUnit>pixel</MeasurementUnit>
		<sourceImageInformation>
			<fileName>/tmp/tess_i6nze5jq_input.PNG</fileName>
		</sourceImageInformation>
		<OCRProcessing ID="OCR_0">
			<ocrProcessingStep>
				<processingSoftware>
					<softwareName>tesseract 5.3.4</softwareName>
				</processingSoftware>
			</ocrProcessingStep>
		</OCRProcessing>
	</Description>
	<Layout>
		<Page WIDTH="1078" HEIGHT="1692" PHYSICAL_IMG_NR="0" ID="page_0">
			<PrintSpace HPOS="0" VPOS="0" WIDTH="1078" HEIGHT="1692">
				<ComposedBlock ID="cblock_0" HPOS="846" VPOS="155" WIDTH="25" HEIGHT="19">
					<TextBlock ID="block_0" HPOS="846" VPOS="155" WIDTH="25" HEIGHT="19">
						<TextLine ID="line_0" HPOS="846" VPOS="155" WIDTH="25" HEIGHT="19">
							<String ID="string_0" HPOS="846" VPOS="155" WIDTH="25" HEIGHT="19" WC="0.96" CONTENT="79"/>
						</TextLine>
					</TextBlock>
				</ComposedBlock>
				<ComposedBlock ID="cblock_1" HPOS="139" VPOS="217" WIDTH="761" HEIGHT="1104">
					<TextBlock ID="block_1" HPOS="141" VPOS="217" WIDTH="759" HEIGHT="139">
						<TextLine ID="line_1" HPOS="141" VPOS="217" WIDTH="758" HEIGHT="25">
							<String ID="string_1" HPOS="141" VPOS="217" WIDTH="82" HEIGHT="19" WC="0.92" CONTENT="listerne"/><SP WIDTH="21" VPOS="217" HPOS="223"/>
							<String ID="string_2" HPOS="244" VPOS="218" WIDTH="81" HEIGHT="24" WC="0.96" CONTENT="utgöres"/><SP WIDTH="15" VPOS="218" HPOS="325"/>
							<String ID="string_3" HPOS="340" VPOS="218" WIDTH="20" HEIGHT="18" WC="0.93" CONTENT="af"/><SP WIDTH="13" VPOS="218" HPOS="360"/>
							<String ID="string_4" HPOS="373" VPOS="217" WIDTH="73" HEIGHT="25" WC="0.90" CONTENT="jemväl"/><SP WIDTH="21" VPOS="217" HPOS="446"/>
							<String ID="string_5" HPOS="467" VPOS="217" WIDTH="146" HEIGHT="25" WC="0.91" CONTENT="pantografiskt"/><SP WIDTH="14" VPOS="217" HPOS="613"/>
							<String ID="string_6" HPOS="627" VPOS="217" WIDTH="71" HEIGHT="24" WC="0.96" CONTENT="utförd,"/><SP WIDTH="16" VPOS="217" HPOS="698"/>
							<String ID="string_7" HPOS="714" VPOS="218" WIDTH="28" HEIGHT="18" WC="0.96" CONTENT="fin"/><SP WIDTH="14" VPOS="218" HPOS="742"/>
							<String ID="string_8" HPOS="756" VPOS="217" WIDTH="63" HEIGHT="24" WC="0.93" CONTENT="skrift,"/><SP WIDTH="15" VPOS="217" HPOS="819"/>
							<String ID="string_9" HPOS="834" VPOS="217" WIDTH="65" HEIGHT="19" WC="0.91" CONTENT="deruti"/>
						</TextLine>
						<TextLine ID="line_2" HPOS="142" VPOS="245" WIDTH="758" HEIGHT="25">
							<String ID="string_10" HPOS="142" VPOS="246" WIDTH="61" HEIGHT="19" WC="0.93" CONTENT="orden"/><SP WIDTH="21" VPOS="246" HPOS="203"/>
							<String ID="string_11" HPOS="224" VPOS="246" WIDTH="89" HEIGHT="24" WC="0.84" CONTENT=",hundra"/><SP WIDTH="15" VPOS="246" HPOS="313"/>
							<String ID="string_12" HPOS="328" VPOS="246" WIDTH="66" HEIGHT="19" WC="0.54" CONTENT="mark*"/><SP WIDTH="16" VPOS="246" HPOS="394"/>
							<String ID="string_13" HPOS="410" VPOS="246" WIDTH="37" HEIGHT="19" WC="0.93" CONTENT="och"/><SP WIDTH="15" VPOS="246" HPOS="447"/>
							<String ID="string_14" HPOS="462" VPOS="247" WIDTH="56" HEIGHT="23" WC="0.85" CONTENT=",sata"/><SP WIDTH="14" VPOS="247" HPOS="518"/>
							<String ID="string_15" HPOS="532" VPOS="245" WIDTH="104" HEIGHT="19" WC="0.51" CONTENT="markkaa&#39;"/><SP WIDTH="15" VPOS="245" HPOS="636"/>
							<String ID="string_16" HPOS="651" VPOS="246" WIDTH="99" HEIGHT="19" WC="0.89" CONTENT="omväxla."/><SP WIDTH="30" VPOS="246" HPOS="750"/>
							<String ID="string_17" HPOS="780" VPOS="246" WIDTH="9" HEIGHT="19" WC="0.93" CONTENT="I"/><SP WIDTH="14" VPOS="246" HPOS="789"/>
							<String ID="string_18" HPOS="803" VPOS="246" WIDTH="38" HEIGHT="19" WC="0.94" CONTENT="alla"/><SP WIDTH="15" VPOS="246" HPOS="841"/>
							<String ID="string_19" HPOS="856" VPOS="246" WIDTH="44" HEIGHT="24" WC="0.96" CONTENT="fyra"/>
						</TextLine>
						<TextLine ID="line_3" HPOS="141" VPOS="274" WIDTH="758" HEIGHT="25">
							<String ID="string_20" HPOS="141" VPOS="274" WIDTH="75" HEIGHT="19" WC="0.96" CONTENT="hörnen"/><SP WIDTH="16" VPOS="274" HPOS="216"/>
							<String ID="string_21" HPOS="232" VPOS="276" WIDTH="21" HEIGHT="17" WC="0.93" CONTENT="är"/><SP WIDTH="14" VPOS="276" HPOS="253"/>
							<String ID="string_22" HPOS="267" VPOS="274" WIDTH="84" HEIGHT="25" WC="0.91" CONTENT="anbragt"/><SP WIDTH="14" VPOS="274" HPOS="351"/>
							<String ID="string_23" HPOS="365" VPOS="280" WIDTH="25" HEIGHT="13" WC="0.93" CONTENT="en"/><SP WIDTH="16" VPOS="280" HPOS="390"/>
							<String ID="string_24" HPOS="406" VPOS="274" WIDTH="84" HEIGHT="19" WC="0.92" CONTENT="ornerad"/><SP WIDTH="17" VPOS="274" HPOS="490"/>
							<String ID="string_25" HPOS="507" VPOS="274" WIDTH="64" HEIGHT="25" WC="0.96" CONTENT="ellips,"/><SP WIDTH="15" VPOS="274" HPOS="571"/>
							<String ID="string_26" HPOS="586" VPOS="274" WIDTH="140" HEIGHT="19" WC="0.93" CONTENT="innehållande"/><SP WIDTH="16" VPOS="274" HPOS="726"/>
							<String ID="string_27" HPOS="742" VPOS="274" WIDTH="79" HEIGHT="20" WC="0.93" CONTENT="sedelns"/><SP WIDTH="16" VPOS="274" HPOS="821"/>
							<String ID="string_28" HPOS="837" VPOS="274" WIDTH="62" HEIGHT="20" WC="0.89" CONTENT="siffer-"/>
						</TextLine>
						<TextLine ID="line_4" HPOS="142" VPOS="302" WIDTH="757" HEIGHT="26">
							<String ID="string_29" HPOS="142" VPOS="302" WIDTH="59" HEIGHT="20" WC="0.91" CONTENT="valör."/><SP WIDTH="30" VPOS="302" HPOS="201"/>
							<String ID="string_30" HPOS="231" VPOS="302" WIDTH="59" HEIGHT="20" WC="0.91" CONTENT="Säväl"/><SP WIDTH="20" VPOS="302" HPOS="290"/>
							<String ID="string_31" HPOS="310" VPOS="304" WIDTH="103" HEIGHT="22" WC="0.88" CONTENT="mönstret,"/><SP WIDTH="20" VPOS="304" HPOS="413"/>
							<String ID="string_32" HPOS="433" VPOS="308" WIDTH="44" HEIGHT="14" WC="0.96" CONTENT="som"/><SP WIDTH="22" VPOS="308" HPOS="477"/>
							<String ID="string_33" HPOS="499" VPOS="308" WIDTH="67" HEIGHT="14" WC="0.96" CONTENT="ramen"/><SP WIDTH="23" VPOS="308" HPOS="566"/>
							<String ID="string_34" HPOS="589" VPOS="302" WIDTH="38" HEIGHT="20" WC="0.93" CONTENT="och"/><SP WIDTH="20" VPOS="302" HPOS="627"/>
							<String ID="string_35" HPOS="647" VPOS="302" WIDTH="107" HEIGHT="26" WC="0.91" CONTENT="ellipserne"/><SP WIDTH="14" VPOS="302" HPOS="754"/>
							<String ID="string_36" HPOS="768" VPOS="303" WIDTH="6" HEIGHT="19" WC="0.96" CONTENT="i"/><SP WIDTH="16" VPOS="303" HPOS="774"/>
							<String ID="string_37" HPOS="790" VPOS="303" WIDTH="45" HEIGHT="19" WC="0.93" CONTENT="dess"/><SP WIDTH="16" VPOS="303" HPOS="835"/>
							<String ID="string_38" HPOS="851" VPOS="303" WIDTH="48" HEIGHT="19" WC="0.93" CONTENT="hörn"/>
						</TextLine>
						<TextLine ID="line_5" HPOS="141" VPOS="331" WIDTH="263" HEIGHT="25">
							<String ID="string_39" HPOS="141" VPOS="332" WIDTH="34" HEIGHT="18" WC="0.91" CONTENT="äro"/><SP WIDTH="16" VPOS="332" HPOS="175"/>
							<String ID="string_40" HPOS="191" VPOS="331" WIDTH="80" HEIGHT="25" WC="0.91" CONTENT="tryckta"/><SP WIDTH="14" VPOS="331" HPOS="271"/>
							<String ID="string_41" HPOS="285" VPOS="331" WIDTH="6" HEIGHT="19" WC="0.96" CONTENT="i"/><SP WIDTH="15" VPOS="331" HPOS="291"/>
							<String ID="string_42" HPOS="306" VPOS="331" WIDTH="35" HEIGHT="19" WC="0.96" CONTENT="röd"/><SP WIDTH="15" VPOS="331" HPOS="341"/>
							<String ID="string_43" HPOS="356" VPOS="331" WIDTH="48" HEIGHT="25" WC="0.96" CONTENT="färg."/>
						</TextLine>
					</TextBlock>
					<TextBlock ID="block_2" HPOS="140" VPOS="359" WIDTH="760" HEIGHT="418">
						<TextLine ID="line_6" HPOS="211" VPOS="359" WIDTH="687" HEIGHT="25">
							<String ID="string_44" HPOS="211" VPOS="359" WIDTH="82" HEIGHT="20" WC="0.92" CONTENT="Sedelns"/><SP WIDTH="15" VPOS="359" HPOS="293"/>
							<String ID="string_45" HPOS="308" VPOS="360" WIDTH="50" HEIGHT="18" WC="0.89" CONTENT="midt"/><SP WIDTH="15" VPOS="360" HPOS="358"/>
							<String ID="string_46" HPOS="373" VPOS="359" WIDTH="78" HEIGHT="25" WC="0.91" CONTENT="intages"/><SP WIDTH="16" VPOS="359" HPOS="451"/>
							<String ID="string_47" HPOS="467" VPOS="359" WIDTH="20" HEIGHT="19" WC="0.93" CONTENT="af"/><SP WIDTH="14" VPOS="359" HPOS="487"/>
							<String ID="string_48" HPOS="501" VPOS="360" WIDTH="117" HEIGHT="24" WC="0.93" CONTENT="riksvapnet"/><SP WIDTH="15" VPOS="360" HPOS="618"/>
							<String ID="string_49" HPOS="633" VPOS="360" WIDTH="7" HEIGHT="18" WC="0.95" CONTENT="i"/><SP WIDTH="15" VPOS="360" HPOS="640"/>
							<String ID="string_50" HPOS="655" VPOS="360" WIDTH="56" HEIGHT="18" WC="0.96" CONTENT="svart"/><SP WIDTH="11" VPOS="360" HPOS="711"/>
							<String ID="string_51" HPOS="722" VPOS="360" WIDTH="63" HEIGHT="24" WC="0.96" CONTENT="tryck,"/><SP WIDTH="13" VPOS="360" HPOS="785"/>
							<String ID="string_52" HPOS="798" VPOS="360" WIDTH="44" HEIGHT="18" WC="0.93" CONTENT="med"/><SP WIDTH="13" VPOS="360" HPOS="842"/>
							<String ID="string_53" HPOS="855" VPOS="359" WIDTH="43" HEIGHT="19" WC="0.92" CONTENT="Fin-"/>
						</TextLine>
						<TextLine ID="line_7" HPOS="141" VPOS="387" WIDTH="757" HEIGHT="26">
							<String ID="string_54" HPOS="141" VPOS="388" WIDTH="58" HEIGHT="20" WC="0.96" CONTENT="lands"/><SP WIDTH="16" VPOS="388" HPOS="199"/>
							<String ID="string_55" HPOS="215" VPOS="394" WIDTH="64" HEIGHT="19" WC="0.96" CONTENT="vapen"/><SP WIDTH="15" VPOS="394" HPOS="279"/>
							<String ID="string_56" HPOS="294" VPOS="388" WIDTH="6" HEIGHT="19" WC="0.93" CONTENT="i"/><SP WIDTH="15" VPOS="388" HPOS="300"/>
							<String ID="string_57" HPOS="315" VPOS="388" WIDTH="140" HEIGHT="25" WC="0.90" CONTENT="hjertskölden."/><SP WIDTH="30" VPOS="388" HPOS="455"/>
							<String ID="string_58" HPOS="485" VPOS="387" WIDTH="95" HEIGHT="20" WC="0.86" CONTENT="Ofvanför"/><SP WIDTH="15" VPOS="387" HPOS="580"/>
							<String ID="string_59" HPOS="595" VPOS="389" WIDTH="74" HEIGHT="24" WC="0.96" CONTENT="vapnet"/><SP WIDTH="15" VPOS="389" HPOS="669"/>
							<String ID="string_60" HPOS="684" VPOS="390" WIDTH="22" HEIGHT="17" WC="0.93" CONTENT="är"/><SP WIDTH="15" VPOS="390" HPOS="706"/>
							<String ID="string_61" HPOS="721" VPOS="388" WIDTH="84" HEIGHT="24" WC="0.91" CONTENT="anbragt"/><SP WIDTH="15" VPOS="388" HPOS="805"/>
							<String ID="string_62" HPOS="820" VPOS="388" WIDTH="78" HEIGHT="19" WC="0.93" CONTENT="sedelns"/>
						</TextLine>
						<TextLine ID="line_8" HPOS="142" VPOS="416" WIDTH="758" HEIGHT="25">
							<String ID="string_63" HPOS="142" VPOS="416" WIDTH="108" HEIGHT="20" WC="0.92" CONTENT="siffervalör"/><SP WIDTH="14" VPOS="416" HPOS="250"/>
							<String ID="string_64" HPOS="264" VPOS="416" WIDTH="6" HEIGHT="19" WC="0.96" CONTENT="i"/><SP WIDTH="16" VPOS="416" HPOS="270"/>
							<String ID="string_65" HPOS="286" VPOS="418" WIDTH="62" HEIGHT="18" WC="0.96" CONTENT="större"/><SP WIDTH="11" VPOS="418" HPOS="348"/>
							<String ID="string_66" HPOS="359" VPOS="416" WIDTH="60" HEIGHT="20" WC="0.95" CONTENT="skala."/><SP WIDTH="24" VPOS="416" HPOS="419"/>
							<String ID="string_67" HPOS="443" VPOS="416" WIDTH="38" HEIGHT="19" WC="0.93" CONTENT="Till"/><SP WIDTH="10" VPOS="416" HPOS="481"/>
							<String ID="string_68" HPOS="491" VPOS="416" WIDTH="61" HEIGHT="25" WC="0.92" CONTENT="höger"/><SP WIDTH="10" VPOS="416" HPOS="552"/>
							<String ID="string_69" HPOS="562" VPOS="416" WIDTH="37" HEIGHT="20" WC="0.93" CONTENT="och"/><SP WIDTH="10" VPOS="416" HPOS="599"/>
							<String ID="string_70" HPOS="609" VPOS="418" WIDTH="82" HEIGHT="18" WC="0.92" CONTENT="venster"/><SP WIDTH="10" VPOS="418" HPOS="691"/>
							<String ID="string_71" HPOS="701" VPOS="422" WIDTH="31" HEIGHT="13" WC="0.96" CONTENT="om"/><SP WIDTH="12" VPOS="422" HPOS="732"/>
							<String ID="string_72" HPOS="744" VPOS="416" WIDTH="65" HEIGHT="20" WC="0.96" CONTENT="denna"/><SP WIDTH="12" VPOS="416" HPOS="809"/>
							<String ID="string_73" HPOS="821" VPOS="422" WIDTH="38" HEIGHT="18" WC="0.93" CONTENT="ses,"/><SP WIDTH="10" VPOS="422" HPOS="859"/>
							<String ID="string_74" HPOS="869" VPOS="416" WIDTH="31" HEIGHT="19" WC="0.92" CONTENT="uti"/>
						</TextLine>
						<TextLine ID="line_9" HPOS="140" VPOS="444" WIDTH="758" HEIGHT="26">
							<String ID="string_75" HPOS="140" VPOS="445" WIDTH="51" HEIGHT="19" WC="0.96" CONTENT="hvar"/><SP WIDTH="15" VPOS="445" HPOS="191"/>
							<String ID="string_76" HPOS="206" VPOS="445" WIDTH="31" HEIGHT="19" WC="0.93" CONTENT="sin"/><SP WIDTH="15" VPOS="445" HPOS="237"/>
							<String ID="string_77" HPOS="252" VPOS="445" WIDTH="94" HEIGHT="19" WC="0.91" CONTENT="ornerade"/><SP WIDTH="16" VPOS="445" HPOS="346"/>
							<String ID="string_78" HPOS="362" VPOS="444" WIDTH="62" HEIGHT="25" WC="0.93" CONTENT="sköld,"/><SP WIDTH="15" VPOS="444" HPOS="424"/>
							<String ID="string_79" HPOS="439" VPOS="444" WIDTH="80" HEIGHT="20" WC="0.92" CONTENT="sedelns"/><SP WIDTH="17" VPOS="444" HPOS="519"/>
							<String ID="string_80" HPOS="536" VPOS="445" WIDTH="54" HEIGHT="19" WC="0.96" CONTENT="valör"/><SP WIDTH="11" VPOS="445" HPOS="590"/>
							<String ID="string_81" HPOS="601" VPOS="445" WIDTH="7" HEIGHT="19" WC="0.73" CONTENT="i"/><SP WIDTH="10" VPOS="445" HPOS="608"/>
							<String ID="string_82" HPOS="618" VPOS="445" WIDTH="44" HEIGHT="19" WC="0.96" CONTENT="hvit"/><SP WIDTH="13" VPOS="445" HPOS="662"/>
							<String ID="string_83" HPOS="675" VPOS="445" WIDTH="57" HEIGHT="19" WC="0.96" CONTENT="skrift"/><SP WIDTH="11" VPOS="445" HPOS="732"/>
							<String ID="string_84" HPOS="743" VPOS="444" WIDTH="25" HEIGHT="26" WC="0.93" CONTENT="pä"/><SP WIDTH="11" VPOS="444" HPOS="768"/>
							<String ID="string_85" HPOS="779" VPOS="444" WIDTH="35" HEIGHT="26" WC="0.96" CONTENT="grå"/><SP WIDTH="10" VPOS="444" HPOS="814"/>
							<String ID="string_86" HPOS="824" VPOS="445" WIDTH="74" HEIGHT="23" WC="0.96" CONTENT="botten,"/>
						</TextLine>
						<TextLine ID="line_10" HPOS="141" VPOS="473" WIDTH="759" HEIGHT="26">
							<String ID="string_87" HPOS="141" VPOS="473" WIDTH="31" HEIGHT="19" WC="0.94" CONTENT="till"/><SP WIDTH="22" VPOS="473" HPOS="172"/>
							<String ID="string_88" HPOS="194" VPOS="475" WIDTH="82" HEIGHT="17" WC="0.95" CONTENT="venster"/><SP WIDTH="17" VPOS="475" HPOS="276"/>
							<String ID="string_89" HPOS="293" VPOS="473" WIDTH="26" HEIGHT="26" WC="0.96" CONTENT="på"/><SP WIDTH="19" VPOS="473" HPOS="319"/>
							<String ID="string_90" HPOS="338" VPOS="473" WIDTH="92" HEIGHT="22" WC="0.96" CONTENT="svenska,"/><SP WIDTH="16" VPOS="473" HPOS="430"/>
							<String ID="string_91" HPOS="446" VPOS="473" WIDTH="31" HEIGHT="19" WC="0.96" CONTENT="till"/><SP WIDTH="18" VPOS="473" HPOS="477"/>
							<String ID="string_92" HPOS="495" VPOS="473" WIDTH="60" HEIGHT="25" WC="0.96" CONTENT="höger"/><SP WIDTH="22" VPOS="473" HPOS="555"/>
							<String ID="string_93" HPOS="577" VPOS="473" WIDTH="26" HEIGHT="25" WC="0.96" CONTENT="pä"/><SP WIDTH="20" VPOS="473" HPOS="603"/>
							<String ID="string_94" HPOS="623" VPOS="473" WIDTH="69" HEIGHT="20" WC="0.95" CONTENT="finska."/><SP WIDTH="30" VPOS="473" HPOS="692"/>
							<String ID="string_95" HPOS="722" VPOS="473" WIDTH="100" HEIGHT="20" WC="0.59" CONTENT="Nedanför"/><SP WIDTH="19" VPOS="473" HPOS="822"/>
							<String ID="string_96" HPOS="841" VPOS="473" WIDTH="59" HEIGHT="19" WC="0.96" CONTENT="dessa"/>
						</TextLine>
						<TextLine ID="line_11" HPOS="142" VPOS="501" WIDTH="756" HEIGHT="26">
							<String ID="string_97" HPOS="142" VPOS="502" WIDTH="84" HEIGHT="24" WC="0.96" CONTENT="sköldar,"/><SP WIDTH="22" VPOS="502" HPOS="226"/>
							<String ID="string_98" HPOS="248" VPOS="501" WIDTH="26" HEIGHT="25" WC="0.96" CONTENT="på"/><SP WIDTH="14" VPOS="501" HPOS="274"/>
							<String ID="string_99" HPOS="288" VPOS="502" WIDTH="98" HEIGHT="19" WC="0.96" CONTENT="hvardera"/><SP WIDTH="19" VPOS="502" HPOS="386"/>
							<String ID="string_100" HPOS="405" VPOS="502" WIDTH="57" HEIGHT="19" WC="0.96" CONTENT="sidan"/><SP WIDTH="15" VPOS="502" HPOS="462"/>
							<String ID="string_101" HPOS="477" VPOS="502" WIDTH="20" HEIGHT="18" WC="0.96" CONTENT="af"/><SP WIDTH="14" VPOS="502" HPOS="497"/>
							<String ID="string_102" HPOS="511" VPOS="502" WIDTH="123" HEIGHT="25" WC="0.96" CONTENT="riksvapnet,"/><SP WIDTH="14" VPOS="502" HPOS="634"/>
							<String ID="string_103" HPOS="648" VPOS="502" WIDTH="53" HEIGHT="19" WC="0.93" CONTENT="läses"/><SP WIDTH="17" VPOS="502" HPOS="701"/>
							<String ID="string_104" HPOS="718" VPOS="502" WIDTH="78" HEIGHT="19" WC="0.92" CONTENT="sedelns"/><SP WIDTH="16" VPOS="502" HPOS="796"/>
							<String ID="string_105" HPOS="812" VPOS="501" WIDTH="86" HEIGHT="19" WC="0.92" CONTENT="hufvud-"/>
						</TextLine>
						<TextLine ID="line_12" HPOS="141" VPOS="530" WIDTH="757" HEIGHT="25">
							<String ID="string_106" HPOS="141" VPOS="532" WIDTH="50" HEIGHT="22" WC="0.96" CONTENT="text,"/><SP WIDTH="22" VPOS="532" HPOS="191"/>
							<String ID="string_107" HPOS="213" VPOS="530" WIDTH="100" HEIGHT="25" WC="0.96" CONTENT="nämligen"/><SP WIDTH="18" VPOS="530" HPOS="313"/>
							<String ID="string_108" HPOS="331" VPOS="530" WIDTH="30" HEIGHT="19" WC="0.95" CONTENT="till"/><SP WIDTH="18" VPOS="530" HPOS="361"/>
							<String ID="string_109" HPOS="379" VPOS="532" WIDTH="90" HEIGHT="18" WC="0.96" CONTENT="venster:"/><SP WIDTH="24" VPOS="532" HPOS="469"/>
							<String ID="string_110" HPOS="493" VPOS="530" WIDTH="58" HEIGHT="20" WC="0.96" CONTENT="Emot"/><SP WIDTH="15" VPOS="530" HPOS="551"/>
							<String ID="string_111" HPOS="566" VPOS="530" WIDTH="66" HEIGHT="20" WC="0.96" CONTENT="denna"/><SP WIDTH="16" VPOS="530" HPOS="632"/>
							<String ID="string_112" HPOS="648" VPOS="530" WIDTH="53" HEIGHT="20" WC="0.96" CONTENT="sedel"/><SP WIDTH="15" VPOS="530" HPOS="701"/>
							<String ID="string_113" HPOS="716" VPOS="530" WIDTH="75" HEIGHT="20" WC="0.96" CONTENT="betalar"/><SP WIDTH="15" VPOS="530" HPOS="791"/>
							<String ID="string_114" HPOS="806" VPOS="530" WIDTH="92" HEIGHT="20" WC="0.96" CONTENT="Finlands"/>
						</TextLine>
						<TextLine ID="line_13" HPOS="141" VPOS="558" WIDTH="758" HEIGHT="26">
							<String ID="string_115" HPOS="141" VPOS="558" WIDTH="57" HEIGHT="20" WC="0.96" CONTENT="Bank"/><SP WIDTH="15" VPOS="558" HPOS="198"/>
							<String ID="string_116" HPOS="213" VPOS="559" WIDTH="33" HEIGHT="19" WC="0.93" CONTENT="vid"/><SP WIDTH="15" VPOS="559" HPOS="246"/>
							<String ID="string_117" HPOS="261" VPOS="559" WIDTH="106" HEIGHT="19" WC="0.93" CONTENT="anfordran"/><SP WIDTH="15" VPOS="559" HPOS="367"/>
							<String ID="string_118" HPOS="382" VPOS="559" WIDTH="78" HEIGHT="19" WC="0.96" CONTENT="hundra"/><SP WIDTH="14" VPOS="559" HPOS="460"/>
							<String ID="string_119" HPOS="474" VPOS="559" WIDTH="56" HEIGHT="19" WC="0.96" CONTENT="mark"/><SP WIDTH="15" VPOS="559" HPOS="530"/>
							<String ID="string_120" HPOS="545" VPOS="559" WIDTH="7" HEIGHT="19" WC="0.96" CONTENT="i"/><SP WIDTH="15" VPOS="559" HPOS="552"/>
							<String ID="string_121" HPOS="567" VPOS="558" WIDTH="65" HEIGHT="26" WC="0.71" CONTENT="guld&quot;,"/><SP WIDTH="16" VPOS="558" HPOS="632"/>
							<String ID="string_122" HPOS="648" VPOS="559" WIDTH="37" HEIGHT="19" WC="0.96" CONTENT="och"/><SP WIDTH="15" VPOS="559" HPOS="685"/>
							<String ID="string_123" HPOS="700" VPOS="558" WIDTH="31" HEIGHT="20" WC="0.96" CONTENT="till"/><SP WIDTH="13" VPOS="558" HPOS="731"/>
							<String ID="string_124" HPOS="744" VPOS="559" WIDTH="67" HEIGHT="25" WC="0.93" CONTENT="höger:"/><SP WIDTH="18" VPOS="559" HPOS="811"/>
							<String ID="string_125" HPOS="829" VPOS="574" WIDTH="8" HEIGHT="9" WC="0.51" CONTENT=","/><SP WIDTH="3" VPOS="574" HPOS="837"/>
							<String ID="string_126" HPOS="840" VPOS="558" WIDTH="59" HEIGHT="20" WC="0.51" CONTENT="Tästä"/>
						</TextLine>
						<TextLine ID="line_14" HPOS="142" VPOS="587" WIDTH="756" HEIGHT="19">
							<String ID="string_127" HPOS="142" VPOS="587" WIDTH="89" HEIGHT="19" WC="0.89" CONTENT="setelistä"/><SP WIDTH="18" VPOS="587" HPOS="231"/>
							<String ID="string_128" HPOS="249" VPOS="587" WIDTH="81" HEIGHT="19" WC="0.89" CONTENT="maksaa"/><SP WIDTH="20" VPOS="587" HPOS="330"/>
							<String ID="string_129" HPOS="350" VPOS="587" WIDTH="87" HEIGHT="19" WC="0.93" CONTENT="Suomen"/><SP WIDTH="17" VPOS="587" HPOS="437"/>
							<String ID="string_130" HPOS="454" VPOS="587" WIDTH="74" HEIGHT="19" WC="0.90" CONTENT="Pankki"/><SP WIDTH="17" VPOS="587" HPOS="528"/>
							<String ID="string_131" HPOS="545" VPOS="587" WIDTH="129" HEIGHT="19" WC="0.90" CONTENT="vaadittaissa"/><SP WIDTH="16" VPOS="587" HPOS="674"/>
							<String ID="string_132" HPOS="690" VPOS="589" WIDTH="42" HEIGHT="17" WC="0.93" CONTENT="sata"/><SP WIDTH="16" VPOS="589" HPOS="732"/>
							<String ID="string_133" HPOS="748" VPOS="588" WIDTH="92" HEIGHT="18" WC="0.90" CONTENT="markkaa"/><SP WIDTH="15" VPOS="588" HPOS="840"/>
							<String ID="string_134" HPOS="855" VPOS="587" WIDTH="43" HEIGHT="19" WC="0.93" CONTENT="kul-"/>
						</TextLine>
						<TextLine ID="line_15" HPOS="141" VPOS="615" WIDTH="758" HEIGHT="26">
							<String ID="string_135" HPOS="141" VPOS="616" WIDTH="71" HEIGHT="19" WC="0.61" CONTENT="lassa&#39;&quot;."/><SP WIDTH="29" VPOS="616" HPOS="212"/>
							<String ID="string_136" HPOS="241" VPOS="615" WIDTH="86" HEIGHT="20" WC="0.91" CONTENT="Nederst"/><SP WIDTH="14" VPOS="615" HPOS="327"/>
							<String ID="string_137" HPOS="341" VPOS="615" WIDTH="26" HEIGHT="25" WC="0.96" CONTENT="pä"/><SP WIDTH="15" VPOS="615" HPOS="367"/>
							<String ID="string_138" HPOS="382" VPOS="616" WIDTH="65" HEIGHT="19" WC="0.96" CONTENT="denna"/><SP WIDTH="16" VPOS="616" HPOS="447"/>
							<String ID="string_139" HPOS="463" VPOS="616" WIDTH="44" HEIGHT="18" WC="0.96" CONTENT="sida"/><SP WIDTH="14" VPOS="616" HPOS="507"/>
							<String ID="string_140" HPOS="521" VPOS="616" WIDTH="89" HEIGHT="19" WC="0.96" CONTENT="befinner"/><SP WIDTH="16" VPOS="616" HPOS="610"/>
							<String ID="string_141" HPOS="626" VPOS="616" WIDTH="31" HEIGHT="24" WC="0.96" CONTENT="sig"/><SP WIDTH="9" VPOS="616" HPOS="657"/>
							<String ID="string_142" HPOS="666" VPOS="622" WIDTH="26" HEIGHT="13" WC="0.96" CONTENT="en"/><SP WIDTH="13" VPOS="622" HPOS="692"/>
							<String ID="string_143" HPOS="705" VPOS="616" WIDTH="56" HEIGHT="19" WC="0.96" CONTENT="sköld"/><SP WIDTH="12" VPOS="616" HPOS="761"/>
							<String ID="string_144" HPOS="773" VPOS="616" WIDTH="126" HEIGHT="25" WC="0.96" CONTENT="upptagande"/>
						</TextLine>
						<TextLine ID="line_16" HPOS="142" VPOS="644" WIDTH="756" HEIGHT="20">
							<String ID="string_145" HPOS="142" VPOS="644" WIDTH="79" HEIGHT="19" WC="0.92" CONTENT="sedelns"/><SP WIDTH="15" VPOS="644" HPOS="221"/>
							<String ID="string_146" HPOS="236" VPOS="644" WIDTH="50" HEIGHT="19" WC="0.96" CONTENT="årtal"/><SP WIDTH="16" VPOS="644" HPOS="286"/>
							<String ID="string_147" HPOS="302" VPOS="644" WIDTH="36" HEIGHT="19" WC="0.96" CONTENT="och"/><SP WIDTH="14" VPOS="644" HPOS="338"/>
							<String ID="string_148" HPOS="352" VPOS="644" WIDTH="7" HEIGHT="19" WC="0.96" CONTENT="i"/><SP WIDTH="16" VPOS="644" HPOS="359"/>
							<String ID="string_149" HPOS="375" VPOS="644" WIDTH="33" HEIGHT="19" WC="0.95" CONTENT="stil"/><SP WIDTH="15" VPOS="644" HPOS="408"/>
							<String ID="string_150" HPOS="423" VPOS="644" WIDTH="141" HEIGHT="20" WC="0.92" CONTENT="motsvarande"/><SP WIDTH="16" VPOS="644" HPOS="564"/>
							<String ID="string_151" HPOS="580" VPOS="644" WIDTH="176" HEIGHT="20" WC="0.91" CONTENT="valörsköldarne"/><SP WIDTH="-9" VPOS="644" HPOS="756"/>
							<String ID="string_152" HPOS="747" VPOS="640" WIDTH="12" HEIGHT="34" WC="0.93" CONTENT="i"/><SP WIDTH="9" VPOS="640" HPOS="759"/>
							<String ID="string_153" HPOS="768" VPOS="644" WIDTH="41" HEIGHT="19" WC="0.91" CONTENT="öfra"/><SP WIDTH="10" VPOS="644" HPOS="809"/>
							<String ID="string_154" HPOS="819" VPOS="644" WIDTH="79" HEIGHT="19" WC="0.96" CONTENT="hörnen."/>
						</TextLine>
						<TextLine ID="line_17" HPOS="141" VPOS="672" WIDTH="758" HEIGHT="26">
							<String ID="string_155" HPOS="141" VPOS="672" WIDTH="37" HEIGHT="20" WC="0.93" CONTENT="För"/><SP WIDTH="21" VPOS="672" HPOS="178"/>
							<String ID="string_156" HPOS="199" VPOS="673" WIDTH="203" HEIGHT="25" WC="0.92" CONTENT="namnteckningarna"/><SP WIDTH="20" VPOS="673" HPOS="402"/>
							<String ID="string_157" HPOS="422" VPOS="674" WIDTH="21" HEIGHT="18" WC="0.96" CONTENT="är"/><SP WIDTH="14" VPOS="674" HPOS="443"/>
							<String ID="string_158" HPOS="457" VPOS="674" WIDTH="102" HEIGHT="23" WC="0.91" CONTENT="utrymme"/><SP WIDTH="22" VPOS="674" HPOS="559"/>
							<String ID="string_159" HPOS="581" VPOS="673" WIDTH="89" HEIGHT="19" WC="0.91" CONTENT="lemnadt"/><SP WIDTH="15" VPOS="673" HPOS="670"/>
							<String ID="string_160" HPOS="685" VPOS="672" WIDTH="83" HEIGHT="20" WC="0.96" CONTENT="emellan"/><SP WIDTH="15" VPOS="672" HPOS="768"/>
							<String ID="string_161" HPOS="783" VPOS="672" WIDTH="116" HEIGHT="25" WC="0.96" CONTENT="riksvapnet"/>
						</TextLine>
						<TextLine ID="line_18" HPOS="142" VPOS="700" WIDTH="756" HEIGHT="26">
							<String ID="string_162" HPOS="142" VPOS="701" WIDTH="37" HEIGHT="19" WC="0.89" CONTENT="och"/><SP WIDTH="22" VPOS="701" HPOS="179"/>
							<String ID="string_163" HPOS="201" VPOS="700" WIDTH="149" HEIGHT="20" WC="0.82" CONTENT="ärtalsskölden."/><SP WIDTH="30" VPOS="700" HPOS="350"/>
							<String ID="string_164" HPOS="380" VPOS="700" WIDTH="83" HEIGHT="20" WC="0.89" CONTENT="Sedelns"/><SP WIDTH="20" VPOS="700" HPOS="463"/>
							<String ID="string_165" HPOS="483" VPOS="707" WIDTH="93" HEIGHT="13" WC="0.96" CONTENT="nummer"/><SP WIDTH="19" VPOS="707" HPOS="576"/>
							<String ID="string_166" HPOS="595" VPOS="703" WIDTH="22" HEIGHT="17" WC="0.93" CONTENT="är"/><SP WIDTH="14" VPOS="703" HPOS="617"/>
							<String ID="string_167" HPOS="631" VPOS="702" WIDTH="84" HEIGHT="24" WC="0.92" CONTENT="anbragt"/><SP WIDTH="14" VPOS="702" HPOS="715"/>
							<String ID="string_168" HPOS="729" VPOS="701" WIDTH="7" HEIGHT="19" WC="0.96" CONTENT="i"/><SP WIDTH="15" VPOS="701" HPOS="736"/>
							<String ID="string_169" HPOS="751" VPOS="701" WIDTH="43" HEIGHT="19" WC="0.95" CONTENT="fritt"/><SP WIDTH="22" VPOS="701" HPOS="794"/>
							<String ID="string_170" HPOS="816" VPOS="700" WIDTH="82" HEIGHT="20" WC="0.96" CONTENT="stående"/>
						</TextLine>
						<TextLine ID="line_19" HPOS="142" VPOS="729" WIDTH="756" HEIGHT="25">
							<String ID="string_171" HPOS="142" VPOS="731" WIDTH="55" HEIGHT="17" WC="0.96" CONTENT="svart"/><SP WIDTH="15" VPOS="731" HPOS="197"/>
							<String ID="string_172" HPOS="212" VPOS="730" WIDTH="58" HEIGHT="24" WC="0.96" CONTENT="tryck"/><SP WIDTH="14" VPOS="730" HPOS="270"/>
							<String ID="string_173" HPOS="284" VPOS="730" WIDTH="82" HEIGHT="19" WC="0.96" CONTENT="nederst"/><SP WIDTH="14" VPOS="730" HPOS="366"/>
							<String ID="string_174" HPOS="380" VPOS="729" WIDTH="26" HEIGHT="25" WC="0.96" CONTENT="på"/><SP WIDTH="16" VPOS="729" HPOS="406"/>
							<String ID="string_175" HPOS="422" VPOS="729" WIDTH="73" HEIGHT="24" WC="0.96" CONTENT="sedeln,"/><SP WIDTH="16" VPOS="729" HPOS="495"/>
							<String ID="string_176" HPOS="511" VPOS="730" WIDTH="30" HEIGHT="18" WC="0.96" CONTENT="till"/><SP WIDTH="14" VPOS="730" HPOS="541"/>
							<String ID="string_177" HPOS="555" VPOS="730" WIDTH="62" HEIGHT="24" WC="0.96" CONTENT="höger"/><SP WIDTH="15" VPOS="730" HPOS="617"/>
							<String ID="string_178" HPOS="632" VPOS="730" WIDTH="36" HEIGHT="19" WC="0.96" CONTENT="och"/><SP WIDTH="16" VPOS="730" HPOS="668"/>
							<String ID="string_179" HPOS="684" VPOS="731" WIDTH="82" HEIGHT="18" WC="0.96" CONTENT="venster"/><SP WIDTH="15" VPOS="731" HPOS="766"/>
							<String ID="string_180" HPOS="781" VPOS="735" WIDTH="32" HEIGHT="13" WC="0.91" CONTENT="om"/><SP WIDTH="14" VPOS="735" HPOS="813"/>
							<String ID="string_181" HPOS="827" VPOS="729" WIDTH="71" HEIGHT="19" WC="0.91" CONTENT="årtals-"/>
						</TextLine>
						<TextLine ID="line_20" HPOS="142" VPOS="758" WIDTH="88" HEIGHT="19">
							<String ID="string_182" HPOS="142" VPOS="758" WIDTH="88" HEIGHT="19" WC="0.96" CONTENT="skölden."/>
						</TextLine>
					</TextBlock>
					<TextBlock ID="block_3" HPOS="141" VPOS="784" WIDTH="758" HEIGHT="227">
						<TextLine ID="line_21" HPOS="210" VPOS="784" WIDTH="688" HEIGHT="27">
							<String ID="string_183" HPOS="210" VPOS="784" WIDTH="72" HEIGHT="22" WC="0.92" CONTENT="Denna"/><SP WIDTH="21" VPOS="784" HPOS="282"/>
							<String ID="string_184" HPOS="303" VPOS="786" WIDTH="64" HEIGHT="20" WC="0.90" CONTENT="sedels"/><SP WIDTH="23" VPOS="786" HPOS="367"/>
							<String ID="string_185" HPOS="390" VPOS="786" WIDTH="89" HEIGHT="20" WC="0.92" CONTENT="frånsida"/><SP WIDTH="22" VPOS="786" HPOS="479"/>
							<String ID="string_186" HPOS="501" VPOS="788" WIDTH="22" HEIGHT="18" WC="0.89" CONTENT="är"/><SP WIDTH="19" VPOS="788" HPOS="523"/>
							<String ID="string_187" HPOS="542" VPOS="786" WIDTH="79" HEIGHT="20" WC="0.89" CONTENT="betäckt"/><SP WIDTH="22" VPOS="786" HPOS="621"/>
							<String ID="string_188" HPOS="643" VPOS="786" WIDTH="45" HEIGHT="20" WC="0.95" CONTENT="med"/><SP WIDTH="19" VPOS="786" HPOS="688"/>
							<String ID="string_189" HPOS="707" VPOS="788" WIDTH="29" HEIGHT="18" WC="0.93" CONTENT="ett"/><SP WIDTH="20" VPOS="788" HPOS="736"/>
							<String ID="string_190" HPOS="756" VPOS="786" WIDTH="142" HEIGHT="25" WC="0.91" CONTENT="guillocheradt"/>
						</TextLine>
						<TextLine ID="line_22" HPOS="141" VPOS="815" WIDTH="757" HEIGHT="25">
							<String ID="string_191" HPOS="141" VPOS="816" WIDTH="94" HEIGHT="23" WC="0.96" CONTENT="mönster,"/><SP WIDTH="16" VPOS="816" HPOS="235"/>
							<String ID="string_192" HPOS="251" VPOS="821" WIDTH="43" HEIGHT="13" WC="0.93" CONTENT="som"/><SP WIDTH="16" VPOS="821" HPOS="294"/>
							<String ID="string_193" HPOS="310" VPOS="815" WIDTH="96" HEIGHT="25" WC="0.91" CONTENT="omgifves"/><SP WIDTH="15" VPOS="815" HPOS="406"/>
							<String ID="string_194" HPOS="421" VPOS="815" WIDTH="19" HEIGHT="19" WC="0.96" CONTENT="af"/><SP WIDTH="15" VPOS="815" HPOS="440"/>
							<String ID="string_195" HPOS="455" VPOS="821" WIDTH="25" HEIGHT="13" WC="0.93" CONTENT="en"/><SP WIDTH="17" VPOS="821" HPOS="480"/>
							<String ID="string_196" HPOS="497" VPOS="815" WIDTH="81" HEIGHT="19" WC="0.90" CONTENT="stafram"/><SP WIDTH="15" VPOS="815" HPOS="578"/>
							<String ID="string_197" HPOS="593" VPOS="815" WIDTH="45" HEIGHT="19" WC="0.95" CONTENT="med"/><SP WIDTH="14" VPOS="815" HPOS="638"/>
							<String ID="string_198" HPOS="652" VPOS="815" WIDTH="67" HEIGHT="19" WC="0.96" CONTENT="enkelt"/><SP WIDTH="15" VPOS="815" HPOS="719"/>
							<String ID="string_199" HPOS="734" VPOS="816" WIDTH="105" HEIGHT="18" WC="0.95" CONTENT="ornament"/><SP WIDTH="14" VPOS="816" HPOS="839"/>
							<String ID="string_200" HPOS="853" VPOS="815" WIDTH="6" HEIGHT="18" WC="0.96" CONTENT="i"/><SP WIDTH="15" VPOS="815" HPOS="859"/>
							<String ID="string_201" HPOS="874" VPOS="815" WIDTH="24" HEIGHT="19" WC="0.96" CONTENT="de"/>
						</TextLine>
						<TextLine ID="line_23" HPOS="141" VPOS="842" WIDTH="758" HEIGHT="26">
							<String ID="string_202" HPOS="141" VPOS="842" WIDTH="36" HEIGHT="19" WC="0.93" CONTENT="två"/><SP WIDTH="20" VPOS="842" HPOS="177"/>
							<String ID="string_203" HPOS="197" VPOS="843" WIDTH="41" HEIGHT="19" WC="0.91" CONTENT="öfre"/><SP WIDTH="21" VPOS="843" HPOS="238"/>
							<String ID="string_204" HPOS="259" VPOS="843" WIDTH="84" HEIGHT="25" WC="0.96" CONTENT="hörnen;"/><SP WIDTH="24" VPOS="843" HPOS="343"/>
							<String ID="string_205" HPOS="367" VPOS="843" WIDTH="35" HEIGHT="19" WC="0.96" CONTENT="allt"/><SP WIDTH="18" VPOS="843" HPOS="402"/>
							<String ID="string_206" HPOS="420" VPOS="843" WIDTH="6" HEIGHT="19" WC="0.96" CONTENT="i"/><SP WIDTH="15" VPOS="843" HPOS="426"/>
							<String ID="string_207" HPOS="441" VPOS="843" WIDTH="35" HEIGHT="19" WC="0.96" CONTENT="röd"/><SP WIDTH="23" VPOS="843" HPOS="476"/>
							<String ID="string_208" HPOS="499" VPOS="843" WIDTH="48" HEIGHT="25" WC="0.93" CONTENT="färg."/><SP WIDTH="30" VPOS="843" HPOS="547"/>
							<String ID="string_209" HPOS="577" VPOS="842" WIDTH="77" HEIGHT="20" WC="0.93" CONTENT="Midten"/><SP WIDTH="16" VPOS="842" HPOS="654"/>
							<String ID="string_210" HPOS="670" VPOS="843" WIDTH="19" HEIGHT="19" WC="0.96" CONTENT="af"/><SP WIDTH="15" VPOS="843" HPOS="689"/>
							<String ID="string_211" HPOS="704" VPOS="843" WIDTH="68" HEIGHT="20" WC="0.93" CONTENT="sedeln"/><SP WIDTH="15" VPOS="843" HPOS="772"/>
							<String ID="string_212" HPOS="787" VPOS="843" WIDTH="77" HEIGHT="24" WC="0.91" CONTENT="intages"/><SP WIDTH="16" VPOS="843" HPOS="864"/>
							<String ID="string_213" HPOS="880" VPOS="843" WIDTH="19" HEIGHT="18" WC="0.95" CONTENT="af"/>
						</TextLine>
						<TextLine ID="line_24" HPOS="141" VPOS="871" WIDTH="756" HEIGHT="26">
							<String ID="string_214" HPOS="141" VPOS="877" WIDTH="25" HEIGHT="13" WC="0.91" CONTENT="en"/><SP WIDTH="16" VPOS="877" HPOS="166"/>
							<String ID="string_215" HPOS="182" VPOS="871" WIDTH="128" HEIGHT="20" WC="0.91" CONTENT="rektankulär"/><SP WIDTH="15" VPOS="871" HPOS="310"/>
							<String ID="string_216" HPOS="325" VPOS="872" WIDTH="51" HEIGHT="24" WC="0.92" CONTENT="tafla,"/><SP WIDTH="14" VPOS="872" HPOS="376"/>
							<String ID="string_217" HPOS="390" VPOS="871" WIDTH="81" HEIGHT="20" WC="0.96" CONTENT="hvilken"/><SP WIDTH="15" VPOS="871" HPOS="471"/>
							<String ID="string_218" HPOS="486" VPOS="872" WIDTH="67" HEIGHT="19" WC="0.96" CONTENT="utförd"/><SP WIDTH="15" VPOS="872" HPOS="553"/>
							<String ID="string_219" HPOS="568" VPOS="872" WIDTH="7" HEIGHT="18" WC="0.93" CONTENT="i"/><SP WIDTH="15" VPOS="872" HPOS="575"/>
							<String ID="string_220" HPOS="590" VPOS="872" WIDTH="134" HEIGHT="25" WC="0.91" CONTENT="koppartryck"/><SP WIDTH="10" VPOS="872" HPOS="724"/>
							<String ID="string_221" HPOS="734" VPOS="871" WIDTH="110" HEIGHT="20" WC="0.93" CONTENT="föreställer"/><SP WIDTH="9" VPOS="871" HPOS="844"/>
							<String ID="string_222" HPOS="853" VPOS="871" WIDTH="44" HEIGHT="19" WC="0.92" CONTENT="Fin-"/>
						</TextLine>
						<TextLine ID="line_25" HPOS="141" VPOS="899" WIDTH="758" HEIGHT="25">
							<String ID="string_223" HPOS="141" VPOS="899" WIDTH="58" HEIGHT="20" WC="0.93" CONTENT="lands"/><SP WIDTH="22" VPOS="899" HPOS="199"/>
							<String ID="string_224" HPOS="221" VPOS="900" WIDTH="129" HEIGHT="24" WC="0.92" CONTENT="hufvudstad,"/><SP WIDTH="23" VPOS="900" HPOS="350"/>
							<String ID="string_225" HPOS="373" VPOS="900" WIDTH="49" HEIGHT="19" WC="0.96" CONTENT="sedd"/><SP WIDTH="21" VPOS="900" HPOS="422"/>
							<String ID="string_226" HPOS="443" VPOS="899" WIDTH="45" HEIGHT="20" WC="0.93" CONTENT="från"/><SP WIDTH="20" VPOS="899" HPOS="488"/>
							<String ID="string_227" HPOS="508" VPOS="900" WIDTH="107" HEIGHT="19" WC="0.90" CONTENT="hafssidan."/><SP WIDTH="31" VPOS="900" HPOS="615"/>
							<String ID="string_228" HPOS="646" VPOS="900" WIDTH="78" HEIGHT="19" WC="0.90" CONTENT="Taflans"/><SP WIDTH="15" VPOS="900" HPOS="724"/>
							<String ID="string_229" HPOS="739" VPOS="906" WIDTH="43" HEIGHT="13" WC="0.96" CONTENT="ram"/><SP WIDTH="15" VPOS="906" HPOS="782"/>
							<String ID="string_230" HPOS="797" VPOS="905" WIDTH="67" HEIGHT="19" WC="0.96" CONTENT="omges"/><SP WIDTH="15" VPOS="905" HPOS="864"/>
							<String ID="string_231" HPOS="879" VPOS="899" WIDTH="20" HEIGHT="19" WC="0.96" CONTENT="af"/>
						</TextLine>
						<TextLine ID="line_26" HPOS="141" VPOS="928" WIDTH="757" HEIGHT="25">
							<String ID="string_232" HPOS="141" VPOS="930" WIDTH="101" HEIGHT="22" WC="0.90" CONTENT="murgrön."/><SP WIDTH="15" VPOS="930" HPOS="242"/>
							<String ID="string_233" HPOS="257" VPOS="940" WIDTH="28" HEIGHT="1" WC="0.92" CONTENT="—"/><SP WIDTH="16" VPOS="940" HPOS="285"/>
							<String ID="string_234" HPOS="301" VPOS="928" WIDTH="93" HEIGHT="20" WC="0.89" CONTENT="Ofvanför"/><SP WIDTH="23" VPOS="928" HPOS="394"/>
							<String ID="string_235" HPOS="417" VPOS="929" WIDTH="60" HEIGHT="18" WC="0.96" CONTENT="taflan"/><SP WIDTH="16" VPOS="929" HPOS="477"/>
							<String ID="string_236" HPOS="493" VPOS="929" WIDTH="52" HEIGHT="19" WC="0.93" CONTENT="läses"/><SP WIDTH="17" VPOS="929" HPOS="545"/>
							<String ID="string_237" HPOS="562" VPOS="929" WIDTH="79" HEIGHT="19" WC="0.91" CONTENT="sedelns"/><SP WIDTH="16" VPOS="929" HPOS="641"/>
							<String ID="string_238" HPOS="657" VPOS="929" WIDTH="55" HEIGHT="19" WC="0.96" CONTENT="valör"/><SP WIDTH="14" VPOS="929" HPOS="712"/>
							<String ID="string_239" HPOS="726" VPOS="928" WIDTH="27" HEIGHT="25" WC="0.96" CONTENT="på"/><SP WIDTH="15" VPOS="928" HPOS="753"/>
							<String ID="string_240" HPOS="768" VPOS="928" WIDTH="63" HEIGHT="19" WC="0.96" CONTENT="finska"/><SP WIDTH="16" VPOS="928" HPOS="831"/>
							<String ID="string_241" HPOS="847" VPOS="930" WIDTH="51" HEIGHT="17" WC="0.96" CONTENT="samt"/>
						</TextLine>
						<TextLine ID="line_27" HPOS="141" VPOS="956" WIDTH="757" HEIGHT="25">
							<String ID="string_242" HPOS="141" VPOS="956" WIDTH="30" HEIGHT="19" WC="0.92" CONTENT="till"/><SP WIDTH="23" VPOS="956" HPOS="171"/>
							<String ID="string_243" HPOS="194" VPOS="958" WIDTH="80" HEIGHT="17" WC="0.93" CONTENT="venster"/><SP WIDTH="18" VPOS="958" HPOS="274"/>
							<String ID="string_244" HPOS="292" VPOS="957" WIDTH="37" HEIGHT="19" WC="0.96" CONTENT="och"/><SP WIDTH="15" VPOS="957" HPOS="329"/>
							<String ID="string_245" HPOS="344" VPOS="957" WIDTH="60" HEIGHT="24" WC="0.96" CONTENT="höger"/><SP WIDTH="15" VPOS="957" HPOS="404"/>
							<String ID="string_246" HPOS="419" VPOS="963" WIDTH="32" HEIGHT="12" WC="0.96" CONTENT="om"/><SP WIDTH="16" VPOS="963" HPOS="451"/>
							<String ID="string_247" HPOS="467" VPOS="957" WIDTH="72" HEIGHT="24" WC="0.96" CONTENT="denna,"/><SP WIDTH="16" VPOS="957" HPOS="539"/>
							<String ID="string_248" HPOS="555" VPOS="957" WIDTH="137" HEIGHT="24" WC="0.93" CONTENT="symmetriskt"/><SP WIDTH="16" VPOS="957" HPOS="692"/>
							<String ID="string_249" HPOS="708" VPOS="957" WIDTH="100" HEIGHT="24" WC="0.92" CONTENT="anbragta,"/><SP WIDTH="16" VPOS="957" HPOS="808"/>
							<String ID="string_250" HPOS="824" VPOS="962" WIDTH="74" HEIGHT="13" WC="0.96" CONTENT="samma"/>
						</TextLine>
						<TextLine ID="line_28" HPOS="141" VPOS="984" WIDTH="458" HEIGHT="27">
							<String ID="string_251" HPOS="141" VPOS="984" WIDTH="54" HEIGHT="20" WC="0.96" CONTENT="valör"/><SP WIDTH="15" VPOS="984" HPOS="195"/>
							<String ID="string_252" HPOS="210" VPOS="985" WIDTH="112" HEIGHT="25" WC="0.96" CONTENT="respektive"/><SP WIDTH="15" VPOS="985" HPOS="322"/>
							<String ID="string_253" HPOS="337" VPOS="985" WIDTH="26" HEIGHT="26" WC="0.96" CONTENT="på"/><SP WIDTH="15" VPOS="985" HPOS="363"/>
							<String ID="string_254" HPOS="378" VPOS="985" WIDTH="87" HEIGHT="20" WC="0.96" CONTENT="svenska"/><SP WIDTH="15" VPOS="985" HPOS="465"/>
							<String ID="string_255" HPOS="480" VPOS="985" WIDTH="38" HEIGHT="20" WC="0.96" CONTENT="och"/><SP WIDTH="15" VPOS="985" HPOS="518"/>
							<String ID="string_256" HPOS="533" VPOS="985" WIDTH="66" HEIGHT="25" WC="0.96" CONTENT="ryska."/>
						</TextLine>
					</TextBlock>
					<TextBlock ID="block_4" HPOS="139" VPOS="1013" WIDTH="759" HEIGHT="308">
						<TextLine ID="line_29" HPOS="210" VPOS="1013" WIDTH="687" HEIGHT="25">
							<String ID="string_257" HPOS="210" VPOS="1013" WIDTH="28" HEIGHT="19" WC="0.96" CONTENT="På"/><SP WIDTH="18" VPOS="1013" HPOS="238"/>
							<String ID="string_258" HPOS="256" VPOS="1013" WIDTH="96" HEIGHT="20" WC="0.96" CONTENT="hvardera"/><SP WIDTH="22" VPOS="1013" HPOS="352"/>
							<String ID="string_259" HPOS="374" VPOS="1014" WIDTH="57" HEIGHT="19" WC="0.96" CONTENT="sidan"/><SP WIDTH="18" VPOS="1014" HPOS="431"/>
							<String ID="string_260" HPOS="449" VPOS="1014" WIDTH="19" HEIGHT="18" WC="0.96" CONTENT="af"/><SP WIDTH="18" VPOS="1014" HPOS="468"/>
							<String ID="string_261" HPOS="486" VPOS="1014" WIDTH="61" HEIGHT="19" WC="0.96" CONTENT="taflan"/><SP WIDTH="14" VPOS="1014" HPOS="547"/>
							<String ID="string_262" HPOS="561" VPOS="1014" WIDTH="7" HEIGHT="19" WC="0.93" CONTENT="i"/><SP WIDTH="16" VPOS="1014" HPOS="568"/>
							<String ID="string_263" HPOS="584" VPOS="1014" WIDTH="79" HEIGHT="19" WC="0.91" CONTENT="sedelns"/><SP WIDTH="22" VPOS="1014" HPOS="663"/>
							<String ID="string_264" HPOS="685" VPOS="1014" WIDTH="55" HEIGHT="24" WC="0.95" CONTENT="midt,"/><SP WIDTH="22" VPOS="1014" HPOS="740"/>
							<String ID="string_265" HPOS="762" VPOS="1014" WIDTH="65" HEIGHT="18" WC="0.93" CONTENT="finnas"/><SP WIDTH="16" VPOS="1014" HPOS="827"/>
							<String ID="string_266" HPOS="843" VPOS="1019" WIDTH="54" HEIGHT="18" WC="0.91" CONTENT="sym-"/>
						</TextLine>
						<TextLine ID="line_30" HPOS="141" VPOS="1041" WIDTH="757" HEIGHT="26">
							<String ID="string_267" HPOS="141" VPOS="1041" WIDTH="92" HEIGHT="20" WC="0.93" CONTENT="metriskt"/><SP WIDTH="21" VPOS="1041" HPOS="233"/>
							<String ID="string_268" HPOS="254" VPOS="1042" WIDTH="100" HEIGHT="25" WC="0.91" CONTENT="anbragta,"/><SP WIDTH="21" VPOS="1042" HPOS="354"/>
							<String ID="string_269" HPOS="375" VPOS="1042" WIDTH="84" HEIGHT="19" WC="0.93" CONTENT="medelst"/><SP WIDTH="20" VPOS="1042" HPOS="459"/>
							<String ID="string_270" HPOS="479" VPOS="1043" WIDTH="106" HEIGHT="24" WC="0.91" CONTENT="pantograf"/><SP WIDTH="23" VPOS="1043" HPOS="585"/>
							<String ID="string_271" HPOS="608" VPOS="1043" WIDTH="37" HEIGHT="18" WC="0.96" CONTENT="och"/><SP WIDTH="13" VPOS="1043" HPOS="645"/>
							<String ID="string_272" HPOS="658" VPOS="1042" WIDTH="7" HEIGHT="19" WC="0.93" CONTENT="i"/><SP WIDTH="15" VPOS="1042" HPOS="665"/>
							<String ID="string_273" HPOS="680" VPOS="1042" WIDTH="99" HEIGHT="25" WC="0.91" CONTENT="guilloche"/><SP WIDTH="20" VPOS="1042" HPOS="779"/>
							<String ID="string_274" HPOS="799" VPOS="1041" WIDTH="99" HEIGHT="20" WC="0.90" CONTENT="konstrikt"/>
						</TextLine>
						<TextLine ID="line_31" HPOS="140" VPOS="1069" WIDTH="757" HEIGHT="26">
							<String ID="string_275" HPOS="140" VPOS="1069" WIDTH="79" HEIGHT="20" WC="0.96" CONTENT="utförda"/><SP WIDTH="15" VPOS="1069" HPOS="219"/>
							<String ID="string_276" HPOS="234" VPOS="1072" WIDTH="90" HEIGHT="23" WC="0.96" CONTENT="rosetter,"/><SP WIDTH="18" VPOS="1072" HPOS="324"/>
							<String ID="string_277" HPOS="342" VPOS="1071" WIDTH="67" HEIGHT="18" WC="0.96" CONTENT="hvilka"/><SP WIDTH="14" VPOS="1071" HPOS="409"/>
							<String ID="string_278" HPOS="423" VPOS="1071" WIDTH="7" HEIGHT="18" WC="0.96" CONTENT="i"/><SP WIDTH="15" VPOS="1071" HPOS="430"/>
							<String ID="string_279" HPOS="445" VPOS="1071" WIDTH="32" HEIGHT="18" WC="0.96" CONTENT="sin"/><SP WIDTH="15" VPOS="1071" HPOS="477"/>
							<String ID="string_280" HPOS="492" VPOS="1071" WIDTH="51" HEIGHT="19" WC="0.96" CONTENT="midt"/><SP WIDTH="14" VPOS="1071" HPOS="543"/>
							<String ID="string_281" HPOS="557" VPOS="1071" WIDTH="102" HEIGHT="18" WC="0.93" CONTENT="innesluta"/><SP WIDTH="15" VPOS="1071" HPOS="659"/>
							<String ID="string_282" HPOS="674" VPOS="1071" WIDTH="80" HEIGHT="19" WC="0.90" CONTENT="sedelns"/><SP WIDTH="16" VPOS="1071" HPOS="754"/>
							<String ID="string_283" HPOS="770" VPOS="1070" WIDTH="107" HEIGHT="19" WC="0.92" CONTENT="siffervalör"/><SP WIDTH="15" VPOS="1070" HPOS="877"/>
							<String ID="string_284" HPOS="892" VPOS="1070" WIDTH="5" HEIGHT="19" WC="0.96" CONTENT="i"/>
						</TextLine>
						<TextLine ID="line_32" HPOS="141" VPOS="1099" WIDTH="757" HEIGHT="25">
							<String ID="string_285" HPOS="141" VPOS="1099" WIDTH="64" HEIGHT="18" WC="0.96" CONTENT="större"/><SP WIDTH="21" VPOS="1099" HPOS="205"/>
							<String ID="string_286" HPOS="226" VPOS="1099" WIDTH="60" HEIGHT="18" WC="0.95" CONTENT="skala."/><SP WIDTH="30" VPOS="1099" HPOS="286"/>
							<String ID="string_287" HPOS="316" VPOS="1099" WIDTH="99" HEIGHT="19" WC="0.66" CONTENT="Nedanför"/><SP WIDTH="21" VPOS="1099" HPOS="415"/>
							<String ID="string_288" HPOS="436" VPOS="1099" WIDTH="60" HEIGHT="19" WC="0.96" CONTENT="taflan"/><SP WIDTH="19" VPOS="1099" HPOS="496"/>
							<String ID="string_289" HPOS="515" VPOS="1099" WIDTH="52" HEIGHT="19" WC="0.96" CONTENT="läses"/><SP WIDTH="16" VPOS="1099" HPOS="567"/>
							<String ID="string_290" HPOS="583" VPOS="1105" WIDTH="75" HEIGHT="13" WC="0.96" CONTENT="samma"/><SP WIDTH="15" VPOS="1105" HPOS="658"/>
							<String ID="string_291" HPOS="673" VPOS="1101" WIDTH="44" HEIGHT="17" WC="0.96" CONTENT="text"/><SP WIDTH="15" VPOS="1101" HPOS="717"/>
							<String ID="string_292" HPOS="732" VPOS="1099" WIDTH="26" HEIGHT="25" WC="0.96" CONTENT="på"/><SP WIDTH="15" VPOS="1099" HPOS="758"/>
							<String ID="string_293" HPOS="773" VPOS="1099" WIDTH="66" HEIGHT="24" WC="0.96" CONTENT="ryska,"/><SP WIDTH="16" VPOS="1099" HPOS="839"/>
							<String ID="string_294" HPOS="855" VPOS="1104" WIDTH="43" HEIGHT="14" WC="0.96" CONTENT="som"/>
						</TextLine>
						<TextLine ID="line_33" HPOS="140" VPOS="1126" WIDTH="758" HEIGHT="27">
							<String ID="string_295" HPOS="140" VPOS="1126" WIDTH="12" HEIGHT="19" WC="0.91" CONTENT="å"/><SP WIDTH="19" VPOS="1126" HPOS="152"/>
							<String ID="string_296" HPOS="171" VPOS="1127" WIDTH="79" HEIGHT="19" WC="0.92" CONTENT="sedelns"/><SP WIDTH="22" VPOS="1127" HPOS="250"/>
							<String ID="string_297" HPOS="272" VPOS="1127" WIDTH="92" HEIGHT="20" WC="0.96" CONTENT="framtida"/><SP WIDTH="22" VPOS="1127" HPOS="364"/>
							<String ID="string_298" HPOS="386" VPOS="1128" WIDTH="64" HEIGHT="18" WC="0.96" CONTENT="finnes"/><SP WIDTH="20" VPOS="1128" HPOS="450"/>
							<String ID="string_299" HPOS="470" VPOS="1127" WIDTH="27" HEIGHT="26" WC="0.96" CONTENT="på"/><SP WIDTH="16" VPOS="1127" HPOS="497"/>
							<String ID="string_300" HPOS="513" VPOS="1127" WIDTH="86" HEIGHT="20" WC="0.96" CONTENT="svenska"/><SP WIDTH="22" VPOS="1127" HPOS="599"/>
							<String ID="string_301" HPOS="621" VPOS="1128" WIDTH="37" HEIGHT="19" WC="0.96" CONTENT="och"/><SP WIDTH="15" VPOS="1128" HPOS="658"/>
							<String ID="string_302" HPOS="673" VPOS="1127" WIDTH="69" HEIGHT="20" WC="0.92" CONTENT="finska."/><SP WIDTH="30" VPOS="1127" HPOS="742"/>
							<String ID="string_303" HPOS="772" VPOS="1127" WIDTH="86" HEIGHT="19" WC="0.90" CONTENT="Nederst"/><SP WIDTH="14" VPOS="1127" HPOS="858"/>
							<String ID="string_304" HPOS="872" VPOS="1126" WIDTH="26" HEIGHT="25" WC="0.96" CONTENT="på"/>
						</TextLine>
						<TextLine ID="line_34" HPOS="141" VPOS="1155" WIDTH="757" HEIGHT="26">
							<String ID="string_305" HPOS="141" VPOS="1155" WIDTH="69" HEIGHT="19" WC="0.95" CONTENT="sedeln"/><SP WIDTH="14" VPOS="1155" HPOS="210"/>
							<String ID="string_306" HPOS="224" VPOS="1155" WIDTH="52" HEIGHT="20" WC="0.96" CONTENT="läses"/><SP WIDTH="16" VPOS="1155" HPOS="276"/>
							<String ID="string_307" HPOS="292" VPOS="1156" WIDTH="5" HEIGHT="19" WC="0.96" CONTENT="i"/><SP WIDTH="16" VPOS="1156" HPOS="297"/>
							<String ID="string_308" HPOS="313" VPOS="1156" WIDTH="27" HEIGHT="19" WC="0.93" CONTENT="fin"/><SP WIDTH="15" VPOS="1156" HPOS="340"/>
							<String ID="string_309" HPOS="355" VPOS="1155" WIDTH="101" HEIGHT="26" WC="0.92" CONTENT="perlskrift"/><SP WIDTH="15" VPOS="1155" HPOS="456"/>
							<String ID="string_310" HPOS="471" VPOS="1156" WIDTH="55" HEIGHT="19" WC="0.91" CONTENT="inom"/><SP WIDTH="15" VPOS="1156" HPOS="526"/>
							<String ID="string_311" HPOS="541" VPOS="1157" WIDTH="70" HEIGHT="18" WC="0.91" CONTENT="trenne"/><SP WIDTH="16" VPOS="1157" HPOS="611"/>
							<String ID="string_312" HPOS="627" VPOS="1162" WIDTH="71" HEIGHT="19" WC="0.95" CONTENT="genom"/><SP WIDTH="15" VPOS="1162" HPOS="698"/>
							<String ID="string_313" HPOS="713" VPOS="1156" WIDTH="67" HEIGHT="19" WC="0.96" CONTENT="enkelt"/><SP WIDTH="16" VPOS="1156" HPOS="780"/>
							<String ID="string_314" HPOS="796" VPOS="1156" WIDTH="102" HEIGHT="19" WC="0.96" CONTENT="ornament"/>
						</TextLine>
						<TextLine ID="line_35" HPOS="140" VPOS="1183" WIDTH="757" HEIGHT="26">
							<String ID="string_315" HPOS="140" VPOS="1183" WIDTH="46" HEIGHT="19" WC="0.96" CONTENT="med"/><SP WIDTH="14" VPOS="1183" HPOS="186"/>
							<String ID="string_316" HPOS="200" VPOS="1183" WIDTH="111" HEIGHT="20" WC="0.96" CONTENT="hvarandra"/><SP WIDTH="15" VPOS="1183" HPOS="311"/>
							<String ID="string_317" HPOS="326" VPOS="1185" WIDTH="92" HEIGHT="18" WC="0.96" CONTENT="förenade"/><SP WIDTH="15" VPOS="1185" HPOS="418"/>
							<String ID="string_318" HPOS="433" VPOS="1185" WIDTH="80" HEIGHT="19" WC="0.96" CONTENT="sköldar"/><SP WIDTH="15" VPOS="1185" HPOS="513"/>
							<String ID="string_319" HPOS="528" VPOS="1190" WIDTH="75" HEIGHT="13" WC="0.96" CONTENT="samma"/><SP WIDTH="15" VPOS="1190" HPOS="603"/>
							<String ID="string_320" HPOS="618" VPOS="1185" WIDTH="78" HEIGHT="18" WC="0.95" CONTENT="erinran"/><SP WIDTH="16" VPOS="1185" HPOS="696"/>
							<String ID="string_321" HPOS="712" VPOS="1190" WIDTH="32" HEIGHT="13" WC="0.96" CONTENT="om"/><SP WIDTH="15" VPOS="1190" HPOS="744"/>
							<String ID="string_322" HPOS="759" VPOS="1184" WIDTH="69" HEIGHT="25" WC="0.93" CONTENT="lagens"/><SP WIDTH="16" VPOS="1184" HPOS="828"/>
							<String ID="string_323" HPOS="844" VPOS="1183" WIDTH="53" HEIGHT="20" WC="0.92" CONTENT="stad-"/>
						</TextLine>
						<TextLine ID="line_36" HPOS="140" VPOS="1211" WIDTH="758" HEIGHT="26">
							<String ID="string_324" HPOS="140" VPOS="1211" WIDTH="65" HEIGHT="25" WC="0.96" CONTENT="gande"/><SP WIDTH="21" VPOS="1211" HPOS="205"/>
							<String ID="string_325" HPOS="226" VPOS="1214" WIDTH="54" HEIGHT="17" WC="0.95" CONTENT="emot"/><SP WIDTH="20" VPOS="1214" HPOS="280"/>
							<String ID="string_326" HPOS="300" VPOS="1213" WIDTH="130" HEIGHT="24" WC="0.96" CONTENT="förfalskning"/><SP WIDTH="21" VPOS="1213" HPOS="430"/>
							<String ID="string_327" HPOS="451" VPOS="1213" WIDTH="37" HEIGHT="19" WC="0.93" CONTENT="och"/><SP WIDTH="23" VPOS="1213" HPOS="488"/>
							<String ID="string_328" HPOS="511" VPOS="1212" WIDTH="135" HEIGHT="25" WC="0.88" CONTENT="utprångling,"/><SP WIDTH="24" VPOS="1212" HPOS="646"/>
							<String ID="string_329" HPOS="670" VPOS="1219" WIDTH="43" HEIGHT="13" WC="0.96" CONTENT="som"/><SP WIDTH="15" VPOS="1219" HPOS="713"/>
							<String ID="string_330" HPOS="728" VPOS="1213" WIDTH="130" HEIGHT="19" WC="0.96" CONTENT="förekommer"/><SP WIDTH="14" VPOS="1213" HPOS="858"/>
							<String ID="string_331" HPOS="872" VPOS="1211" WIDTH="26" HEIGHT="26" WC="0.97" CONTENT="på"/>
						</TextLine>
						<TextLine ID="line_37" HPOS="140" VPOS="1239" WIDTH="757" HEIGHT="27">
							<String ID="string_332" HPOS="140" VPOS="1239" WIDTH="103" HEIGHT="20" WC="0.96" CONTENT="frånsidan"/><SP WIDTH="15" VPOS="1239" HPOS="243"/>
							<String ID="string_333" HPOS="258" VPOS="1241" WIDTH="19" HEIGHT="18" WC="0.96" CONTENT="af"/><SP WIDTH="15" VPOS="1241" HPOS="277"/>
							<String ID="string_334" HPOS="292" VPOS="1241" WIDTH="92" HEIGHT="19" WC="0.96" CONTENT="Bankens"/><SP WIDTH="15" VPOS="1241" HPOS="384"/>
							<String ID="string_335" HPOS="399" VPOS="1241" WIDTH="38" HEIGHT="20" WC="0.96" CONTENT="alla"/><SP WIDTH="16" VPOS="1241" HPOS="437"/>
							<String ID="string_336" HPOS="453" VPOS="1241" WIDTH="70" HEIGHT="24" WC="0.96" CONTENT="sedlar,"/><SP WIDTH="16" VPOS="1241" HPOS="523"/>
							<String ID="string_337" HPOS="539" VPOS="1241" WIDTH="102" HEIGHT="25" WC="0.96" CONTENT="nämligen"/><SP WIDTH="14" VPOS="1241" HPOS="641"/>
							<String ID="string_338" HPOS="655" VPOS="1241" WIDTH="7" HEIGHT="19" WC="0.96" CONTENT="i"/><SP WIDTH="15" VPOS="1241" HPOS="662"/>
							<String ID="string_339" HPOS="677" VPOS="1241" WIDTH="38" HEIGHT="19" WC="0.96" CONTENT="den"/><SP WIDTH="15" VPOS="1241" HPOS="715"/>
							<String ID="string_340" HPOS="730" VPOS="1241" WIDTH="101" HEIGHT="19" WC="0.93" CONTENT="mellersta"/><SP WIDTH="16" VPOS="1241" HPOS="831"/>
							<String ID="string_341" HPOS="847" VPOS="1240" WIDTH="50" HEIGHT="19" WC="0.92" CONTENT="sköl-"/>
						</TextLine>
						<TextLine ID="line_38" HPOS="140" VPOS="1268" WIDTH="758" HEIGHT="27">
							<String ID="string_342" HPOS="140" VPOS="1268" WIDTH="87" HEIGHT="26" WC="0.60" CONTENT="denijpå"/><SP WIDTH="21" VPOS="1268" HPOS="227"/>
							<String ID="string_343" HPOS="248" VPOS="1269" WIDTH="92" HEIGHT="24" WC="0.96" CONTENT="svenska,"/><SP WIDTH="21" VPOS="1269" HPOS="340"/>
							<String ID="string_344" HPOS="361" VPOS="1270" WIDTH="3" HEIGHT="18" WC="0.95" CONTENT="i"/><SP WIDTH="22" VPOS="1270" HPOS="364"/>
							<String ID="string_345" HPOS="386" VPOS="1269" WIDTH="38" HEIGHT="20" WC="0.93" CONTENT="den"/><SP WIDTH="22" VPOS="1269" HPOS="424"/>
							<String ID="string_346" HPOS="446" VPOS="1271" WIDTH="83" HEIGHT="18" WC="0.92" CONTENT="venstra"/><SP WIDTH="17" VPOS="1271" HPOS="529"/>
							<String ID="string_347" HPOS="546" VPOS="1269" WIDTH="26" HEIGHT="26" WC="0.96" CONTENT="pä"/><SP WIDTH="19" VPOS="1269" HPOS="572"/>
							<String ID="string_348" HPOS="591" VPOS="1269" WIDTH="65" HEIGHT="20" WC="0.96" CONTENT="finska"/><SP WIDTH="14" VPOS="1269" HPOS="656"/>
							<String ID="string_349" HPOS="670" VPOS="1269" WIDTH="37" HEIGHT="20" WC="0.96" CONTENT="och"/><SP WIDTH="15" VPOS="1269" HPOS="707"/>
							<String ID="string_350" HPOS="722" VPOS="1269" WIDTH="6" HEIGHT="19" WC="0.96" CONTENT="i"/><SP WIDTH="16" VPOS="1269" HPOS="728"/>
							<String ID="string_351" HPOS="744" VPOS="1269" WIDTH="39" HEIGHT="20" WC="0.96" CONTENT="den"/><SP WIDTH="15" VPOS="1269" HPOS="783"/>
							<String ID="string_352" HPOS="798" VPOS="1269" WIDTH="60" HEIGHT="24" WC="0.96" CONTENT="högra"/><SP WIDTH="14" VPOS="1269" HPOS="858"/>
							<String ID="string_353" HPOS="872" VPOS="1268" WIDTH="26" HEIGHT="25" WC="0.96" CONTENT="på"/>
						</TextLine>
						<TextLine ID="line_39" HPOS="139" VPOS="1296" WIDTH="68" HEIGHT="25">
							<String ID="string_354" HPOS="139" VPOS="1296" WIDTH="68" HEIGHT="25" WC="0.95" CONTENT="ryska."/>
						</TextLine>
					</TextBlock>
				</ComposedBlock>
				<GraphicalElement ID="cblock_2" HPOS="1073" VPOS="27" WIDTH="5" HEIGHT="1123"></GraphicalElement >
			</PrintSpace>
		</Page>
	</Layout>
</alto>
