1078 1692
215 160 31 24 18

194 229 110 24 anmälas
327 229 43 24 hos
391 231 73 31 något
485 229 117 24 Bankens
621 229 91 31 kontor,
730 229 100 24 medelst
847 228 104 24 bevisets

194 264 131 31 uppteende
343 264 39 23 till
400 264 153 32 påteckning.

537 350 13 29 8
571 350 38 23 43.

262 400 95 24 Insatta
379 401 74 23 medel
477 400 143 24 återbetalar
639 400 101 24 Banken
758 400 41 24 vid
817 400 131 24 anfordran

192 434 9 23 i
225 434 39 24 det
286 434 90 31 kontor,
400 435 40 23 der
462 435 168 31 insättningen
652 435 70 30 skett,
740 437 48 21 mot
805 434 145 24 äterbekom-

192 469 86 23 mande
296 469 25 24 af
339 469 236 31 depositionsbeviset
593 470 52 23 med
664 470 56 23 derä
738 469 111 24 tecknadt
869 469 81 31 gvitto.

535 562 13 28 8
569 561 38 23 44.

259 611 46 23 För
323 611 113 25 Bankens
455 612 213 31 depositionsbevis
688 612 77 31 gäller
783 611 53 24 icke
855 611 44 23 den
911 611 36 23 uti

190 646 42 31 lag
245 645 37 24 för
294 646 100 32 vanliga
404 646 191 32 förskrifningar
606 646 113 32 stadgade
728 645 219 32 preskriptionstid,

191 680 77 24 derest
291 680 90 24 beviset
404 680 51 24 icke
474 680 83 24 blifvit
575 680 25 24 af
618 680 102 24 Banken
738 680 99 24 medelst
855 680 92 31 kungö-

190 714 61 24 relse
275 714 8 23 i
300 714 93 24 landets
412 715 104 23 officiela
533 715 126 31 tidningar
677 714 40 24 till
736 714 93 24 inlösen
847 716 30 29 pä
895 714 51 24 viss

189 748 47 32 dag
264 749 126 31 uppsagdt,
417 749 9 23 i
449 749 102 24 hvilken
573 749 114 24 händelse
711 748 237 32 depositionsbeviset

189 782 32 24 tio
246 784 28 22 år
292 783 59 23 efter
369 784 72 31 sagde
461 784 46 31 dag
526 784 92 31 upphör
637 786 35 21 att
690 783 67 32 gälla
775 785 47 21 mot
840 782 107 25 Banken,

528 870 13 28 $
561 869 39 23 45.

258 924 44 24 Om
325 925 212 31 depositionsbevis
560 925 36 24 för
615 925 177 24 innehafvaren
809 925 137 23 förkommit

188 959 58 24 eller
270 959 114 31 förstörts,
408 960 138 23 ankommer
567 960 38 23 det
626 961 30 30 pä
677 959 87 24 honom
787 961 34 22 att
844 959 36 23 för
897 959 49 24 det-

189 1001 105 16 sammas
321 993 103 25 dödande
448 994 42 24 och
513 995 27 23 de
561 994 92 23 insatta
670 993 106 24 medlens
795 993 151 24 utbetalande

188 1027 25 24 af
230 1027 103 24 Banken
352 1028 96 30 förfara,
467 1030 30 30 pä
516 1030 48 22 sätt
582 1028 9 23 i
612 1028 31 24 18
661 1029 13 28 &
690 1035 37 16 om
739 1027 117 24 förlorade
868 1027 77 24 invis-

189 1061 90 32 ningar
298 1065 74 28 säges.

308 1163 44 24 Om
370 1164 151 31 nedsättning
539 1165 10 22 i
567 1165 101 23 Banken
686 1164 35 23 till
739 1164 90 31 förvar.

532 1228 13 28 8
565 1227 38 24 46.

253 1277 118 24 Finlands
394 1277 72 24 Bank
487 1280 130 30 emottager
640 1279 39 23 till
702 1278 82 24 förvar
801 1278 9 23 i
828 1278 114 24 Bankens

184 1311 77 30 hvalf,
288 1311 4 23 i
315 1313 56 22 män
390 1312 25 23 af
435 1312 75 32 ledigt
527 1315 126 28 utrymme,
671 1313 65 31 gods,
755 1320 50 16 som
823 1315 27 21 är
867 1313 76 23 insatt

183 1346 9 23 i
211 1345 129 32 behörigen
358 1346 123 24 tillslutna
500 1347 43 23 och
561 1347 133 32 förseglade
713 1347 76 30 skrin,
802 1347 66 23 lädor
884 1346 58 24 eller

183 1379 116 32 paketter,
317 1380 79 23 hvarä
413 1380 148 24 insättarens
579 1389 75 16 namn
670 1381 44 24 och
726 1381 60 30 yrke
799 1381 58 24 eller
869 1381 73 31 tjenst

182 1413 90 32 jemvä]
300 1413 68 24 skola
395 1422 60 16 vara
482 1415 153 24 antecknade.
676 1415 44 24 Om
748 1415 86 24 sådant
860 1415 80 31 inlags

182 1447 111 24 innehäll
312 1448 43 23 och
374 1449 72 23 värde
464 1451 68 30 tager
551 1449 101 24 Banken
670 1450 52 23 icke
742 1449 143 24 kännedom.
