1078 1692
204 147 26 20 26

175 216 27 14 en
217 210 31 19 tid
264 210 22 19 af
298 209 36 21 två
349 209 33 25 år;
398 210 39 20 och
453 210 53 26 egde
521 210 158 23 statskontoret,
695 209 27 27 på
736 210 142 26 guvernörens
896 216 32 14 re-

176 244 105 26 qvisition,
304 252 24 12 ur
349 246 98 18 räntorna
469 244 13 20 å
504 245 77 19 fonden
603 246 78 18 ersätta
700 244 99 20 ränteriet
815 245 66 25 sagda
896 246 32 18 ut-

175 274 138 34 betalningar.
557 284 2 2 :

246 313 69 19 Sedan
337 314 118 25 Kejserliga
479 313 92 20 Senaten
593 313 106 20 forordnat
721 314 31 18 att
774 319 26 13 en
822 313 106 26 byggnad,

176 346 149 21 innehållande
340 348 163 26 gymnastiksal,
518 348 160 19 biblioteksrum
692 354 28 12 m.
736 354 35 16 m.,
792 347 68 20 skulle
878 353 50 19 upp-

177 382 56 19 föras
249 382 31 18 för
296 382 115 20 emellertid
429 382 104 20 inrättade
555 382 115 19 Sordavala
689 382 52 19 eller
764 382 91 26 Kymölä
876 381 53 20 folk-

176 416 126 20 skollärare-
322 416 40 20 och
384 416 213 20 lärarinneseminarii
612 416 64 20 behof
690 417 56 19 samt
768 417 30 18 att
820 416 41 20 den
883 416 45 20 där-

176 451 31 19 för
229 451 119 19 beräknade
370 451 117 19 kostnaden
509 450 77 24 45,300
606 451 60 19 mark
687 450 69 20 skulle
774 449 51 27 utgä
843 457 23 13 ur
881 451 48 19 rän-

175 486 61 18 torna
251 484 13 20 ä
278 485 114 20 Siitoinska
406 486 188 22 folkskolefonden,
614 485 38 19 har
670 485 87 26 jämlikt
778 485 151 19 Ecklesiastik-

177 520 156 26 expeditionens
354 520 109 20 skrifvelse
481 521 32 19 för
533 520 41 19 den
595 520 24 19 13
644 520 52 25 april
717 519 53 20 1881
786 520 7 18 i
808 518 76 20 sädant
899 520 29 18 af-

176 554 77 20 seende
269 555 23 19 af
305 555 63 19 dessa
382 555 128 19 räntemedel
525 554 114 20 utbetalats
654 553 23 21 är
695 554 52 20 1881
767 554 76 23 27,900
862 554 66 22 mark,

176 588 23 20 är
222 588 54 20 1883
300 588 61 24 2,667
385 589 59 19 mark
467 589 27 19 88
517 589 63 25 penni
599 588 39 20 och
654 588 22 20 är
694 588 54 20 1884
764 588 61 23 6,865
841 588 59 19 mark
916 588 12 19 8

175 624 73 24 penni;
264 623 118 25 hvarjämte
396 624 7 18 i
419 623 53 26 följd
487 624 22 18 af
522 623 96 19 bemälda
634 623 135 25 Expeditions
784 623 45 19 bref
842 623 32 19 för
888 622 40 20 den

179 656 24 20 19
219 658 85 25 augusti
322 658 58 23 1881,
397 670 27 2 —
438 658 60 19 hvari
513 658 108 19 meddelas
637 658 30 18 att
682 657 119 20 kostnaden
815 657 32 19 för
862 657 66 25 öfriga

176 692 130 25 byggnader,
322 698 46 13 som
383 692 96 20 beslutits
495 693 30 18 att
541 692 97 26 uppföras
658 692 32 19 för
711 692 132 18 seminariets
859 692 68 22 behof,

176 726 69 19 skulle
261 725 50 27 utgä
321 733 24 12 ur
358 727 223 25 räntebesparingarna
596 727 7 18 i
619 727 66 25 sagda
696 726 49 19 fond
758 725 24 20 sä
794 725 59 27 längt
865 726 63 19 dessa

175 766 49 14 vore
240 760 118 26 disponibla
368 761 39 19 och
422 763 70 17 resten
503 761 22 19 af
533 761 107 19 allmänna
652 760 130 24 statsmedel,
798 772 26 2 —
840 759 22 21 är
875 760 53 20 1887

175 795 137 19 utanordnats
328 796 23 18 af
364 796 91 19 nämnda
470 795 136 26 besparingar
621 794 75 24 66,446
713 795 60 19 mark
788 794 27 20 45
830 795 68 25 penni.

243 829 31 18 Af
292 830 130 24 guvernören
436 830 7 18 i
458 830 92 24 Viborgs
565 829 35 19 län
615 829 38 19 har
668 831 74 17 senast
757 829 123 18 rekvirerats
896 835 32 13 er-

176 863 95 25 sättning
286 863 31 19 för
332 863 111 20 omordade
459 863 124 26 löneanslag
599 863 30 20 för
645 862 23 20 är
684 863 55 19 1887
755 861 21 21 ät
791 863 137 19 omförmälda

176 895 144 21 föreständare
335 897 39 20 och
390 896 181 21 föreständarinna
587 899 54 17 samt
656 897 32 19 för
708 896 24 20 är
755 896 53 20 1888
831 896 21 20 ät
874 897 54 19 före-

177 930 119 21 ständaren,

244 965 98 20 Fondens
358 964 113 27 tillgängar
486 966 35 19 äro
541 972 86 13 numera
646 965 111 26 placerade
777 965 44 19 dels
837 965 6 19 i
859 966 69 19 ränte-

175 999 92 20 bärande
283 1000 191 25 statsobligatiener
489 1000 45 19 dels
549 1000 7 19 i
571 999 36 20 tvä
619 999 150 26 byggnadslän
782 1001 55 18 emot
847 999 81 20 inteck-

175 1033 51 26 ning
241 1033 7 19 i
263 1032 76 27 gärdar
354 1034 30 19 uti
400 1033 113 20 Sordavala
526 1034 53 19 stad.

203 1134 25 27 4.
264 1135 158 26 Mellinska
440 1135 268 27 donationsfonden
727 1134 49 27 för
794 1134 110 27 blinda.

242 1204 10 19 I
267 1205 164 25 öfverstyrelsen
453 1206 31 19 för
500 1205 149 20 skolväsendet
663 1205 39 19 har
720 1211 27 13 en
768 1205 49 18 dess
837 1204 91 20 ledamot

174 1238 41 19 den
232 1238 26 19 14
273 1239 109 19 december
406 1239 53 20 1871
476 1239 80 19 anmält
571 1241 30 18 att
619 1239 202 20 Enkefriherrinnan
839 1238 89 20 Wilhel-

173 1272 58 19 mina
246 1273 79 24 Mellin,
341 1273 50 19 född
406 1273 26 19 de
447 1273 90 24 Carnall,
553 1274 78 19 förärat
646 1273 63 24 5,000
725 1273 60 20 mark
800 1272 71 20 säsom
891 1273 37 20 do-

173 1307 73 19 nation
262 1307 32 18 till
309 1306 82 20 förmån
406 1307 31 20 för
452 1308 165 19 blindanstalten
632 1308 7 19 i
654 1308 139 25 Helsingfors,
809 1307 65 19 under
891 1314 37 13 an-

173 1339 72 21 hällan
260 1342 31 18 att
306 1341 63 19 dessa
384 1341 69 20 medel
468 1341 65 20 mätte
553 1342 8 19 i
576 1341 100 20 Finlands
694 1342 58 19 bank
770 1341 99 20 förvaltas
888 1341 41 20 och

173 1376 75 18 räntan
264 1375 60 20 deraf
337 1374 112 21 halfärsvis
465 1376 40 20 och
521 1377 52 18 efter
588 1376 64 19 minst
667 1377 42 19 fem
725 1377 86 24 procent
821 1376 107 19 användas

173 1410 23 18 af
216 1410 47 23 den,
287 1416 47 13 som
356 1410 92 19 förestod
469 1411 66 25 sagda
555 1411 143 22 blindanstalt,
714 1411 76 19 främst
804 1410 32 19 till
851 1409 78 26 nödiga

172 1443 74 20 kläder
261 1445 31 18 för
307 1444 75 26 fattiga
398 1444 69 20 elever
481 1444 40 20 och
537 1445 86 19 därnäst
637 1445 33 19 till
684 1445 116 19 understöd
812 1445 32 18 för
857 1443 72 20 behöf-
