<?xml version="1.0" encoding="UTF-8"?>
<alto xmlns="http://www.loc.gov/standards/alto/ns-v3#" xmlns:xlink="http://www.w3.org/1999/xlink" xmlns:xsi="http://www.w3.org/2001/XMLSchema-instance" xsi:schemaLocation="http://www.loc.gov/standards/alto/ns-v3# http://www.loc.gov/alto/v3/alto-3-0.xsd">
	<Description>
		<MeasurementUnit>pixel</MeasurementUnit>
		<sourceImageInformation>
			<fileName>/tmp/tess_xfhdeuc8_input.PNG</fileName>
		</sourceImageInformation>
		<OCRProcessing ID="OCR_0">
			<ocrProcessingStep>
				<processingSoftware>
					<softwareName>tesseract 5.3.4</softwareName>
				</processingSoftware>
			</ocrProcessingStep>
		</OCRProcessing>
	</Description>
	<Layout>
		<Page WIDTH="1078" HEIGHT="1692" PHYSICAL_IMG_NR="0" ID="page_0">
			<PrintSpace HPOS="0" VPOS="0" WIDTH="1078" HEIGHT="1692">
				<ComposedBlock ID="cblock_0" HPOS="188" VPOS="151" WIDTH="13" HEIGHT="19">
					<TextBlock ID="block_0" HPOS="188" VPOS="151" WIDTH="13" HEIGHT="19">
						<TextLine ID="line_0" HPOS="188" VPOS="151" WIDTH="13" HEIGHT="19">
							<String ID="string_0" HPOS="188" VPOS="151" WIDTH="13" HEIGHT="19" WC="0.96" CONTENT="4"/>
						</TextLine>
					</TextBlock>
				</ComposedBlock>
				<ComposedBlock ID="cblock_1" HPOS="159" VPOS="218" WIDTH="274" HEIGHT="23">
					<TextBlock ID="block_1" HPOS="159" VPOS="218" WIDTH="274" HEIGHT="23">
						<TextLine ID="line_1" HPOS="159" VPOS="218" WIDTH="274" HEIGHT="23">
							<String ID="string_1" HPOS="159" VPOS="218" WIDTH="151" HEIGHT="23" WC="0.88" CONTENT="statsförslagen;"/><SP WIDTH="29" VPOS="218" HPOS="310"/>
							<String ID="string_2" HPOS="339" VPOS="220" WIDTH="94" HEIGHT="17" WC="0.93" CONTENT="äfvensom"/>
						</TextLine>
					</TextBlock>
				</ComposedBlock>
				<ComposedBlock ID="cblock_2" HPOS="159" VPOS="240" WIDTH="285" HEIGHT="70">
					<TextBlock ID="block_2" HPOS="159" VPOS="240" WIDTH="285" HEIGHT="70">
						<TextLine ID="line_2" HPOS="159" VPOS="240" WIDTH="285" HEIGHT="32">
							<String ID="string_3" HPOS="159" VPOS="254" WIDTH="28" HEIGHT="16" WC="0.96" CONTENT="att"/><SP WIDTH="20" VPOS="254" HPOS="187"/>
							<String ID="string_4" HPOS="207" VPOS="254" WIDTH="27" HEIGHT="16" WC="0.93" CONTENT="ett"/><SP WIDTH="19" VPOS="254" HPOS="234"/>
							<String ID="string_5" HPOS="253" VPOS="253" WIDTH="92" HEIGHT="19" WC="0.92" CONTENT="likartadt"/><SP WIDTH="20" VPOS="253" HPOS="345"/>
							<String ID="string_6" HPOS="365" VPOS="254" WIDTH="69" HEIGHT="18" WC="0.88" CONTENT="förhäl-"/><SP WIDTH="9" VPOS="254" HPOS="434"/>
							<String ID="string_7" HPOS="443" VPOS="240" WIDTH="1" HEIGHT="27" WC="0.93" CONTENT="|"/>
						</TextLine>
						<TextLine ID="line_3" HPOS="159" VPOS="287" WIDTH="285" HEIGHT="23">
							<String ID="string_8" HPOS="159" VPOS="287" WIDTH="54" HEIGHT="17" WC="0.95" CONTENT="lande"/><SP WIDTH="13" VPOS="287" HPOS="213"/>
							<String ID="string_9" HPOS="226" VPOS="293" WIDTH="44" HEIGHT="17" WC="0.95" CONTENT="eger"/><SP WIDTH="10" VPOS="293" HPOS="270"/>
							<String ID="string_10" HPOS="280" VPOS="294" WIDTH="40" HEIGHT="12" WC="0.96" CONTENT="rum"/><SP WIDTH="9" VPOS="294" HPOS="320"/>
							<String ID="string_11" HPOS="329" VPOS="289" WIDTH="41" HEIGHT="17" WC="0.93" CONTENT="med"/><SP WIDTH="10" VPOS="289" HPOS="370"/>
							<String ID="string_12" HPOS="380" VPOS="290" WIDTH="54" HEIGHT="16" WC="0.87" CONTENT="stats-"/><SP WIDTH="9" VPOS="290" HPOS="434"/>
							<String ID="string_13" HPOS="443" VPOS="287" WIDTH="1" HEIGHT="4" WC="0.87" CONTENT=":"/>
						</TextLine>
					</TextBlock>
				</ComposedBlock>
				<ComposedBlock ID="cblock_3" HPOS="157" VPOS="312" WIDTH="278" HEIGHT="791">
					<TextBlock ID="block_3" HPOS="157" VPOS="312" WIDTH="278" HEIGHT="240">
						<TextLine ID="line_4" HPOS="157" VPOS="312" WIDTH="278" HEIGHT="38">
							<String ID="string_14" HPOS="157" VPOS="312" WIDTH="134" HEIGHT="37" WC="0.92" CONTENT="jernvägarnes"/><SP WIDTH="41" VPOS="312" HPOS="291"/>
							<String ID="string_15" HPOS="332" VPOS="319" WIDTH="103" HEIGHT="31" WC="0.96" CONTENT="inkomster"/>
						</TextLine>
						<TextLine ID="line_5" HPOS="159" VPOS="355" WIDTH="275" HEIGHT="23">
							<String ID="string_16" HPOS="159" VPOS="356" WIDTH="30" HEIGHT="17" WC="0.93" CONTENT="för"/><SP WIDTH="8" VPOS="356" HPOS="189"/>
							<String ID="string_17" HPOS="197" VPOS="355" WIDTH="44" HEIGHT="19" WC="0.93" CONTENT="åren"/><SP WIDTH="10" VPOS="355" HPOS="241"/>
							<String ID="string_18" HPOS="251" VPOS="357" WIDTH="95" HEIGHT="21" WC="0.85" CONTENT="1883—84,"/><SP WIDTH="12" VPOS="357" HPOS="346"/>
							<String ID="string_19" HPOS="358" VPOS="358" WIDTH="76" HEIGHT="18" WC="0.91" CONTENT="emedan"/>
						</TextLine>
						<TextLine ID="line_6" HPOS="159" VPOS="390" WIDTH="275" HEIGHT="20">
							<String ID="string_20" HPOS="159" VPOS="390" WIDTH="53" HEIGHT="18" WC="0.96" CONTENT="äfven"/><SP WIDTH="22" VPOS="390" HPOS="212"/>
							<String ID="string_21" HPOS="234" VPOS="392" WIDTH="5" HEIGHT="16" WC="0.96" CONTENT="i"/><SP WIDTH="22" VPOS="392" HPOS="239"/>
							<String ID="string_22" HPOS="261" VPOS="391" WIDTH="51" HEIGHT="18" WC="0.96" CONTENT="detta"/><SP WIDTH="20" VPOS="391" HPOS="312"/>
							<String ID="string_23" HPOS="332" VPOS="392" WIDTH="32" HEIGHT="18" WC="0.96" CONTENT="fall"/><SP WIDTH="22" VPOS="392" HPOS="364"/>
							<String ID="string_24" HPOS="386" VPOS="392" WIDTH="22" HEIGHT="18" WC="0.96" CONTENT="de"/><SP WIDTH="21" VPOS="392" HPOS="408"/>
							<String ID="string_25" HPOS="429" VPOS="392" WIDTH="5" HEIGHT="18" WC="0.96" CONTENT="i"/>
						</TextLine>
						<TextLine ID="line_7" HPOS="159" VPOS="425" WIDTH="275" HEIGHT="24">
							<String ID="string_26" HPOS="159" VPOS="425" WIDTH="54" HEIGHT="23" WC="0.87" CONTENT="ryskt"/><SP WIDTH="17" VPOS="425" HPOS="213"/>
							<String ID="string_27" HPOS="230" VPOS="428" WIDTH="53" HEIGHT="20" WC="0.92" CONTENT="mynt"/><SP WIDTH="15" VPOS="428" HPOS="283"/>
							<String ID="string_28" HPOS="298" VPOS="426" WIDTH="98" HEIGHT="23" WC="0.91" CONTENT="uppburna"/><SP WIDTH="12" VPOS="426" HPOS="396"/>
							<String ID="string_29" HPOS="408" VPOS="428" WIDTH="26" HEIGHT="17" WC="0.87" CONTENT="in-"/>
						</TextLine>
						<TextLine ID="line_8" HPOS="159" VPOS="460" WIDTH="276" HEIGHT="24">
							<String ID="string_30" HPOS="159" VPOS="460" WIDTH="109" HEIGHT="18" WC="0.91" CONTENT="komsterna"/><SP WIDTH="12" VPOS="460" HPOS="268"/>
							<String ID="string_31" HPOS="280" VPOS="461" WIDTH="27" HEIGHT="17" WC="0.93" CONTENT="uti"/><SP WIDTH="12" VPOS="461" HPOS="307"/>
							<String ID="string_32" HPOS="319" VPOS="461" WIDTH="116" HEIGHT="23" WC="0.89" CONTENT="kapitalräk-"/>
						</TextLine>
						<TextLine ID="line_9" HPOS="159" VPOS="494" WIDTH="275" HEIGHT="22">
							<String ID="string_33" HPOS="159" VPOS="494" WIDTH="66" HEIGHT="22" WC="0.92" CONTENT="ningen"/><SP WIDTH="14" VPOS="494" HPOS="225"/>
							<String ID="string_34" HPOS="239" VPOS="496" WIDTH="104" HEIGHT="18" WC="0.92" CONTENT="evalverats"/><SP WIDTH="13" VPOS="496" HPOS="343"/>
							<String ID="string_35" HPOS="356" VPOS="496" WIDTH="47" HEIGHT="18" WC="0.96" CONTENT="efter"/><SP WIDTH="9" VPOS="496" HPOS="403"/>
							<String ID="string_36" HPOS="412" VPOS="502" WIDTH="22" HEIGHT="12" WC="0.96" CONTENT="en"/>
						</TextLine>
						<TextLine ID="line_10" HPOS="159" VPOS="528" WIDTH="202" HEIGHT="24">
							<String ID="string_37" HPOS="159" VPOS="528" WIDTH="45" HEIGHT="18" WC="0.96" CONTENT="kurs"/><SP WIDTH="13" VPOS="528" HPOS="204"/>
							<String ID="string_38" HPOS="217" VPOS="529" WIDTH="20" HEIGHT="17" WC="0.93" CONTENT="af"/><SP WIDTH="11" VPOS="529" HPOS="237"/>
							<String ID="string_39" HPOS="248" VPOS="530" WIDTH="42" HEIGHT="22" WC="0.93" CONTENT="fyra"/><SP WIDTH="13" VPOS="530" HPOS="290"/>
							<String ID="string_40" HPOS="303" VPOS="531" WIDTH="58" HEIGHT="17" WC="0.96" CONTENT="mark."/>
						</TextLine>
					</TextBlock>
					<TextBlock ID="block_4" HPOS="157" VPOS="564" WIDTH="278" HEIGHT="539">
						<TextLine ID="line_11" HPOS="182" VPOS="564" WIDTH="253" HEIGHT="21">
							<String ID="string_41" HPOS="182" VPOS="564" WIDTH="34" HEIGHT="16" WC="0.93" CONTENT="Att"/><SP WIDTH="13" VPOS="564" HPOS="216"/>
							<String ID="string_42" HPOS="229" VPOS="564" WIDTH="101" HEIGHT="21" WC="0.92" CONTENT="Utskottet,"/><SP WIDTH="10" VPOS="564" HPOS="330"/>
							<String ID="string_43" HPOS="340" VPOS="565" WIDTH="41" HEIGHT="17" WC="0.93" CONTENT="med"/><SP WIDTH="9" VPOS="565" HPOS="381"/>
							<String ID="string_44" HPOS="390" VPOS="565" WIDTH="45" HEIGHT="18" WC="0.92" CONTENT="fullt"/>
						</TextLine>
						<TextLine ID="line_12" HPOS="159" VPOS="598" WIDTH="274" HEIGHT="20">
							<String ID="string_45" HPOS="159" VPOS="598" WIDTH="120" HEIGHT="18" WC="0.92" CONTENT="erkännande"/><SP WIDTH="9" VPOS="598" HPOS="279"/>
							<String ID="string_46" HPOS="288" VPOS="600" WIDTH="20" HEIGHT="16" WC="0.96" CONTENT="af"/><SP WIDTH="8" VPOS="600" HPOS="308"/>
							<String ID="string_47" HPOS="316" VPOS="600" WIDTH="30" HEIGHT="17" WC="0.96" CONTENT="det"/><SP WIDTH="9" VPOS="600" HPOS="346"/>
							<String ID="string_48" HPOS="355" VPOS="600" WIDTH="78" HEIGHT="18" WC="0.96" CONTENT="intresse"/>
						</TextLine>
						<TextLine ID="line_13" HPOS="159" VPOS="632" WIDTH="274" HEIGHT="22">
							<String ID="string_49" HPOS="159" VPOS="632" WIDTH="96" HEIGHT="22" WC="0.92" CONTENT="Styrelsen"/><SP WIDTH="14" VPOS="632" HPOS="255"/>
							<String ID="string_50" HPOS="269" VPOS="634" WIDTH="47" HEIGHT="17" WC="0.96" CONTENT="visat"/><SP WIDTH="11" VPOS="634" HPOS="316"/>
							<String ID="string_51" HPOS="327" VPOS="634" WIDTH="29" HEIGHT="18" WC="0.93" CONTENT="för"/><SP WIDTH="8" VPOS="634" HPOS="356"/>
							<String ID="string_52" HPOS="364" VPOS="635" WIDTH="69" HEIGHT="17" WC="0.93" CONTENT="skatte-"/>
						</TextLine>
						<TextLine ID="line_14" HPOS="159" VPOS="667" WIDTH="274" HEIGHT="25">
							<String ID="string_53" HPOS="159" VPOS="667" WIDTH="98" HEIGHT="18" WC="0.91" CONTENT="väsendets"/><SP WIDTH="20" VPOS="667" HPOS="257"/>
							<String ID="string_54" HPOS="277" VPOS="668" WIDTH="105" HEIGHT="24" WC="0.93" CONTENT="förenkling"/><SP WIDTH="17" VPOS="668" HPOS="382"/>
							<String ID="string_55" HPOS="399" VPOS="670" WIDTH="34" HEIGHT="17" WC="0.96" CONTENT="och"/>
						</TextLine>
						<TextLine ID="line_15" HPOS="159" VPOS="702" WIDTH="275" HEIGHT="24">
							<String ID="string_56" HPOS="159" VPOS="702" WIDTH="113" HEIGHT="22" WC="0.96" CONTENT="utveckling,"/><SP WIDTH="16" VPOS="702" HPOS="272"/>
							<String ID="string_57" HPOS="288" VPOS="703" WIDTH="47" HEIGHT="17" WC="0.93" CONTENT="dock"/><SP WIDTH="12" VPOS="703" HPOS="335"/>
							<String ID="string_58" HPOS="347" VPOS="706" WIDTH="47" HEIGHT="15" WC="0.93" CONTENT="trott"/><SP WIDTH="12" VPOS="706" HPOS="394"/>
							<String ID="string_59" HPOS="406" VPOS="704" WIDTH="28" HEIGHT="22" WC="0.96" CONTENT="sig"/>
						</TextLine>
						<TextLine ID="line_16" HPOS="158" VPOS="736" WIDTH="277" HEIGHT="23">
							<String ID="string_60" HPOS="158" VPOS="736" WIDTH="45" HEIGHT="17" WC="0.92" CONTENT="böra"/><SP WIDTH="12" VPOS="736" HPOS="203"/>
							<String ID="string_61" HPOS="215" VPOS="736" WIDTH="115" HEIGHT="23" WC="0.92" CONTENT="ifrägasätta,"/><SP WIDTH="12" VPOS="736" HPOS="330"/>
							<String ID="string_62" HPOS="342" VPOS="738" WIDTH="93" HEIGHT="18" WC="0.96" CONTENT="huruvida"/>
						</TextLine>
						<TextLine ID="line_17" HPOS="159" VPOS="770" WIDTH="275" HEIGHT="24">
							<String ID="string_63" HPOS="159" VPOS="770" WIDTH="41" HEIGHT="18" WC="0.91" CONTENT="icke"/><SP WIDTH="19" VPOS="770" HPOS="200"/>
							<String ID="string_64" HPOS="219" VPOS="772" WIDTH="50" HEIGHT="16" WC="0.91" CONTENT="ännu"/><SP WIDTH="19" VPOS="772" HPOS="269"/>
							<String ID="string_65" HPOS="288" VPOS="771" WIDTH="57" HEIGHT="23" WC="0.91" CONTENT="nägra"/><SP WIDTH="17" VPOS="771" HPOS="345"/>
							<String ID="string_66" HPOS="362" VPOS="773" WIDTH="72" HEIGHT="17" WC="0.91" CONTENT="skatter"/>
						</TextLine>
						<TextLine ID="line_18" HPOS="159" VPOS="804" WIDTH="274" HEIGHT="26">
							<String ID="string_67" HPOS="159" VPOS="804" WIDTH="45" HEIGHT="18" WC="0.76" CONTENT="eller"/><SP WIDTH="28" VPOS="804" HPOS="204"/>
							<String ID="string_68" HPOS="232" VPOS="806" WIDTH="76" HEIGHT="22" WC="0.71" CONTENT="afgifter"/><SP WIDTH="25" VPOS="806" HPOS="308"/>
							<String ID="string_69" HPOS="333" VPOS="807" WIDTH="100" HEIGHT="23" WC="0.96" CONTENT="lämpligen"/>
						</TextLine>
						<TextLine ID="line_19" HPOS="158" VPOS="839" WIDTH="275" HEIGHT="23">
							<String ID="string_70" HPOS="158" VPOS="839" WIDTH="57" HEIGHT="18" WC="0.88" CONTENT="borde"/><SP WIDTH="31" VPOS="839" HPOS="215"/>
							<String ID="string_71" HPOS="246" VPOS="840" WIDTH="94" HEIGHT="22" WC="0.34" CONTENT="—afskaffas,"/><SP WIDTH="33" VPOS="840" HPOS="340"/>
							<String ID="string_72" HPOS="373" VPOS="841" WIDTH="60" HEIGHT="18" WC="0.94" CONTENT="såsom"/>
						</TextLine>
						<TextLine ID="line_20" HPOS="157" VPOS="873" WIDTH="277" HEIGHT="24">
							<String ID="string_73" HPOS="157" VPOS="873" WIDTH="156" HEIGHT="19" WC="0.20" CONTENT="valkverksräntan"/><SP WIDTH="10" VPOS="873" HPOS="313"/>
							<String ID="string_74" HPOS="323" VPOS="875" WIDTH="111" HEIGHT="22" WC="0.20" CONTENT="handtverks-"/>
						</TextLine>
						<TextLine ID="line_21" HPOS="399" VPOS="911" WIDTH="34" HEIGHT="16">
							<String ID="string_75" HPOS="399" VPOS="911" WIDTH="34" HEIGHT="16" WC="0.92" CONTENT="Wi-"/>
						</TextLine>
						<TextLine ID="line_22" HPOS="158" VPOS="943" WIDTH="275" HEIGHT="23">
							<String ID="string_76" HPOS="158" VPOS="943" WIDTH="47" HEIGHT="22" WC="0.96" CONTENT="borgs"/><SP WIDTH="11" VPOS="943" HPOS="205"/>
							<String ID="string_77" HPOS="216" VPOS="944" WIDTH="50" HEIGHT="17" WC="0.93" CONTENT="stads"/><SP WIDTH="12" VPOS="944" HPOS="266"/>
							<String ID="string_78" HPOS="278" VPOS="945" WIDTH="105" HEIGHT="21" WC="0.91" CONTENT="accismedel,"/><SP WIDTH="15" VPOS="945" HPOS="383"/>
							<String ID="string_79" HPOS="398" VPOS="946" WIDTH="35" HEIGHT="16" WC="0.93" CONTENT="stä-"/>
						</TextLine>
						<TextLine ID="line_23" HPOS="157" VPOS="977" WIDTH="277" HEIGHT="23">
							<String ID="string_80" HPOS="157" VPOS="977" WIDTH="63" HEIGHT="17" WC="0.91" CONTENT="dernas"/><SP WIDTH="15" VPOS="977" HPOS="220"/>
							<String ID="string_81" HPOS="235" VPOS="978" WIDTH="7" HEIGHT="16" WC="0.93" CONTENT="i"/><SP WIDTH="19" VPOS="978" HPOS="242"/>
							<String ID="string_82" HPOS="261" VPOS="977" WIDTH="75" HEIGHT="23" WC="0.91" CONTENT="Wiborgs"/><SP WIDTH="16" VPOS="977" HPOS="336"/>
							<String ID="string_83" HPOS="352" VPOS="979" WIDTH="30" HEIGHT="16" WC="0.93" CONTENT="län"/><SP WIDTH="15" VPOS="979" HPOS="382"/>
							<String ID="string_84" HPOS="397" VPOS="979" WIDTH="37" HEIGHT="17" WC="0.89" CONTENT="till-"/>
						</TextLine>
						<TextLine ID="line_24" HPOS="157" VPOS="1011" WIDTH="276" HEIGHT="19">
							<String ID="string_85" HPOS="157" VPOS="1011" WIDTH="46" HEIGHT="17" WC="0.92" CONTENT="skott"/><SP WIDTH="18" VPOS="1011" HPOS="203"/>
							<String ID="string_86" HPOS="221" VPOS="1012" WIDTH="31" HEIGHT="17" WC="0.93" CONTENT="till"/><SP WIDTH="18" VPOS="1012" HPOS="252"/>
							<String ID="string_87" HPOS="270" VPOS="1013" WIDTH="88" HEIGHT="17" WC="0.93" CONTENT="skolornas"/><SP WIDTH="14" VPOS="1013" HPOS="358"/>
							<String ID="string_88" HPOS="372" VPOS="1013" WIDTH="61" HEIGHT="17" WC="0.93" CONTENT="under-"/>
						</TextLine>
						<TextLine ID="line_25" HPOS="157" VPOS="1043" WIDTH="276" HEIGHT="22">
							<String ID="string_89" HPOS="157" VPOS="1045" WIDTH="38" HEIGHT="18" WC="0.84" CONTENT="håll"/><SP WIDTH="12" VPOS="1045" HPOS="195"/>
							<String ID="string_90" HPOS="207" VPOS="1048" WIDTH="49" HEIGHT="16" WC="0.93" CONTENT="samt"/><SP WIDTH="14" VPOS="1048" HPOS="256"/>
							<String ID="string_91" HPOS="270" VPOS="1047" WIDTH="35" HEIGHT="18" WC="0.96" CONTENT="den"/><SP WIDTH="13" VPOS="1047" HPOS="305"/>
							<String ID="string_92" HPOS="318" VPOS="1048" WIDTH="5" HEIGHT="16" WC="0.93" CONTENT="i"/><SP WIDTH="14" VPOS="1048" HPOS="323"/>
							<String ID="string_93" HPOS="337" VPOS="1043" WIDTH="96" HEIGHT="22" WC="0.92" CONTENT="Österbot-"/>
						</TextLine>
						<TextLine ID="line_26" HPOS="157" VPOS="1081" WIDTH="276" HEIGHT="22">
							<String ID="string_94" HPOS="157" VPOS="1081" WIDTH="30" HEIGHT="16" WC="0.96" CONTENT="ten"/><SP WIDTH="21" VPOS="1081" HPOS="187"/>
							<String ID="string_95" HPOS="208" VPOS="1081" WIDTH="29" HEIGHT="17" WC="0.92" CONTENT="till"/><SP WIDTH="21" VPOS="1081" HPOS="237"/>
							<String ID="string_96" HPOS="258" VPOS="1081" WIDTH="68" HEIGHT="21" WC="0.92" CONTENT="förmän"/><SP WIDTH="18" VPOS="1081" HPOS="326"/>
							<String ID="string_97" HPOS="344" VPOS="1083" WIDTH="30" HEIGHT="20" WC="0.93" CONTENT="för"/><SP WIDTH="14" VPOS="1083" HPOS="374"/>
							<String ID="string_98" HPOS="388" VPOS="1083" WIDTH="45" HEIGHT="16" WC="0.92" CONTENT="lasa-"/>
						</TextLine>
					</TextBlock>
				</ComposedBlock>
				<ComposedBlock ID="cblock_4" HPOS="157" VPOS="910" WIDTH="218" HEIGHT="22">
					<TextBlock ID="block_5" HPOS="157" VPOS="910" WIDTH="218" HEIGHT="22">
						<TextLine ID="line_27" HPOS="157" VPOS="910" WIDTH="218" HEIGHT="22">
							<String ID="string_99" HPOS="157" VPOS="910" WIDTH="81" HEIGHT="15" WC="0.90" CONTENT="männens"/><SP WIDTH="10" VPOS="910" HPOS="238"/>
							<String ID="string_100" HPOS="248" VPOS="910" WIDTH="127" HEIGHT="22" WC="0.90" CONTENT="gerningsören,"/>
						</TextLine>
					</TextBlock>
				</ComposedBlock>
				<ComposedBlock ID="cblock_5" HPOS="156" VPOS="1115" WIDTH="277" HEIGHT="58">
					<TextBlock ID="block_6" HPOS="156" VPOS="1115" WIDTH="277" HEIGHT="58">
						<TextLine ID="line_28" HPOS="156" VPOS="1115" WIDTH="277" HEIGHT="24">
							<String ID="string_101" HPOS="156" VPOS="1116" WIDTH="55" HEIGHT="15" WC="0.91" CONTENT="retten"/><SP WIDTH="16" VPOS="1116" HPOS="211"/>
							<String ID="string_102" HPOS="227" VPOS="1115" WIDTH="85" HEIGHT="22" WC="0.92" CONTENT="utgående"/><SP WIDTH="16" VPOS="1115" HPOS="312"/>
							<String ID="string_103" HPOS="328" VPOS="1117" WIDTH="20" HEIGHT="22" WC="0.73" CONTENT="&#39;/,"/><SP WIDTH="12" VPOS="1117" HPOS="348"/>
							<String ID="string_104" HPOS="360" VPOS="1118" WIDTH="73" HEIGHT="21" WC="0.96" CONTENT="procent"/>
						</TextLine>
						<TextLine ID="line_29" HPOS="157" VPOS="1149" WIDTH="243" HEIGHT="24">
							<String ID="string_105" HPOS="157" VPOS="1149" WIDTH="22" HEIGHT="22" WC="0.93" CONTENT="af"/><SP WIDTH="10" VPOS="1149" HPOS="179"/>
							<String ID="string_106" HPOS="189" VPOS="1149" WIDTH="211" HEIGHT="24" WC="0.81" CONTENT="bouppteckningsvärdet."/>
						</TextLine>
					</TextBlock>
				</ComposedBlock>
				<ComposedBlock ID="cblock_6" HPOS="553" VPOS="152" WIDTH="59" HEIGHT="20">
					<TextBlock ID="block_7" HPOS="553" VPOS="152" WIDTH="59" HEIGHT="20">
						<TextLine ID="line_30" HPOS="553" VPOS="152" WIDTH="59" HEIGHT="20">
							<String ID="string_107" HPOS="553" VPOS="152" WIDTH="59" HEIGHT="20" WC="0.91" CONTENT="XXV"/>
						</TextLine>
					</TextBlock>
				</ComposedBlock>
				<ComposedBlock ID="cblock_7" HPOS="441" VPOS="562" WIDTH="563" HEIGHT="919">
					<TextBlock ID="block_8" HPOS="441" VPOS="562" WIDTH="563" HEIGHT="545">
						<TextLine ID="line_31" HPOS="488" VPOS="562" WIDTH="516" HEIGHT="24">
							<String ID="string_108" HPOS="488" VPOS="563" WIDTH="43" HEIGHT="18" WC="0.91" CONTENT="Med"/><SP WIDTH="22" VPOS="563" HPOS="531"/>
							<String ID="string_109" HPOS="553" VPOS="564" WIDTH="137" HEIGHT="22" WC="0.91" CONTENT="godkännande"/><SP WIDTH="21" VPOS="564" HPOS="690"/>
							<String ID="string_110" HPOS="711" VPOS="563" WIDTH="20" HEIGHT="18" WC="0.93" CONTENT="af"/><SP WIDTH="17" VPOS="563" HPOS="731"/>
							<String ID="string_111" HPOS="748" VPOS="562" WIDTH="115" HEIGHT="19" WC="0.91" CONTENT="motstäende"/><SP WIDTH="19" VPOS="562" HPOS="863"/>
							<String ID="string_112" HPOS="882" VPOS="564" WIDTH="69" HEIGHT="22" WC="0.96" CONTENT="förslag"/><SP WIDTH="18" VPOS="564" HPOS="951"/>
							<String ID="string_113" HPOS="969" VPOS="564" WIDTH="35" HEIGHT="17" WC="0.96" CONTENT="har"/>
						</TextLine>
						<TextLine ID="line_32" HPOS="442" VPOS="598" WIDTH="560" HEIGHT="25">
							<String ID="string_114" HPOS="442" VPOS="610" WIDTH="1" HEIGHT="13" WC="0.54" CONTENT="|"/><SP WIDTH="10" VPOS="610" HPOS="443"/>
							<String ID="string_115" HPOS="453" VPOS="598" WIDTH="35" HEIGHT="17" WC="0.94" CONTENT="den"/><SP WIDTH="19" VPOS="598" HPOS="488"/>
							<String ID="string_116" HPOS="507" VPOS="599" WIDTH="22" HEIGHT="16" WC="0.96" CONTENT="20"/><SP WIDTH="19" VPOS="599" HPOS="529"/>
							<String ID="string_117" HPOS="548" VPOS="598" WIDTH="103" HEIGHT="17" WC="0.96" CONTENT="December"/><SP WIDTH="21" VPOS="598" HPOS="651"/>
							<String ID="string_118" HPOS="672" VPOS="598" WIDTH="42" HEIGHT="18" WC="0.93" CONTENT="1889"/><SP WIDTH="20" VPOS="598" HPOS="714"/>
							<String ID="string_119" HPOS="734" VPOS="598" WIDTH="130" HEIGHT="20" WC="0.91" CONTENT="föreskrifvits,"/><SP WIDTH="20" VPOS="598" HPOS="864"/>
							<String ID="string_120" HPOS="884" VPOS="600" WIDTH="26" HEIGHT="16" WC="0.96" CONTENT="att"/><SP WIDTH="18" VPOS="600" HPOS="910"/>
							<String ID="string_121" HPOS="928" VPOS="598" WIDTH="33" HEIGHT="18" WC="0.93" CONTENT="den"/><SP WIDTH="15" VPOS="598" HPOS="961"/>
							<String ID="string_122" HPOS="976" VPOS="598" WIDTH="26" HEIGHT="17" WC="0.96" CONTENT="uti"/>
						</TextLine>
						<TextLine ID="line_33" HPOS="442" VPOS="624" WIDTH="561" HEIGHT="31">
							<String ID="string_123" HPOS="442" VPOS="624" WIDTH="1" HEIGHT="30" WC="0.80" CONTENT="|"/><SP WIDTH="12" VPOS="624" HPOS="443"/>
							<String ID="string_124" HPOS="455" VPOS="631" WIDTH="66" HEIGHT="23" WC="0.95" CONTENT="nådiga"/><SP WIDTH="18" VPOS="631" HPOS="521"/>
							<String ID="string_125" HPOS="539" VPOS="632" WIDTH="133" HEIGHT="23" WC="0.96" CONTENT="förordningen"/><SP WIDTH="17" VPOS="632" HPOS="672"/>
							<String ID="string_126" HPOS="689" VPOS="632" WIDTH="19" HEIGHT="18" WC="0.96" CONTENT="af"/><SP WIDTH="16" VPOS="632" HPOS="708"/>
							<String ID="string_127" HPOS="724" VPOS="632" WIDTH="34" HEIGHT="18" WC="0.96" CONTENT="den"/><SP WIDTH="14" VPOS="632" HPOS="758"/>
							<String ID="string_128" HPOS="772" VPOS="634" WIDTH="22" HEIGHT="15" WC="0.95" CONTENT="20"/><SP WIDTH="13" VPOS="634" HPOS="794"/>
							<String ID="string_129" HPOS="807" VPOS="632" WIDTH="89" HEIGHT="18" WC="0.96" CONTENT="Februari"/><SP WIDTH="14" VPOS="632" HPOS="896"/>
							<String ID="string_130" HPOS="910" VPOS="634" WIDTH="43" HEIGHT="16" WC="0.96" CONTENT="1865"/><SP WIDTH="13" VPOS="634" HPOS="953"/>
							<String ID="string_131" HPOS="966" VPOS="633" WIDTH="37" HEIGHT="17" WC="0.96" CONTENT="alla"/>
						</TextLine>
						<TextLine ID="line_34" HPOS="442" VPOS="655" WIDTH="560" HEIGHT="34">
							<String ID="string_132" HPOS="442" VPOS="655" WIDTH="1" HEIGHT="32" WC="0.86" CONTENT="|"/><SP WIDTH="10" VPOS="655" HPOS="443"/>
							<String ID="string_133" HPOS="453" VPOS="667" WIDTH="24" HEIGHT="22" WC="0.96" CONTENT="pä"/><SP WIDTH="8" VPOS="667" HPOS="477"/>
							<String ID="string_134" HPOS="485" VPOS="667" WIDTH="65" HEIGHT="17" WC="0.93" CONTENT="landet"/><SP WIDTH="9" VPOS="667" HPOS="550"/>
							<String ID="string_135" HPOS="559" VPOS="669" WIDTH="79" HEIGHT="20" WC="0.91" CONTENT="antagne"/><SP WIDTH="10" VPOS="669" HPOS="638"/>
							<String ID="string_136" HPOS="648" VPOS="667" WIDTH="207" HEIGHT="17" WC="0.91" CONTENT="socknehandtverkare"/><SP WIDTH="9" VPOS="667" HPOS="855"/>
							<String ID="string_137" HPOS="864" VPOS="668" WIDTH="35" HEIGHT="16" WC="0.93" CONTENT="och"/><SP WIDTH="9" VPOS="668" HPOS="899"/>
							<String ID="string_138" HPOS="908" VPOS="668" WIDTH="94" HEIGHT="21" WC="0.92" CONTENT="gernings-"/>
						</TextLine>
						<TextLine ID="line_35" HPOS="442" VPOS="691" WIDTH="560" HEIGHT="37">
							<String ID="string_139" HPOS="442" VPOS="691" WIDTH="1" HEIGHT="37" WC="0.89" CONTENT="|"/><SP WIDTH="17" VPOS="691" HPOS="443"/>
							<String ID="string_140" HPOS="460" VPOS="703" WIDTH="34" HEIGHT="15" WC="0.91" CONTENT="män"/><SP WIDTH="14" VPOS="703" HPOS="494"/>
							<String ID="string_141" HPOS="508" VPOS="701" WIDTH="59" HEIGHT="17" WC="0.96" CONTENT="under"/><SP WIDTH="13" VPOS="701" HPOS="567"/>
							<String ID="string_142" HPOS="580" VPOS="707" WIDTH="55" HEIGHT="12" WC="0.95" CONTENT="namn"/><SP WIDTH="13" VPOS="707" HPOS="635"/>
							<String ID="string_143" HPOS="648" VPOS="702" WIDTH="20" HEIGHT="16" WC="0.92" CONTENT="af"/><SP WIDTH="10" VPOS="702" HPOS="668"/>
							<String ID="string_144" HPOS="678" VPOS="702" WIDTH="121" HEIGHT="22" WC="0.91" CONTENT="gerningsören"/><SP WIDTH="12" VPOS="702" HPOS="799"/>
							<String ID="string_145" HPOS="811" VPOS="700" WIDTH="79" HEIGHT="24" WC="0.92" CONTENT="påförda"/><SP WIDTH="8" VPOS="700" HPOS="890"/>
							<String ID="string_146" HPOS="898" VPOS="702" WIDTH="55" HEIGHT="22" WC="0.91" CONTENT="afgift"/><SP WIDTH="8" VPOS="702" HPOS="953"/>
							<String ID="string_147" HPOS="961" VPOS="702" WIDTH="41" HEIGHT="17" WC="0.92" CONTENT="ieke"/>
						</TextLine>
						<TextLine ID="line_36" HPOS="442" VPOS="735" WIDTH="560" HEIGHT="26">
							<String ID="string_148" HPOS="442" VPOS="755" WIDTH="1" HEIGHT="6" WC="0.96" CONTENT="|"/><SP WIDTH="9" VPOS="755" HPOS="443"/>
							<String ID="string_149" HPOS="452" VPOS="736" WIDTH="64" HEIGHT="17" WC="0.96" CONTENT="vidare"/><SP WIDTH="13" VPOS="736" HPOS="516"/>
							<String ID="string_150" HPOS="529" VPOS="735" WIDTH="29" HEIGHT="18" WC="0.93" CONTENT="mä"/><SP WIDTH="13" VPOS="735" HPOS="558"/>
							<String ID="string_151" HPOS="571" VPOS="736" WIDTH="103" HEIGHT="22" WC="0.91" CONTENT="uppbäras;"/><SP WIDTH="22" VPOS="736" HPOS="674"/>
							<String ID="string_152" HPOS="696" VPOS="736" WIDTH="35" HEIGHT="17" WC="0.96" CONTENT="den"/><SP WIDTH="13" VPOS="736" HPOS="731"/>
							<String ID="string_153" HPOS="744" VPOS="737" WIDTH="10" HEIGHT="16" WC="0.96" CONTENT="5"/><SP WIDTH="14" VPOS="737" HPOS="754"/>
							<String ID="string_154" HPOS="768" VPOS="736" WIDTH="88" HEIGHT="17" WC="0.96" CONTENT="Februari"/><SP WIDTH="15" VPOS="736" HPOS="856"/>
							<String ID="string_155" HPOS="871" VPOS="736" WIDTH="47" HEIGHT="21" WC="0.96" CONTENT="1890,"/><SP WIDTH="14" VPOS="736" HPOS="918"/>
							<String ID="string_156" HPOS="932" VPOS="738" WIDTH="28" HEIGHT="15" WC="0.93" CONTENT="att"/><SP WIDTH="12" VPOS="738" HPOS="960"/>
							<String ID="string_157" HPOS="972" VPOS="735" WIDTH="30" HEIGHT="18" WC="0.92" CONTENT="nä-"/>
						</TextLine>
						<TextLine ID="line_37" HPOS="442" VPOS="762" WIDTH="560" HEIGHT="31">
							<String ID="string_158" HPOS="442" VPOS="762" WIDTH="1" HEIGHT="25" WC="0.80" CONTENT="|"/><SP WIDTH="11" VPOS="762" HPOS="443"/>
							<String ID="string_159" HPOS="454" VPOS="770" WIDTH="41" HEIGHT="22" WC="0.88" CONTENT="diga"/><SP WIDTH="18" VPOS="770" HPOS="495"/>
							<String ID="string_160" HPOS="513" VPOS="770" WIDTH="133" HEIGHT="23" WC="0.96" CONTENT="förordningen"/><SP WIDTH="20" VPOS="770" HPOS="646"/>
							<String ID="string_161" HPOS="666" VPOS="770" WIDTH="20" HEIGHT="18" WC="0.96" CONTENT="af"/><SP WIDTH="15" VPOS="770" HPOS="686"/>
							<String ID="string_162" HPOS="701" VPOS="770" WIDTH="35" HEIGHT="18" WC="0.96" CONTENT="den"/><SP WIDTH="20" VPOS="770" HPOS="736"/>
							<String ID="string_163" HPOS="756" VPOS="771" WIDTH="20" HEIGHT="17" WC="0.96" CONTENT="18"/><SP WIDTH="13" VPOS="771" HPOS="776"/>
							<String ID="string_164" HPOS="789" VPOS="770" WIDTH="107" HEIGHT="23" WC="0.96" CONTENT="September"/><SP WIDTH="13" VPOS="770" HPOS="896"/>
							<String ID="string_165" HPOS="909" VPOS="772" WIDTH="49" HEIGHT="19" WC="0.93" CONTENT="1882,"/><SP WIDTH="14" VPOS="772" HPOS="958"/>
							<String ID="string_166" HPOS="972" VPOS="776" WIDTH="30" HEIGHT="12" WC="0.90" CONTENT="an-"/>
						</TextLine>
						<TextLine ID="line_38" HPOS="442" VPOS="804" WIDTH="560" HEIGHT="30">
							<String ID="string_167" HPOS="442" VPOS="823" WIDTH="1" HEIGHT="11" WC="0.89" CONTENT="|"/><SP WIDTH="13" VPOS="823" HPOS="443"/>
							<String ID="string_168" HPOS="456" VPOS="805" WIDTH="69" HEIGHT="22" WC="0.87" CONTENT="gäende"/><SP WIDTH="17" VPOS="805" HPOS="525"/>
							<String ID="string_169" HPOS="542" VPOS="805" WIDTH="132" HEIGHT="22" WC="0.92" CONTENT="upphäfvande"/><SP WIDTH="14" VPOS="805" HPOS="674"/>
							<String ID="string_170" HPOS="688" VPOS="805" WIDTH="19" HEIGHT="17" WC="0.93" CONTENT="af"/><SP WIDTH="12" VPOS="805" HPOS="707"/>
							<String ID="string_171" HPOS="719" VPOS="805" WIDTH="74" HEIGHT="17" WC="0.91" CONTENT="skatten"/><SP WIDTH="13" VPOS="805" HPOS="793"/>
							<String ID="string_172" HPOS="806" VPOS="804" WIDTH="11" HEIGHT="18" WC="0.92" CONTENT="&amp;"/><SP WIDTH="13" VPOS="804" HPOS="817"/>
							<String ID="string_173" HPOS="830" VPOS="805" WIDTH="125" HEIGHT="22" WC="0.91" CONTENT="mjölgvarnar"/><SP WIDTH="13" VPOS="805" HPOS="955"/>
							<String ID="string_174" HPOS="968" VPOS="805" WIDTH="34" HEIGHT="17" WC="0.96" CONTENT="och"/>
						</TextLine>
						<TextLine ID="line_39" HPOS="442" VPOS="832" WIDTH="561" HEIGHT="44">
							<String ID="string_175" HPOS="442" VPOS="836" WIDTH="1" HEIGHT="36" WC="0.88" CONTENT="|"/><SP WIDTH="13" VPOS="836" HPOS="443"/>
							<String ID="string_176" HPOS="456" VPOS="832" WIDTH="165" HEIGHT="44" WC="0.88" CONTENT="sädesstampverk,"/><SP WIDTH="20" VPOS="832" HPOS="621"/>
							<String ID="string_177" HPOS="641" VPOS="840" WIDTH="48" HEIGHT="17" WC="0.93" CONTENT="skall"/><SP WIDTH="17" VPOS="840" HPOS="689"/>
							<String ID="string_178" HPOS="706" VPOS="845" WIDTH="35" HEIGHT="16" WC="0.91" CONTENT="ega"/><SP WIDTH="15" VPOS="845" HPOS="741"/>
							<String ID="string_179" HPOS="756" VPOS="840" WIDTH="132" HEIGHT="21" WC="0.93" CONTENT="tillämplighet"/><SP WIDTH="10" VPOS="840" HPOS="888"/>
							<String ID="string_180" HPOS="898" VPOS="840" WIDTH="69" HEIGHT="21" WC="0.72" CONTENT="jemväl"/><SP WIDTH="13" VPOS="840" HPOS="967"/>
							<String ID="string_181" HPOS="980" VPOS="840" WIDTH="23" HEIGHT="21" WC="0.96" CONTENT="pä"/>
						</TextLine>
						<TextLine ID="line_40" HPOS="442" VPOS="873" WIDTH="560" HEIGHT="23">
							<String ID="string_182" HPOS="442" VPOS="875" WIDTH="1" HEIGHT="13" WC="0.71" CONTENT="i"/><SP WIDTH="10" VPOS="875" HPOS="443"/>
							<String ID="string_183" HPOS="453" VPOS="874" WIDTH="22" HEIGHT="17" WC="0.72" CONTENT="de"/><SP WIDTH="19" VPOS="874" HPOS="475"/>
							<String ID="string_184" HPOS="494" VPOS="874" WIDTH="29" HEIGHT="17" WC="0.93" CONTENT="för"/><SP WIDTH="20" VPOS="874" HPOS="523"/>
							<String ID="string_185" HPOS="543" VPOS="874" WIDTH="89" HEIGHT="21" WC="0.91" CONTENT="valkning"/><SP WIDTH="17" VPOS="874" HPOS="632"/>
							<String ID="string_186" HPOS="649" VPOS="873" WIDTH="20" HEIGHT="18" WC="0.93" CONTENT="af"/><SP WIDTH="14" VPOS="873" HPOS="669"/>
							<String ID="string_187" HPOS="683" VPOS="873" WIDTH="106" HEIGHT="23" WC="0.92" CONTENT="ylleväfnad"/><SP WIDTH="16" VPOS="873" HPOS="789"/>
							<String ID="string_188" HPOS="805" VPOS="873" WIDTH="79" HEIGHT="23" WC="0.92" CONTENT="anlagda"/><SP WIDTH="12" VPOS="873" HPOS="884"/>
							<String ID="string_189" HPOS="896" VPOS="873" WIDTH="106" HEIGHT="22" WC="0.92" CONTENT="stampverk"/>
						</TextLine>
						<TextLine ID="line_41" HPOS="442" VPOS="907" WIDTH="560" HEIGHT="25">
							<String ID="string_190" HPOS="442" VPOS="908" WIDTH="45" HEIGHT="24" WC="0.84" CONTENT="joch"/><SP WIDTH="19" VPOS="908" HPOS="487"/>
							<String ID="string_191" HPOS="506" VPOS="910" WIDTH="28" HEIGHT="16" WC="0.95" CONTENT="att"/><SP WIDTH="18" VPOS="910" HPOS="534"/>
							<String ID="string_192" HPOS="552" VPOS="909" WIDTH="5" HEIGHT="16" WC="0.94" CONTENT="i"/><SP WIDTH="19" VPOS="909" HPOS="557"/>
							<String ID="string_193" HPOS="576" VPOS="908" WIDTH="47" HEIGHT="23" WC="0.89" CONTENT="följd"/><SP WIDTH="16" VPOS="908" HPOS="623"/>
							<String ID="string_194" HPOS="639" VPOS="908" WIDTH="55" HEIGHT="18" WC="0.96" CONTENT="deraf"/><SP WIDTH="14" VPOS="908" HPOS="694"/>
							<String ID="string_195" HPOS="708" VPOS="908" WIDTH="34" HEIGHT="17" WC="0.93" CONTENT="den"/><SP WIDTH="14" VPOS="908" HPOS="742"/>
							<String ID="string_196" HPOS="756" VPOS="907" WIDTH="42" HEIGHT="18" WC="0.96" CONTENT="från"/><SP WIDTH="12" VPOS="907" HPOS="798"/>
							<String ID="string_197" HPOS="810" VPOS="908" WIDTH="115" HEIGHT="17" WC="0.93" CONTENT="sistnämnda"/><SP WIDTH="13" VPOS="908" HPOS="925"/>
							<String ID="string_198" HPOS="938" VPOS="908" WIDTH="64" HEIGHT="17" WC="0.92" CONTENT="inrätt-"/>
						</TextLine>
						<TextLine ID="line_42" HPOS="452" VPOS="942" WIDTH="550" HEIGHT="23">
							<String ID="string_199" HPOS="452" VPOS="943" WIDTH="67" HEIGHT="22" WC="0.96" CONTENT="ningar"/><SP WIDTH="18" VPOS="943" HPOS="519"/>
							<String ID="string_200" HPOS="537" VPOS="942" WIDTH="92" HEIGHT="23" WC="0.92" CONTENT="utgående"/><SP WIDTH="16" VPOS="942" HPOS="629"/>
							<String ID="string_201" HPOS="645" VPOS="943" WIDTH="145" HEIGHT="17" WC="0.64" CONTENT="valkverksränta"/><SP WIDTH="12" VPOS="943" HPOS="790"/>
							<String ID="string_202" HPOS="802" VPOS="943" WIDTH="48" HEIGHT="17" WC="0.93" CONTENT="skall"/><SP WIDTH="13" VPOS="943" HPOS="850"/>
							<String ID="string_203" HPOS="863" VPOS="943" WIDTH="92" HEIGHT="22" WC="0.92" CONTENT="upphöra;"/><SP WIDTH="22" VPOS="943" HPOS="955"/>
							<String ID="string_204" HPOS="977" VPOS="943" WIDTH="25" HEIGHT="16" WC="0.89" CONTENT="äf-"/>
						</TextLine>
						<TextLine ID="line_43" HPOS="442" VPOS="969" WIDTH="560" HEIGHT="30">
							<String ID="string_205" HPOS="442" VPOS="969" WIDTH="1" HEIGHT="4" WC="0.47" CONTENT="&#39;"/><SP WIDTH="9" VPOS="969" HPOS="443"/>
							<String ID="string_206" HPOS="452" VPOS="983" WIDTH="75" HEIGHT="12" WC="0.92" CONTENT="vensom"/><SP WIDTH="14" VPOS="983" HPOS="527"/>
							<String ID="string_207" HPOS="541" VPOS="977" WIDTH="36" HEIGHT="18" WC="0.96" CONTENT="den"/><SP WIDTH="14" VPOS="977" HPOS="577"/>
							<String ID="string_208" HPOS="591" VPOS="978" WIDTH="20" HEIGHT="17" WC="0.96" CONTENT="16"/><SP WIDTH="14" VPOS="978" HPOS="611"/>
							<String ID="string_209" HPOS="625" VPOS="977" WIDTH="54" HEIGHT="22" WC="0.95" CONTENT="April"/><SP WIDTH="15" VPOS="977" HPOS="679"/>
							<String ID="string_210" HPOS="694" VPOS="977" WIDTH="48" HEIGHT="20" WC="0.95" CONTENT="1890,"/><SP WIDTH="8" VPOS="977" HPOS="742"/>
							<String ID="string_211" HPOS="750" VPOS="979" WIDTH="28" HEIGHT="16" WC="0.96" CONTENT="att"/><SP WIDTH="12" VPOS="979" HPOS="778"/>
							<String ID="string_212" HPOS="790" VPOS="977" WIDTH="34" HEIGHT="17" WC="0.93" CONTENT="den"/><SP WIDTH="14" VPOS="977" HPOS="824"/>
							<String ID="string_213" HPOS="838" VPOS="977" WIDTH="66" HEIGHT="17" WC="0.92" CONTENT="hittills"/><SP WIDTH="13" VPOS="977" HPOS="904"/>
							<String ID="string_214" HPOS="917" VPOS="977" WIDTH="29" HEIGHT="17" WC="0.93" CONTENT="för"/><SP WIDTH="9" VPOS="977" HPOS="946"/>
							<String ID="string_215" HPOS="955" VPOS="977" WIDTH="47" HEIGHT="17" WC="0.89" CONTENT="utöf-"/>
						</TextLine>
						<TextLine ID="line_44" HPOS="452" VPOS="1011" WIDTH="551" HEIGHT="22">
							<String ID="string_216" HPOS="452" VPOS="1011" WIDTH="60" HEIGHT="18" WC="0.92" CONTENT="vande"/><SP WIDTH="19" VPOS="1011" HPOS="512"/>
							<String ID="string_217" HPOS="531" VPOS="1011" WIDTH="20" HEIGHT="18" WC="0.92" CONTENT="af"/><SP WIDTH="17" VPOS="1011" HPOS="551"/>
							<String ID="string_218" HPOS="568" VPOS="1011" WIDTH="176" HEIGHT="22" WC="0.91" CONTENT="traktörsrättighet"/><SP WIDTH="18" VPOS="1011" HPOS="744"/>
							<String ID="string_219" HPOS="762" VPOS="1011" WIDTH="5" HEIGHT="17" WC="0.93" CONTENT="i"/><SP WIDTH="19" VPOS="1011" HPOS="767"/>
							<String ID="string_220" HPOS="786" VPOS="1011" WIDTH="87" HEIGHT="22" WC="0.92" CONTENT="Wiborgs"/><SP WIDTH="17" VPOS="1011" HPOS="873"/>
							<String ID="string_221" HPOS="890" VPOS="1011" WIDTH="41" HEIGHT="18" WC="0.96" CONTENT="stad"/><SP WIDTH="13" VPOS="1011" HPOS="931"/>
							<String ID="string_222" HPOS="944" VPOS="1011" WIDTH="59" HEIGHT="18" WC="0.96" CONTENT="under"/>
						</TextLine>
						<TextLine ID="line_45" HPOS="452" VPOS="1045" WIDTH="550" HEIGHT="23">
							<String ID="string_223" HPOS="452" VPOS="1045" WIDTH="113" HEIGHT="23" WC="0.91" CONTENT="benämning"/><SP WIDTH="12" VPOS="1045" HPOS="565"/>
							<String ID="string_224" HPOS="577" VPOS="1047" WIDTH="46" HEIGHT="16" WC="0.92" CONTENT="accis"/><SP WIDTH="11" VPOS="1047" HPOS="623"/>
							<String ID="string_225" HPOS="634" VPOS="1046" WIDTH="29" HEIGHT="17" WC="0.93" CONTENT="till"/><SP WIDTH="14" VPOS="1046" HPOS="663"/>
							<String ID="string_226" HPOS="677" VPOS="1046" WIDTH="72" HEIGHT="17" WC="0.93" CONTENT="kronan"/><SP WIDTH="13" VPOS="1046" HPOS="749"/>
							<String ID="string_227" HPOS="762" VPOS="1045" WIDTH="76" HEIGHT="23" WC="0.92" CONTENT="erlagda"/><SP WIDTH="12" VPOS="1045" HPOS="838"/>
							<String ID="string_228" HPOS="850" VPOS="1045" WIDTH="55" HEIGHT="23" WC="0.93" CONTENT="afgift"/><SP WIDTH="8" VPOS="1045" HPOS="905"/>
							<String ID="string_229" HPOS="913" VPOS="1046" WIDTH="16" HEIGHT="22" WC="0.93" CONTENT="ej"/><SP WIDTH="11" VPOS="1046" HPOS="929"/>
							<String ID="string_230" HPOS="940" VPOS="1045" WIDTH="62" HEIGHT="18" WC="0.96" CONTENT="vidare"/>
						</TextLine>
						<TextLine ID="line_46" HPOS="441" VPOS="1077" WIDTH="172" HEIGHT="30">
							<String ID="string_231" HPOS="441" VPOS="1077" WIDTH="2" HEIGHT="30" WC="0.81" CONTENT="&#39;"/><SP WIDTH="8" VPOS="1077" HPOS="443"/>
							<String ID="string_232" HPOS="451" VPOS="1081" WIDTH="49" HEIGHT="17" WC="0.89" CONTENT="skall"/><SP WIDTH="14" VPOS="1081" HPOS="500"/>
							<String ID="string_233" HPOS="514" VPOS="1080" WIDTH="99" HEIGHT="23" WC="0.91" CONTENT="uppbäras."/>
						</TextLine>
					</TextBlock>
					<TextBlock ID="block_9" HPOS="450" VPOS="1113" WIDTH="552" HEIGHT="264">
						<TextLine ID="line_47" HPOS="486" VPOS="1113" WIDTH="515" HEIGHT="24">
							<String ID="string_234" HPOS="486" VPOS="1114" WIDTH="27" HEIGHT="18" WC="0.96" CONTENT="På"/><SP WIDTH="12" VPOS="1114" HPOS="513"/>
							<String ID="string_235" HPOS="525" VPOS="1115" WIDTH="60" HEIGHT="22" WC="0.95" CONTENT="grund"/><SP WIDTH="10" VPOS="1115" HPOS="585"/>
							<String ID="string_236" HPOS="595" VPOS="1114" WIDTH="20" HEIGHT="18" WC="0.93" CONTENT="af"/><SP WIDTH="9" VPOS="1114" HPOS="615"/>
							<String ID="string_237" HPOS="624" VPOS="1114" WIDTH="114" HEIGHT="18" WC="0.92" CONTENT="Ständernas"/><SP WIDTH="9" VPOS="1114" HPOS="738"/>
							<String ID="string_238" HPOS="747" VPOS="1114" WIDTH="90" HEIGHT="18" WC="0.93" CONTENT="särskildt"/><SP WIDTH="8" VPOS="1114" HPOS="837"/>
							<String ID="string_239" HPOS="845" VPOS="1113" WIDTH="69" HEIGHT="19" WC="0.92" CONTENT="aflätna"/><SP WIDTH="9" VPOS="1113" HPOS="914"/>
							<String ID="string_240" HPOS="923" VPOS="1115" WIDTH="78" HEIGHT="22" WC="0.96" CONTENT="petition"/>
						</TextLine>
						<TextLine ID="line_48" HPOS="451" VPOS="1148" WIDTH="551" HEIGHT="23">
							<String ID="string_241" HPOS="451" VPOS="1149" WIDTH="34" HEIGHT="18" WC="0.92" CONTENT="har"/><SP WIDTH="19" VPOS="1149" HPOS="485"/>
							<String ID="string_242" HPOS="504" VPOS="1149" WIDTH="90" HEIGHT="22" WC="0.90" CONTENT="derjemte"/><SP WIDTH="18" VPOS="1149" HPOS="594"/>
							<String ID="string_243" HPOS="612" VPOS="1154" WIDTH="66" HEIGHT="17" WC="0.92" CONTENT="genom"/><SP WIDTH="18" VPOS="1154" HPOS="678"/>
							<String ID="string_244" HPOS="696" VPOS="1148" WIDTH="68" HEIGHT="23" WC="0.92" CONTENT="nädiga"/><SP WIDTH="12" VPOS="1148" HPOS="764"/>
							<String ID="string_245" HPOS="776" VPOS="1149" WIDTH="123" HEIGHT="22" WC="0.92" CONTENT="kungörelsen"/><SP WIDTH="13" VPOS="1149" HPOS="899"/>
							<String ID="string_246" HPOS="912" VPOS="1149" WIDTH="20" HEIGHT="17" WC="0.96" CONTENT="af"/><SP WIDTH="12" VPOS="1149" HPOS="932"/>
							<String ID="string_247" HPOS="944" VPOS="1149" WIDTH="35" HEIGHT="17" WC="0.96" CONTENT="den"/><SP WIDTH="13" VPOS="1149" HPOS="979"/>
							<String ID="string_248" HPOS="992" VPOS="1150" WIDTH="10" HEIGHT="16" WC="0.97" CONTENT="6"/>
						</TextLine>
						<TextLine ID="line_49" HPOS="451" VPOS="1183" WIDTH="551" HEIGHT="22">
							<String ID="string_249" HPOS="451" VPOS="1183" WIDTH="81" HEIGHT="22" WC="0.89" CONTENT="Augusti"/><SP WIDTH="20" VPOS="1183" HPOS="532"/>
							<String ID="string_250" HPOS="552" VPOS="1183" WIDTH="43" HEIGHT="18" WC="0.93" CONTENT="1889"/><SP WIDTH="19" VPOS="1183" HPOS="595"/>
							<String ID="string_251" HPOS="614" VPOS="1183" WIDTH="113" HEIGHT="21" WC="0.91" CONTENT="förordnats,"/><SP WIDTH="13" VPOS="1183" HPOS="727"/>
							<String ID="string_252" HPOS="740" VPOS="1185" WIDTH="28" HEIGHT="15" WC="0.96" CONTENT="att"/><SP WIDTH="18" VPOS="1185" HPOS="768"/>
							<String ID="string_253" HPOS="786" VPOS="1183" WIDTH="34" HEIGHT="17" WC="0.96" CONTENT="den"/><SP WIDTH="20" VPOS="1183" HPOS="820"/>
							<String ID="string_254" HPOS="840" VPOS="1188" WIDTH="21" HEIGHT="12" WC="0.96" CONTENT="en"/><SP WIDTH="18" VPOS="1188" HPOS="861"/>
							<String ID="string_255" HPOS="879" VPOS="1183" WIDTH="29" HEIGHT="17" WC="0.93" CONTENT="del"/><SP WIDTH="14" VPOS="1183" HPOS="908"/>
							<String ID="string_256" HPOS="922" VPOS="1183" WIDTH="80" HEIGHT="18" WC="0.90" CONTENT="städeri"/>
						</TextLine>
						<TextLine ID="line_50" HPOS="452" VPOS="1217" WIDTH="550" HEIGHT="23">
							<String ID="string_257" HPOS="452" VPOS="1217" WIDTH="87" HEIGHT="23" WC="0.92" CONTENT="Wiborgs"/><SP WIDTH="18" VPOS="1217" HPOS="539"/>
							<String ID="string_258" HPOS="557" VPOS="1218" WIDTH="36" HEIGHT="20" WC="0.96" CONTENT="län,"/><SP WIDTH="25" VPOS="1218" HPOS="593"/>
							<String ID="string_259" HPOS="618" VPOS="1217" WIDTH="25" HEIGHT="23" WC="0.96" CONTENT="pä"/><SP WIDTH="21" VPOS="1217" HPOS="643"/>
							<String ID="string_260" HPOS="664" VPOS="1217" WIDTH="60" HEIGHT="23" WC="0.96" CONTENT="grund"/><SP WIDTH="25" VPOS="1217" HPOS="724"/>
							<String ID="string_261" HPOS="749" VPOS="1217" WIDTH="21" HEIGHT="18" WC="0.92" CONTENT="af"/><SP WIDTH="20" VPOS="1217" HPOS="770"/>
							<String ID="string_262" HPOS="790" VPOS="1217" WIDTH="68" HEIGHT="23" WC="0.91" CONTENT="nädiga"/><SP WIDTH="19" VPOS="1217" HPOS="858"/>
							<String ID="string_263" HPOS="877" VPOS="1217" WIDTH="125" HEIGHT="23" WC="0.91" CONTENT="kungörelsen"/>
						</TextLine>
						<TextLine ID="line_51" HPOS="451" VPOS="1251" WIDTH="551" HEIGHT="23">
							<String ID="string_264" HPOS="451" VPOS="1252" WIDTH="35" HEIGHT="17" WC="0.96" CONTENT="den"/><SP WIDTH="20" VPOS="1252" HPOS="486"/>
							<String ID="string_265" HPOS="506" VPOS="1254" WIDTH="10" HEIGHT="15" WC="0.95" CONTENT="7"/><SP WIDTH="20" VPOS="1254" HPOS="516"/>
							<String ID="string_266" HPOS="536" VPOS="1252" WIDTH="109" HEIGHT="22" WC="0.95" CONTENT="September"/><SP WIDTH="20" VPOS="1252" HPOS="645"/>
							<String ID="string_267" HPOS="665" VPOS="1253" WIDTH="43" HEIGHT="16" WC="0.96" CONTENT="1814"/><SP WIDTH="20" VPOS="1253" HPOS="708"/>
							<String ID="string_268" HPOS="728" VPOS="1252" WIDTH="34" HEIGHT="17" WC="0.93" CONTENT="och"/><SP WIDTH="19" VPOS="1252" HPOS="762"/>
							<String ID="string_269" HPOS="781" VPOS="1252" WIDTH="60" HEIGHT="22" WC="0.91" CONTENT="öfriga"/><SP WIDTH="19" VPOS="1252" HPOS="841"/>
							<String ID="string_270" HPOS="860" VPOS="1251" WIDTH="120" HEIGHT="18" WC="0.92" CONTENT="derförinnan"/><SP WIDTH="16" VPOS="1251" HPOS="980"/>
							<String ID="string_271" HPOS="996" VPOS="1252" WIDTH="6" HEIGHT="17" WC="0.96" CONTENT="i"/>
						</TextLine>
						<TextLine ID="line_52" HPOS="451" VPOS="1285" WIDTH="551" HEIGHT="24">
							<String ID="string_272" HPOS="451" VPOS="1289" WIDTH="63" HEIGHT="15" WC="0.88" CONTENT="ämnet"/><SP WIDTH="15" VPOS="1289" HPOS="514"/>
							<String ID="string_273" HPOS="529" VPOS="1287" WIDTH="90" HEIGHT="17" WC="0.92" CONTENT="utkomna"/><SP WIDTH="12" VPOS="1287" HPOS="619"/>
							<String ID="string_274" HPOS="631" VPOS="1285" WIDTH="138" HEIGHT="23" WC="0.89" CONTENT="författningar,"/><SP WIDTH="17" VPOS="1285" HPOS="769"/>
							<String ID="string_275" HPOS="786" VPOS="1285" WIDTH="97" HEIGHT="23" WC="0.91" CONTENT="äliggande"/><SP WIDTH="12" VPOS="1285" HPOS="883"/>
							<String ID="string_276" HPOS="895" VPOS="1286" WIDTH="107" HEIGHT="23" WC="0.91" CONTENT="skyldighe-"/>
						</TextLine>
						<TextLine ID="line_53" HPOS="450" VPOS="1320" WIDTH="552" HEIGHT="23">
							<String ID="string_277" HPOS="450" VPOS="1323" WIDTH="32" HEIGHT="16" WC="0.96" CONTENT="ten"/><SP WIDTH="17" VPOS="1323" HPOS="482"/>
							<String ID="string_278" HPOS="499" VPOS="1323" WIDTH="28" HEIGHT="16" WC="0.96" CONTENT="att"/><SP WIDTH="16" VPOS="1323" HPOS="527"/>
							<String ID="string_279" HPOS="543" VPOS="1321" WIDTH="42" HEIGHT="17" WC="0.96" CONTENT="med"/><SP WIDTH="13" VPOS="1321" HPOS="585"/>
							<String ID="string_280" HPOS="598" VPOS="1323" WIDTH="25" HEIGHT="16" WC="0.93" CONTENT="ett"/><SP WIDTH="14" VPOS="1323" HPOS="623"/>
							<String ID="string_281" HPOS="637" VPOS="1320" WIDTH="92" HEIGHT="18" WC="0.96" CONTENT="särskildt"/><SP WIDTH="11" VPOS="1320" HPOS="729"/>
							<String ID="string_282" HPOS="740" VPOS="1321" WIDTH="82" HEIGHT="17" WC="0.96" CONTENT="tillskott"/><SP WIDTH="12" VPOS="1321" HPOS="822"/>
							<String ID="string_283" HPOS="834" VPOS="1320" WIDTH="76" HEIGHT="23" WC="0.96" CONTENT="bidraga"/><SP WIDTH="12" VPOS="1320" HPOS="910"/>
							<String ID="string_284" HPOS="922" VPOS="1321" WIDTH="30" HEIGHT="17" WC="0.93" CONTENT="till"/><SP WIDTH="12" VPOS="1321" HPOS="952"/>
							<String ID="string_285" HPOS="964" VPOS="1321" WIDTH="38" HEIGHT="16" WC="0.92" CONTENT="sko-"/>
						</TextLine>
						<TextLine ID="line_54" HPOS="451" VPOS="1354" WIDTH="482" HEIGHT="23">
							<String ID="string_286" HPOS="451" VPOS="1356" WIDTH="59" HEIGHT="17" WC="0.68" CONTENT="Tornas"/><SP WIDTH="12" VPOS="1356" HPOS="510"/>
							<String ID="string_287" HPOS="522" VPOS="1355" WIDTH="92" HEIGHT="17" WC="0.96" CONTENT="underhåll"/><SP WIDTH="13" VPOS="1355" HPOS="614"/>
							<String ID="string_288" HPOS="627" VPOS="1355" WIDTH="48" HEIGHT="18" WC="0.96" CONTENT="skall"/><SP WIDTH="13" VPOS="1355" HPOS="675"/>
							<String ID="string_289" HPOS="688" VPOS="1355" WIDTH="30" HEIGHT="17" WC="0.96" CONTENT="för"/><SP WIDTH="12" VPOS="1355" HPOS="718"/>
							<String ID="string_290" HPOS="730" VPOS="1354" WIDTH="100" HEIGHT="18" WC="0.93" CONTENT="framtiden"/><SP WIDTH="13" VPOS="1354" HPOS="830"/>
							<String ID="string_291" HPOS="843" VPOS="1355" WIDTH="90" HEIGHT="22" WC="0.96" CONTENT="upphöra."/>
						</TextLine>
					</TextBlock>
					<TextBlock ID="block_10" HPOS="451" VPOS="1388" WIDTH="551" HEIGHT="93">
						<TextLine ID="line_55" HPOS="485" VPOS="1388" WIDTH="517" HEIGHT="24">
							<String ID="string_292" HPOS="485" VPOS="1389" WIDTH="55" HEIGHT="18" WC="0.88" CONTENT="Hvad"/><SP WIDTH="13" VPOS="1389" HPOS="540"/>
							<String ID="string_293" HPOS="553" VPOS="1390" WIDTH="88" HEIGHT="22" WC="0.91" CONTENT="slutligen"/><SP WIDTH="13" VPOS="1390" HPOS="641"/>
							<String ID="string_294" HPOS="654" VPOS="1388" WIDTH="58" HEIGHT="24" WC="0.92" CONTENT="angär"/><SP WIDTH="13" VPOS="1388" HPOS="712"/>
							<String ID="string_295" HPOS="725" VPOS="1389" WIDTH="35" HEIGHT="18" WC="0.96" CONTENT="den"/><SP WIDTH="13" VPOS="1389" HPOS="760"/>
							<String ID="string_296" HPOS="773" VPOS="1389" WIDTH="6" HEIGHT="17" WC="0.96" CONTENT="i"/><SP WIDTH="13" VPOS="1389" HPOS="779"/>
							<String ID="string_297" HPOS="792" VPOS="1389" WIDTH="49" HEIGHT="18" WC="0.96" CONTENT="vissa"/><SP WIDTH="13" VPOS="1389" HPOS="841"/>
							<String ID="string_298" HPOS="854" VPOS="1389" WIDTH="51" HEIGHT="17" WC="0.96" CONTENT="delar"/><SP WIDTH="13" VPOS="1389" HPOS="905"/>
							<String ID="string_299" HPOS="918" VPOS="1388" WIDTH="20" HEIGHT="18" WC="0.96" CONTENT="af"/><SP WIDTH="7" VPOS="1388" HPOS="938"/>
							<String ID="string_300" HPOS="945" VPOS="1388" WIDTH="57" HEIGHT="18" WC="0.96" CONTENT="Wasa"/>
						</TextLine>
						<TextLine ID="line_56" HPOS="451" VPOS="1423" WIDTH="551" HEIGHT="24">
							<String ID="string_301" HPOS="451" VPOS="1425" WIDTH="34" HEIGHT="16" WC="0.93" CONTENT="och"/><SP WIDTH="14" VPOS="1425" HPOS="485"/>
							<String ID="string_302" HPOS="499" VPOS="1423" WIDTH="103" HEIGHT="24" WC="0.95" CONTENT="Uleåborgs"/><SP WIDTH="13" VPOS="1423" HPOS="602"/>
							<String ID="string_303" HPOS="615" VPOS="1424" WIDTH="31" HEIGHT="17" WC="0.96" CONTENT="län"/><SP WIDTH="13" VPOS="1424" HPOS="646"/>
							<String ID="string_304" HPOS="659" VPOS="1424" WIDTH="31" HEIGHT="17" WC="0.66" CONTENT="fill"/><SP WIDTH="10" VPOS="1424" HPOS="690"/>
							<String ID="string_305" HPOS="700" VPOS="1423" WIDTH="71" HEIGHT="22" WC="0.96" CONTENT="förmån"/><SP WIDTH="10" VPOS="1423" HPOS="771"/>
							<String ID="string_306" HPOS="781" VPOS="1424" WIDTH="30" HEIGHT="21" WC="0.93" CONTENT="för"/><SP WIDTH="7" VPOS="1424" HPOS="811"/>
							<String ID="string_307" HPOS="818" VPOS="1424" WIDTH="93" HEIGHT="16" WC="0.93" CONTENT="lasaretten"/><SP WIDTH="8" VPOS="1424" HPOS="911"/>
							<String ID="string_308" HPOS="919" VPOS="1423" WIDTH="83" HEIGHT="22" WC="0.96" CONTENT="utgående"/>
						</TextLine>
						<TextLine ID="line_57" HPOS="451" VPOS="1457" WIDTH="550" HEIGHT="24">
							<String ID="string_309" HPOS="451" VPOS="1459" WIDTH="85" HEIGHT="21" WC="0.53" CONTENT="arfsskak"/><SP WIDTH="21" VPOS="1459" HPOS="536"/>
							<String ID="string_310" HPOS="557" VPOS="1459" WIDTH="47" HEIGHT="17" WC="0.95" CONTENT="skall"/><SP WIDTH="22" VPOS="1459" HPOS="604"/>
							<String ID="string_311" HPOS="626" VPOS="1459" WIDTH="57" HEIGHT="22" WC="0.96" CONTENT="nådig"/><SP WIDTH="19" VPOS="1459" HPOS="683"/>
							<String ID="string_312" HPOS="702" VPOS="1458" WIDTH="116" HEIGHT="22" WC="0.96" CONTENT="proposition"/><SP WIDTH="19" VPOS="1458" HPOS="818"/>
							<String ID="string_313" HPOS="837" VPOS="1463" WIDTH="28" HEIGHT="12" WC="0.93" CONTENT="om"/><SP WIDTH="19" VPOS="1463" HPOS="865"/>
							<String ID="string_314" HPOS="884" VPOS="1457" WIDTH="117" HEIGHT="18" WC="0.92" CONTENT="densammas"/>
						</TextLine>
					</TextBlock>
				</ComposedBlock>
				<GraphicalElement ID="cblock_8" HPOS="441" VPOS="799" WIDTH="3" HEIGHT="682"></GraphicalElement >
			</PrintSpace>
		</Page>
	</Layout>
</alto>
