1078 1692
508 140 50 21 XXI

266 343 157 30 Relation
452 342 135 38 angående
611 342 190 31 statsskulden.

226 417 30 17 Uti
269 419 63 15 senast
344 416 71 23 afgifna
427 416 79 18 relation
515 415 96 24 angående
625 416 127 18 statsskulden
762 416 34 17 har
805 414 105 19 Ständerna

156 452 102 17 meddelats
272 451 115 18 densammas
401 451 68 23 belopp
483 451 34 18 den
531 453 8 15 1
553 451 79 17 Januari
646 452 50 16 1887.

224 486 8 17 I
246 486 192 18 öfverensstämmelse
451 486 41 18 med
506 486 114 18 Ständernas
629 486 63 17 beslut
700 486 30 17 vid
740 484 100 19 sisthållna
848 484 60 18 landt-

156 521 35 22 dag
210 526 28 12 om
257 520 119 23 upptagande
394 520 20 18 af
432 522 27 16 ett
477 520 203 23 amorteringslän;
648 516 41 31 till
699 520 56 22 högst
768 520 41 23 fyra
821 521 87 21 procents

155 557 53 16 ränta
226 555 34 17 och
275 555 41 17 med
334 556 55 21 högst
401 555 60 17 sextio
474 556 30 17 års
517 554 151 23 amorteringstid
682 556 48 16 samt
743 554 29 18 till
784 553 21 19 så
818 555 47 17 stort
878 554 30 16 be-

155 589 50 23 lopp,
224 594 37 12 som
281 589 117 18 motsvarade
418 595 21 12 en
458 590 85 17 annuitet
555 589 20 18 af
588 590 90 20 1,628,000
690 588 62 18 finska
764 588 57 21 mark,
836 588 72 17 hvilket

155 622 31 19 lån
204 623 67 18 främst
288 624 61 17 skulle
368 624 93 17 användas
480 624 29 17 till
528 624 72 17 inlösen
619 624 20 17 af
655 622 107 19 återstoden
776 623 41 17 utaf
828 623 23 17 de
863 623 43 17 åren

156 658 43 17 1874
212 658 34 17 och
261 658 41 16 1881
317 659 95 21 upptagna
424 658 32 22 4'/,
464 659 21 22 %
499 657 78 19 statslän
591 659 48 17 samt
651 658 117 22 dernästitill
777 656 130 19 förstärkande

154 692 20 18 af
187 692 246 22 kommunikationsfonden,
451 692 35 18 har
505 692 106 18 sedermera
629 692 59 18 under
706 692 115 18 Ständernas
835 691 72 23 garanti

155 728 27 16 ett
194 726 143 22 obligationslån
355 726 29 18 till
402 726 66 23 belopp
486 726 20 18 af
517 728 102 20 40,581,324
633 726 60 18 finska
705 726 58 21 mark,
777 726 129 18 motsvarande

154 762 102 20 32,886,000
268 761 53 17 mark
334 761 52 23 tyskt
394 761 93 23 riksmynt
495 762 35 17 och
543 762 103 21 19,468,518
654 761 68 22 gulden
731 760 111 18 holländskt
851 761 55 22 mynt,

155 796 94 22 upptagits
267 800 65 18 genom
353 795 111 23 förmedling
483 796 20 17 af
520 798 27 15 ett
565 796 122 20 konsortium,
706 795 101 18 bestående
827 794 20 18 af
864 794 42 18 Fin-

154 829 53 18 lands
226 830 53 17 Bank
298 829 94 18 äfvensom
410 830 127 17 Bankirhuset
550 831 17 16 S.
580 830 122 17 Bleichröder
714 830 35 17 och
763 830 98 17 Direktion
874 829 33 17 der

153 863 227 18 Diskonto-Gesellschaft
392 864 5 17 i
411 864 62 17 Berlin
487 866 48 16 samt
546 864 128 18 Bankirhuset
684 864 25 17 M.
719 865 21 16 A.
750 869 35 12 von
795 863 111 18 Rothschild

154 897 15 18 &
183 897 61 18 Söhne
256 898 6 17 i
275 898 104 18 Frankfurt
392 904 28 12 am
433 899 56 18 Main.

222 933 118 17 Beträffande
353 933 31 18 det
396 939 36 17 nya
444 933 55 22 länet,
513 939 29 12 om
552 934 72 17 hvilket
634 936 80 20 närmare
726 933 138 22 bestämningar
874 934 32 16 äro

153 967 76 22 angifna
247 967 4 17 i
270 966 68 24 nädiga
356 968 124 22 kungörelsen
494 968 20 18 af
525 969 35 17 den
580 970 21 15 25
614 969 37 22 Maj
667 969 49 20 1889,
729 968 108 18 faststäldes
850 967 56 18 bland

153 1003 65 16 annat:
232 1003 27 16 att
271 1002 148 23 obligationerna
431 1003 61 18 skulle
505 1003 85 18 utfärdas
603 1004 6 17 i
621 1004 56 22 tyskt,
687 1003 58 18 finskt
754 1003 34 18 och
797 1003 109 18 holländskt

153 1038 60 20 mynt;
226 1038 26 15 att
264 1038 66 16 räntan
348 1037 61 18 skulle
422 1039 67 21 utgöra
501 1039 34 22 3'/,
541 1039 22 22 %
576 1038 30 17 för
618 1037 40 19 året
671 1038 35 17 och
720 1038 93 17 utbetalas
826 1037 78 18 halfärs-

153 1071 27 16 vis
193 1070 35 18 den
248 1073 6 14 1
275 1071 45 17 Juni
338 1072 33 17 och
393 1073 6 16 1
420 1072 102 17 December
540 1073 65 22 hvarje
619 1071 25 22 är,
658 1072 121 23 begynnande
792 1072 41 17 frän
847 1072 34 17 den
897 1074 6 15 1

152 1105 102 18 December
268 1107 52 20 1889;
332 1108 28 16 att
371 1106 131 23 länebeloppet
515 1107 60 18 skulle
589 1109 101 16 amorteras
703 1113 65 16 genom
782 1107 81 18 skeende
876 1109 28 16 ut-

152 1140 102 23 lottningar
266 1140 49 17 inom
328 1141 60 17 sextio
401 1140 25 22 är,
440 1141 81 18 räknadt
532 1141 42 18 från
588 1141 34 18 den
638 1143 6 16 1
654 1142 45 17 Juni
711 1142 51 22 1889;
776 1143 48 16 samt
833 1144 28 15 att
870 1141 34 18 den

153 1174 59 22 årliga
230 1175 106 18 annuiteten
356 1175 61 18 skulle
435 1178 66 20 utgöra
516 1177 89 21 1,623,252
618 1177 52 17 mark
682 1177 23 17 96
717 1177 62 22 penni.
804 1177 36 17 Vid
853 1177 51 17 utbe-

151 1208 95 23 talningen
266 1209 20 17 af
303 1208 126 19 länesumman
442 1210 163 23 tillgodoräknade
617 1211 28 22 sig
657 1209 122 24 längifvarne,
793 1211 5 17 i
811 1211 93 18 öfverens-

151 1243 106 18 stämmelse
270 1244 41 17 med
324 1243 143 24 länefördraget,
481 1246 10 16 5
499 1245 20 22 %
531 1245 6 17 i
550 1245 136 22 kapitalrabatt
694 1245 11 18 ä
712 1246 32 17 det
752 1246 94 17 nominela
855 1245 49 18 läne-

151 1277 93 22 beloppet.
268 1278 42 17 Med
329 1278 35 18 den
382 1284 65 17 genom
468 1279 51 18 lånet
537 1279 80 18 influtna
635 1285 83 13 summan
731 1281 78 18 inlöstes
822 1281 22 17 de
857 1281 47 17 äter-

151 1311 76 18 stående
240 1312 148 23 obligationerna
400 1313 20 18 af
434 1315 43 16 1874
490 1314 35 17 och
540 1315 41 16 1881
596 1313 31 19 års
640 1315 83 21 statslän,
737 1315 64 18 hvilka
814 1317 90 20 uppsagts

151 1346 28 17 till
199 1346 34 18 den
253 1348 6 15 1
280 1347 102 18 December
402 1349 48 20 1889,
464 1348 94 18 hvarefter
571 1348 107 19 äterstoden
692 1349 52 18 inflöt
760 1350 3 17 i
776 1351 129 17 kommunika-

149 1380 124 19 tionsfonden.

219 1415 69 18 Vidare
306 1416 61 21 hafva,
386 1415 24 24 pä
427 1417 60 22 grund
500 1417 21 18 af
532 1417 67 24 nädiga
612 1419 124 22 kungörelsen
749 1419 35 18 den
799 1421 4 14 1
820 1419 83 18 Oktober

151 1450 48 21 1888,
215 1451 5 16 i
237 1450 87 18 afseende
336 1451 12 17 ä
360 1451 251 20 kommunikationsfondens
623 1453 131 18 förstärkande
766 1454 30 17 för
806 1454 95 23 jernvägs-
