<?xml version="1.0" encoding="UTF-8"?>
<alto xmlns="http://www.loc.gov/standards/alto/ns-v3#" xmlns:xlink="http://www.w3.org/1999/xlink" xmlns:xsi="http://www.w3.org/2001/XMLSchema-instance" xsi:schemaLocation="http://www.loc.gov/standards/alto/ns-v3# http://www.loc.gov/alto/v3/alto-3-0.xsd">
	<Description>
		<MeasurementUnit>pixel</MeasurementUnit>
		<sourceImageInformation>
			<fileName>/tmp/tess_vctew732_input.PNG</fileName>
		</sourceImageInformation>
		<OCRProcessing ID="OCR_0">
			<ocrProcessingStep>
				<processingSoftware>
					<softwareName>tesseract 5.3.4</softwareName>
				</processingSoftware>
			</ocrProcessingStep>
		</OCRProcessing>
	</Description>
	<Layout>
		<Page WIDTH="1078" HEIGHT="1692" PHYSICAL_IMG_NR="0" ID="page_0">
			<PrintSpace HPOS="0" VPOS="0" WIDTH="1078" HEIGHT="1692">
				<ComposedBlock ID="cblock_0" HPOS="402" VPOS="151" WIDTH="459" HEIGHT="22">
					<TextBlock ID="block_0" HPOS="402" VPOS="151" WIDTH="459" HEIGHT="22">
						<TextLine ID="line_0" HPOS="402" VPOS="151" WIDTH="459" HEIGHT="22">
							<String ID="string_0" HPOS="402" VPOS="151" WIDTH="24" HEIGHT="21" WC="0.93" CONTENT="U."/><SP WIDTH="17" VPOS="151" HPOS="426"/>
							<String ID="string_1" HPOS="443" VPOS="152" WIDTH="24" HEIGHT="20" WC="0.92" CONTENT="B."/><SP WIDTH="16" VPOS="152" HPOS="467"/>
							<String ID="string_2" HPOS="483" VPOS="151" WIDTH="128" HEIGHT="21" WC="0.76" CONTENT="HI—XXV."/><SP WIDTH="223" VPOS="151" HPOS="611"/>
							<String ID="string_3" HPOS="834" VPOS="152" WIDTH="27" HEIGHT="21" WC="0.93" CONTENT="37"/>
						</TextLine>
					</TextBlock>
				</ComposedBlock>
				<ComposedBlock ID="cblock_1" HPOS="203" VPOS="213" WIDTH="686" HEIGHT="29">
					<TextBlock ID="block_1" HPOS="203" VPOS="213" WIDTH="686" HEIGHT="29">
						<TextLine ID="line_1" HPOS="203" VPOS="213" WIDTH="686" HEIGHT="29">
							<String ID="string_4" HPOS="203" VPOS="213" WIDTH="37" HEIGHT="21" WC="0.96" CONTENT="Uti"/><SP WIDTH="16" VPOS="213" HPOS="240"/>
							<String ID="string_5" HPOS="256" VPOS="213" WIDTH="62" HEIGHT="21" WC="0.96" CONTENT="dessa"/><SP WIDTH="16" VPOS="213" HPOS="318"/>
							<String ID="string_6" HPOS="334" VPOS="220" WIDTH="92" HEIGHT="15" WC="0.91" CONTENT="summor"/><SP WIDTH="15" VPOS="220" HPOS="426"/>
							<String ID="string_7" HPOS="441" VPOS="214" WIDTH="88" HEIGHT="27" WC="0.90" CONTENT="ingingo"/><SP WIDTH="16" VPOS="214" HPOS="529"/>
							<String ID="string_8" HPOS="545" VPOS="214" WIDTH="127" HEIGHT="21" WC="0.96" CONTENT="utestående"/><SP WIDTH="15" VPOS="214" HPOS="672"/>
							<String ID="string_9" HPOS="687" VPOS="214" WIDTH="35" HEIGHT="20" WC="0.96" CONTENT="lån"/><SP WIDTH="18" VPOS="214" HPOS="722"/>
							<String ID="string_10" HPOS="740" VPOS="214" WIDTH="34" HEIGHT="21" WC="0.96" CONTENT="till"/><SP WIDTH="23" VPOS="214" HPOS="774"/>
							<String ID="string_11" HPOS="797" VPOS="214" WIDTH="92" HEIGHT="28" WC="0.95" CONTENT="följande"/>
						</TextLine>
					</TextBlock>
				</ComposedBlock>
				<ComposedBlock ID="cblock_2" HPOS="134" VPOS="247" WIDTH="431" HEIGHT="27">
					<TextBlock ID="block_2" HPOS="134" VPOS="247" WIDTH="431" HEIGHT="27">
						<TextLine ID="line_2" HPOS="134" VPOS="247" WIDTH="431" HEIGHT="27">
							<String ID="string_12" HPOS="134" VPOS="247" WIDTH="77" HEIGHT="27" WC="0.96" CONTENT="belopp"/><SP WIDTH="16" VPOS="247" HPOS="211"/>
							<String ID="string_13" HPOS="227" VPOS="247" WIDTH="47" HEIGHT="21" WC="0.96" CONTENT="från"/><SP WIDTH="17" VPOS="247" HPOS="274"/>
							<String ID="string_14" HPOS="291" VPOS="248" WIDTH="25" HEIGHT="20" WC="0.96" CONTENT="de"/><SP WIDTH="16" VPOS="248" HPOS="316"/>
							<String ID="string_15" HPOS="332" VPOS="248" WIDTH="104" HEIGHT="21" WC="0.96" CONTENT="särskilda"/><SP WIDTH="15" VPOS="248" HPOS="436"/>
							<String ID="string_16" HPOS="451" VPOS="248" WIDTH="114" HEIGHT="21" WC="0.96" CONTENT="fonderna:"/>
						</TextLine>
					</TextBlock>
				</ComposedBlock>
				<ComposedBlock ID="cblock_3" HPOS="133" VPOS="310" WIDTH="707" HEIGHT="233">
					<TextBlock ID="block_3" HPOS="133" VPOS="310" WIDTH="707" HEIGHT="232">
						<TextLine ID="line_3" HPOS="134" VPOS="310" WIDTH="706" HEIGHT="28">
							<String ID="string_17" HPOS="134" VPOS="310" WIDTH="114" HEIGHT="22" WC="0.93" CONTENT="Allmänna"/><SP WIDTH="16" VPOS="310" HPOS="248"/>
							<String ID="string_18" HPOS="264" VPOS="310" WIDTH="132" HEIGHT="22" WC="0.89" CONTENT="statsfonden"/><SP WIDTH="23" VPOS="310" HPOS="396"/>
							<String ID="string_19" HPOS="419" VPOS="327" WIDTH="4" HEIGHT="4" WC="0.90" CONTENT="."/><SP WIDTH="31" VPOS="327" HPOS="423"/>
							<String ID="string_20" HPOS="454" VPOS="327" WIDTH="5" HEIGHT="5" WC="0.91" CONTENT="."/><SP WIDTH="32" VPOS="327" HPOS="459"/>
							<String ID="string_21" HPOS="491" VPOS="326" WIDTH="4" HEIGHT="5" WC="0.90" CONTENT="."/><SP WIDTH="32" VPOS="326" HPOS="495"/>
							<String ID="string_22" HPOS="527" VPOS="326" WIDTH="5" HEIGHT="5" WC="0.88" CONTENT="."/><SP WIDTH="31" VPOS="326" HPOS="532"/>
							<String ID="string_23" HPOS="563" VPOS="326" WIDTH="5" HEIGHT="5" WC="0.46" CONTENT="&lt;"/><SP WIDTH="31" VPOS="326" HPOS="568"/>
							<String ID="string_24" HPOS="599" VPOS="327" WIDTH="4" HEIGHT="5" WC="0.70" CONTENT="."/><SP WIDTH="32" VPOS="327" HPOS="603"/>
							<String ID="string_25" HPOS="635" VPOS="327" WIDTH="4" HEIGHT="4" WC="0.22" CONTENT="»"/><SP WIDTH="31" VPOS="327" HPOS="639"/>
							<String ID="string_26" HPOS="670" VPOS="327" WIDTH="3" HEIGHT="4" WC="0.0" CONTENT="-"/><SP WIDTH="46" VPOS="327" HPOS="673"/>
							<String ID="string_27" HPOS="719" VPOS="311" WIDTH="121" HEIGHT="27" WC="0.0" CONTENT="2,918,142?"/>
						</TextLine>
						<TextLine ID="line_4" HPOS="134" VPOS="344" WIDTH="704" HEIGHT="28">
							<String ID="string_28" HPOS="134" VPOS="344" WIDTH="266" HEIGHT="22" WC="0.91" CONTENT="Amortissementsfonden"/><SP WIDTH="17" VPOS="344" HPOS="400"/>
							<String ID="string_29" HPOS="417" VPOS="361" WIDTH="3" HEIGHT="4" WC="0.78" CONTENT="."/><SP WIDTH="32" VPOS="361" HPOS="420"/>
							<String ID="string_30" HPOS="452" VPOS="360" WIDTH="4" HEIGHT="5" WC="0.87" CONTENT="."/><SP WIDTH="33" VPOS="360" HPOS="456"/>
							<String ID="string_31" HPOS="489" VPOS="361" WIDTH="5" HEIGHT="5" WC="0.82" CONTENT="."/><SP WIDTH="30" VPOS="361" HPOS="494"/>
							<String ID="string_32" HPOS="524" VPOS="362" WIDTH="4" HEIGHT="4" WC="0.88" CONTENT="."/><SP WIDTH="32" VPOS="362" HPOS="528"/>
							<String ID="string_33" HPOS="560" VPOS="361" WIDTH="4" HEIGHT="5" WC="0.85" CONTENT="."/><SP WIDTH="31" VPOS="361" HPOS="564"/>
							<String ID="string_34" HPOS="595" VPOS="362" WIDTH="5" HEIGHT="4" WC="0.81" CONTENT="."/><SP WIDTH="32" VPOS="362" HPOS="600"/>
							<String ID="string_35" HPOS="632" VPOS="360" WIDTH="4" HEIGHT="6" WC="0.81" CONTENT="."/><SP WIDTH="32" VPOS="360" HPOS="636"/>
							<String ID="string_36" HPOS="668" VPOS="362" WIDTH="4" HEIGHT="3" WC="0.87" CONTENT="."/><SP WIDTH="25" VPOS="362" HPOS="672"/>
							<String ID="string_37" HPOS="697" VPOS="340" WIDTH="12" HEIGHT="36" WC="0.9" CONTENT="="/><SP WIDTH="9" VPOS="340" HPOS="709"/>
							<String ID="string_38" HPOS="718" VPOS="346" WIDTH="120" HEIGHT="26" WC="0.9" CONTENT="7,208,355:"/>
						</TextLine>
						<TextLine ID="line_5" HPOS="133" VPOS="378" WIDTH="706" HEIGHT="28">
							<String ID="string_39" HPOS="133" VPOS="378" WIDTH="83" HEIGHT="28" WC="0.93" CONTENT="Fattig-"/><SP WIDTH="16" VPOS="378" HPOS="216"/>
							<String ID="string_40" HPOS="232" VPOS="379" WIDTH="39" HEIGHT="21" WC="0.93" CONTENT="och"/><SP WIDTH="15" VPOS="379" HPOS="271"/>
							<String ID="string_41" HPOS="286" VPOS="379" WIDTH="192" HEIGHT="21" WC="0.90" CONTENT="arbetshusfonden"/><SP WIDTH="48" VPOS="379" HPOS="478"/>
							<String ID="string_42" HPOS="526" VPOS="394" WIDTH="4" HEIGHT="5" WC="0.43" CONTENT="=."/><SP WIDTH="33" VPOS="394" HPOS="530"/>
							<String ID="string_43" HPOS="563" VPOS="396" WIDTH="4" HEIGHT="4" WC="0.83" CONTENT="."/><SP WIDTH="32" VPOS="396" HPOS="567"/>
							<String ID="string_44" HPOS="599" VPOS="396" WIDTH="4" HEIGHT="4" WC="0.87" CONTENT="."/><SP WIDTH="30" VPOS="396" HPOS="603"/>
							<String ID="string_45" HPOS="633" VPOS="395" WIDTH="5" HEIGHT="5" WC="0.67" CONTENT="."/><SP WIDTH="32" VPOS="395" HPOS="638"/>
							<String ID="string_46" HPOS="670" VPOS="396" WIDTH="3" HEIGHT="4" WC="0.67" CONTENT="."/><SP WIDTH="67" VPOS="396" HPOS="673"/>
							<String ID="string_47" HPOS="740" VPOS="382" WIDTH="99" HEIGHT="24" WC="0.89" CONTENT="473,163:"/>
						</TextLine>
						<TextLine ID="line_6" HPOS="133" VPOS="412" WIDTH="704" HEIGHT="29">
							<String ID="string_48" HPOS="133" VPOS="412" WIDTH="73" HEIGHT="28" WC="0.93" CONTENT="Ryska"/><SP WIDTH="14" VPOS="412" HPOS="206"/>
							<String ID="string_49" HPOS="220" VPOS="414" WIDTH="253" HEIGHT="20" WC="0.92" CONTENT="läneunderstödsfonden"/><SP WIDTH="19" VPOS="414" HPOS="473"/>
							<String ID="string_50" HPOS="492" VPOS="430" WIDTH="1" HEIGHT="4" WC="0.83" CONTENT="."/><SP WIDTH="31" VPOS="430" HPOS="493"/>
							<String ID="string_51" HPOS="524" VPOS="431" WIDTH="5" HEIGHT="5" WC="0.78" CONTENT="."/><SP WIDTH="32" VPOS="431" HPOS="529"/>
							<String ID="string_52" HPOS="561" VPOS="430" WIDTH="4" HEIGHT="4" WC="0.84" CONTENT="."/><SP WIDTH="32" VPOS="430" HPOS="565"/>
							<String ID="string_53" HPOS="597" VPOS="430" WIDTH="4" HEIGHT="5" WC="0.85" CONTENT="."/><SP WIDTH="31" VPOS="430" HPOS="601"/>
							<String ID="string_54" HPOS="632" VPOS="430" WIDTH="4" HEIGHT="4" WC="0.82" CONTENT="."/><SP WIDTH="32" VPOS="430" HPOS="636"/>
							<String ID="string_55" HPOS="668" VPOS="430" WIDTH="4" HEIGHT="4" WC="0.79" CONTENT="."/><SP WIDTH="67" VPOS="430" HPOS="672"/>
							<String ID="string_56" HPOS="739" VPOS="414" WIDTH="98" HEIGHT="27" WC="0.92" CONTENT="832,097:"/>
						</TextLine>
						<TextLine ID="line_7" HPOS="134" VPOS="447" WIDTH="705" HEIGHT="28">
							<String ID="string_57" HPOS="134" VPOS="447" WIDTH="134" HEIGHT="27" WC="0.93" CONTENT="Helsingfors"/><SP WIDTH="15" VPOS="447" HPOS="268"/>
							<String ID="string_58" HPOS="283" VPOS="447" WIDTH="176" HEIGHT="28" WC="0.49" CONTENT="byggnadsfond."/><SP WIDTH="31" VPOS="447" HPOS="459"/>
							<String ID="string_59" HPOS="490" VPOS="464" WIDTH="5" HEIGHT="5" WC="0.81" CONTENT="."/><SP WIDTH="32" VPOS="464" HPOS="495"/>
							<String ID="string_60" HPOS="527" VPOS="464" WIDTH="3" HEIGHT="4" WC="0.89" CONTENT="."/><SP WIDTH="33" VPOS="464" HPOS="530"/>
							<String ID="string_61" HPOS="563" VPOS="464" WIDTH="4" HEIGHT="4" WC="0.56" CONTENT="."/><SP WIDTH="32" VPOS="464" HPOS="567"/>
							<String ID="string_62" HPOS="599" VPOS="464" WIDTH="6" HEIGHT="5" WC="0.50" CONTENT="."/><SP WIDTH="29" VPOS="464" HPOS="605"/>
							<String ID="string_63" HPOS="634" VPOS="465" WIDTH="4" HEIGHT="4" WC="0.83" CONTENT="."/><SP WIDTH="32" VPOS="465" HPOS="638"/>
							<String ID="string_64" HPOS="670" VPOS="464" WIDTH="4" HEIGHT="4" WC="0.75" CONTENT="."/><SP WIDTH="47" VPOS="464" HPOS="674"/>
							<String ID="string_65" HPOS="721" VPOS="449" WIDTH="118" HEIGHT="25" WC="0.18" CONTENT="—1,054,642:"/>
						</TextLine>
						<TextLine ID="line_8" HPOS="134" VPOS="481" WIDTH="703" HEIGHT="27">
							<String ID="string_66" HPOS="134" VPOS="481" WIDTH="76" HEIGHT="27" WC="0.93" CONTENT="Hangö"/><SP WIDTH="15" VPOS="481" HPOS="210"/>
							<String ID="string_67" HPOS="225" VPOS="482" WIDTH="161" HEIGHT="26" WC="0.90" CONTENT="byggnadsfond"/><SP WIDTH="29" VPOS="482" HPOS="386"/>
							<String ID="string_68" HPOS="415" VPOS="499" WIDTH="4" HEIGHT="4" WC="0.89" CONTENT="."/><SP WIDTH="32" VPOS="499" HPOS="419"/>
							<String ID="string_69" HPOS="451" VPOS="498" WIDTH="4" HEIGHT="5" WC="0.88" CONTENT="."/><SP WIDTH="32" VPOS="498" HPOS="455"/>
							<String ID="string_70" HPOS="487" VPOS="498" WIDTH="4" HEIGHT="4" WC="0.88" CONTENT="."/><SP WIDTH="32" VPOS="498" HPOS="491"/>
							<String ID="string_71" HPOS="523" VPOS="498" WIDTH="5" HEIGHT="4" WC="0.89" CONTENT="."/><SP WIDTH="32" VPOS="498" HPOS="528"/>
							<String ID="string_72" HPOS="560" VPOS="497" WIDTH="5" HEIGHT="5" WC="0.33" CONTENT="&lt;"/><SP WIDTH="31" VPOS="497" HPOS="565"/>
							<String ID="string_73" HPOS="596" VPOS="498" WIDTH="4" HEIGHT="5" WC="0.27" CONTENT="«"/><SP WIDTH="31" VPOS="498" HPOS="600"/>
							<String ID="string_74" HPOS="631" VPOS="498" WIDTH="5" HEIGHT="5" WC="0.2" CONTENT="."/><SP WIDTH="31" VPOS="498" HPOS="636"/>
							<String ID="string_75" HPOS="667" VPOS="498" WIDTH="4" HEIGHT="5" WC="0.65" CONTENT="«"/><SP WIDTH="67" VPOS="498" HPOS="671"/>
							<String ID="string_76" HPOS="738" VPOS="483" WIDTH="99" HEIGHT="25" WC="0.89" CONTENT="301,462:"/>
						</TextLine>
						<TextLine ID="line_9" HPOS="134" VPOS="515" WIDTH="705" HEIGHT="28">
							<String ID="string_77" HPOS="134" VPOS="515" WIDTH="165" HEIGHT="27" WC="0.90" CONTENT="Ladogafonden"/><SP WIDTH="49" VPOS="515" HPOS="299"/>
							<String ID="string_78" HPOS="348" VPOS="533" WIDTH="4" HEIGHT="4" WC="0.20" CONTENT="oo."/><SP WIDTH="31" VPOS="533" HPOS="352"/>
							<String ID="string_79" HPOS="383" VPOS="532" WIDTH="4" HEIGHT="4" WC="0.76" CONTENT="."/><SP WIDTH="30" VPOS="532" HPOS="387"/>
							<String ID="string_80" HPOS="417" VPOS="533" WIDTH="5" HEIGHT="4" WC="0.53" CONTENT="so"/><SP WIDTH="32" VPOS="533" HPOS="422"/>
							<String ID="string_81" HPOS="454" VPOS="533" WIDTH="4" HEIGHT="4" WC="0.45" CONTENT="&lt;"/><SP WIDTH="32" VPOS="533" HPOS="458"/>
							<String ID="string_82" HPOS="490" VPOS="532" WIDTH="4" HEIGHT="4" WC="0.48" CONTENT="so"/><SP WIDTH="32" VPOS="532" HPOS="494"/>
							<String ID="string_83" HPOS="526" VPOS="531" WIDTH="41" HEIGHT="5" WC="0.37" CONTENT="«soc"/><SP WIDTH="189" VPOS="531" HPOS="567"/>
							<String ID="string_84" HPOS="756" VPOS="517" WIDTH="83" HEIGHT="26" WC="0.92" CONTENT="69,600:"/>
						</TextLine>
					</TextBlock>
				</ComposedBlock>
				<ComposedBlock ID="cblock_4" HPOS="588" VPOS="532" WIDTH="250" HEIGHT="52">
					<TextBlock ID="block_4" HPOS="588" VPOS="532" WIDTH="250" HEIGHT="52">
						<TextLine ID="line_10" HPOS="588" VPOS="532" WIDTH="250" HEIGHT="52">
							<String ID="string_85" HPOS="588" VPOS="532" WIDTH="87" HEIGHT="46" WC="0.93" CONTENT="Summa"/><SP WIDTH="31" VPOS="532" HPOS="675"/>
							<String ID="string_86" HPOS="706" VPOS="557" WIDTH="132" HEIGHT="27" WC="0.89" CONTENT="12,857,463:"/>
						</TextLine>
					</TextBlock>
				</ComposedBlock>
				<ComposedBlock ID="cblock_5" HPOS="134" VPOS="613" WIDTH="699" HEIGHT="62">
					<TextBlock ID="block_5" HPOS="134" VPOS="613" WIDTH="699" HEIGHT="62">
						<TextLine ID="line_11" HPOS="201" VPOS="613" WIDTH="632" HEIGHT="28">
							<String ID="string_87" HPOS="201" VPOS="613" WIDTH="56" HEIGHT="21" WC="0.95" CONTENT="Från"/><SP WIDTH="23" VPOS="613" HPOS="257"/>
							<String ID="string_88" HPOS="280" VPOS="613" WIDTH="88" HEIGHT="21" WC="0.96" CONTENT="fondens"/><SP WIDTH="23" VPOS="613" HPOS="368"/>
							<String ID="string_89" HPOS="391" VPOS="614" WIDTH="100" HEIGHT="21" WC="0.95" CONTENT="bildande"/><SP WIDTH="24" VPOS="614" HPOS="491"/>
							<String ID="string_90" HPOS="515" VPOS="614" WIDTH="58" HEIGHT="21" WC="0.96" CONTENT="intill"/><SP WIDTH="16" VPOS="614" HPOS="573"/>
							<String ID="string_91" HPOS="589" VPOS="614" WIDTH="40" HEIGHT="21" WC="0.96" CONTENT="den"/><SP WIDTH="17" VPOS="614" HPOS="629"/>
							<String ID="string_92" HPOS="646" VPOS="615" WIDTH="10" HEIGHT="19" WC="0.96" CONTENT="1"/><SP WIDTH="22" VPOS="615" HPOS="656"/>
							<String ID="string_93" HPOS="678" VPOS="614" WIDTH="86" HEIGHT="27" WC="0.96" CONTENT="januari"/><SP WIDTH="17" VPOS="614" HPOS="764"/>
							<String ID="string_94" HPOS="781" VPOS="615" WIDTH="52" HEIGHT="21" WC="0.96" CONTENT="1891"/>
						</TextLine>
						<TextLine ID="line_12" HPOS="134" VPOS="646" WIDTH="614" HEIGHT="29">
							<String ID="string_95" HPOS="134" VPOS="646" WIDTH="48" HEIGHT="22" WC="0.96" CONTENT="från"/><SP WIDTH="15" VPOS="646" HPOS="182"/>
							<String ID="string_96" HPOS="197" VPOS="647" WIDTH="123" HEIGHT="21" WC="0.93" CONTENT="densamma"/><SP WIDTH="15" VPOS="647" HPOS="320"/>
							<String ID="string_97" HPOS="335" VPOS="647" WIDTH="96" HEIGHT="27" WC="0.91" CONTENT="utgifvits"/><SP WIDTH="16" VPOS="647" HPOS="431"/>
							<String ID="string_98" HPOS="447" VPOS="648" WIDTH="36" HEIGHT="21" WC="0.96" CONTENT="lån"/><SP WIDTH="16" VPOS="648" HPOS="483"/>
							<String ID="string_99" HPOS="499" VPOS="648" WIDTH="33" HEIGHT="21" WC="0.96" CONTENT="till"/><SP WIDTH="17" VPOS="648" HPOS="532"/>
							<String ID="string_100" HPOS="549" VPOS="648" WIDTH="94" HEIGHT="26" WC="0.96" CONTENT="följande"/><SP WIDTH="15" VPOS="648" HPOS="643"/>
							<String ID="string_101" HPOS="658" VPOS="648" WIDTH="90" HEIGHT="27" WC="0.96" CONTENT="belopp:"/>
						</TextLine>
					</TextBlock>
				</ComposedBlock>
				<ComposedBlock ID="cblock_6" HPOS="269" VPOS="704" WIDTH="476" HEIGHT="142">
					<TextBlock ID="block_6" HPOS="269" VPOS="704" WIDTH="476" HEIGHT="142">
						<TextLine ID="line_13" HPOS="269" VPOS="704" WIDTH="475" HEIGHT="34">
							<String ID="string_102" HPOS="269" VPOS="704" WIDTH="31" HEIGHT="27" WC="0.95" CONTENT="År"/><SP WIDTH="16" VPOS="704" HPOS="300"/>
							<String ID="string_103" HPOS="316" VPOS="711" WIDTH="78" HEIGHT="21" WC="0.94" CONTENT="1887"/><SP WIDTH="31" VPOS="711" HPOS="394"/>
							<String ID="string_104" HPOS="425" VPOS="727" WIDTH="5" HEIGHT="5" WC="0.26" CONTENT="ov"/><SP WIDTH="30" VPOS="727" HPOS="430"/>
							<String ID="string_105" HPOS="460" VPOS="727" WIDTH="75" HEIGHT="5" WC="0.24" CONTENT="on"/><SP WIDTH="69" VPOS="727" HPOS="535"/>
							<String ID="string_106" HPOS="604" VPOS="712" WIDTH="98" HEIGHT="26" WC="0.92" CONTENT="901,985:"/><SP WIDTH="18" VPOS="712" HPOS="702"/>
							<String ID="string_107" HPOS="720" VPOS="724" WIDTH="24" HEIGHT="2" WC="0.92" CONTENT="—"/>
						</TextLine>
						<TextLine ID="line_14" HPOS="278" VPOS="745" WIDTH="465" HEIGHT="27">
							<String ID="string_108" HPOS="278" VPOS="761" WIDTH="9" HEIGHT="10" WC="0.89" CONTENT="»"/><SP WIDTH="31" VPOS="761" HPOS="287"/>
							<String ID="string_109" HPOS="318" VPOS="745" WIDTH="74" HEIGHT="21" WC="0.91" CONTENT="1888."/><SP WIDTH="66" VPOS="745" HPOS="392"/>
							<String ID="string_110" HPOS="458" VPOS="760" WIDTH="5" HEIGHT="5" WC="0.34" CONTENT="0."/><SP WIDTH="68" VPOS="760" HPOS="463"/>
							<String ID="string_111" HPOS="531" VPOS="762" WIDTH="4" HEIGHT="4" WC="0.47" CONTENT="0."/><SP WIDTH="47" VPOS="762" HPOS="535"/>
							<String ID="string_112" HPOS="582" VPOS="746" WIDTH="120" HEIGHT="26" WC="0.43" CONTENT="1,054,875:"/><SP WIDTH="18" VPOS="746" HPOS="702"/>
							<String ID="string_113" HPOS="720" VPOS="758" WIDTH="23" HEIGHT="2" WC="0.92" CONTENT="—"/>
						</TextLine>
						<TextLine ID="line_15" HPOS="278" VPOS="780" WIDTH="464" HEIGHT="26">
							<String ID="string_114" HPOS="278" VPOS="796" WIDTH="8" HEIGHT="9" WC="0.89" CONTENT="»"/><SP WIDTH="28" VPOS="796" HPOS="286"/>
							<String ID="string_115" HPOS="314" VPOS="780" WIDTH="75" HEIGHT="20" WC="0.85" CONTENT="1889."/><SP WIDTH="31" VPOS="780" HPOS="389"/>
							<String ID="string_116" HPOS="420" VPOS="795" WIDTH="5" HEIGHT="5" WC="0.62" CONTENT="."/><SP WIDTH="30" VPOS="795" HPOS="425"/>
							<String ID="string_117" HPOS="455" VPOS="794" WIDTH="6" HEIGHT="6" WC="0.48" CONTENT="."/><SP WIDTH="31" VPOS="794" HPOS="461"/>
							<String ID="string_118" HPOS="492" VPOS="796" WIDTH="5" HEIGHT="4" WC="0.16" CONTENT="sv"/><SP WIDTH="32" VPOS="796" HPOS="497"/>
							<String ID="string_119" HPOS="529" VPOS="796" WIDTH="4" HEIGHT="4" WC="0.17" CONTENT="ov"/><SP WIDTH="49" VPOS="796" HPOS="533"/>
							<String ID="string_120" HPOS="582" VPOS="780" WIDTH="118" HEIGHT="26" WC="0.73" CONTENT="1,877,550:"/><SP WIDTH="19" VPOS="780" HPOS="700"/>
							<String ID="string_121" HPOS="719" VPOS="792" WIDTH="23" HEIGHT="2" WC="0.89" CONTENT="—"/>
						</TextLine>
						<TextLine ID="line_16" HPOS="278" VPOS="814" WIDTH="467" HEIGHT="32">
							<String ID="string_122" HPOS="278" VPOS="830" WIDTH="8" HEIGHT="10" WC="0.89" CONTENT="»"/><SP WIDTH="28" VPOS="830" HPOS="286"/>
							<String ID="string_123" HPOS="314" VPOS="814" WIDTH="76" HEIGHT="20" WC="0.79" CONTENT="1890."/><SP WIDTH="32" VPOS="814" HPOS="390"/>
							<String ID="string_124" HPOS="422" VPOS="802" WIDTH="12" HEIGHT="48" WC="0.28" CONTENT="="/><SP WIDTH="20" VPOS="802" HPOS="434"/>
							<String ID="string_125" HPOS="454" VPOS="830" WIDTH="16" HEIGHT="16" WC="0.58" CONTENT="."/><SP WIDTH="23" VPOS="830" HPOS="470"/>
							<String ID="string_126" HPOS="493" VPOS="829" WIDTH="4" HEIGHT="4" WC="0.45" CONTENT="="/><SP WIDTH="32" VPOS="829" HPOS="497"/>
							<String ID="string_127" HPOS="529" VPOS="830" WIDTH="5" HEIGHT="4" WC="0.76" CONTENT="."/><SP WIDTH="47" VPOS="830" HPOS="534"/>
							<String ID="string_128" HPOS="581" VPOS="814" WIDTH="119" HEIGHT="26" WC="0.40" CONTENT="1,243.400:"/><SP WIDTH="17" VPOS="814" HPOS="700"/>
							<String ID="string_129" HPOS="717" VPOS="826" WIDTH="28" HEIGHT="2" WC="0.92" CONTENT="—"/>
						</TextLine>
					</TextBlock>
				</ComposedBlock>
				<ComposedBlock ID="cblock_7" HPOS="451" VPOS="853" WIDTH="294" HEIGHT="27">
					<TextBlock ID="block_7" HPOS="451" VPOS="853" WIDTH="294" HEIGHT="27">
						<TextLine ID="line_17" HPOS="451" VPOS="853" WIDTH="294" HEIGHT="27">
							<String ID="string_130" HPOS="451" VPOS="853" WIDTH="88" HEIGHT="22" WC="0.89" CONTENT="Summa"/><SP WIDTH="15" VPOS="853" HPOS="539"/>
							<String ID="string_131" HPOS="554" VPOS="849" WIDTH="16" HEIGHT="35" WC="0.85" CONTENT="—"/><SP WIDTH="13" VPOS="849" HPOS="570"/>
							<String ID="string_132" HPOS="583" VPOS="855" WIDTH="121" HEIGHT="25" WC="0.86" CONTENT="5,077,310:"/><SP WIDTH="14" VPOS="855" HPOS="704"/>
							<String ID="string_133" HPOS="718" VPOS="867" WIDTH="27" HEIGHT="2" WC="0.93" CONTENT="—"/>
						</TextLine>
					</TextBlock>
				</ComposedBlock>
				<ComposedBlock ID="cblock_8" HPOS="133" VPOS="909" WIDTH="707" HEIGHT="62">
					<TextBlock ID="block_8" HPOS="133" VPOS="909" WIDTH="707" HEIGHT="62">
						<TextLine ID="line_18" HPOS="199" VPOS="909" WIDTH="641" HEIGHT="29">
							<String ID="string_134" HPOS="199" VPOS="909" WIDTH="81" HEIGHT="21" WC="0.96" CONTENT="Ultimo"/><SP WIDTH="17" VPOS="909" HPOS="280"/>
							<String ID="string_135" HPOS="297" VPOS="910" WIDTH="109" HEIGHT="21" WC="0.96" CONTENT="december"/><SP WIDTH="24" VPOS="910" HPOS="406"/>
							<String ID="string_136" HPOS="430" VPOS="911" WIDTH="54" HEIGHT="21" WC="0.93" CONTENT="1890"/><SP WIDTH="17" VPOS="911" HPOS="484"/>
							<String ID="string_137" HPOS="501" VPOS="911" WIDTH="54" HEIGHT="27" WC="0.91" CONTENT="egde"/><SP WIDTH="15" VPOS="911" HPOS="555"/>
							<String ID="string_138" HPOS="570" VPOS="911" WIDTH="79" HEIGHT="21" WC="0.92" CONTENT="fonden"/><SP WIDTH="15" VPOS="911" HPOS="649"/>
							<String ID="string_139" HPOS="664" VPOS="911" WIDTH="126" HEIGHT="21" WC="0.92" CONTENT="utestäende"/><SP WIDTH="14" VPOS="911" HPOS="790"/>
							<String ID="string_140" HPOS="804" VPOS="911" WIDTH="36" HEIGHT="21" WC="0.96" CONTENT="län"/>
						</TextLine>
						<TextLine ID="line_19" HPOS="133" VPOS="943" WIDTH="510" HEIGHT="28">
							<String ID="string_141" HPOS="133" VPOS="945" WIDTH="31" HEIGHT="19" WC="0.93" CONTENT="ett"/><SP WIDTH="15" VPOS="945" HPOS="164"/>
							<String ID="string_142" HPOS="179" VPOS="943" WIDTH="76" HEIGHT="27" WC="0.92" CONTENT="belopp"/><SP WIDTH="16" VPOS="943" HPOS="255"/>
							<String ID="string_143" HPOS="271" VPOS="943" WIDTH="23" HEIGHT="22" WC="0.93" CONTENT="af"/><SP WIDTH="17" VPOS="943" HPOS="294"/>
							<String ID="string_144" HPOS="311" VPOS="945" WIDTH="124" HEIGHT="25" WC="0.92" CONTENT="14,132,944"/><SP WIDTH="16" VPOS="945" HPOS="435"/>
							<String ID="string_145" HPOS="451" VPOS="945" WIDTH="62" HEIGHT="20" WC="0.96" CONTENT="mark"/><SP WIDTH="16" VPOS="945" HPOS="513"/>
							<String ID="string_146" HPOS="529" VPOS="946" WIDTH="25" HEIGHT="20" WC="0.96" CONTENT="61"/><SP WIDTH="17" VPOS="946" HPOS="554"/>
							<String ID="string_147" HPOS="571" VPOS="945" WIDTH="72" HEIGHT="26" WC="0.96" CONTENT="penni."/>
						</TextLine>
					</TextBlock>
				</ComposedBlock>
				<ComposedBlock ID="cblock_9" HPOS="856" VPOS="312" WIDTH="32" HEIGHT="20">
					<TextBlock ID="block_9" HPOS="856" VPOS="312" WIDTH="32" HEIGHT="20">
						<TextLine ID="line_20" HPOS="856" VPOS="312" WIDTH="32" HEIGHT="20">
							<String ID="string_148" HPOS="856" VPOS="312" WIDTH="32" HEIGHT="20" WC="0.91" CONTENT="23."/>
						</TextLine>
					</TextBlock>
				</ComposedBlock>
				<ComposedBlock ID="cblock_10" HPOS="850" VPOS="614" WIDTH="39" HEIGHT="21">
					<TextBlock ID="block_10" HPOS="850" VPOS="614" WIDTH="39" HEIGHT="21">
						<TextLine ID="line_21" HPOS="850" VPOS="614" WIDTH="39" HEIGHT="21">
							<String ID="string_149" HPOS="850" VPOS="614" WIDTH="39" HEIGHT="21" WC="0.96" CONTENT="har"/>
						</TextLine>
					</TextBlock>
				</ComposedBlock>
				<ComposedBlock ID="cblock_11" HPOS="855" VPOS="911" WIDTH="33" HEIGHT="21">
					<TextBlock ID="block_11" HPOS="855" VPOS="911" WIDTH="33" HEIGHT="21">
						<TextLine ID="line_22" HPOS="855" VPOS="911" WIDTH="33" HEIGHT="21">
							<String ID="string_150" HPOS="855" VPOS="911" WIDTH="33" HEIGHT="21" WC="0.94" CONTENT="till"/>
						</TextLine>
					</TextBlock>
				</ComposedBlock>
				<ComposedBlock ID="cblock_12" HPOS="133" VPOS="977" WIDTH="755" HEIGHT="64">
					<TextBlock ID="block_12" HPOS="133" VPOS="977" WIDTH="755" HEIGHT="64">
						<TextLine ID="line_23" HPOS="199" VPOS="977" WIDTH="689" HEIGHT="24">
							<String ID="string_151" HPOS="199" VPOS="977" WIDTH="42" HEIGHT="22" WC="0.91" CONTENT="För"/><SP WIDTH="21" VPOS="977" HPOS="241"/>
							<String ID="string_152" HPOS="262" VPOS="978" WIDTH="73" HEIGHT="21" WC="0.95" CONTENT="hvilka"/><SP WIDTH="18" VPOS="978" HPOS="335"/>
							<String ID="string_153" HPOS="353" VPOS="979" WIDTH="98" HEIGHT="21" WC="0.96" CONTENT="ändamål"/><SP WIDTH="23" VPOS="979" HPOS="451"/>
							<String ID="string_154" HPOS="474" VPOS="979" WIDTH="40" HEIGHT="21" WC="0.96" CONTENT="och"/><SP WIDTH="23" VPOS="979" HPOS="514"/>
							<String ID="string_155" HPOS="537" VPOS="979" WIDTH="34" HEIGHT="21" WC="0.93" CONTENT="till"/><SP WIDTH="23" VPOS="979" HPOS="571"/>
							<String ID="string_156" HPOS="594" VPOS="979" WIDTH="73" HEIGHT="21" WC="0.93" CONTENT="hvilka"/><SP WIDTH="15" VPOS="979" HPOS="667"/>
							<String ID="string_157" HPOS="682" VPOS="981" WIDTH="130" HEIGHT="20" WC="0.91" CONTENT="räntesatser"/><SP WIDTH="15" VPOS="981" HPOS="812"/>
							<String ID="string_158" HPOS="827" VPOS="979" WIDTH="61" HEIGHT="21" WC="0.96" CONTENT="dessa"/>
						</TextLine>
						<TextLine ID="line_24" HPOS="133" VPOS="1011" WIDTH="755" HEIGHT="30">
							<String ID="string_159" HPOS="133" VPOS="1011" WIDTH="35" HEIGHT="22" WC="0.93" CONTENT="län"/><SP WIDTH="15" VPOS="1011" HPOS="168"/>
							<String ID="string_160" HPOS="183" VPOS="1011" WIDTH="70" HEIGHT="22" WC="0.96" CONTENT="blifvit"/><SP WIDTH="15" VPOS="1011" HPOS="253"/>
							<String ID="string_161" HPOS="268" VPOS="1013" WIDTH="105" HEIGHT="27" WC="0.96" CONTENT="beviljade"/><SP WIDTH="15" VPOS="1013" HPOS="373"/>
							<String ID="string_162" HPOS="388" VPOS="1013" WIDTH="94" HEIGHT="28" WC="0.96" CONTENT="framgår"/><SP WIDTH="15" VPOS="1013" HPOS="482"/>
							<String ID="string_163" HPOS="497" VPOS="1013" WIDTH="25" HEIGHT="22" WC="0.96" CONTENT="af"/><SP WIDTH="19" VPOS="1013" HPOS="522"/>
							<String ID="string_164" HPOS="541" VPOS="1014" WIDTH="40" HEIGHT="21" WC="0.93" CONTENT="den"/><SP WIDTH="23" VPOS="1014" HPOS="581"/>
							<String ID="string_165" HPOS="604" VPOS="1014" WIDTH="146" HEIGHT="21" WC="0.96" CONTENT="betänkandet"/><SP WIDTH="22" VPOS="1014" HPOS="750"/>
							<String ID="string_166" HPOS="772" VPOS="1013" WIDTH="116" HEIGHT="28" WC="0.96" CONTENT="åtföljande"/>
						</TextLine>
					</TextBlock>
				</ComposedBlock>
				<ComposedBlock ID="cblock_13" HPOS="133" VPOS="1046" WIDTH="183" HEIGHT="27">
					<TextBlock ID="block_13" HPOS="133" VPOS="1046" WIDTH="183" HEIGHT="27">
						<TextLine ID="line_25" HPOS="133" VPOS="1046" WIDTH="183" HEIGHT="27">
							<String ID="string_167" HPOS="133" VPOS="1046" WIDTH="84" HEIGHT="27" WC="0.95" CONTENT="bilagan"/><SP WIDTH="15" VPOS="1046" HPOS="217"/>
							<String ID="string_168" HPOS="232" VPOS="1046" WIDTH="46" HEIGHT="21" WC="0.93" CONTENT="Litt"/><SP WIDTH="16" VPOS="1046" HPOS="278"/>
							<String ID="string_169" HPOS="294" VPOS="1046" WIDTH="22" HEIGHT="22" WC="0.91" CONTENT="C."/>
						</TextLine>
					</TextBlock>
				</ComposedBlock>
				<ComposedBlock ID="cblock_14" HPOS="200" VPOS="1080" WIDTH="688" HEIGHT="29">
					<TextBlock ID="block_14" HPOS="200" VPOS="1080" WIDTH="688" HEIGHT="29">
						<TextLine ID="line_26" HPOS="200" VPOS="1080" WIDTH="688" HEIGHT="29">
							<String ID="string_170" HPOS="200" VPOS="1080" WIDTH="60" HEIGHT="22" WC="0.96" CONTENT="Efter"/><SP WIDTH="16" VPOS="1080" HPOS="260"/>
							<String ID="string_171" HPOS="276" VPOS="1081" WIDTH="88" HEIGHT="21" WC="0.96" CONTENT="fondens"/><SP WIDTH="15" VPOS="1081" HPOS="364"/>
							<String ID="string_172" HPOS="379" VPOS="1082" WIDTH="100" HEIGHT="21" WC="0.96" CONTENT="bildande"/><SP WIDTH="16" VPOS="1082" HPOS="479"/>
							<String ID="string_173" HPOS="495" VPOS="1081" WIDTH="64" HEIGHT="22" WC="0.96" CONTENT="hafva"/><SP WIDTH="16" VPOS="1081" HPOS="559"/>
							<String ID="string_174" HPOS="575" VPOS="1088" WIDTH="26" HEIGHT="15" WC="0.96" CONTENT="ur"/><SP WIDTH="20" VPOS="1088" HPOS="601"/>
							<String ID="string_175" HPOS="621" VPOS="1082" WIDTH="124" HEIGHT="21" WC="0.96" CONTENT="densamma"/><SP WIDTH="22" VPOS="1082" HPOS="745"/>
							<String ID="string_176" HPOS="767" VPOS="1082" WIDTH="34" HEIGHT="21" WC="0.93" CONTENT="län"/><SP WIDTH="23" VPOS="1082" HPOS="801"/>
							<String ID="string_177" HPOS="824" VPOS="1081" WIDTH="64" HEIGHT="28" WC="0.92" CONTENT="utgif-"/>
						</TextLine>
					</TextBlock>
				</ComposedBlock>
				<ComposedBlock ID="cblock_15" HPOS="133" VPOS="1115" WIDTH="543" HEIGHT="129">
					<TextBlock ID="block_15" HPOS="133" VPOS="1115" WIDTH="543" HEIGHT="96">
						<TextLine ID="line_27" HPOS="133" VPOS="1115" WIDTH="320" HEIGHT="27">
							<String ID="string_178" HPOS="133" VPOS="1115" WIDTH="40" HEIGHT="21" WC="0.96" CONTENT="vits"/><SP WIDTH="16" VPOS="1115" HPOS="173"/>
							<String ID="string_179" HPOS="189" VPOS="1115" WIDTH="33" HEIGHT="21" WC="0.96" CONTENT="för"/><SP WIDTH="16" VPOS="1115" HPOS="222"/>
							<String ID="string_180" HPOS="238" VPOS="1115" WIDTH="93" HEIGHT="27" WC="0.96" CONTENT="följande"/><SP WIDTH="15" VPOS="1115" HPOS="331"/>
							<String ID="string_181" HPOS="346" VPOS="1116" WIDTH="107" HEIGHT="21" WC="0.96" CONTENT="ändamål:"/>
						</TextLine>
						<TextLine ID="line_28" HPOS="133" VPOS="1149" WIDTH="543" HEIGHT="28">
							<String ID="string_182" HPOS="133" VPOS="1149" WIDTH="40" HEIGHT="21" WC="0.96" CONTENT="Till"/><SP WIDTH="23" VPOS="1149" HPOS="173"/>
							<String ID="string_183" HPOS="196" VPOS="1149" WIDTH="99" HEIGHT="27" WC="0.96" CONTENT="kyrkliga"/><SP WIDTH="21" VPOS="1149" HPOS="295"/>
							<String ID="string_184" HPOS="316" VPOS="1149" WIDTH="148" HEIGHT="28" WC="0.95" CONTENT="församlingar"/><SP WIDTH="23" VPOS="1149" HPOS="464"/>
							<String ID="string_185" HPOS="487" VPOS="1150" WIDTH="40" HEIGHT="21" WC="0.96" CONTENT="och"/><SP WIDTH="23" VPOS="1150" HPOS="527"/>
							<String ID="string_186" HPOS="550" VPOS="1150" WIDTH="126" HEIGHT="21" WC="0.96" CONTENT="kommuner"/>
						</TextLine>
						<TextLine ID="line_29" HPOS="160" VPOS="1181" WIDTH="514" HEIGHT="63">
							<String ID="string_187" HPOS="160" VPOS="1183" WIDTH="33" HEIGHT="21" WC="0.92" CONTENT="för"/><SP WIDTH="22" VPOS="1183" HPOS="193"/>
							<String ID="string_188" HPOS="215" VPOS="1183" WIDTH="115" HEIGHT="22" WC="0.91" CONTENT="folkskole-"/><SP WIDTH="22" VPOS="1183" HPOS="330"/>
							<String ID="string_189" HPOS="352" VPOS="1184" WIDTH="40" HEIGHT="21" WC="0.96" CONTENT="och"/><SP WIDTH="22" VPOS="1184" HPOS="392"/>
							<String ID="string_190" HPOS="414" VPOS="1185" WIDTH="39" HEIGHT="20" WC="0.93" CONTENT="och"/><SP WIDTH="22" VPOS="1185" HPOS="453"/>
							<String ID="string_191" HPOS="475" VPOS="1181" WIDTH="199" HEIGHT="63" WC="0.0" CONTENT="SEEObygEnader,"/>
						</TextLine>
					</TextBlock>
				</ComposedBlock>
				<ComposedBlock ID="cblock_16" HPOS="132" VPOS="1217" WIDTH="713" HEIGHT="97">
					<TextBlock ID="block_16" HPOS="132" VPOS="1217" WIDTH="713" HEIGHT="92">
						<TextLine ID="line_30" HPOS="161" VPOS="1217" WIDTH="684" HEIGHT="28">
							<String ID="string_192" HPOS="161" VPOS="1217" WIDTH="141" HEIGHT="28" WC="0.92" CONTENT="fattiggårdar"/><SP WIDTH="10" VPOS="1217" HPOS="302"/>
							<String ID="string_193" HPOS="312" VPOS="1219" WIDTH="18" HEIGHT="26" WC="0.92" CONTENT="(*"/><SP WIDTH="16" VPOS="1219" HPOS="330"/>
							<String ID="string_194" HPOS="346" VPOS="1225" WIDTH="26" HEIGHT="14" WC="0.92" CONTENT="m."/><SP WIDTH="16" VPOS="1225" HPOS="372"/>
							<String ID="string_195" HPOS="388" VPOS="1225" WIDTH="28" HEIGHT="14" WC="0.89" CONTENT="m.."/><SP WIDTH="47" VPOS="1225" HPOS="416"/>
							<String ID="string_196" HPOS="463" VPOS="1235" WIDTH="4" HEIGHT="5" WC="0.90" CONTENT="."/><SP WIDTH="33" VPOS="1235" HPOS="467"/>
							<String ID="string_197" HPOS="500" VPOS="1234" WIDTH="4" HEIGHT="5" WC="0.91" CONTENT="."/><SP WIDTH="174" VPOS="1234" HPOS="504"/>
							<String ID="string_198" HPOS="678" VPOS="1235" WIDTH="4" HEIGHT="5" WC="0.48" CONTENT="&lt;"/><SP WIDTH="45" VPOS="1235" HPOS="682"/>
							<String ID="string_199" HPOS="727" VPOS="1219" WIDTH="118" HEIGHT="26" WC="0.62" CONTENT="—1,281,500:"/>
						</TextLine>
						<TextLine ID="line_31" HPOS="132" VPOS="1234" WIDTH="713" HEIGHT="50">
							<String ID="string_200" HPOS="132" VPOS="1247" WIDTH="104" HEIGHT="37" WC="0.95" CONTENT="Enskilda"/><SP WIDTH="14" VPOS="1247" HPOS="236"/>
							<String ID="string_201" HPOS="250" VPOS="1234" WIDTH="194" HEIGHT="46" WC="0.92" CONTENT="byggnadsföretag"/><SP WIDTH="19" VPOS="1234" HPOS="444"/>
							<String ID="string_202" HPOS="463" VPOS="1269" WIDTH="40" HEIGHT="5" WC="0.52" CONTENT="aa"/><SP WIDTH="32" VPOS="1269" HPOS="503"/>
							<String ID="string_203" HPOS="535" VPOS="1269" WIDTH="4" HEIGHT="5" WC="0.45" CONTENT="a"/><SP WIDTH="32" VPOS="1269" HPOS="539"/>
							<String ID="string_204" HPOS="571" VPOS="1269" WIDTH="75" HEIGHT="5" WC="0.18" CONTENT="ks»"/><SP WIDTH="32" VPOS="1269" HPOS="646"/>
							<String ID="string_205" HPOS="678" VPOS="1269" WIDTH="4" HEIGHT="5" WC="0.28" CONTENT="+"/><SP WIDTH="44" VPOS="1269" HPOS="682"/>
							<String ID="string_206" HPOS="726" VPOS="1255" WIDTH="119" HEIGHT="24" WC="0.65" CONTENT="1,094,300;"/>
						</TextLine>
						<TextLine ID="line_32" HPOS="132" VPOS="1286" WIDTH="713" HEIGHT="28">
							<String ID="string_207" HPOS="132" VPOS="1286" WIDTH="103" HEIGHT="21" WC="0.96" CONTENT="Fabriker"/><SP WIDTH="15" VPOS="1286" HPOS="235"/>
							<String ID="string_208" HPOS="250" VPOS="1287" WIDTH="40" HEIGHT="21" WC="0.96" CONTENT="och"/><SP WIDTH="15" VPOS="1287" HPOS="290"/>
							<String ID="string_209" HPOS="305" VPOS="1288" WIDTH="53" HEIGHT="21" WC="0.89" CONTENT="bruk"/><SP WIDTH="36" VPOS="1288" HPOS="358"/>
							<String ID="string_210" HPOS="394" VPOS="1305" WIDTH="3" HEIGHT="3" WC="0.17" CONTENT="=."/><SP WIDTH="32" VPOS="1305" HPOS="397"/>
							<String ID="string_211" HPOS="429" VPOS="1304" WIDTH="4" HEIGHT="4" WC="0.69" CONTENT="."/><SP WIDTH="31" VPOS="1304" HPOS="433"/>
							<String ID="string_212" HPOS="464" VPOS="1305" WIDTH="4" HEIGHT="4" WC="0.29" CONTENT="."/><SP WIDTH="33" VPOS="1305" HPOS="468"/>
							<String ID="string_213" HPOS="501" VPOS="1304" WIDTH="5" HEIGHT="5" WC="0.44" CONTENT="."/><SP WIDTH="31" VPOS="1304" HPOS="506"/>
							<String ID="string_214" HPOS="537" VPOS="1303" WIDTH="4" HEIGHT="6" WC="0.40" CONTENT="&lt;"/><SP WIDTH="32" VPOS="1303" HPOS="541"/>
							<String ID="string_215" HPOS="573" VPOS="1303" WIDTH="4" HEIGHT="5" WC="0.74" CONTENT="&lt;"/><SP WIDTH="32" VPOS="1303" HPOS="577"/>
							<String ID="string_216" HPOS="609" VPOS="1304" WIDTH="4" HEIGHT="4" WC="0.58" CONTENT="&lt;"/><SP WIDTH="31" VPOS="1304" HPOS="613"/>
							<String ID="string_217" HPOS="644" VPOS="1303" WIDTH="4" HEIGHT="5" WC="0.65" CONTENT="+"/><SP WIDTH="32" VPOS="1303" HPOS="648"/>
							<String ID="string_218" HPOS="680" VPOS="1304" WIDTH="4" HEIGHT="4" WC="0.42" CONTENT="&lt;"/><SP WIDTH="43" VPOS="1304" HPOS="684"/>
							<String ID="string_219" HPOS="727" VPOS="1288" WIDTH="118" HEIGHT="32" WC="0.60" CONTENT="1,220,550:"/>
						</TextLine>
					</TextBlock>
				</ComposedBlock>
				<GraphicalElement ID="cblock_17" HPOS="544" VPOS="1315" WIDTH="344" HEIGHT="4"></GraphicalElement >
				<ComposedBlock ID="cblock_18" HPOS="565" VPOS="1314" WIDTH="280" HEIGHT="46">
					<TextBlock ID="block_17" HPOS="565" VPOS="1314" WIDTH="280" HEIGHT="46">
						<TextLine ID="line_33" HPOS="565" VPOS="1314" WIDTH="280" HEIGHT="46">
							<String ID="string_220" HPOS="565" VPOS="1317" WIDTH="116" HEIGHT="38" WC="0.96" CONTENT="Transport"/><SP WIDTH="43" VPOS="1317" HPOS="681"/>
							<String ID="string_221" HPOS="724" VPOS="1329" WIDTH="20" HEIGHT="26" WC="0.96" CONTENT="3,"/><SP WIDTH="3" VPOS="1329" HPOS="744"/>
							<String ID="string_222" HPOS="747" VPOS="1314" WIDTH="47" HEIGHT="46" WC="0.96" CONTENT="596,"/><SP WIDTH="3" VPOS="1314" HPOS="794"/>
							<String ID="string_223" HPOS="797" VPOS="1325" WIDTH="48" HEIGHT="35" WC="0.96" CONTENT="350:"/>
						</TextLine>
					</TextBlock>
				</ComposedBlock>
				<ComposedBlock ID="cblock_19" HPOS="201" VPOS="1424" WIDTH="642" HEIGHT="23">
					<TextBlock ID="block_18" HPOS="201" VPOS="1424" WIDTH="642" HEIGHT="23">
						<TextLine ID="line_34" HPOS="201" VPOS="1424" WIDTH="642" HEIGHT="23">
							<String ID="string_224" HPOS="201" VPOS="1424" WIDTH="72" HEIGHT="17" WC="0.46" CONTENT="&quot;För"/><SP WIDTH="10" VPOS="1424" HPOS="273"/>
							<String ID="string_225" HPOS="283" VPOS="1424" WIDTH="113" HEIGHT="22" WC="0.91" CONTENT="fattiggärdar"/><SP WIDTH="8" VPOS="1424" HPOS="396"/>
							<String ID="string_226" HPOS="404" VPOS="1424" WIDTH="54" HEIGHT="17" WC="0.93" CONTENT="hafva"/><SP WIDTH="13" VPOS="1424" HPOS="458"/>
							<String ID="string_227" HPOS="471" VPOS="1425" WIDTH="80" HEIGHT="22" WC="0.90" CONTENT="utgifvits"/><SP WIDTH="13" VPOS="1425" HPOS="551"/>
							<String ID="string_228" HPOS="564" VPOS="1425" WIDTH="22" HEIGHT="16" WC="0.96" CONTENT="12"/><SP WIDTH="12" VPOS="1425" HPOS="586"/>
							<String ID="string_229" HPOS="598" VPOS="1425" WIDTH="29" HEIGHT="16" WC="0.96" CONTENT="län"/><SP WIDTH="12" VPOS="1425" HPOS="627"/>
							<String ID="string_230" HPOS="639" VPOS="1425" WIDTH="26" HEIGHT="17" WC="0.96" CONTENT="till"/><SP WIDTH="12" VPOS="1425" HPOS="665"/>
							<String ID="string_231" HPOS="677" VPOS="1426" WIDTH="25" HEIGHT="16" WC="0.93" CONTENT="ett"/><SP WIDTH="14" VPOS="1426" HPOS="702"/>
							<String ID="string_232" HPOS="716" VPOS="1425" WIDTH="127" HEIGHT="22" WC="0.80" CONTENT="sammanlagdt"/>
						</TextLine>
					</TextBlock>
				</ComposedBlock>
				<ComposedBlock ID="cblock_20" HPOS="856" VPOS="1424" WIDTH="29" HEIGHT="17">
					<TextBlock ID="block_19" HPOS="856" VPOS="1424" WIDTH="29" HEIGHT="17">
						<TextLine ID="line_35" HPOS="856" VPOS="1424" WIDTH="29" HEIGHT="17">
							<String ID="string_233" HPOS="856" VPOS="1424" WIDTH="29" HEIGHT="17" WC="0.91" CONTENT="be-"/>
						</TextLine>
					</TextBlock>
				</ComposedBlock>
				<ComposedBlock ID="cblock_21" HPOS="131" VPOS="1451" WIDTH="716" HEIGHT="25">
					<TextBlock ID="block_20" HPOS="131" VPOS="1451" WIDTH="716" HEIGHT="25">
						<TextLine ID="line_36" HPOS="131" VPOS="1451" WIDTH="716" HEIGHT="25">
							<String ID="string_234" HPOS="131" VPOS="1451" WIDTH="40" HEIGHT="23" WC="0.95" CONTENT="lopp"/><SP WIDTH="13" VPOS="1451" HPOS="171"/>
							<String ID="string_235" HPOS="184" VPOS="1452" WIDTH="19" HEIGHT="17" WC="0.93" CONTENT="af"/><SP WIDTH="12" VPOS="1452" HPOS="203"/>
							<String ID="string_236" HPOS="215" VPOS="1452" WIDTH="43" HEIGHT="17" WC="0.84" CONTENT="Fmk"/><SP WIDTH="12" VPOS="1452" HPOS="258"/>
							<String ID="string_237" HPOS="270" VPOS="1452" WIDTH="79" HEIGHT="23" WC="0.92" CONTENT="345,000."/><SP WIDTH="24" VPOS="1452" HPOS="349"/>
							<String ID="string_238" HPOS="373" VPOS="1452" WIDTH="60" HEIGHT="18" WC="0.96" CONTENT="Lånen"/><SP WIDTH="13" VPOS="1452" HPOS="433"/>
							<String ID="string_239" HPOS="446" VPOS="1453" WIDTH="67" HEIGHT="17" WC="0.95" CONTENT="variera"/><SP WIDTH="13" VPOS="1453" HPOS="513"/>
							<String ID="string_240" HPOS="526" VPOS="1453" WIDTH="65" HEIGHT="17" WC="0.93" CONTENT="mellan"/><SP WIDTH="12" VPOS="1453" HPOS="591"/>
							<String ID="string_241" HPOS="603" VPOS="1453" WIDTH="44" HEIGHT="17" WC="0.72" CONTENT="Fmk"/><SP WIDTH="13" VPOS="1453" HPOS="647"/>
							<String ID="string_242" HPOS="660" VPOS="1453" WIDTH="62" HEIGHT="23" WC="0.92" CONTENT="15,000"/><SP WIDTH="12" VPOS="1453" HPOS="722"/>
							<String ID="string_243" HPOS="734" VPOS="1453" WIDTH="32" HEIGHT="18" WC="0.93" CONTENT="och"/><SP WIDTH="14" VPOS="1453" HPOS="766"/>
							<String ID="string_244" HPOS="780" VPOS="1453" WIDTH="67" HEIGHT="22" WC="0.92" CONTENT="40,000."/>
						</TextLine>
					</TextBlock>
				</ComposedBlock>
				<ComposedBlock ID="cblock_22" HPOS="203" VPOS="1485" WIDTH="340" HEIGHT="20">
					<TextBlock ID="block_21" HPOS="203" VPOS="1485" WIDTH="340" HEIGHT="20">
						<TextLine ID="line_37" HPOS="203" VPOS="1485" WIDTH="340" HEIGHT="20">
							<String ID="string_245" HPOS="203" VPOS="1485" WIDTH="139" HEIGHT="18" WC="0.87" CONTENT="Statsutskottets"/><SP WIDTH="12" VPOS="1485" HPOS="342"/>
							<String ID="string_246" HPOS="354" VPOS="1486" WIDTH="109" HEIGHT="18" WC="0.96" CONTENT="betänkande"/><SP WIDTH="12" VPOS="1486" HPOS="463"/>
							<String ID="string_247" HPOS="475" VPOS="1487" WIDTH="38" HEIGHT="17" WC="0.96" CONTENT="N:o"/><SP WIDTH="13" VPOS="1487" HPOS="513"/>
							<String ID="string_248" HPOS="526" VPOS="1488" WIDTH="17" HEIGHT="17" WC="0.96" CONTENT="3."/>
						</TextLine>
					</TextBlock>
				</ComposedBlock>
				<GraphicalElement ID="cblock_23" HPOS="1073" VPOS="604" WIDTH="5" HEIGHT="1063"></GraphicalElement >
			</PrintSpace>
		</Page>
	</Layout>
</alto>
