1078 1692
837 152 27 20 39

138 214 60 26 gifna
212 214 114 19 understöd
341 214 39 20 hos
396 214 153 20 statskontoret
563 214 105 26 reqvirera
682 214 119 26 ersättning
815 222 24 12 ur
853 214 41 20 den

534 247 6 7 N

139 248 32 20 för
186 254 82 14 samma
282 247 24 20 är
321 248 105 26 upplupna
440 249 76 19 räntan
531 255 12 13 &
558 248 211 20 understödsfonden.

229 350 41 27 12.
305 350 81 26 Elias
405 349 148 27 Lönnrots
571 349 230 27 folkskolefond.

209 420 110 19 Professor
341 420 100 19 emeritus
463 418 136 20 Kanslirädet
615 419 57 19 Elias
688 419 100 23 Lönnrot,
803 426 46 14 som
864 420 32 19 af-

141 453 35 20 led
191 454 40 19 den
249 453 24 19 19
289 460 56 12 mars
363 453 61 23 1884,
445 453 38 19 har
505 460 78 19 genom
605 454 102 25 skriftligt
728 455 125 19 testamente
875 454 23 19 af

141 488 42 19 den
200 488 27 18 27
248 487 53 26 april
318 487 60 23 1882,
393 487 32 19 till
441 487 81 20 hvilket
537 487 42 20 han
595 488 40 18 den
650 487 13 20 8
682 488 7 18 i
709 488 120 25 förstsagde
851 486 45 21 mä-

141 522 42 19 nad
198 521 57 26 gjort
276 523 30 18 ett
326 522 82 25 tillägg,
427 522 108 19 förordnat
549 528 35 13 om
600 522 33 19 sin
648 520 169 27 kvarlätenskap,
833 522 63 19 bland

142 558 71 21 annat,
235 557 31 18 att
288 556 53 19 hans
366 555 221 27 ,kapitaltillsängar*
611 556 69 19 skulle
703 556 140 20 öfverlemnas
864 556 33 19 till

142 590 120 26 Kejserliga
277 590 91 19 Senaten
384 591 31 19 för
430 590 91 19 Finland
536 591 31 19 för
583 592 30 17 att
628 590 33 19 till
676 596 26 14 en
718 590 73 26 början
811 590 27 26 pä
857 590 40 20 för-

143 623 127 27 mänligaste
285 625 42 19 sätt
341 625 110 22 förräntas,
468 625 72 19 därvid
556 624 22 20 ät
592 624 54 20 hans
666 625 68 19 dotter
751 625 38 19 Ida
806 625 92 19 Lönnrot

143 658 66 20 under
223 658 81 20 hennes
319 658 66 20 lifstid
400 659 64 19 borde
479 658 105 20 utbetalas
600 665 26 13 en
642 665 83 13 summa
736 659 22 19 af
767 658 61 24 3,000
839 658 59 20 mark

143 699 35 13 om
193 691 53 25 året;
262 692 40 20 och
317 694 51 18 efter
383 692 37 20 Ida
435 693 104 19 Lönnrots
555 692 96 20 frånfälle
667 693 69 19 skulle
750 693 26 19 de
786 694 113 18 testamen-

143 727 72 19 terade
236 726 83 20 medlen
341 727 108 19 användas
474 727 46 23 ,till
541 727 119 19 inrättande
678 727 41 19 och
734 726 164 20 underhållande

144 761 23 19 af
187 767 26 13 en
234 759 144 27 finskspråkig
401 760 106 20 folkskola
529 761 32 19 för
582 761 74 19 flickor
674 761 7 19 i
697 760 111 20 Sammatti
823 760 75 26 kapell,

144 795 74 19 främst
231 795 32 19 för
278 794 69 20 elever
363 793 45 21 från
424 795 58 19 detta
497 794 70 26 kapell
582 795 41 19 och
638 794 46 20 från
699 795 106 25 Karislojo
820 795 80 19 moder-

144 828 199 26 kyrkoförsamling,
359 835 49 13 men
424 829 87 19 därnäst
525 830 68 22 äfven,
609 830 7 17 i
631 828 49 20 mån
696 830 24 18 af
737 831 111 24 utrymme,
869 829 31 19 för

144 863 52 19 barn
211 861 45 20 från
272 863 64 19 andra
356 863 159 25 närgränsande
534 863 169 25 församlingar".
733 863 70 19 Jämte
823 863 35 19 det
880 861 22 20 åt

145 896 119 26 Kejserliga
280 896 92 20 Senaten
388 897 61 19 äfven
465 897 150 19 öfverlemnats
631 899 30 17 att
677 897 117 20 bestämma
807 903 34 13 om
852 897 50 19 sko-

144 931 47 19 lans
207 931 145 25 organisation
366 931 41 19 och
422 931 136 26 förvaltning,
573 931 38 19 har
626 933 89 18 testator
730 933 58 18 utom
803 932 63 18 annat
882 931 19 24 ej

147 965 81 19 mindre
243 965 76 19 uttalat
335 967 43 21 ,,att
393 965 36 19 vid
444 965 76 20 skolan
535 964 35 20 må
589 965 88 20 beredas
700 965 46 20 icke
769 965 52 20 blott
843 965 59 19 kost-

145 999 80 19 nadsfri
240 999 158 26 undervisning,
415 1001 49 17 utan
479 1000 62 19 äfven
557 999 25 19 fri
601 999 76 20 bostad
699 999 40 20 och
762 999 43 19 fritt
827 999 76 19 under-

145 1032 44 21 håll
204 1039 66 13 unner
285 1033 173 20 läseterminerne
473 1032 22 21 åt
506 1033 45 20 åtta
561 1033 12 20 å
583 1033 30 20 tio
624 1033 76 26 fattiga
711 1033 104 23 skolbarn,
829 1033 75 19 främst

146 1066 46 20 från
215 1067 112 19 Sammatti
348 1067 91 26 kapell",
462 1068 28 19 än
513 1066 116 21 framhållit
651 1067 170 20 önskvärdheten
846 1067 60 19 deraf

148 1103 43 21 »att
207 1102 78 19 största
300 1101 89 26 möjliga
404 1101 188 26 uppmärksamhet
607 1101 35 19 vid
658 1101 75 20 skolan
749 1101 70 19 kunde
837 1107 67 19 egnas

146 1134 23 21 ät
190 1135 31 20 för
244 1135 106 26 allmogen
372 1135 103 26 lämpliga
497 1135 158 26 gvinnoslöjder
678 1135 41 20 och
740 1135 164 19 handarbeten*.

147 1169 78 20 Tillika
246 1169 38 20 har
306 1171 89 18 testator
415 1170 98 23 bestämt,
537 1171 30 18 att
587 1170 6 19 i
612 1170 37 19 fall
664 1170 114 19 omordade
793 1169 84 20 lifränta
893 1168 13 20 ä

147 1203 64 25 3,000
226 1204 60 19 mark
301 1203 69 20 blefve
385 1204 37 19 Ida
437 1204 94 19 Lönnrot
547 1203 131 20 annorlunda
701 1203 142 20 tillförsäkrad
865 1203 41 20 och

148 1237 47 19 fullt
209 1238 133 25 garanterad,
357 1238 57 25 finge
437 1238 129 19 donationen
588 1238 33 19 till
643 1237 82 20 förmän
748 1238 31 19 för
801 1236 105 27 ifrägava-

148 1271 65 19 rande
228 1272 106 19 folkskola
349 1273 76 24 genast
440 1272 110 19 användas
565 1271 32 20 till
613 1272 37 19 sitt
665 1272 88 19 afsedda
769 1270 105 21 ändamäl.

218 1305 70 20 Sedan
304 1306 140 19 omförmälda
457 1305 203 26 kapitaltillgängar,
676 1312 46 13 som
738 1306 35 19 vid
798 1304 109 21 Kanslirä-

149 1339 36 20 det
199 1339 104 20 Lönnrots
319 1339 97 20 frånfälle
430 1340 81 25 utgjort
527 1339 77 24 66,834
619 1340 59 19 mark
701 1340 27 19 42
751 1340 68 25 penni,
839 1339 68 26 jemte

150 1372 13 21 &
177 1373 48 20 dem
248 1374 117 19 emellertid
383 1374 107 26 upplupna
512 1375 70 18 räntor
604 1374 23 19 af
648 1374 157 22 statskontoret,
826 1373 81 20 hvilket

149 1407 121 26 Kejserliga
285 1407 93 20 Senaten
393 1408 42 19 den
450 1407 27 20 25
501 1408 90 19 februari
609 1407 53 20 1886
678 1407 94 20 anbefalt
786 1409 31 18 att
839 1409 68 18 emot-

149 1443 51 24 taga
215 1441 41 20 och
270 1441 118 20 tillsvidare
403 1442 91 19 förvalta
509 1442 64 19 dessa
587 1441 121 26 tillgängar,
724 1441 122 26 emottagits
866 1441 42 20 den
