1078 1692
467 242 12 26 s
495 241 33 21 22.

184 297 30 21 På
228 298 59 27 gjord
303 297 130 27 underdånig
448 298 98 20 anmälan
562 297 72 21 derom
649 298 31 20 att
692 297 178 21 Bankdirektören
878 285 95 54 Åsgärder
986 300 32 34 an-

118 331 95 28 Eneberg
231 332 76 21 utsetts
326 332 32 20 till
377 332 146 27 representant
540 331 31 21 för
587 331 174 21 Willmanstrand
776 331 46 21 stad
836 330 35 22 vid
881 319 142 43 Sörsombelena.

117 365 107 22 sisthållne
239 366 108 27 landtdag,
366 366 38 21 har
419 366 117 27 Kejserliga
552 366 91 21 Senaten
658 365 41 21 den
714 365 26 21 21
756 365 114 22 December

119 399 55 21 1887
193 400 84 27 beviljat
295 400 184 27 Bankdirektören|
493 400 97 27 Eneberg
609 399 157 27 tjenstledighet
784 400 31 21 för
829 400 41 20 den

118 433 37 26 tid,
163 433 42 21 han
220 434 82 21 komme
317 435 31 20 att
363 440 50 15 vara
428 434 22 21 af
463 434 204 27 landtdagsgöromål
682 434 112 27 upptagen,
809 434 61 21 hvar-

114 467 65 27 jemte
202 468 98 26 Senaten,
319 469 25 27 pä
362 468 203 28 Bankfullmäktiges
583 468 162 26 framställning,
764 468 106 21 förordnat

118 501 146 22 Sekreteraren
279 502 7 21 i
300 502 88 22 Banken
403 503 82 21 Wallén
501 504 31 20 att
547 502 117 22 emellertid
679 503 31 20 ett
724 502 146 22 direktörsem-

115 536 48 21 bete
177 536 8 20 i
199 536 87 22 Banken
301 537 125 21 handhafva.

184 570 46 22 Den
254 571 26 21 12
298 571 57 21 Mars
376 571 54 21 1890
448 572 102 26 beviljade
569 571 191 27 Bankfullmäktige
778 571 91 21 Bankdi-

119 604 96 21 rektören
233 604 136 29 Charpentier
387 606 32 20 för
437 612 47 15 resa
502 606 33 20 till
550 606 96 20 utlandet
662 605 155 27 tjenstledighet
831 612 38 14 un-

117 638 36 21 der
171 639 34 21 två
220 639 109 22 månaders
344 640 38 26 tid,
398 640 90 21 räknadt
503 640 46 21 från
565 640 40 21 den
621 640 27 20 20
664 639 124 27 derpåföljde
803 639 65 27 April,

118 673 55 20 samt
191 672 123 22 förordnade
334 673 146 22 Sekreteraren
495 674 83 21 Wallén
593 675 32 20 att
639 674 67 21 under
722 673 57 21 tiden
794 674 30 20 ett
838 674 30 20 di-

115 706 161 22 rektörsembete
292 708 7 20 i
314 708 87 20 Banken
416 708 82 21 förestå.

184 741 72 21 Under
271 742 202 21 Bankdirektörerne
489 742 147 28 Charpentiers
648 742 39 21 och
697 742 106 27 Enebergs
814 742 54 21 från-

115 780 48 16 varo
178 775 7 20 i
200 776 38 20 och
253 775 32 21 för
299 776 164 21 verkställandet
477 776 23 21 af
513 776 199 22 ofvanomförmälda
729 776 139 27 inspektioner

116 808 34 21 vid
169 810 101 21 särskilda
288 810 190 28 afdelningskontor
497 812 55 20 samt
567 811 76 21 medan
658 811 127 21 förbemälde
799 810 69 21 Bank-

119 842 113 22 direktörer
254 844 66 21 under
342 851 72 14 senare
433 844 81 21 hälften
533 845 23 21 af
571 845 59 27 April
649 845 77 21 månad
746 845 55 20 1889
812 844 56 21 varit

116 877 100 22 bortreste
232 878 33 21 till
279 879 77 25 Berlin,
373 879 31 20 för
418 879 103 26 ingående
537 879 23 21 af
572 879 134 27 preliminära
718 879 150 21 öfverenskom-

116 911 75 21 melser
210 912 106 27 angående
335 913 152 27 förmedlingen
507 913 24 21 af
542 913 67 21 finska
625 913 133 21 statsverkets
774 913 35 28 34
823 919 45 21 pro-

118 946 57 20 cents
201 946 199 27 konverteringslän,
426 947 68 26 hafva,
522 947 65 27 enligt
612 947 202 27 Bankfullmäktiges
837 946 31 21 för

115 979 70 27 hvarje
211 981 55 26 gäng
290 981 122 21 meddelade
438 981 161 26 förordnanden,
614 981 254 22 bankdirektörsembeten

116 1013 105 22 förestätts
243 1015 44 20 dels
306 1015 23 21 af
346 1015 147 22 Sekreteraren
512 1015 88 26 Wallén,
624 1015 44 22 dels
686 1015 23 21 af
724 1015 72 22 Förste
810 1015 58 21 kam-

115 1053 83 16 reraren
213 1048 90 22 Stenius.

183 1082 103 27 Föröfrigt
300 1083 62 21 hafva
376 1083 192 28 Bankfullmäktige
584 1084 79 27 årligen
676 1083 84 27 beviljat
769 1083 99 21 medlem-

115 1122 72 15 marne
202 1116 7 20 i
224 1116 134 23 Direktionen
374 1118 199 27 semesterledighet,
590 1125 26 14 en
631 1119 51 20 hvar
696 1117 66 22 under
778 1123 35 16 sex
822 1123 46 15 vec-

116 1149 42 26 kor,
179 1151 54 20 samt
251 1151 106 22 förordnat
376 1159 33 14 om
428 1152 224 21 direktörsembetenas
671 1152 139 25 bestridande,
825 1158 43 14 me-

116 1183 41 21 dan
173 1184 135 22 förenämnde
323 1186 93 27 ledighet
430 1186 139 27 begagnades.

465 1266 12 27 s
491 1266 35 21 23.

185 1321 68 21 Sedan
276 1322 290 27 bankkommissarietjensten
586 1323 35 21 vid
639 1324 95 21 kontoret
752 1324 7 20 i
778 1323 31 22 S:t
831 1323 38 21 Pe-
882 1315 90 28 Ätgärder
984 1325 34 12 an-

116 1355 96 27 tersburg
227 1361 75 21 genom
317 1356 54 21 förre
386 1357 157 26 innehafvaren,
554 1357 179 22 Bankdirektören
743 1358 23 20 A.
777 1358 20 21 J.
807 1357 63 26 Neig-
880 1339 66 49 Joona
965 1339 54 49 Pane

114 1389 51 21 licks
181 1389 40 21 den
238 1389 26 21 18
279 1390 87 21 Januari
383 1391 54 20 1888
452 1391 80 21 timade
547 1391 41 21 död
604 1391 66 21 blifvit
685 1391 61 27 ledig,
758 1390 111 29 uppfördes
900 1389 104 23 =tensterna.

116 1422 23 21 af
152 1423 190 22 Bankdirektionen
356 1425 26 27 pä
397 1425 36 20 det
448 1425 144 27 underdäniga
607 1425 101 27 förslaget
722 1425 32 21 till
769 1425 100 27 tjenstens

115 1456 167 23 Aterbesättande
306 1459 7 20 i
335 1459 65 20 första
422 1460 91 20 rummet
536 1459 164 22 Kommissarien
720 1459 34 21 vid
772 1459 97 21 Bankens
