1078 1692
809 131 26 21 73

462 198 12 26 8
489 198 34 20 36.

189 236 41 21 För
249 236 93 22 bankens
358 238 77 25 vexlar,
451 238 135 26 anvisningar
601 237 38 21 och
654 236 59 22 bevis
729 236 59 21 öfver
802 236 62 26 depo-

122 270 77 21 nerade
218 271 67 21 medel
301 271 52 21 eller
367 273 85 20 nedsatt
467 272 52 26 gods
534 272 68 26 gäller
617 271 46 21 icke
679 271 40 21 den
734 270 34 21 för
782 270 83 26 vanliga

122 304 161 28 förskrifningar
298 306 101 26 stadgade
414 306 193 26 preskriptionstid.

190 339 41 21 Till
248 339 70 21 förvar
333 340 85 21 nedsatt
431 340 54 26 gods
499 340 42 21 kan
555 340 72 26 likväl,
643 346 33 14 om
692 339 112 27 anledning
820 339 46 20 der-

122 373 33 21 till
173 373 146 27 förekommer,
335 374 22 20 af
373 374 82 22 banken
475 374 32 21 till
523 374 112 26 uttagning
649 375 112 25 uppsägas.
790 373 11 21 I
815 373 51 21 hän-

123 407 58 21 delse
199 408 79 26 inlaget
294 408 81 21 ändock
389 408 47 22 icke
452 410 90 25 uttages,
559 415 50 20 eger
624 408 134 21 direktionen
772 414 37 15 sex
823 407 43 21 må-

123 441 65 22 nader
210 442 54 21 efter
286 442 36 22 det
342 443 115 21 insättaren
477 443 53 21 eller
547 443 53 21 hans
618 442 191 22 rättsinnehafvare
827 442 39 20 fått

123 476 88 26 bevislig
234 476 34 21 del
290 476 23 22 af
330 477 143 21 direktionens
491 478 71 20 beslut
580 478 53 20 eller
649 477 129 27 kungörelse
796 476 70 21 derom

123 510 55 21 varit
192 510 7 21 i
214 510 82 22 landets
312 510 97 22 officiella
424 511 108 27 tidningar
546 514 32 19 tre
593 512 80 26 gånger
688 511 77 26 införd,
780 510 85 22 dermed

124 545 85 27 vidtaga
224 545 40 21 den
279 546 81 26 åtgärd,
376 552 44 15 som
436 546 41 21 kan
493 546 23 22 af
529 546 161 22 förhållandena
704 546 102 27 påkallas.

465 609 11 27 8
492 610 33 20 37.

193 648 97 22 Bankens
304 649 75 21 kurser
394 649 61 21 skola
469 649 70 21 hållas
554 649 101 27 anslagna
670 649 28 27 på
708 648 99 27 lämpliga
817 648 51 21 stäl-

125 683 34 21 len
174 683 58 21 såväl
247 683 7 21 i
268 683 181 21 hufvudkontoret
463 689 44 15 som
524 684 7 20 i
541 683 223 27 afdelningskontoren
774 684 54 20 samt
838 682 30 21 of-

125 716 137 28 fentliggöras
276 718 7 20 i
298 718 82 21 landets
396 718 100 21 officiella
511 718 113 26 tidningar.

192 752 138 26 Kungörelse,
349 758 44 15 som
415 752 23 21 af
455 752 82 21 banken
556 752 102 25 utfärdas,
678 752 38 21 bör
732 751 85 27 jemväl,
835 751 33 21 för

125 786 32 20 att
172 792 39 20 ega
225 786 86 24 vitsord,
326 786 79 22 införas
420 787 7 20 i
442 786 84 22 landets
541 786 99 22 officiella
655 786 112 26 tidningar.

467 849 11 27 8
494 849 34 22 38.

194 889 78 26 Qvitto,
282 889 107 22 utfärdadt
404 889 23 22 af
440 890 76 21 kassör
528 889 58 22 öfver
595 889 131 27 inbetalning
736 889 33 21 till
779 888 89 26 banken,

125 923 68 26 gäller
207 923 46 21 icke
268 924 7 20 i
290 924 39 21 och
344 926 43 19 mot
402 923 89 27 banken,
503 930 33 15 om
553 925 36 20 det
603 924 46 21 icke
664 924 70 21 blifvit
747 923 39 21 hos
796 923 73 21 veder-

126 957 92 22 börande
237 958 120 21 kamrerare
376 959 53 20 eller
447 958 203 22 bankkommissarie
667 958 113 27 uppvisadt
795 957 37 22 och
848 957 22 21 af

125 991 77 22 honom
227 993 132 26 pätecknadt,
382 993 86 21 hvarom
495 993 70 27 tryckt
590 992 202 27 tillkännagifvande
813 991 55 22 skall

126 1026 49 27 ingä
190 1026 6 21 i
212 1027 26 20 de
252 1027 122 26 gvittenser,
390 1033 45 15 som
451 1027 23 21 af
487 1027 75 21 kassör
577 1027 116 21 meddelas.

434 1125 63 34 Kap.
515 1125 42 27 IV.

274 1177 35 22 Om
325 1176 82 23 värden
422 1177 25 22 af
462 1177 97 22 bankens
573 1177 152 22 redbarheter.

467 1223 11 28 8
493 1223 34 22 39.

192 1262 85 22 Enhvar
292 1263 23 21 af
328 1263 125 21 kassörerne
469 1264 6 20 i
492 1263 82 21 banken
590 1263 88 21 innehar
693 1263 66 20 under
774 1262 32 21 sin
817 1262 53 21 värd

125 1302 26 15 en
173 1296 90 21 särskild
285 1297 127 26 handkassa,
431 1297 62 21 hvars
515 1297 77 27 högsta
615 1297 75 27 belopp
714 1297 116 21 fastställes
849 1295 23 22 af

125 1329 195 28 bankfullmäktige,
336 1332 26 26 pä
378 1331 145 22 direktionens
538 1331 164 27 framställning.

193 1364 95 22 Bankens
311 1365 67 27 öfriga
400 1365 72 22 förråd
495 1365 22 22 af
538 1366 50 26 guld
613 1366 37 21 och
674 1366 80 25 silfver,
778 1364 93 27 myntadt

125 1399 39 22 och
179 1400 115 26 omyntadt,
309 1400 146 27 kopparmynt,
468 1401 77 25 sedlar,
557 1402 133 25 statspapper
706 1400 39 21 och
761 1398 109 26 obligatio-

125 1439 37 16 ner
184 1433 33 22 stä
239 1434 66 21 under
327 1434 158 21 vederbörande
508 1435 86 20 kassörs
616 1435 49 20 värd
685 1434 38 21 och
742 1433 71 26 tillsyn
832 1432 38 31 och

125 1467 95 22 förvaras
242 1468 6 21 i
271 1468 107 21 brandfria
400 1468 65 27 hvalf,
483 1469 32 20 till
539 1469 72 21 hvilka
632 1469 75 20 liksom
730 1467 32 22 till
783 1466 25 21 de
826 1466 45 21 deri
