1078 1692
225 144 28 20 46

196 200 38 21 har
248 199 158 27 ifrågavarande
420 200 73 21 kontor
505 200 108 21 föreståtts
625 199 22 21 af
656 199 118 21 dåvarande
787 199 105 22 Kassören
904 200 47 21 der-

196 234 70 21 städes
281 234 53 21 Karl
348 234 68 21 Johan
433 229 111 26 Åkerman.

266 268 40 21 Till
320 268 167 21 återbesättande
503 268 23 21 af
539 268 40 21 den
591 274 74 21 genom
676 268 138 21 förenämnda
825 269 125 27 utnämning

195 302 123 27 ledigblifna
335 302 290 27 bankkommissarietjensten
643 302 35 21 vid
695 302 101 21 Finlands
815 302 70 22 Banks
900 302 50 21 kon-

195 338 33 20 tor
246 337 8 20 i
272 336 100 26 Joensuu,
391 337 79 21 hvilket
487 337 74 21 kontor
580 342 75 21 genom
674 336 40 21 den
734 336 117 21 emellertid
866 342 84 16 emane-

195 371 49 21 rade
264 370 76 27 nådiga
357 370 147 28 förordningen
524 371 23 21 af
559 371 41 21 den
615 371 28 21 28
657 370 41 27 Maj
716 370 56 22 1889
786 371 69 21 blifvit
869 371 13 21 å
896 370 54 22 ordi-

194 405 58 21 narie
272 406 42 20 stat
334 405 103 27 uppfördt,
455 405 136 27 upprättades
607 404 24 22 af
643 404 190 22 Bankdirektionen
848 405 102 21 underdå-

194 440 47 26 nigt
259 439 84 27 förslag,
361 439 132 27 upptagande
511 440 7 20 i
537 439 66 21 första
617 440 91 20 rummet
723 439 159 21 Bankkassören
897 440 52 20 Karl

194 474 71 21 Johan
279 468 111 32 Åkerman,
406 474 7 20 i
428 474 65 20 andra
508 474 93 20 rummet
615 473 160 21 Bankkassören
786 473 70 21 Johan
864 473 84 21 Edvard

195 508 114 20 Rehnbäck
324 508 38 20 och
377 508 7 20 i
399 508 65 27 tredje
479 509 92 20 rummet
585 508 161 21 Bankkassören
761 508 48 20 Ivar
824 508 65 21 Oskar
901 508 48 21 Pet-

194 543 32 19 ter
248 542 81 20 Ruotzi.
361 542 29 20 Af
405 542 94 21 bemälde
518 542 91 21 sökande
627 542 108 21 förordade
756 542 192 27 Bankfullmäktige

194 576 31 20 uti
243 576 131 26 underdånig
392 576 105 21 skrifvelse
515 576 32 21 för
565 576 41 21 den
627 576 25 21 12
670 576 91 27 Augusti
778 576 54 21 1889
849 576 31 21 till
896 576 52 27 tjen-

194 610 57 20 stens
271 610 118 20 erhållande
408 610 159 21 Bankkassören
585 605 110 30 Åkerman,
714 616 46 15 som
772 610 77 27 jemväl
864 610 41 21 den
920 611 26 21 21

193 644 8 20 i
220 650 81 15 samma
318 644 76 21 månad
412 644 45 21 blef
474 644 103 21 utnämnd
594 645 33 20 till
645 644 199 22 bankkommissarie
863 644 7 21 i
885 645 63 21 Joen-

195 685 44 14 suu.
270 678 72 22 Under
363 678 136 22 förenämnda
521 679 94 27 ledighet
636 679 38 21 och
697 678 61 22 äfven
782 679 88 21 derefter
891 679 56 21 intill

194 712 41 21 den
255 712 26 22 16
301 712 127 28 September,
446 713 76 21 medan
540 707 105 27 Åkerman
664 712 66 27 åtnjöt
744 712 156 28 tjenstledighet
915 713 32 21 för

193 746 106 28 flyttning,
318 747 38 21 har
374 747 96 21 kontoret
487 747 8 20 i
513 747 94 21 Joensuu
626 747 106 21 föreståtts
751 746 23 21 af
786 747 161 21 Bankkassören

194 781 80 21 Ruotzi.

264 815 69 21 Sedan
352 816 72 26 nådigt
442 816 94 20 tillstånd
555 815 93 21 erhållits
664 816 31 20 att
709 815 8 21 i
732 815 69 21 Kotka
816 816 46 20 stad
878 816 39 20 den
936 816 9 20 1

193 849 45 20 Juli
265 849 57 21 1890
348 851 68 26 öppna
441 850 30 20 ett
496 849 134 28 provisionelt
651 849 101 20 Finlands
774 849 71 21 Banks
867 849 79 24 kontor,

193 883 63 21 hafva
270 883 198 27 Bankfullmäktige,
483 883 27 28 på
522 883 86 27 afgifvet
622 883 78 26 förslag
716 883 22 20 af
751 883 195 26 Bankdirektionen,

193 917 31 21 uti
242 917 130 27 underdånig
391 917 105 21 skrifvelse
515 917 32 21 för
562 917 41 21 den
617 917 14 22 5
646 917 178 27 derförutgångna
838 917 56 21 Mars
909 918 38 20 hos

193 951 117 27 Kejserliga
330 951 91 21 Senaten
438 951 100 21 hemstält
553 952 32 20 att
600 951 33 21 till
647 951 143 21 kommissarie
806 951 34 21 vid
856 951 91 21 nämnda

193 985 73 21 kontor
284 985 64 21 måtte
368 985 106 21 förordnas
493 983 62 23 Äldre
571 985 133 21 bokhällaren
719 985 8 20 i
741 985 88 21 Banken
853 985 94 21 Filosofie

192 1019 95 21 Doktorn
309 1019 55 21 Emil
382 1019 48 21 Ivar
448 1019 97 26 Grönvik,
564 1019 84 21 hvilken
667 1019 155 28 framställning
834 1019 78 27 jemväl
928 1019 22 21 af

194 1053 92 21 Senaten
302 1053 41 21 den
360 1053 26 22 19
401 1054 7 20 i
423 1054 111 27 nästsagde
549 1054 77 21 månad
641 1053 75 21 bifölls.

262 1087 11 21 I
296 1087 112 27 anledning
426 1088 23 21 af
465 1087 201 28 Bankfullmäktiges
685 1087 32 21 uti
735 1087 131 27 underdånig
888 1087 59 21 skrif-

192 1121 56 21 velse
271 1121 32 21 för
322 1121 40 21 den
381 1122 13 21 2
413 1122 114 21 December
548 1122 55 21 1887
623 1122 71 27 gjorda
712 1121 98 21 anmälan
822 1121 77 26 derom,
916 1122 31 20 att

192 1155 118 22 dåvarande
328 1155 218 22 Bankkommissarien
566 1156 35 21 vid
615 1156 95 21 kontoret
726 1155 6 21 i
747 1155 131 22 Nikolaistad
892 1155 56 21 Emil

192 1189 146 27 Schybergson
360 1191 76 20 utsetts
459 1191 31 20 att
512 1196 49 15 vara
583 1191 145 26 representant
746 1189 32 21 för
796 1190 82 20 Ekenäs
901 1190 47 21 stad

191 1223 34 20 vid
250 1223 108 22 sisthållne
383 1224 106 27 landtdag,
515 1224 38 21 har
577 1224 117 27 Kejserliga
713 1223 91 22 Senaten
823 1223 41 21 den
888 1223 26 21 21
940 1224 7 20 i

191 1257 63 27 sagde
281 1257 77 21 månad
379 1258 89 27 'beviljat
494 1257 145 28 Schybergson
665 1257 158 28 tjenstledighet
848 1257 32 21 för
907 1258 39 21 den

190 1291 38 26 tid,
244 1291 43 21 han
302 1291 82 22 komme
401 1293 31 20 att
446 1299 49 14 vara
512 1292 23 21 af
542 1292 207 27 landtdagsgöromäl
761 1292 113 27 upptagen,
886 1293 60 25 samt,

190 1325 27 27 pä
235 1325 203 28 Bankfullmäktiges
457 1326 162 27 framställning,
635 1326 67 21 tillika
719 1326 106 21 förordnat
840 1326 107 21 Bankkas-

191 1360 62 20 sören
271 1354 106 27 Äkerman
396 1361 32 20 att
445 1360 66 21 under
530 1360 156 27 ifrägavarande
707 1360 31 21 tid
753 1360 95 21 kontoret
863 1359 7 21 i
884 1360 65 20 Niko-

190 1393 77 21 laistad
289 1394 83 21 förestä.
405 1394 77 21 Medan
504 1395 219 20 Bankkommissarien
747 1394 145 27 Schybergson
916 1399 31 15 se-

191 1427 96 21 dermera
304 1428 68 21 under
390 1428 44 21 Juli
452 1429 38 21 och
509 1429 91 26 Augusti
614 1429 100 20 mänader
731 1428 55 21 1888
801 1428 54 21 varit
870 1427 78 21 förord-

190 1461 42 20 nad
251 1462 32 20 att
302 1462 92 21 bestrida
412 1463 40 20 den
472 1463 26 21 dä
512 1463 70 26 lediga
596 1463 236 26 kommissarietjensten
847 1461 35 22 vid
896 1462 50 20 kon-
