1078 1692
209 144 31 24 50

191 212 103 24 sålunda
320 214 36 22 att
382 213 87 25 osäkra
495 214 138 32 fordringar
655 214 115 32 uppföras
788 214 76 25 under
881 215 65 24 skild

189 246 107 32 räkning
314 247 43 24 och
374 247 52 25 icke
444 248 9 23 i
471 248 113 24 behållna
601 248 118 32 kapitalet
736 248 156 32 inberäknas;

259 280 21 32 e)
299 280 114 26 Bankens
439 282 141 32 fastighets-
604 283 43 24 och
669 283 277 32 inventarieräkningar,

189 316 32 30 på
238 315 88 25 hvilka
343 318 92 22 remont
453 317 43 24 och
513 317 273 25 underhållskostnader
802 318 75 24 under
895 320 51 22 året

189 350 115 31 uppförts,
322 350 59 32 ingå
398 351 8 23 i
424 351 120 25 bokslutet
561 352 53 24 med
632 352 150 32 afskrifning
800 352 25 24 af
843 352 37 24 det
891 360 53 24 pro-

189 384 137 32 centbelopp
353 384 168 34 Fullmäktige,
548 388 31 30 på
601 386 171 25 Direktionens
791 386 96 33 förslag,
905 387 39 24 be-

189 420 115 30 stämma;

257 452 20 32 f)
296 453 78 33 öfriga
391 454 134 32 tillgångar
543 457 119 30 upptagas
680 455 41 24 till
738 455 69 24 deras
821 456 69 23 värde
904 464 40 16 en-

188 487 47 32 ligt
252 487 52 24 bok.

257 522 115 24 Bankens
390 523 99 31 passiva
507 525 120 30 upptagas
646 523 9 24 i
673 523 105 31 följande
797 524 113 32 ordning:

258 556 24 31 a)
300 556 139 32 utelöpande
458 557 79 24 sedlar
555 558 44 23 och
617 557 158 33 invisningar
796 560 62 22 samt
875 558 70 24 inne-

189 590 97 24 stående
304 591 176 33 insättningar;

256 624 24 32 b)
300 625 78 33 öfriga
396 626 104 30 skulder,
518 634 51 16 som
587 626 85 24 kunna
688 626 143 32 förefinnas;

257 660 22 30 c)
298 660 166 32 grundfonden
481 660 40 24 till
540 660 53 25 dess
612 661 9 23 i
640 661 15 24 3
674 662 14 29 8
707 661 123 24 bestämda
848 660 95 32 belopp;

256 693 24 31 d)
298 694 175 32 reservfonden,
499 695 76 23 under
597 695 107 31 hvilken,
723 697 65 22 utom
806 696 37 23 det
860 695 85 32 belopp

187 727 45 24 den
251 728 77 32 enligt
346 729 15 24 3
380 730 14 29 8
413 729 40 24 bör
471 731 92 30 utgöra,
581 730 141 32 fastighets-
742 730 43 24 och
797 730 147 24 inventarie-

187 762 179 32 räkningarnes
385 771 105 16 summor
508 764 108 31 påföras;

256 796 22 32 e)
302 798 79 24 såsom
408 798 167 32 odisponerade
602 798 144 24 vinstmedel
767 800 118 30 upptagas
904 800 40 22 sä-

187 830 63 24 dana
261 839 9 11 »
276 831 113 32 möjligen
414 832 153 24 innestående
595 833 132 23 öfverskott
754 832 25 24 af
805 832 139 32 föregående

187 865 142 31 ärsvinster,
347 866 100 23 hvarom
465 866 10 23 i
493 867 15 24 3
528 867 13 30 8
561 867 161 31 omförmäles;
747 869 62 22 samt
827 866 117 33 slutligen

256 899 20 31 f)
296 901 63 23 årets
377 900 73 25 vinst.

255 933 35 24 De
309 934 179 33 afskrifningar
506 937 63 22 samt
582 935 176 32 öfverföringar
771 935 74 24 under
857 935 88 24 osäkra

186 967 152 33 fordringars
356 969 112 32 räkning,
485 969 103 24 hvartill
607 969 226 32 Bankfullmäktige
849 969 95 31 jemlikt

187 1002 32 23 56
238 1002 44 24 och
302 1003 32 24 74
352 1004 30 29 8&
401 1003 84 24 kunna
503 1003 118 32 förordna,
639 1004 96 31 påföras
748 1004 138 23 årsvinsten
899 1011 43 16 an-

186 1036 85 32 tingen
290 1037 90 24 direkte
399 1038 9 23 i
426 1038 78 24 vinst-
525 1038 44 24 och
586 1038 226 32 förlusträkningen
830 1038 58 24 eller
902 1045 40 24 ge-

186 1078 55 16 nom
260 1073 36 22 att
319 1071 87 24 främst
433 1072 113 32 afdragas
565 1073 56 23 från
639 1073 37 24 det
693 1072 159 32 vinstbelopp,
869 1072 75 24 rörel-

187 1112 42 16 sen
248 1105 37 24 för
303 1107 51 22 året
371 1106 95 25 lemnat.

238 1213 44 24 Om
301 1213 89 24 vården
408 1213 31 31 af
453 1214 114 24 Bankens
585 1214 150 24 redbarheter
752 1215 63 22 samt
832 1214 66 23 redo-

322 1247 122 32 visningen
463 1249 39 23 och
521 1249 178 30 ansvarigheten
718 1247 88 32 derför.

504 1318 14 29 8
539 1317 54 24 107.

253 1366 73 24 Hvad
352 1367 117 25 Finlands
496 1367 72 25 Bank
594 1371 56 29 äger
677 1368 9 24 i
706 1367 60 33 guld
789 1368 43 24 och
850 1367 92 31 silfver,

184 1401 111 30 myntadt
322 1401 44 24 och
384 1402 129 31 omyntadt,
531 1402 168 32 kopparmynt,
717 1402 85 31 sedlar,
821 1404 120 29 statspap-

183 1442 42 24 per
244 1435 43 24 och
308 1435 163 32 obligationer,
499 1436 70 31 skall,
588 1438 27 23 så
634 1437 51 24 vidt
703 1437 39 24 det
759 1437 52 24 icke
830 1436 112 25 behöfves
