1078 1692
237 132 13 22 6

210 195 65 21 skulle
290 195 31 21 till
335 195 79 21 hälften
429 195 106 28 öfvertaga
549 196 41 21 den
604 196 80 25 förlust,
694 202 46 14 som
750 196 122 27 uppkomme
883 202 74 21 genom

210 229 154 28 nedsmältning
378 230 38 20 och
430 230 121 28 försäljning
567 230 22 21 af
603 230 39 21 den
657 230 32 20 för
703 230 93 22 rörelsen
810 230 100 27 obehöflig
922 237 35 14 an-

211 263 63 21 sedda
289 264 60 20 delen
364 264 123 28 skiljemynt,
501 264 52 22 dock
570 264 48 21 med
634 264 63 21 vilkor
713 264 31 21 att
759 264 47 21 hela
820 264 137 22 nästnämnda

210 298 80 28 belopp,
306 298 78 22 hvilket
402 298 22 22 af
439 300 26 20 K.
485 299 92 21 Senaten
596 299 148 27 uppskattades
763 299 33 21 till
809 298 42 22 fem
864 298 94 27 miljoner

211 333 64 25 mark,
293 333 65 21 skulle
378 333 125 22 nedsmältas
521 334 32 20 för
572 334 31 20 att
618 333 95 25 derefter,
735 333 3 21 i
757 333 39 21 den
814 333 48 21 mån
880 332 37 22 och
932 333 26 27 på

212 367 40 21 den
267 367 31 21 tid
312 367 188 28 Bankfullmäktige
515 368 70 21 kunde
600 368 56 20 finna
670 368 103 26 lämpligt,
781 368 112 20 realiseras.
916 366 42 22 Det

211 401 7 21 i
236 401 129 21 förestående
384 402 63 22 måtto
466 402 33 21 till
514 402 155 27 nedsmältning
684 402 110 21 faststälda
808 402 94 27 beloppet
916 401 43 21 silf-

211 436 95 27 vermynt
327 436 44 21 blef
390 436 121 26 sedermera,
532 437 26 27 på
579 436 201 27 Bankfullmäktiges
802 436 69 21 derom
889 436 69 27 gjorda

212 470 141 27 underdåniga
371 470 157 28 framställning,
543 471 41 21 den
604 472 25 20 18
648 471 90 21 Oktober
758 471 53 21 1882
830 471 23 21 af
869 470 89 22 Senaten

211 504 85 22 nedsatt
312 505 33 21 till
362 506 31 20 tre
412 505 93 27 miljoner
519 506 66 20 mark.
613 505 122 21 Emellertid
750 505 53 21 hade
818 505 65 21 under
897 505 61 21 våren

213 539 138 21 nästnämnda
366 540 22 20 år
403 546 25 14 en
441 540 72 26 miljon
527 540 60 21 mark
601 540 7 20 i
619 540 95 20 utlandet
724 540 123 20 realiserats.
862 539 43 22 Och
915 546 44 14 som

214 573 95 26 Senaten,
328 574 63 21 sedan
408 574 190 27 Bankfullmäktige
617 574 40 22 den
675 574 28 21 22
722 574 115 21 November
854 574 52 21 1886
921 580 38 14 un-

213 607 120 28 derdånigst
351 608 97 22 hemstält
463 609 76 25 derom,
554 610 31 20 att
601 609 53 27 3:dje
668 615 64 15 mom.
746 608 8 21 i
768 609 12 26 $
797 609 24 21 19
837 608 22 22 af
870 608 89 28 myntla-

214 648 40 21 gen
272 642 54 28 finge
346 643 59 21 träda
422 643 8 21 i
447 643 96 27 gällande
559 643 60 26 kraft,
633 645 50 19 utan
699 644 32 20 att
745 644 67 26 nägon
827 643 68 21 vidare
910 642 49 22 ned-

214 676 113 28 smältning
346 677 22 21 af
384 677 34 21 det
436 677 7 21 i
461 678 86 21 Banken
565 678 146 27 inneliggande
730 677 67 22 finska
811 677 149 27 silfvermyntet

214 710 88 22 behöfde
320 711 153 27 ifrägakomma,
491 712 31 21 uti
541 712 105 21 skrifvelse
661 712 45 21 frän
722 712 76 21 Finans
812 712 147 27 Expeditionen

214 745 32 21 för
264 745 40 21 den
325 746 23 20 11
368 746 41 26 Maj
430 746 51 22 1887
502 746 111 25 meddelat,
631 747 31 21 att
677 746 92 21 Senaten
782 746 44 21 icke
841 746 68 21 funnit
924 752 36 14 an-

214 780 85 26 ledning
316 772 126 29 förekomma
460 780 31 21 till
511 781 88 27 ändring
618 780 23 22 af
657 780 55 21 hvad
732 780 89 21 Senaten
835 780 7 20 i
857 780 103 21 ofvanom-

215 813 88 22 förmäld
320 814 65 22 måtto
403 814 40 21 den
464 815 25 21 18
507 815 90 21 Oktober
618 815 53 21 1882
688 815 8 20 i
715 816 71 20 ämnet
800 814 110 25 förordnat,
924 820 36 15 an-

215 847 87 22 modade
328 848 188 28 Bankfullmäktige
544 848 190 22 Bankdirektionen
759 849 36 25 att,
820 849 22 20 sä
862 848 41 21 fort
924 848 35 21 ske

215 882 74 25 kunde,
307 882 83 27 vidtaga
411 883 133 27 erforderliga
565 883 95 27 åtgärder
678 883 86 25 derhän,
783 883 30 20 att
832 882 128 21 återstående

216 917 34 20 två
272 916 93 27 miljoner
387 917 58 21 mark
463 917 130 28 silfvermynt
611 917 66 21 blefve
700 917 33 21 till
751 917 68 27 plants
839 916 121 21 nedsmälta.

216 950 68 22 Sedan
298 951 7 20 i
320 951 92 27 enlighet
425 952 86 21 härmed
525 951 181 28 nedsmältningen
722 951 24 21 af
758 951 116 21 ännämnda
888 951 73 26 belopp

216 985 129 27 silfvermynt
359 986 12 21 å
385 986 130 27 Myntverket
530 986 107 21 härstädes
653 985 116 26 verkstälts,
784 985 61 21 hafva
856 985 106 20 Bankfull-

215 1019 91 27 mäktige
324 1020 31 21 uti
374 1020 127 27 underdånig
520 1020 105 21 skrifvelse
644 1020 31 21 för
690 1020 41 21 den
749 1021 24 20 11
789 1019 97 21 Februari
903 1018 59 25 1888,

213 1053 64 28 jemte
296 1055 96 20 anmälan
411 1055 75 25 derom;
504 1055 114 21 framhållit
636 1055 31 20 att
685 1054 26 21 då
727 1053 79 22 således
820 1053 47 21 hela
882 1053 35 21 det
931 1052 31 21 för

216 1089 194 26 penningerörelsen
426 1089 111 27 obehöfligt
552 1089 91 21 ansedda
658 1089 97 26 beloppet
769 1087 133 27 silfvermynt,
913 1087 50 20 eller

216 1123 31 20 tre
264 1123 95 26 miljoner
377 1123 64 25 mark,
458 1123 68 22 blifvit
540 1123 110 23 nedsmält,
662 1123 35 21 det
712 1122 23 21 af
749 1122 90 21 Senaten
854 1121 109 27 uppstälda

216 1157 86 21 vilkoret
316 1157 32 21 för
363 1157 121 27 giltigheten
499 1157 24 22 af
535 1157 113 28 åberopade
663 1163 63 15 mom.
742 1157 13 20 3
770 1157 7 20 i
792 1157 12 26 8
821 1157 25 20 19
862 1155 22 21 af
896 1156 68 26 mynt-

215 1191 62 27 lagen
295 1191 84 21 dermed
397 1191 108 28 fullgjorts,
523 1192 34 21 vid
572 1192 78 21 hvilket
665 1190 129 22 förhållande
809 1189 154 27 ifrågavarande

215 1225 82 27 lagrum
315 1225 61 22 borde
396 1232 59 15 anses
473 1226 62 21 hafva
553 1226 56 21 trädt
627 1226 7 20 i
652 1225 47 21 fullt
718 1224 95 27 gällande
832 1223 59 21 kraft.
921 1223 43 22 Och

215 1259 113 22 förbehöllo
347 1260 32 27 sig
396 1260 189 27 Bankfullmäktige
604 1260 66 20 tillika
688 1260 38 24 att,
745 1259 80 20 såsnart
843 1257 35 21 det
895 1258 70 21 senast

216 1293 116 22 nedsmälta
350 1294 66 21 silfret
433 1294 67 21 blifvit
518 1294 126 25 realiseradt,
662 1293 21 22 få
702 1293 72 21 derom
789 1292 88 25 anmäla,
892 1292 6 20 i
914 1291 52 22 afse-

216 1328 52 21 ende
284 1328 12 21 å
310 1328 97 21 Bankens
422 1329 117 20 ersättande
555 1329 32 20 för
601 1329 41 20 den
654 1328 32 21 del
699 1327 23 22 af
732 1327 41 21 den
784 1326 120 27 härigenom
915 1332 51 20 upp-

217 1362 123 21 kommande
362 1362 105 26 förlusten,
486 1369 44 15 som
549 1363 24 20 af
589 1363 123 20 statsverket
732 1361 125 26 öfvertagits.
886 1359 80 22 Genom

216 1396 120 22 förberörda
358 1397 154 27 nedsmältning
534 1397 76 21 erhölls
630 1396 110 26 8,932,903
760 1401 58 21 gram
836 1394 38 21 fint
892 1393 74 25 silfver,

216 1436 45 15 som
280 1431 107 21 efterhand
406 1431 87 22 sälunda
511 1431 123 25 realiserats,
652 1431 31 21 att
702 1429 62 22 deraf
780 1428 109 26 3,100,063
908 1433 59 21 gram

216 1465 32 21 för
267 1467 133 21 statsverkets
418 1466 89 27 räkning
524 1466 7 20 i
548 1466 87 21 Banken
651 1465 128 27 gvarhällits,
794 1463 106 22 hvaremot
915 1462 53 21 äter-
