1078 1692
159 151 13 20 4
428 151 28 23 U.
473 152 27 22 B.
516 166 27 1 —
559 152 33 22 II.

130 213 39 21 vid
185 214 84 20 sådant
277 214 144 22 förhållande
430 215 51 26 den,
492 215 8 21 i
509 214 127 29 synnerhet
645 214 145 22 beträffande
801 214 83 21 under-

131 247 157 22 domstolarna
310 249 29 27 på
354 248 85 28 landet,
463 249 41 21 där
522 249 115 27 domaren,
654 249 49 21 ofta
718 248 57 22 hans
791 256 48 14 mer
854 248 32 21 el-

130 282 34 20 ler
179 282 90 22 mindre
285 282 105 22 oerfarne
404 283 95 27 vikarie,
509 291 77 13 ensam
607 282 138 29 ombesörjer
760 282 125 29 protokoll-

130 316 114 29 föringen,
268 317 148 29 nödvändiga
440 318 102 28 insigten
558 317 65 22 öfver
639 317 179 29 lagskipningen
833 316 51 22 icke

130 350 46 22 kan
192 358 55 14 vara
263 351 54 22 fullt
332 352 221 27 tillfredsställande,
569 356 26 17 är
610 352 44 21 lätt
669 354 35 18 att
718 352 56 20 inse.
805 351 79 21 Såsom

131 393 28 13 en
175 385 105 29 antydan
296 393 36 14 om
348 386 45 21 den
408 386 111 29 riktning,
535 386 8 22 i
558 386 96 22 hvilken
671 386 107 28 åtgärder
801 385 35 21 för
851 385 34 22 af-

130 420 125 28 hjälpande
278 420 26 21 af
324 420 64 22 detta
410 421 202 21 missförhållande
631 420 110 29 möjligen
756 420 77 20 kunde
848 420 36 28 gå,

130 454 41 21 har
193 454 9 21 i
223 455 119 21 Utskottet
359 454 138 22 framhållits
513 455 40 21 det
568 455 107 28 önskliga
690 454 7 21 i
714 456 34 20 att
762 454 123 21 hofrätter-

129 496 42 14 nas
188 489 196 22 advokatfiskaler
399 490 48 27 och,
465 497 34 14 om
517 490 98 28 möjligt,
637 489 88 29 jämväl
744 488 65 22 deras
825 488 60 21 leda-

130 525 73 19 möter
226 530 83 21 genom
333 524 132 28 personliga
487 524 70 21 besök
581 523 40 21 vid
636 522 248 26 underdomstolarnas,

130 557 110 21 särskildt
261 558 30 28 på
313 558 85 26 landet,
422 560 186 19 sammanträden
631 558 65 20 sökte
720 556 63 22 bilda
801 556 36 28 sig
853 558 33 19 ett

130 592 90 20 säkrare
236 592 105 21 omdöme
364 600 36 13 om
427 593 107 27 lagarnas
557 591 139 22 efterlefnad
726 591 42 21 och
793 590 27 22 de
847 598 38 13 en-

130 626 75 21 skilda
220 626 135 21 domarenes
372 627 152 26 verksamhet,
541 630 29 18 än
581 634 84 20 genom
680 633 32 13 nu
727 625 107 29 gällande
847 632 38 14 an-

130 660 100 28 ordning
245 660 37 22 för
297 661 51 21 dem
364 664 25 18 är
404 662 97 28 möjligt.
532 662 10 20 I
557 661 83 21 sakens
656 660 149 22 oförberedda
820 659 64 21 skick

130 694 45 22 kan
191 694 122 22 Utskottet
328 696 128 20 emellertid
471 696 50 20 icke
545 695 129 21 framställa
689 695 72 28 något
776 694 86 28 förslag
876 693 8 21 i

130 728 64 22 detta
209 728 114 26 afseende,
339 737 52 13 men
407 730 40 22 har
462 730 121 21 Utskottet
598 729 90 21 ändock
704 731 57 19 trott
777 728 40 28 sig,
832 727 52 21 med

130 763 128 28 anledning
283 764 26 20 af
331 764 163 27 prokuratorns
520 764 134 21 förberörda
679 762 127 25 uttalande,
829 762 55 21 böra

131 797 76 21 erinra
230 804 37 14 om
291 800 33 19 att
346 798 277 28 lagstiftningsätgärder,
646 797 88 29 egnade
762 799 34 19 att
811 796 75 21 åstad-

130 831 92 21 komma
238 839 30 13 en
284 832 183 28 fullständigare,
490 840 63 13 mera
575 831 144 22 omfattande
734 830 102 22 kontroll
851 830 35 21 öf-

130 873 41 13 ver
185 865 193 29 lagskipningens
394 866 185 26 handhafvande,
596 873 70 20 synas
685 873 56 14 vara
756 864 129 29 påkallade,

131 899 109 22 särskildt
264 900 52 21 med
339 900 108 21 afseende
469 901 13 20 å
497 900 45 21 den
565 900 70 21 friare
650 899 116 29 pröfning,
784 906 45 14 som
845 899 41 20 vår

129 941 47 20 nya
192 933 109 29 strafflag
316 934 129 29 medgifver
461 935 115 21 domaren.

199 1099 41 21 Uti
264 1099 171 28 behandlingen
459 1099 26 22 af
505 1099 64 22 detta
591 1099 84 22 ärende
698 1098 70 22 hafva
788 1098 98 28 deltagit

131 1133 156 22 ordföranden
303 1134 168 28 Montgomery,
487 1134 156 21 ledamöterne
659 1133 139 22 friherrarne
813 1133 28 21 R.
856 1133 28 20 A.

131 1167 85 22 Wrede
232 1168 43 21 och
291 1168 180 28 Langenskiöld,
493 1168 92 21 Jaakko
609 1169 118 26 Forsman,
743 1167 27 21 G.
786 1167 98 21 Johans-

131 1208 48 21 son,
203 1201 27 22 H.
256 1202 26 21 E.
300 1202 146 27 Schroderus,
466 1202 181 28 Schwartzberg,
664 1201 136 26 Serlachius,
817 1201 68 21 Clou-

131 1234 62 29 berg,
209 1235 21 21 J.
248 1236 121 26 Stenbäck,
385 1237 108 26 Jusélius,
513 1237 103 26 Castrén,
639 1237 132 27 Leppänen,
791 1235 94 20 Tensik-

131 1269 53 21 kala
199 1269 43 21 och
258 1270 124 26 Teittinen,
399 1273 59 18 samt
474 1271 151 28 suppleanten
641 1269 154 29 Jägerskiöld.

200 1327 147 28 Helsingfors
364 1327 44 21 den
424 1329 27 20 22
467 1327 44 28 maj
530 1329 59 20 1891.

202 1481 130 22 Layutskottets
344 1481 110 18 betänkande
467 1482 37 17 N:o
517 1482 27 16 19.
