1078 1692
178 406 121 21 äfvensom:

397 147 30 23 U.
442 148 29 22 B.
487 161 28 3 —
531 148 188 24 Ständerhuset.

385 211 88 33 låtande
488 212 36 21 till
539 212 139 28 begagnande
692 213 71 21 under
775 213 59 22 tiden
843 214 93 21 emellan

384 246 171 28 landtdagarne;

451 282 34 20 att
507 280 127 22 Ständerna
655 281 51 21 ville
728 281 25 22 åt
775 282 161 22 Statsutskottet

383 314 136 28 öfverlemna
539 317 34 19 att
594 315 92 28 utfärda
703 322 33 22 ny
750 316 135 22 instruktion
899 316 37 28 för

385 349 138 21 Ständernas
538 349 160 26 bibliotekarie;

452 466 34 19 att
501 463 126 22 Ständerna
642 464 50 21 ville
707 464 25 21 åt
741 464 193 28 bankfullmäktige

385 498 114 28 uppdraga
518 500 34 19 att
565 498 72 21 under
652 498 60 21 tiden
726 498 93 22 emellan
833 498 99 22 ständer-

383 534 88 20 mötena
491 532 70 28 hafva
583 532 78 28 tillsyn
680 532 61 28 öfver
754 532 178 22 ständerhuseko-

383 573 82 15 nomen
479 567 39 21 och
534 566 137 22 Ständernas
686 566 147 22 bibliotekarie
848 567 10 21 i
871 567 63 21 deras

383 601 136 21 verksamhet
539 603 60 19 samt
620 603 39 25 att,
681 601 10 21 i
712 601 101 21 händelse
832 601 29 28 af
876 601 58 21 desse

384 635 145 28 tjänstemäns
547 635 90 28 afgång,
652 635 84 28 antaga
751 636 71 20 andra
829 642 104 22 personer

382 670 10 20 i
398 670 64 21 deras
469 670 69 21 ställe.

245 893 11 20 I
271 893 157 27 behandlingen
443 892 22 21 af
480 893 57 20 detta
552 892 78 22 ärende
645 892 63 21 hafva
724 892 86 27 deltagit
825 891 106 22 ordföran-

177 927 41 21 den
234 927 118 27 Hackman,
367 927 144 21 ledamöterne
525 927 26 21 N.
563 926 123 28 Grotenfelt,
701 927 26 20 A.
736 926 125 27 Schauman,
868 926 64 21 Norr-

176 962 55 26 mén,
253 961 107 28 Kihlman,
382 961 93 28 Donner,
497 961 20 21 J.
533 961 23 21 R.
571 961 123 27 Danielson,
716 961 129 26 Nordström,
864 960 68 21 Snell-

176 1002 56 21 man,
255 992 88 31 Öhman,
364 995 101 28 Neovius,
486 995 118 27 Meurman,
624 995 76 27 Wärri,
714 995 65 21 Häkli
794 995 37 20 och
846 994 86 28 Kiipula

177 1032 54 19 samt
246 1030 140 27 suppleanten
400 1029 113 22 Forselius.

245 1086 134 28 Helsingfors
394 1086 41 22 den
451 1087 26 20 11
494 1087 41 27 maj
553 1087 60 20 1891.

246 1481 141 18 Statsutskottets
399 1481 112 18 betänkande
524 1482 37 19 N:o
575 1481 17 18 8.
