1078 1692
827 158 24 20 19

127 221 123 27 härigenom
273 222 89 20 anmoda
380 222 188 20 bankdirektionen
584 223 31 18 att
630 222 22 19 af
666 221 56 19 allm.
740 222 141 20 statsfondens

127 256 114 26 tillgångar
253 257 32 19 till
295 257 98 20 bildande
409 257 22 19 af
444 263 26 13 en
486 256 92 20 särskild
593 256 56 23 fond,
664 256 106 19 benämnd
786 256 96 25 ,mejeri-

127 290 147 25 lånefonden",
290 292 103 19 öfverföra
408 291 76 24 35,000
500 292 41 22 mk,
558 292 31 18 för
604 290 87 20 hvilken
706 291 56 23 fond,
778 289 104 20 hvarifrån

128 324 35 21 län
185 326 31 20 för
237 326 118 20 inrättande
377 326 23 19 af
420 326 101 25 mejerier,
538 326 41 19 enl.
595 325 58 25 Kejs.
670 324 103 21 Senatens
788 326 94 18 närmare

128 360 158 20 bestämmande
302 360 84 20 komma
402 362 30 17 att
447 360 92 25 utgifvas
555 360 40 19 och
611 360 32 18 till
657 359 87 20 hvilken
759 360 69 19 räntor
843 358 40 20 och

128 394 234 26 kapitalafbetalningar
383 395 51 19 böra
455 393 57 27 ingå,
535 394 30 19 uti
586 394 111 20 enahanda
720 394 88 26 ordning
828 393 55 19 skall

129 429 114 23 redovisas,
254 435 45 13 som
311 428 109 27 angående
429 429 138 19 statsverkets
578 429 74 19 fonder
662 429 23 19 är
695 428 151 20 föreskrifvet.''
855 439 28 3 —

129 462 116 26 Angående
264 464 68 19 denna
349 464 50 19 fond
414 463 101 19 hänvisas
531 464 32 18 för
578 463 64 25 öfrigt
656 462 34 20 till
706 462 178 26 Jordbruksexpe-

130 497 103 20 ditionens
248 498 113 19 berättelse
376 498 31 18 för
422 496 49 20 åren
489 497 147 21 1888—1890.
667 497 15 19 I.
699 497 39 19 sid.
757 496 31 20 18.
804 496 21 20 ff.

257 593 41 27 18.
333 586 63 34 Åbo
414 592 65 28 läns
498 592 260 34 besparingsfond.

198 657 88 19 Jämlikt
301 658 58 19 Hans
382 657 119 26 Kejserliga
523 657 112 23 Majestäts
656 656 84 26 Nådiga
761 656 89 26 reskript
865 656 23 19 af

130 691 40 19 den
183 691 24 19 12
218 692 87 19 oktober
318 691 52 20 1881
386 692 23 19 är
420 692 68 18 denna
500 698 77 19 genom
587 690 97 27 utlåning
695 691 65 19 under
770 690 49 20 åren
832 690 52 20 1813

130 725 40 19 och
183 725 53 20 1814
252 726 22 18 af
287 726 92 19 kronans
396 724 215 27 spannmålsförråder
626 726 84 18 bildade
726 725 39 20 och
778 726 22 18 af
810 730 76 20 guver-

130 760 65 19 nören
216 760 8 19 i
246 753 47 26 Åbo
316 760 39 20 och
377 760 141 26 Björneborgs
541 760 35 20 län
591 760 33 19 till
639 760 105 19 särskilda
759 758 127 26 välgörande

130 793 98 20 ändamål
251 794 96 20 använda
369 794 50 20 fond
441 794 143 20 öfverlemnad
606 794 33 19 till
662 794 163 19 statskontorets
843 793 43 19 för-

131 828 103 26 valtning;
258 828 40 19 och
321 829 55 19 skall
391 830 74 18 räntan
480 829 23 18 af
516 829 89 19 fondens
621 828 68 19 medel
705 828 44 19 tills
764 828 70 19 vidare
850 834 36 12 an-

131 862 80 19 vändas
226 861 95 25 sålunda,
337 864 30 18 att
382 869 40 13 ena
436 863 81 19 hälften
532 861 73 21 anslås
620 861 22 20 åt
657 863 39 19 den
713 861 13 21 å
742 862 69 26 Käyrä
825 861 61 20 hem-

131 903 49 12 man
195 897 8 18 i
217 897 106 19 Brunkala
345 897 69 26 kapell
433 897 104 20 inrättade
553 897 223 26 uppfostringsanstalt
791 897 31 18 för
835 901 52 14 van-

132 931 67 25 artiga
220 931 52 19 barn
294 931 40 20 och
357 931 40 19 den
413 931 64 20 andra
492 931 81 20 hälften
589 931 108 20 användas
713 931 32 19 till
761 929 78 21 förmån
856 930 31 19 för

132 965 75 26 fattiga
221 965 51 20 barn
287 965 31 20 uti
333 965 140 20 Tammerfors
490 966 59 19 stads
565 965 122 20 folkskolor.

253 1051 39 26 19.
330 1051 439 34 Slöjdundervisningsfonden.

202 1114 81 21 Genom
300 1114 70 27 Nådig
385 1115 127 26 kungörelse
528 1116 23 19 af
564 1116 39 19 den
620 1115 12 20 8
648 1115 45 25 juni
711 1115 53 20 1883
780 1115 37 19 har
829 1114 60 19 Hans

133 1149 119 26 Kejserliga
274 1149 98 26 Majestät
395 1150 112 23 förordnat,
523 1151 31 18 att
574 1149 31 20 till
621 1150 71 19 minne
708 1150 22 19 af
743 1150 66 19 Deras
823 1149 66 25 Maje-

133 1184 77 19 stäters
224 1183 146 26 kröningsdag
385 1185 30 18 ett
429 1184 75 25 belopp
520 1184 23 19 af
556 1183 90 24 500,000
662 1184 60 19 mark
738 1183 54 20 skall
807 1190 24 13 ur
849 1183 40 20 all-

133 1218 78 19 männa
230 1219 143 18 statsfondens
395 1217 116 27 tillgångar
531 1219 88 18 afsättas
642 1219 31 18 för
688 1219 31 18 att
734 1218 107 19 användas
857 1217 33 19 till

132 1251 93 26 höjande
240 1253 23 18 af
276 1252 201 26 slöjdkunnigheten
492 1253 8 18 i
515 1253 77 22 landet,
608 1252 105 20 hvarefter
722 1252 119 26 Kejserliga
851 1251 39 20 Se-

133 1286 63 19 naten
218 1286 8 19 i
249 1286 110 20 skrifvelse
381 1285 46 21 från
450 1287 226 25 Finansexpeditionen
699 1287 23 18 af
742 1287 40 19 den
804 1286 26 19 21
851 1292 39 13 no-

133 1320 84 19 vember
242 1320 52 21 1883
318 1321 92 19 anbefalt
429 1321 102 19 Finlands
554 1321 131 19 statskontor
700 1322 31 18 att
754 1321 22 19 af
790 1321 100 18 statsfon-

134 1354 51 19 dens
208 1354 69 20 medel
299 1355 32 19 till
347 1361 26 13 en
389 1355 92 19 särskild
496 1355 50 20 fond
561 1355 104 20 öfverföra
679 1354 160 27 ifrågavarande
853 1353 37 19 be-

133 1388 49 26 lopp
205 1390 55 18 samt
282 1389 68 19 tillika
372 1389 107 20 förordnat
494 1390 31 19 att
541 1390 78 19 största
634 1389 61 20 delen
710 1389 62 20 däraf
784 1388 55 19 skall
854 1393 36 20 ge-

133 1429 50 13 nom
205 1423 64 26 inköp
292 1423 22 19 af
333 1423 138 25 obligationer
486 1425 65 24 göras
567 1424 158 19 räntebärande.
756 1423 7 19 I
780 1421 111 20 skrifvelse

134 1457 23 19 af
170 1457 40 19 den
228 1457 24 19 16
264 1457 52 26 april
334 1456 53 21 1887
398 1457 38 19 har
446 1457 127 26 Finansexp.
586 1458 112 23 meddelat,
714 1459 31 18 att
755 1456 58 26 Kejs.
824 1455 67 20 Sena-
