1078 1692
216 144 12 19 8
445 141 25 22 U.
486 142 24 20 B.
527 142 125 21 1II—XXV.

255 203 11 21 I
288 204 99 21 afseende
409 204 12 21 &
441 204 167 21 slutsummorna
632 204 33 21 för
680 204 97 20 kronans
801 204 143 28 tillgodohaf-

187 237 69 21 vande
271 238 61 21 torde
348 238 23 21 af
385 238 152 22 ofvanstäende
554 239 119 26 erinringar
690 238 88 28 framgä,
790 240 32 20 att
835 238 110 22 desamma

186 272 48 21 icke
259 272 33 21 till
317 273 49 21 hela
393 273 37 21 sitt
455 273 77 27 belopp
548 273 105 21 beteckna
668 272 97 28 verkliga
780 273 120 27 tillgångar,
917 275 27 19 än

186 306 84 22 mindre
286 309 36 19 äro
338 307 34 21 för
384 307 107 21 allmänna
499 307 155 21 statsändamål
670 307 132 21 omedelbart
818 307 125 27 disponibla.

256 340 104 21 Kronans
383 341 64 21 skuld
466 343 105 25 upptager
594 341 81 26 främst,
693 341 70 21 såsom
778 341 8 20 i
801 348 25 14 en
843 343 36 19 not
892 347 52 20 upp-

187 375 61 27 lyses,
274 376 52 20 1859
351 375 35 21 års
413 376 64 26 ryska
500 376 35 20 lån
564 375 110 21 äfvensom
699 375 46 21 icke
768 375 79 21 inlösta
868 376 76 25 Hangö

184 409 244 27 järnvägsobligationer
443 412 56 18 samt
515 410 179 26 öfverleverering
716 409 24 21 af
764 410 105 20 särskilda
892 415 52 21 upp-

186 444 116 20 bördsmän
318 444 51 20 eller
384 444 127 27 redogörare
527 444 39 21 och
582 444 135 21 förskottsvis
733 444 112 26 uppburna
867 443 76 26 medel,

187 484 45 15 som
248 478 52 21 höra
317 478 31 21 till
364 478 93 27 följande
473 478 34 21 års
522 478 106 27 uppbörd.

255 580 10 21 I
289 580 151 28 sammanhang
463 581 48 20 med
536 580 74 28 frågan
634 587 34 15 om
693 581 24 21 de
737 580 31 21 in-
784 580 39 21 och
838 580 106 26 utgående

186 614 128 22 balanserna
329 615 37 21 vill
381 615 112 21 Utskottet
508 615 75 21 beröra
592 615 25 21 de
633 616 27 26 på
676 615 54 21 sidd.
749 616 24 19 12
790 614 39 21 och
846 616 24 19 31
888 614 56 21 före-

186 649 129 21 kommande
330 652 100 24 posterna
442 650 107 26 päjöring
565 650 40 20 och
620 650 102 26 afföring,
739 651 51 19 enär
799 649 61 21 dessa
875 648 69 21 utvisa

187 683 13 21 å
215 690 40 14 ena
279 684 59 20 sidan
354 684 40 20 den
410 684 65 26 högre
490 684 155 27 uppskattning
660 684 23 20 af
700 683 52 21 eller
766 682 112 27 tillökning
894 682 6 20 i
917 682 26 21 de

186 717 107 21 bokförda
314 718 155 27 tillgångarnas
491 718 65 20 värde
580 718 51 20 eller
647 718 41 21 den
703 717 123 27 minskning
841 716 23 21 af
886 717 57 21 skul-

187 751 47 25 den,
251 754 55 18 samt
322 752 12 20 å
350 752 66 21 andra
431 752 61 21 sidan
515 752 40 21 den
579 752 153 26 nedskattning
752 751 24 21 af
791 751 152 27 tillgångarnas

185 786 65 20 värde
276 786 51 21 eller
350 786 40 21 den
413 787 79 27 ökning
515 786 24 21 af
561 786 95 26 skulden,
682 793 45 15 som
744 786 66 21 under
825 786 45 20 året
887 785 55 21 före-

186 820 98 21 kommit.
313 820 10 21 I
348 821 117 20 relationen
491 822 24 19 är
541 820 32 21 för
599 820 73 27 hvarje
697 820 23 21 år
744 822 107 25 upptagen
867 820 77 20 endast

186 854 112 21 skilnaden
314 854 90 21 emellan
420 854 99 27 samtliga
533 855 37 26 på-
586 854 39 21 och
641 854 121 27 afföringar.
793 853 30 22 Af
837 853 106 21 böckerna

186 888 114 25 inhemtas,
316 890 32 19 att
363 888 128 27 påföringen
507 889 180 27 hufvudsakligen
706 890 86 25 utgöres
815 887 24 22 af
852 889 90 20 amorte-

185 922 47 27 ring
248 922 24 21 af
288 923 52 20 1859
357 923 34 20 års
406 923 35 21 lån
458 925 55 18 samt
529 923 40 20 den
585 923 123 26 minskning
720 922 24 21 af
759 922 59 21 detta
833 922 45 21 låns
890 922 52 21 bok-

186 955 62 22 förda
263 957 83 26 belopp,
364 963 44 14 som
424 957 135 20 föranleddes
577 957 62 20 däraf
652 959 33 18 att
700 957 79 20 kursen
795 956 12 21 å
829 956 74 21 rubeln
919 956 24 20 år

187 992 54 19 1887
258 991 108 21 nedsattes
383 991 46 21 från
444 993 13 19 4
465 991 35 21 mk
509 991 32 21 till
562 993 3 18 2
581 991 36 21 mk
633 992 27 20 50
675 997 20 20 p.
726 985 30 26 År
774 992 53 19 1886
843 990 99 27 påfördes

185 1024 134 22 statsfonden
332 1025 80 27 jämväl
428 1025 74 21 värdet
517 1025 24 21 af
555 1025 64 22 ofvan
635 1025 97 25 berörda,
756 1024 58 21 förut
829 1025 7 20 i
851 1025 91 26 kapital-

183 1059 119 27 räkningen
318 1059 45 21 icke
373 1061 108 25 upptagna
497 1059 167 21 förnödenheter
680 1059 39 22 och
736 1059 154 26 kassatillgång
905 1058 37 21 vid

185 1092 233 27 fängelseanstalterna.
452 1093 124 28 —Afföringen
593 1093 116 21 innefattar
733 1093 47 20 åter
802 1093 40 20 den
866 1099 76 20 genom

184 1127 131 27 amortering
330 1127 81 21 skedda
426 1128 149 27 minskningen
593 1127 22 22 af
630 1127 146 21 statsfondens
799 1127 86 20 fordran
902 1127 39 20 hos

183 1161 104 21 Finlands
302 1161 57 21 bank
377 1161 27 27 pä
420 1162 68 27 grund
504 1161 24 21 af
543 1162 48 21 dess
607 1162 62 21 andel
685 1162 7 20 i
710 1163 53 20 1859
780 1161 34 21 ärs
830 1161 41 26 län,
887 1163 55 19 samt

183 1195 73 21 vidare
273 1195 126 27 agioförlust
414 1195 12 21 &
441 1196 60 27 ryskt
522 1198 68 25 mynt,
613 1195 154 27 nedskattning
789 1195 24 21 af
833 1195 74 21 värdet
930 1195 12 21 &

183 1229 225 26 spannmälsförräden
423 1230 67 27 enligt
506 1230 36 21 det
557 1231 117 26 sjunkande
685 1229 257 27 medelmarkegängspri-

184 1265 38 24 set,
254 1263 129 28 afskrifning
412 1263 23 22 af
463 1264 167 27 uppdebiterade
659 1263 178 28 sjukhusafgifter
863 1270 27 13 m.
912 1270 29 14 m.

183 1297 97 21 Oaktadt
302 1298 37 26 pä-
354 1298 40 21 och
409 1298 90 27 afföring
514 1298 33 21 till
563 1300 45 19 stor
624 1298 33 21 del
673 1300 95 25 upptaga
793 1304 50 14 rena
865 1297 77 21 bokfö-

181 1331 139 28 ringsposter,
337 1332 78 27 nödiga
431 1333 33 20 för
479 1334 32 19 att
527 1332 66 27 enligt
615 1333 36 20 det
673 1332 110 21 kamerala
805 1331 136 27 bokförings-

183 1367 103 25 systemet
311 1365 22 21 få
358 1366 63 21 debet
446 1366 40 21 och
508 1367 71 20 kredit
603 1368 32 19 att
650 1367 27 26 gå
692 1366 57 27 ihop,
768 1372 50 15 vore
834 1365 36 21 det
886 1365 55 20 dock

182 1399 100 28 önskligt,
299 1402 32 18 att
347 1399 33 22 för
396 1399 113 22 framtiden
526 1401 25 20 de
567 1403 54 18 mest
645 1401 121 26 betydande
782 1402 100 25 posterna
902 1405 39 14 un-

181 1434 37 21 der
234 1434 62 21 dessa
311 1434 99 21 rubriker
425 1435 68 20 skulle
508 1435 7 20 i
531 1435 201 26 kapitalräkningen
749 1434 59 21 öfver
831 1434 109 20 allmänna

250 1473 140 18 Statsutskotteis
404 1473 109 18 betänkande
525 1473 38 18 N:o
577 1475 17 16 3.
