1078 1692
198 151 31 23 22

180 221 71 28 turer,
271 220 9 22 i
298 219 110 24 afseende
427 221 13 22 å
452 219 87 24 hvilka
552 228 29 15 en
594 220 141 32 förändring
747 220 25 23 af
784 220 67 24 deras
864 220 71 24 verk-

180 253 94 24 samhet
300 253 78 24 finnes
406 261 61 16 vara
494 254 25 23 af
546 254 235 32 omständigheterna
807 254 127 32 påkallad;

179 287 124 24 äfvensom

249 322 20 30 f)
288 322 8 23 i
309 322 45 23 fall
367 322 240 24 förhandenvarande
620 323 201 31 omständigheter
833 323 43 24 och
888 322 47 24 för-

179 356 131 24 hållanden
330 356 68 32 gifva
416 357 82 32 skälig
516 357 132 32 anledning
665 360 35 20 att
718 357 87 31 befara,
823 360 36 21 att
870 358 65 23 Ban-

179 390 60 24 kens
259 391 139 23 metalliska
415 391 74 24 kassa
507 392 63 23 skall
590 392 9 22 i
618 392 74 23 sådan
711 393 56 22 mån
786 394 69 30 tagas
871 392 9 23 i
892 399 43 16 an-

181 425 74 31 språk
275 426 36 23 för
329 426 128 32 invexling
475 426 25 24 af
518 426 115 24 Bankens
653 426 139 31 utelöpande
805 426 85 31 sedlar,
902 428 35 22 att

180 460 139 23 densamma
342 460 52 24 icke
412 460 56 31 kan,
486 460 99 24 medelst
604 460 158 32 användning
780 461 25 23 af
822 460 114 24 Bankens

181 494 79 32 öfriga
278 494 96 24 valutor
393 494 36 24 för
447 494 220 32 sedelutgifningen
685 495 142 31 uppehållas
846 496 42 22 vid
899 495 37 23 det

179 528 8 23 i
215 528 13 24 7
255 530 13 28 8
294 529 112 31 stadgade
430 530 90 23 minsta
546 529 87 31 belopp,
652 530 42 23 hos
713 529 69 23 Hans
801 529 136 32 Kejserliga

179 563 114 31 Majestät
309 566 57 28 göra
378 564 149 31 underdånig
539 564 184 31 framställning
735 571 37 16 om
784 564 152 32 upptagande

179 598 26 23 af
232 598 86 23 sådant
344 598 92 24 utrikes
464 598 42 24 län
529 598 58 23 eller
611 598 83 30 kredit,
714 606 50 16 som
784 598 8 24 i
811 606 91 16 samma
922 600 12 28 $

179 632 157 24 omförmäles.

248 666 12 23 I
279 666 26 24 de
324 666 109 30 ärenden,
451 666 45 24 här
514 669 103 28 nämnts,
636 667 56 23 böra
704 666 232 33 Bankfullmäktige,

179 700 77 24 innan
284 701 26 23 de
333 700 106 32 företaga
461 701 51 23 dem
530 701 40 23 till
588 700 86 32 slutlig
691 701 120 32 pröfning,
829 701 107 24 inhemta

178 734 234 24 Bankdirektionens
432 735 125 31 skriftliga
575 735 123 24 utlåtande
717 736 8 22 i
742 735 74 24 saken
829 736 42 23 och
884 736 51 23 der-

179 769 59 23 efter
256 770 80 31 bifoga
348 770 131 23 detsamma
491 769 177 33 Fullmäktiges
680 777 58 25 egen
753 770 183 32 framställning

179 803 9 23 1
206 806 86 22 ämnet.

247 838 177 31 Fullmäktiges
443 838 213 31 framställningar
674 838 43 23 och
736 838 91 31 förslag
845 838 9 23 i
866 838 70 24 dessa

179 872 104 23 ärenden
301 872 84 24 kunna
403 872 52 23 icke
473 872 77 24 delvis
569 871 148 32 godkännas,
734 874 60 21 utan
811 872 68 24 skola
892 881 42 15 an-

179 906 85 31 tingen
282 906 39 24 till
340 906 50 23 alla
408 906 67 24 delar
492 907 99 23 bifallas
611 906 57 23 eller
686 906 84 23 afslås.

526 981 13 29 s
560 981 38 23 55.

248 1031 92 24 Vidare
367 1031 84 24 tillhör
475 1032 38 23 det
536 1031 226 32 Bankfullmäktige
781 1033 41 29 att,
840 1033 30 30 på
888 1032 47 23 för-

179 1065 55 32 slag
253 1066 26 23 af
296 1065 222 24 Bankdirektionen
532 1066 43 23 och
587 1066 59 23 efter
658 1066 37 23 det
709 1073 137 24 gemensam
859 1066 76 23 öfver-

179 1100 120 31 läggning
317 1100 8 23 i
344 1102 78 21 ämnet
440 1100 53 24 med
510 1100 156 24 Direktionen
684 1102 42 29 ägt
744 1107 65 16 rum:

248 1133 25 32 a)
296 1134 111 24 förordna
429 1135 40 23 till
491 1135 98 23 ombuds
611 1134 152 24 anställande
781 1134 36 23 för
835 1134 101 24 Banken

180 1169 31 30 på
229 1168 92 23 utrikes
341 1170 35 22 ort
395 1171 62 21 samt
475 1169 84 31 afgöra
577 1177 36 15 om
633 1168 182 32 antagligheten
833 1169 25 23 af
876 1168 60 24 aftal

181 1202 43 23 och
242 1202 87 30 vilkor,
348 1210 49 16 som
416 1203 83 23 dervid
516 1203 158 30 förekomma;

249 1236 24 31 b)
293 1237 93 23 besluta
398 1245 37 15 om
447 1237 150 32 indragning
610 1237 25 24 af
646 1237 74 24 redan
732 1237 119 23 inrättade
864 1244 71 23 agen-

180 1273 66 21 turer
264 1273 31 29 på
313 1271 93 24 utrikes
425 1273 49 29 ort;

248 1305 22 30 c)
290 1305 105 24 meddela
414 1305 26 24 de
458 1308 111 21 närmare
587 1305 151 24 föreskrifter
754 1304 122 32 angående
888 1304 47 23 för-

179 1339 145 32 valtningen
350 1339 43 24 och
415 1339 214 32 tillgodogörandet
650 1339 25 24 af
692 1339 115 23 Bankens
826 1338 109 31 tillgodo-

178 1373 140 24 hafvanden
344 1374 42 23 hos
414 1374 53 23 dess
495 1374 91 23 utrikes
615 1373 90 30 ombud,
727 1381 50 16 som
798 1373 84 23 kunna
905 1374 31 29 på

178 1408 79 30 grund
283 1408 25 23 af
326 1408 127 23 inträffade
471 1409 57 23 eller
547 1408 109 23 befarade
674 1407 179 31 förvecklingar
870 1407 10 23 i
898 1409 37 20 ut-

178 1441 89 31 landet,
285 1450 59 16 vara
362 1442 26 23 af
405 1441 114 25 Bankens
539 1442 111 24 säkerhet
667 1441 138 32 betingade;
