1078 1692
225 154 27 19 20

197 218 36 18 ten
248 216 19 20 d.
284 216 12 20 3
312 217 50 21 febr.
379 224 16 13 s.
412 216 18 22 å.
446 218 113 23 förordnat,
575 218 31 18 att
627 217 89 20 fondens
732 217 147 26 ursprungliga
893 218 60 25 kapi-

195 250 32 20 tal
249 250 91 24 500,000
359 252 35 19 mk
410 252 53 19 skall
479 252 92 19 fördelas
587 251 89 20 sålunda
692 253 30 18 att
738 251 90 24 200,000
844 252 36 19 mk
895 252 60 19 däraf

195 286 110 19 användes
328 286 32 20 för
382 286 236 26 slöjdundervisningen
633 286 7 19 i
654 286 145 20 folkskolorna
821 287 55 19 samt
898 285 55 21 åter-

196 320 77 20 stoden
288 320 90 23 300,000
394 320 59 20 mark
466 320 67 26 jämte
549 320 12 20 å
576 320 49 20 hela
640 321 98 25 anslaget
752 320 33 20 till
802 320 53 20 1886
871 320 33 20 års
920 322 32 17 ut-

195 353 60 27 gång
271 354 103 26 upplupen
389 355 59 19 ränta
463 356 32 18 för
510 355 40 19 den
566 355 138 20 ekonomiska
720 355 89 26 slöjden,

214 468 44 27 20.
295 468 119 27 Fonden
431 468 51 27 för
500 468 213 34 pensionering
732 468 34 27 af
782 468 153 27 städernas

326 508 231 28 folkskollärare
576 508 56 28 och
649 508 179 28 lärarinnor.

267 578 73 26 Enligt
362 578 186 26 Ecklesiastikexp.
569 578 47 20 bref
637 578 22 20 af
680 578 40 20 den
743 578 12 20 5
778 584 46 20 aug.
843 577 52 21 1886
913 578 39 19 och

196 612 125 26 Finansexp.
335 613 110 19 skrifvelse
455 613 23 19 af
491 613 20 19 d.
522 612 27 20 28
563 612 44 20 dec.
624 619 16 13 s.
657 612 18 20 å.
691 612 99 20 bokföras
805 612 7 20 i
825 613 68 19 denna
903 612 50 20 fond

196 647 27 19 de
245 653 78 20 genom
340 646 54 21 Nåd.
410 648 147 25 förordningen
573 648 22 18 af
608 647 121 25 förstsagda
744 647 42 25 dag
800 647 110 19 bestämda
921 647 32 19 bi-

197 682 52 25 drag
264 682 23 18 af
300 682 99 19 städerna
413 682 32 19 till
460 682 149 26 pensionering
619 682 23 19 af
654 682 68 19 lärare
738 681 39 20 och
792 681 115 19 lärarinnor
918 681 35 19 vid

197 716 145 20 folkskolorna
356 716 8 19 i
378 716 82 20 landets
477 716 76 24 städer,
568 716 33 19 till
616 716 86 20 hvilken
713 716 49 20 fond
774 716 107 19 dessutom
892 716 61 19 efter-

197 750 57 20 hand
268 750 41 20 och
324 750 7 20 i
346 750 40 20 den
401 750 49 20 mån
466 751 73 25 dylika
553 750 75 26 bidrag
643 750 46 20 från
704 751 128 19 ränterierna
842 750 32 19 till
889 750 65 19 stats-

196 784 98 20 kontoret
316 784 50 26 ingå
385 784 45 20 från
445 785 212 25 bevillningsmedlen
672 784 112 20 enahanda
798 784 74 26 belopp
887 784 67 19 öfver-

197 819 67 23 föras;
286 819 40 19 och
349 819 55 19 skall
426 818 25 26 på
471 820 166 25 guvernörernes
655 819 147 19 rekvisitioner
817 817 45 21 från
877 818 77 20 fonden

197 853 104 20 utbetalas
317 853 116 26 ersättning
449 854 31 19 för
495 853 26 20 de
533 852 46 21 från
591 853 128 20 ränterierna
730 853 7 19 i
747 853 90 19 förskott
847 852 106 19 utbetalda

197 888 117 25 pensioner.
326 887 96 20 Fondens
430 887 114 26 tillgångar
552 888 51 19 böra
608 887 86 26 jämlikt
702 887 155 20 ofvannämnda
864 887 89 19 Finans-

197 921 159 26 expeditionens
378 922 110 19 skrifvelse
510 922 96 26 placeras
621 922 7 19 i
643 921 151 20 räntebärande
809 921 144 26 obligationer.

396 1034 37 27 21.
473 1033 285 28 Domarnäsfonden.

265 1109 89 20 Jämlikt
377 1109 257 26 Kammarexpeditionens
649 1109 112 20 skrifvelse
782 1109 23 19 af
818 1109 40 19 den
873 1109 12 19 6
902 1109 51 25 april

198 1142 54 20 1880
261 1143 55 19 skall
327 1149 40 14 ena
377 1143 79 20 hälften
465 1144 23 19 af
497 1144 220 25 auktionsskillingen,
727 1150 47 13 som
784 1143 77 20 influtit
871 1143 31 19 för
913 1143 40 20 den

196 1175 46 21 från
264 1177 119 20 Domarnäs
405 1178 89 19 boställe
517 1178 40 19 den
579 1178 28 19 26
629 1178 53 26 april
707 1177 53 20 1879
779 1177 92 20 försålda
893 1177 59 26 skog,

196 1211 102 20 förvaltas
321 1211 72 20 såsom
408 1218 25 13 en
449 1212 92 19 särskild
556 1213 51 19 fond
621 1213 65 19 under
701 1211 152 21 ofvanstående
868 1212 85 19 benäm-

195 1245 53 26 ning
270 1245 40 20 och
332 1246 75 19 räntan
430 1246 59 19 deraf
509 1247 118 19 remitteras
649 1245 81 27 årligen
750 1246 32 19 till
801 1247 152 25 guvernören
942 1241 14 36 i

194 1279 61 19 Vasa
276 1279 42 24 län,
341 1280 32 19 för
388 1281 30 18 att
437 1280 195 26 häradshöfdingen
647 1281 7 18 i
669 1281 121 26 Jyväskylä
805 1280 107 26 domsaga,
927 1279 27 27 på

195 1313 88 20 hvilken
302 1313 79 20 vården
396 1315 23 18 af
431 1315 112 19 boställets
558 1315 55 26 skog
628 1315 130 23 ankommer,
773 1316 44 18 mot
832 1315 64 25 qvitto
911 1315 43 19 till-

195 1347 149 21 handahällas.
374 1347 30 20 På
426 1349 67 25 grund
516 1349 23 19 af
552 1349 146 26 Kammarexp.
717 1349 48 19 bref
778 1349 22 19 af
813 1349 40 19 den
868 1349 27 19 22
906 1355 48 19 sep-

195 1382 81 19 tember
301 1381 54 20 1880
378 1381 97 26 päfördes
497 1383 69 20 denna
588 1383 50 20 fond
654 1383 118 26 ersättning
787 1383 31 19 för
834 1383 39 19 den
888 1382 66 23 mark,

195 1422 47 13 som
265 1415 46 20 från
334 1416 117 20 Domarnäs
474 1417 102 20 boställes
599 1417 127 26 egoomräde
748 1417 150 26 exproprierats
923 1417 31 18 för

194 1449 214 22 Vasa-Tammerfors
421 1451 103 26 järnvägs
539 1451 68 20 behof.
