<?xml version="1.0" encoding="UTF-8"?>
<alto xmlns="http://www.loc.gov/standards/alto/ns-v3#" xmlns:xlink="http://www.w3.org/1999/xlink" xmlns:xsi="http://www.w3.org/2001/XMLSchema-instance" xsi:schemaLocation="http://www.loc.gov/standards/alto/ns-v3# http://www.loc.gov/alto/v3/alto-3-0.xsd">
	<Description>
		<MeasurementUnit>pixel</MeasurementUnit>
		<sourceImageInformation>
			<fileName>/tmp/tess_d24_ds_0_input.PNG</fileName>
		</sourceImageInformation>
		<OCRProcessing ID="OCR_0">
			<ocrProcessingStep>
				<processingSoftware>
					<softwareName>tesseract 5.3.4</softwareName>
				</processingSoftware>
			</ocrProcessingStep>
		</OCRProcessing>
	</Description>
	<Layout>
		<Page WIDTH="1078" HEIGHT="1692" PHYSICAL_IMG_NR="0" ID="page_0">
			<PrintSpace HPOS="0" VPOS="0" WIDTH="1078" HEIGHT="1692">
				<ComposedBlock ID="cblock_0" HPOS="829" VPOS="151" WIDTH="30" HEIGHT="24">
					<TextBlock ID="block_0" HPOS="829" VPOS="151" WIDTH="30" HEIGHT="24">
						<TextLine ID="line_0" HPOS="829" VPOS="151" WIDTH="30" HEIGHT="24">
							<String ID="string_0" HPOS="829" VPOS="151" WIDTH="30" HEIGHT="24" WC="0.96" CONTENT="61"/>
						</TextLine>
					</TextBlock>
				</ComposedBlock>
				<ComposedBlock ID="cblock_1" HPOS="462" VPOS="221" WIDTH="89" HEIGHT="30">
					<TextBlock ID="block_1" HPOS="462" VPOS="221" WIDTH="89" HEIGHT="30">
						<TextLine ID="line_1" HPOS="462" VPOS="221" WIDTH="89" HEIGHT="30">
							<String ID="string_1" HPOS="462" VPOS="222" WIDTH="14" HEIGHT="29" WC="0.78" CONTENT="8"/><SP WIDTH="21" VPOS="222" HPOS="476"/>
							<String ID="string_2" HPOS="497" VPOS="221" WIDTH="54" HEIGHT="24" WC="0.95" CONTENT="119."/>
						</TextLine>
					</TextBlock>
				</ComposedBlock>
				<ComposedBlock ID="cblock_2" HPOS="124" VPOS="277" WIDTH="757" HEIGHT="137">
					<TextBlock ID="block_2" HPOS="124" VPOS="277" WIDTH="757" HEIGHT="137">
						<TextLine ID="line_2" HPOS="195" VPOS="277" WIDTH="685" HEIGHT="33">
							<String ID="string_3" HPOS="195" VPOS="278" WIDTH="123" HEIGHT="25" WC="0.95" CONTENT="Fullmakt"/><SP WIDTH="21" VPOS="278" HPOS="318"/>
							<String ID="string_4" HPOS="339" VPOS="280" WIDTH="36" HEIGHT="22" WC="0.93" CONTENT="att"/><SP WIDTH="21" VPOS="280" HPOS="375"/>
							<String ID="string_5" HPOS="396" VPOS="278" WIDTH="123" HEIGHT="32" WC="0.91" CONTENT="begagnas"/><SP WIDTH="19" VPOS="278" HPOS="519"/>
							<String ID="string_6" HPOS="538" VPOS="278" WIDTH="9" HEIGHT="24" WC="0.96" CONTENT="i"/><SP WIDTH="18" VPOS="278" HPOS="547"/>
							<String ID="string_7" HPOS="565" VPOS="277" WIDTH="102" HEIGHT="25" WC="0.96" CONTENT="Banken"/><SP WIDTH="18" VPOS="277" HPOS="667"/>
							<String ID="string_8" HPOS="685" VPOS="278" WIDTH="41" HEIGHT="24" WC="0.96" CONTENT="vid"/><SP WIDTH="18" VPOS="278" HPOS="726"/>
							<String ID="string_9" HPOS="744" VPOS="277" WIDTH="136" HEIGHT="31" WC="0.96" CONTENT="ansökning"/>
						</TextLine>
						<TextLine ID="line_3" HPOS="124" VPOS="311" WIDTH="757" HEIGHT="33">
							<String ID="string_10" HPOS="124" VPOS="321" WIDTH="40" HEIGHT="16" WC="0.96" CONTENT="om"/><SP WIDTH="25" VPOS="321" HPOS="164"/>
							<String ID="string_11" HPOS="189" VPOS="314" WIDTH="43" HEIGHT="24" WC="0.92" CONTENT="lån"/><SP WIDTH="26" VPOS="314" HPOS="232"/>
							<String ID="string_12" HPOS="258" VPOS="313" WIDTH="58" HEIGHT="24" WC="0.93" CONTENT="eller"/><SP WIDTH="26" VPOS="313" HPOS="316"/>
							<String ID="string_13" HPOS="342" VPOS="312" WIDTH="149" HEIGHT="32" WC="0.92" CONTENT="penningars"/><SP WIDTH="27" VPOS="312" HPOS="491"/>
							<String ID="string_14" HPOS="518" VPOS="312" WIDTH="115" HEIGHT="31" WC="0.90" CONTENT="lyftande,"/><SP WIDTH="22" VPOS="312" HPOS="633"/>
							<String ID="string_15" HPOS="655" VPOS="312" WIDTH="41" HEIGHT="24" WC="0.96" CONTENT="bör"/><SP WIDTH="21" VPOS="312" HPOS="696"/>
							<String ID="string_16" HPOS="717" VPOS="311" WIDTH="164" HEIGHT="32" WC="0.96" CONTENT="uttryckligen"/>
						</TextLine>
						<TextLine ID="line_4" HPOS="126" VPOS="346" WIDTH="754" HEIGHT="34">
							<String ID="string_17" HPOS="126" VPOS="350" WIDTH="107" HEIGHT="30" WC="0.91" CONTENT="upptaga"/><SP WIDTH="18" VPOS="350" HPOS="233"/>
							<String ID="string_18" HPOS="251" VPOS="347" WIDTH="70" HEIGHT="24" WC="0.96" CONTENT="såväl"/><SP WIDTH="17" VPOS="347" HPOS="321"/>
							<String ID="string_19" HPOS="338" VPOS="347" WIDTH="109" HEIGHT="24" WC="0.96" CONTENT="ombudet"/><SP WIDTH="18" VPOS="347" HPOS="447"/>
							<String ID="string_20" HPOS="465" VPOS="355" WIDTH="50" HEIGHT="16" WC="0.96" CONTENT="som"/><SP WIDTH="19" VPOS="355" HPOS="515"/>
							<String ID="string_21" HPOS="534" VPOS="347" WIDTH="82" HEIGHT="31" WC="0.96" CONTENT="saken,"/><SP WIDTH="18" VPOS="347" HPOS="616"/>
							<String ID="string_22" HPOS="634" VPOS="346" WIDTH="37" HEIGHT="24" WC="0.96" CONTENT="för"/><SP WIDTH="17" VPOS="346" HPOS="671"/>
							<String ID="string_23" HPOS="688" VPOS="346" WIDTH="87" HEIGHT="24" WC="0.96" CONTENT="hvilka"/><SP WIDTH="12" VPOS="346" HPOS="775"/>
							<String ID="string_24" HPOS="787" VPOS="346" WIDTH="44" HEIGHT="24" WC="0.93" CONTENT="den"/><SP WIDTH="11" VPOS="346" HPOS="831"/>
							<String ID="string_25" HPOS="842" VPOS="348" WIDTH="38" HEIGHT="21" WC="0.93" CONTENT="ut-"/>
						</TextLine>
						<TextLine ID="line_5" HPOS="127" VPOS="380" WIDTH="649" HEIGHT="34">
							<String ID="string_26" HPOS="127" VPOS="382" WIDTH="98" HEIGHT="31" WC="0.95" CONTENT="färdats,"/><SP WIDTH="18" VPOS="382" HPOS="225"/>
							<String ID="string_27" HPOS="243" VPOS="384" WIDTH="63" HEIGHT="22" WC="0.95" CONTENT="samt"/><SP WIDTH="17" VPOS="384" HPOS="306"/>
							<String ID="string_28" HPOS="323" VPOS="390" WIDTH="60" HEIGHT="16" WC="0.96" CONTENT="vara"/><SP WIDTH="18" VPOS="390" HPOS="383"/>
							<String ID="string_29" HPOS="401" VPOS="381" WIDTH="163" HEIGHT="33" WC="0.93" CONTENT="egenhändigt"/><SP WIDTH="18" VPOS="381" HPOS="564"/>
							<String ID="string_30" HPOS="582" VPOS="380" WIDTH="194" HEIGHT="25" WC="0.89" CONTENT="underskrifven."/>
						</TextLine>
					</TextBlock>
				</ComposedBlock>
				<ComposedBlock ID="cblock_3" HPOS="458" VPOS="462" WIDTH="91" HEIGHT="29">
					<TextBlock ID="block_3" HPOS="458" VPOS="462" WIDTH="91" HEIGHT="29">
						<TextLine ID="line_6" HPOS="458" VPOS="462" WIDTH="91" HEIGHT="29">
							<String ID="string_31" HPOS="458" VPOS="462" WIDTH="14" HEIGHT="29" WC="0.83" CONTENT="8"/><SP WIDTH="21" VPOS="462" HPOS="472"/>
							<String ID="string_32" HPOS="493" VPOS="462" WIDTH="56" HEIGHT="24" WC="0.96" CONTENT="120."/>
						</TextLine>
					</TextBlock>
				</ComposedBlock>
				<ComposedBlock ID="cblock_4" HPOS="127" VPOS="517" WIDTH="756" HEIGHT="103">
					<TextBlock ID="block_4" HPOS="127" VPOS="517" WIDTH="756" HEIGHT="103">
						<TextLine ID="line_7" HPOS="197" VPOS="517" WIDTH="686" HEIGHT="32">
							<String ID="string_33" HPOS="197" VPOS="518" WIDTH="156" HEIGHT="25" WC="0.91" CONTENT="Skuldsedlar"/><SP WIDTH="29" VPOS="518" HPOS="353"/>
							<String ID="string_34" HPOS="382" VPOS="518" WIDTH="45" HEIGHT="24" WC="0.93" CONTENT="och"/><SP WIDTH="28" VPOS="518" HPOS="427"/>
							<String ID="string_35" HPOS="455" VPOS="518" WIDTH="178" HEIGHT="31" WC="0.90" CONTENT="löftesskrifter,"/><SP WIDTH="20" VPOS="518" HPOS="633"/>
							<String ID="string_36" HPOS="653" VPOS="526" WIDTH="50" HEIGHT="16" WC="0.96" CONTENT="som"/><SP WIDTH="20" VPOS="526" HPOS="703"/>
							<String ID="string_37" HPOS="723" VPOS="518" WIDTH="41" HEIGHT="24" WC="0.96" CONTENT="till"/><SP WIDTH="18" VPOS="518" HPOS="764"/>
							<String ID="string_38" HPOS="782" VPOS="517" WIDTH="101" HEIGHT="25" WC="0.96" CONTENT="Banken"/>
						</TextLine>
						<TextLine ID="line_8" HPOS="127" VPOS="552" WIDTH="755" HEIGHT="33">
							<String ID="string_39" HPOS="127" VPOS="553" WIDTH="117" HEIGHT="31" WC="0.96" CONTENT="utfärdas,"/><SP WIDTH="24" VPOS="553" HPOS="244"/>
							<String ID="string_40" HPOS="268" VPOS="553" WIDTH="69" HEIGHT="24" WC="0.96" CONTENT="skola"/><SP WIDTH="21" VPOS="553" HPOS="337"/>
							<String ID="string_41" HPOS="358" VPOS="561" WIDTH="62" HEIGHT="16" WC="0.93" CONTENT="vara"/><SP WIDTH="18" VPOS="561" HPOS="420"/>
							<String ID="string_42" HPOS="438" VPOS="553" WIDTH="113" HEIGHT="24" WC="0.92" CONTENT="affattade"/><SP WIDTH="19" VPOS="553" HPOS="551"/>
							<String ID="string_43" HPOS="570" VPOS="552" WIDTH="76" HEIGHT="32" WC="0.96" CONTENT="enligt"/><SP WIDTH="18" VPOS="552" HPOS="646"/>
							<String ID="string_44" HPOS="664" VPOS="552" WIDTH="113" HEIGHT="33" WC="0.93" CONTENT="gällande"/><SP WIDTH="18" VPOS="552" HPOS="777"/>
							<String ID="string_45" HPOS="795" VPOS="552" WIDTH="87" HEIGHT="24" WC="0.92" CONTENT="formu-"/>
						</TextLine>
						<TextLine ID="line_9" HPOS="128" VPOS="587" WIDTH="475" HEIGHT="33">
							<String ID="string_46" HPOS="128" VPOS="588" WIDTH="39" HEIGHT="24" WC="0.96" CONTENT="lär"/><SP WIDTH="18" VPOS="588" HPOS="167"/>
							<String ID="string_47" HPOS="185" VPOS="588" WIDTH="43" HEIGHT="24" WC="0.96" CONTENT="och"/><SP WIDTH="16" VPOS="588" HPOS="228"/>
							<String ID="string_48" HPOS="244" VPOS="588" WIDTH="162" HEIGHT="32" WC="0.93" CONTENT="egenhändigt"/><SP WIDTH="18" VPOS="588" HPOS="406"/>
							<String ID="string_49" HPOS="424" VPOS="587" WIDTH="179" HEIGHT="24" WC="0.91" CONTENT="underskrifna."/>
						</TextLine>
					</TextBlock>
				</ComposedBlock>
				<ComposedBlock ID="cblock_5" HPOS="464" VPOS="668" WIDTH="90" HEIGHT="30">
					<TextBlock ID="block_5" HPOS="464" VPOS="668" WIDTH="90" HEIGHT="30">
						<TextLine ID="line_10" HPOS="464" VPOS="668" WIDTH="90" HEIGHT="30">
							<String ID="string_50" HPOS="464" VPOS="668" WIDTH="14" HEIGHT="30" WC="0.66" CONTENT="s"/><SP WIDTH="21" VPOS="668" HPOS="478"/>
							<String ID="string_51" HPOS="499" VPOS="668" WIDTH="55" HEIGHT="24" WC="0.96" CONTENT="121."/>
						</TextLine>
					</TextBlock>
				</ComposedBlock>
				<ComposedBlock ID="cblock_6" HPOS="130" VPOS="724" WIDTH="754" HEIGHT="68">
					<TextBlock ID="block_6" HPOS="130" VPOS="724" WIDTH="754" HEIGHT="68">
						<TextLine ID="line_11" HPOS="200" VPOS="724" WIDTH="684" HEIGHT="32">
							<String ID="string_52" HPOS="200" VPOS="725" WIDTH="157" HEIGHT="31" WC="0.95" CONTENT="Förfallodag,"/><SP WIDTH="23" VPOS="725" HPOS="357"/>
							<String ID="string_53" HPOS="380" VPOS="732" WIDTH="50" HEIGHT="16" WC="0.96" CONTENT="som"/><SP WIDTH="23" VPOS="732" HPOS="430"/>
							<String ID="string_54" HPOS="453" VPOS="724" WIDTH="113" HEIGHT="25" WC="0.92" CONTENT="inträffar"/><SP WIDTH="23" VPOS="724" HPOS="566"/>
							<String ID="string_55" HPOS="589" VPOS="726" WIDTH="14" HEIGHT="22" WC="0.92" CONTENT="å"/><SP WIDTH="18" VPOS="726" HPOS="603"/>
							<String ID="string_56" HPOS="621" VPOS="724" WIDTH="90" HEIGHT="32" WC="0.96" CONTENT="söndag"/><SP WIDTH="18" VPOS="724" HPOS="711"/>
							<String ID="string_57" HPOS="729" VPOS="724" WIDTH="59" HEIGHT="24" WC="0.93" CONTENT="eller"/><SP WIDTH="16" VPOS="724" HPOS="788"/>
							<String ID="string_58" HPOS="804" VPOS="724" WIDTH="80" HEIGHT="32" WC="0.92" CONTENT="helge-"/>
						</TextLine>
						<TextLine ID="line_12" HPOS="130" VPOS="758" WIDTH="643" HEIGHT="34">
							<String ID="string_59" HPOS="130" VPOS="760" WIDTH="56" HEIGHT="32" WC="0.93" CONTENT="dag,"/><SP WIDTH="17" VPOS="760" HPOS="186"/>
							<String ID="string_60" HPOS="203" VPOS="759" WIDTH="141" HEIGHT="32" WC="0.91" CONTENT="uppskjutes"/><SP WIDTH="18" VPOS="759" HPOS="344"/>
							<String ID="string_61" HPOS="362" VPOS="759" WIDTH="40" HEIGHT="24" WC="0.96" CONTENT="till"/><SP WIDTH="18" VPOS="759" HPOS="402"/>
							<String ID="string_62" HPOS="420" VPOS="759" WIDTH="161" HEIGHT="31" WC="0.95" CONTENT="nästföljande"/><SP WIDTH="18" VPOS="759" HPOS="581"/>
							<String ID="string_63" HPOS="599" VPOS="758" WIDTH="105" HEIGHT="33" WC="0.96" CONTENT="helgfria"/><SP WIDTH="17" VPOS="758" HPOS="704"/>
							<String ID="string_64" HPOS="721" VPOS="759" WIDTH="52" HEIGHT="31" WC="0.96" CONTENT="dag."/>
						</TextLine>
					</TextBlock>
				</ComposedBlock>
				<ComposedBlock ID="cblock_7" HPOS="467" VPOS="839" WIDTH="90" HEIGHT="30">
					<TextBlock ID="block_7" HPOS="467" VPOS="839" WIDTH="90" HEIGHT="30">
						<TextLine ID="line_13" HPOS="467" VPOS="839" WIDTH="90" HEIGHT="30">
							<String ID="string_65" HPOS="467" VPOS="840" WIDTH="14" HEIGHT="29" WC="0.95" CONTENT="8"/><SP WIDTH="21" VPOS="840" HPOS="481"/>
							<String ID="string_66" HPOS="502" VPOS="839" WIDTH="55" HEIGHT="24" WC="0.94" CONTENT="122."/>
						</TextLine>
					</TextBlock>
				</ComposedBlock>
				<ComposedBlock ID="cblock_8" HPOS="133" VPOS="888" WIDTH="756" HEIGHT="137">
					<TextBlock ID="block_8" HPOS="133" VPOS="888" WIDTH="756" HEIGHT="137">
						<TextLine ID="line_14" HPOS="203" VPOS="888" WIDTH="685" HEIGHT="33">
							<String ID="string_67" HPOS="203" VPOS="889" WIDTH="85" HEIGHT="31" WC="0.91" CONTENT="Qvitto,"/><SP WIDTH="18" VPOS="889" HPOS="288"/>
							<String ID="string_68" HPOS="306" VPOS="890" WIDTH="123" HEIGHT="24" WC="0.92" CONTENT="utfärdadt"/><SP WIDTH="18" VPOS="890" HPOS="429"/>
							<String ID="string_69" HPOS="447" VPOS="890" WIDTH="26" HEIGHT="24" WC="0.96" CONTENT="af"/><SP WIDTH="17" VPOS="890" HPOS="473"/>
							<String ID="string_70" HPOS="490" VPOS="890" WIDTH="93" HEIGHT="24" WC="0.92" CONTENT="Kassör"/><SP WIDTH="19" VPOS="890" HPOS="583"/>
							<String ID="string_71" HPOS="602" VPOS="890" WIDTH="66" HEIGHT="24" WC="0.92" CONTENT="öfver"/><SP WIDTH="18" VPOS="890" HPOS="668"/>
							<String ID="string_72" HPOS="686" VPOS="889" WIDTH="151" HEIGHT="32" WC="0.96" CONTENT="inbetalning"/><SP WIDTH="12" VPOS="889" HPOS="837"/>
							<String ID="string_73" HPOS="849" VPOS="888" WIDTH="39" HEIGHT="24" WC="0.96" CONTENT="till"/>
						</TextLine>
						<TextLine ID="line_15" HPOS="133" VPOS="923" WIDTH="756" HEIGHT="33">
							<String ID="string_74" HPOS="133" VPOS="924" WIDTH="109" HEIGHT="31" WC="0.95" CONTENT="Banken,"/><SP WIDTH="26" VPOS="924" HPOS="242"/>
							<String ID="string_75" HPOS="268" VPOS="924" WIDTH="77" HEIGHT="32" WC="0.96" CONTENT="gäller"/><SP WIDTH="23" VPOS="924" HPOS="345"/>
							<String ID="string_76" HPOS="368" VPOS="924" WIDTH="52" HEIGHT="24" WC="0.96" CONTENT="icke"/><SP WIDTH="23" VPOS="924" HPOS="420"/>
							<String ID="string_77" HPOS="443" VPOS="925" WIDTH="9" HEIGHT="23" WC="0.96" CONTENT="i"/><SP WIDTH="22" VPOS="925" HPOS="452"/>
							<String ID="string_78" HPOS="474" VPOS="925" WIDTH="44" HEIGHT="23" WC="0.96" CONTENT="och"/><SP WIDTH="18" VPOS="925" HPOS="518"/>
							<String ID="string_79" HPOS="536" VPOS="927" WIDTH="48" HEIGHT="22" WC="0.96" CONTENT="mot"/><SP WIDTH="17" VPOS="927" HPOS="584"/>
							<String ID="string_80" HPOS="601" VPOS="924" WIDTH="107" HEIGHT="31" WC="0.96" CONTENT="Banken,"/><SP WIDTH="19" VPOS="924" HPOS="708"/>
							<String ID="string_81" HPOS="727" VPOS="932" WIDTH="37" HEIGHT="16" WC="0.96" CONTENT="om"/><SP WIDTH="18" VPOS="932" HPOS="764"/>
							<String ID="string_82" HPOS="782" VPOS="923" WIDTH="51" HEIGHT="24" WC="0.96" CONTENT="icke"/><SP WIDTH="18" VPOS="923" HPOS="833"/>
							<String ID="string_83" HPOS="851" VPOS="923" WIDTH="38" HEIGHT="24" WC="0.96" CONTENT="det"/>
						</TextLine>
						<TextLine ID="line_16" HPOS="134" VPOS="957" WIDTH="754" HEIGHT="26">
							<String ID="string_84" HPOS="134" VPOS="959" WIDTH="82" HEIGHT="24" WC="0.96" CONTENT="blifvit"/><SP WIDTH="18" VPOS="959" HPOS="216"/>
							<String ID="string_85" HPOS="234" VPOS="959" WIDTH="43" HEIGHT="24" WC="0.96" CONTENT="hos"/><SP WIDTH="12" VPOS="959" HPOS="277"/>
							<String ID="string_86" HPOS="289" VPOS="959" WIDTH="174" HEIGHT="24" WC="0.93" CONTENT="vederbörande"/><SP WIDTH="14" VPOS="959" HPOS="463"/>
							<String ID="string_87" HPOS="477" VPOS="959" WIDTH="144" HEIGHT="24" WC="0.88" CONTENT="Kamrerare"/><SP WIDTH="12" VPOS="959" HPOS="621"/>
							<String ID="string_88" HPOS="633" VPOS="959" WIDTH="58" HEIGHT="24" WC="0.93" CONTENT="eller"/><SP WIDTH="12" VPOS="959" HPOS="691"/>
							<String ID="string_89" HPOS="703" VPOS="957" WIDTH="185" HEIGHT="26" WC="0.90" CONTENT="Bankkommis-"/>
						</TextLine>
						<TextLine ID="line_17" HPOS="134" VPOS="993" WIDTH="590" HEIGHT="32">
							<String ID="string_90" HPOS="134" VPOS="993" WIDTH="65" HEIGHT="24" WC="0.92" CONTENT="sarie"/><SP WIDTH="18" VPOS="993" HPOS="199"/>
							<String ID="string_91" HPOS="217" VPOS="993" WIDTH="129" HEIGHT="32" WC="0.92" CONTENT="uppvisadt"/><SP WIDTH="18" VPOS="993" HPOS="346"/>
							<String ID="string_92" HPOS="364" VPOS="993" WIDTH="44" HEIGHT="24" WC="0.96" CONTENT="och"/><SP WIDTH="20" VPOS="993" HPOS="408"/>
							<String ID="string_93" HPOS="428" VPOS="993" WIDTH="25" HEIGHT="24" WC="0.96" CONTENT="af"/><SP WIDTH="17" VPOS="993" HPOS="453"/>
							<String ID="string_94" HPOS="470" VPOS="993" WIDTH="89" HEIGHT="24" WC="0.88" CONTENT="honom"/><SP WIDTH="18" VPOS="993" HPOS="559"/>
							<String ID="string_95" HPOS="577" VPOS="993" WIDTH="147" HEIGHT="32" WC="0.88" CONTENT="påtecknadt."/>
						</TextLine>
					</TextBlock>
				</ComposedBlock>
				<ComposedBlock ID="cblock_9" HPOS="470" VPOS="1074" WIDTH="91" HEIGHT="29">
					<TextBlock ID="block_9" HPOS="470" VPOS="1074" WIDTH="91" HEIGHT="29">
						<TextLine ID="line_18" HPOS="470" VPOS="1074" WIDTH="91" HEIGHT="29">
							<String ID="string_96" HPOS="470" VPOS="1075" WIDTH="14" HEIGHT="28" WC="0.64" CONTENT="8"/><SP WIDTH="22" VPOS="1075" HPOS="484"/>
							<String ID="string_97" HPOS="506" VPOS="1074" WIDTH="55" HEIGHT="24" WC="0.94" CONTENT="123."/>
						</TextLine>
					</TextBlock>
				</ComposedBlock>
				<ComposedBlock ID="cblock_10" HPOS="136" VPOS="1124" WIDTH="756" HEIGHT="204">
					<TextBlock ID="block_10" HPOS="136" VPOS="1124" WIDTH="756" HEIGHT="204">
						<TextLine ID="line_19" HPOS="204" VPOS="1124" WIDTH="688" HEIGHT="33">
							<String ID="string_98" HPOS="204" VPOS="1124" WIDTH="101" HEIGHT="25" WC="0.95" CONTENT="Banken"/><SP WIDTH="27" VPOS="1124" HPOS="305"/>
							<String ID="string_99" HPOS="332" VPOS="1127" WIDTH="38" HEIGHT="22" WC="0.92" CONTENT="mä"/><SP WIDTH="27" VPOS="1127" HPOS="370"/>
							<String ID="string_100" HPOS="397" VPOS="1125" WIDTH="52" HEIGHT="24" WC="0.92" CONTENT="icke"/><SP WIDTH="28" VPOS="1125" HPOS="449"/>
							<String ID="string_101" HPOS="477" VPOS="1128" WIDTH="47" HEIGHT="29" WC="0.91" CONTENT="äga"/><SP WIDTH="27" VPOS="1128" HPOS="524"/>
							<String ID="string_102" HPOS="551" VPOS="1133" WIDTH="82" HEIGHT="16" WC="0.96" CONTENT="annan"/><SP WIDTH="26" VPOS="1133" HPOS="633"/>
							<String ID="string_103" HPOS="659" VPOS="1125" WIDTH="122" HEIGHT="32" WC="0.96" CONTENT="fastighet,"/><SP WIDTH="22" VPOS="1125" HPOS="781"/>
							<String ID="string_104" HPOS="803" VPOS="1127" WIDTH="30" HEIGHT="21" WC="0.96" CONTENT="än"/><SP WIDTH="23" VPOS="1127" HPOS="833"/>
							<String ID="string_105" HPOS="856" VPOS="1124" WIDTH="36" HEIGHT="24" WC="0.96" CONTENT="för"/>
						</TextLine>
						<TextLine ID="line_20" HPOS="136" VPOS="1159" WIDTH="755" HEIGHT="32">
							<String ID="string_106" HPOS="136" VPOS="1159" WIDTH="191" HEIGHT="24" WC="0.85" CONTENT="Bankrörelsens"/><SP WIDTH="29" VPOS="1159" HPOS="327"/>
							<String ID="string_107" HPOS="356" VPOS="1159" WIDTH="157" HEIGHT="24" WC="0.85" CONTENT="bedrifvande"/><SP WIDTH="28" VPOS="1159" HPOS="513"/>
							<String ID="string_108" HPOS="541" VPOS="1160" WIDTH="125" HEIGHT="24" WC="0.93" CONTENT="erfordras."/><SP WIDTH="41" VPOS="1160" HPOS="666"/>
							<String ID="string_109" HPOS="707" VPOS="1159" WIDTH="184" HEIGHT="32" WC="0.90" CONTENT="Undantagsvis"/>
						</TextLine>
						<TextLine ID="line_21" HPOS="137" VPOS="1193" WIDTH="755" HEIGHT="33">
							<String ID="string_110" HPOS="137" VPOS="1193" WIDTH="38" HEIGHT="24" WC="0.91" CONTENT="fär"/><SP WIDTH="27" VPOS="1193" HPOS="175"/>
							<String ID="string_111" HPOS="202" VPOS="1193" WIDTH="57" HEIGHT="24" WC="0.94" CONTENT="dock"/><SP WIDTH="26" VPOS="1193" HPOS="259"/>
							<String ID="string_112" HPOS="285" VPOS="1193" WIDTH="39" HEIGHT="24" WC="0.96" CONTENT="till"/><SP WIDTH="22" VPOS="1193" HPOS="324"/>
							<String ID="string_113" HPOS="346" VPOS="1193" WIDTH="102" HEIGHT="24" WC="0.93" CONTENT="Banken"/><SP WIDTH="21" VPOS="1193" HPOS="448"/>
							<String ID="string_114" HPOS="469" VPOS="1195" WIDTH="207" HEIGHT="30" WC="0.92" CONTENT="pantförskrifven"/><SP WIDTH="22" VPOS="1195" HPOS="676"/>
							<String ID="string_115" HPOS="698" VPOS="1194" WIDTH="123" HEIGHT="32" WC="0.95" CONTENT="fastighet,"/><SP WIDTH="21" VPOS="1194" HPOS="821"/>
							<String ID="string_116" HPOS="842" VPOS="1201" WIDTH="50" HEIGHT="16" WC="0.96" CONTENT="som"/>
						</TextLine>
						<TextLine ID="line_22" HPOS="138" VPOS="1227" WIDTH="754" HEIGHT="33">
							<String ID="string_117" HPOS="138" VPOS="1227" WIDTH="124" HEIGHT="24" WC="0.92" CONTENT="exekutivt"/><SP WIDTH="17" VPOS="1227" HPOS="262"/>
							<String ID="string_118" HPOS="279" VPOS="1228" WIDTH="117" HEIGHT="31" WC="0.92" CONTENT="försäljes,"/><SP WIDTH="17" VPOS="1228" HPOS="396"/>
							<String ID="string_119" HPOS="413" VPOS="1228" WIDTH="98" HEIGHT="32" WC="0.92" CONTENT="inropas"/><SP WIDTH="20" VPOS="1228" HPOS="511"/>
							<String ID="string_120" HPOS="531" VPOS="1229" WIDTH="36" HEIGHT="24" WC="0.93" CONTENT="för"/><SP WIDTH="18" VPOS="1229" HPOS="567"/>
							<String ID="string_121" HPOS="585" VPOS="1229" WIDTH="138" HEIGHT="30" WC="0.92" CONTENT="skyddande"/><SP WIDTH="19" VPOS="1229" HPOS="723"/>
							<String ID="string_122" HPOS="742" VPOS="1229" WIDTH="24" HEIGHT="24" WC="0.93" CONTENT="af"/><SP WIDTH="12" VPOS="1229" HPOS="766"/>
							<String ID="string_123" HPOS="778" VPOS="1228" WIDTH="114" HEIGHT="24" WC="0.92" CONTENT="Bankens"/>
						</TextLine>
						<TextLine ID="line_23" HPOS="137" VPOS="1261" WIDTH="755" HEIGHT="34">
							<String ID="string_124" HPOS="137" VPOS="1261" WIDTH="103" HEIGHT="32" WC="0.91" CONTENT="fordran,"/><SP WIDTH="19" VPOS="1261" HPOS="240"/>
							<String ID="string_125" HPOS="259" VPOS="1270" WIDTH="54" HEIGHT="16" WC="0.96" CONTENT="men"/><SP WIDTH="18" VPOS="1270" HPOS="313"/>
							<String ID="string_126" HPOS="331" VPOS="1263" WIDTH="41" HEIGHT="23" WC="0.95" CONTENT="bör"/><SP WIDTH="18" VPOS="1263" HPOS="372"/>
							<String ID="string_127" HPOS="390" VPOS="1264" WIDTH="28" HEIGHT="22" WC="0.96" CONTENT="sä"/><SP WIDTH="18" VPOS="1264" HPOS="418"/>
							<String ID="string_128" HPOS="436" VPOS="1265" WIDTH="70" HEIGHT="22" WC="0.93" CONTENT="snart"/><SP WIDTH="18" VPOS="1265" HPOS="506"/>
							<String ID="string_129" HPOS="524" VPOS="1263" WIDTH="234" HEIGHT="32" WC="0.92" CONTENT="omständigheterna"/><SP WIDTH="18" VPOS="1263" HPOS="758"/>
							<String ID="string_130" HPOS="776" VPOS="1263" WIDTH="38" HEIGHT="24" WC="0.93" CONTENT="det"/><SP WIDTH="15" VPOS="1263" HPOS="814"/>
							<String ID="string_131" HPOS="829" VPOS="1262" WIDTH="63" HEIGHT="24" WC="0.92" CONTENT="med-"/>
						</TextLine>
						<TextLine ID="line_24" HPOS="138" VPOS="1296" WIDTH="275" HEIGHT="32">
							<String ID="string_132" HPOS="138" VPOS="1296" WIDTH="69" HEIGHT="32" WC="0.88" CONTENT="gifva"/><SP WIDTH="17" VPOS="1296" HPOS="207"/>
							<String ID="string_133" HPOS="224" VPOS="1298" WIDTH="50" HEIGHT="22" WC="0.93" CONTENT="äter"/><SP WIDTH="18" VPOS="1298" HPOS="274"/>
							<String ID="string_134" HPOS="292" VPOS="1297" WIDTH="121" HEIGHT="31" WC="0.88" CONTENT="föryttras."/>
						</TextLine>
					</TextBlock>
				</ComposedBlock>
				<ComposedBlock ID="cblock_11" HPOS="475" VPOS="1360" WIDTH="90" HEIGHT="29">
					<TextBlock ID="block_11" HPOS="475" VPOS="1360" WIDTH="90" HEIGHT="29">
						<TextLine ID="line_25" HPOS="475" VPOS="1360" WIDTH="90" HEIGHT="29">
							<String ID="string_135" HPOS="475" VPOS="1361" WIDTH="13" HEIGHT="28" WC="0.91" CONTENT="8"/><SP WIDTH="22" VPOS="1361" HPOS="488"/>
							<String ID="string_136" HPOS="510" VPOS="1360" WIDTH="55" HEIGHT="23" WC="0.92" CONTENT="124."/>
						</TextLine>
					</TextBlock>
				</ComposedBlock>
				<ComposedBlock ID="cblock_12" HPOS="140" VPOS="1410" WIDTH="756" HEIGHT="66">
					<TextBlock ID="block_12" HPOS="140" VPOS="1410" WIDTH="756" HEIGHT="66">
						<TextLine ID="line_26" HPOS="209" VPOS="1410" WIDTH="685" HEIGHT="33">
							<String ID="string_137" HPOS="209" VPOS="1411" WIDTH="124" HEIGHT="32" WC="0.91" CONTENT="Offentligt"/><SP WIDTH="18" VPOS="1411" HPOS="333"/>
							<String ID="string_138" HPOS="351" VPOS="1414" WIDTH="68" HEIGHT="29" WC="0.91" CONTENT="utrop"/><SP WIDTH="19" VPOS="1414" HPOS="419"/>
							<String ID="string_139" HPOS="438" VPOS="1411" WIDTH="40" HEIGHT="24" WC="0.93" CONTENT="till"/><SP WIDTH="19" VPOS="1411" HPOS="478"/>
							<String ID="string_140" HPOS="497" VPOS="1411" WIDTH="146" HEIGHT="32" WC="0.91" CONTENT="försäljande"/><SP WIDTH="19" VPOS="1411" HPOS="643"/>
							<String ID="string_141" HPOS="662" VPOS="1412" WIDTH="24" HEIGHT="23" WC="0.97" CONTENT="af"/><SP WIDTH="18" VPOS="1412" HPOS="686"/>
							<String ID="string_142" HPOS="704" VPOS="1413" WIDTH="65" HEIGHT="30" WC="0.96" CONTENT="pant,"/><SP WIDTH="13" VPOS="1413" HPOS="769"/>
							<String ID="string_143" HPOS="782" VPOS="1419" WIDTH="50" HEIGHT="16" WC="0.93" CONTENT="som"/><SP WIDTH="15" VPOS="1419" HPOS="832"/>
							<String ID="string_144" HPOS="847" VPOS="1410" WIDTH="47" HEIGHT="24" WC="0.93" CONTENT="för-"/>
						</TextLine>
						<TextLine ID="line_27" HPOS="140" VPOS="1445" WIDTH="756" HEIGHT="31">
							<String ID="string_145" HPOS="140" VPOS="1453" WIDTH="73" HEIGHT="16" WC="0.96" CONTENT="varas"/><SP WIDTH="27" VPOS="1453" HPOS="213"/>
							<String ID="string_146" HPOS="240" VPOS="1445" WIDTH="9" HEIGHT="24" WC="0.95" CONTENT="i"/><SP WIDTH="25" VPOS="1445" HPOS="249"/>
							<String ID="string_147" HPOS="274" VPOS="1445" WIDTH="108" HEIGHT="31" WC="0.95" CONTENT="Banken,"/><SP WIDTH="20" VPOS="1445" HPOS="382"/>
							<String ID="string_148" HPOS="402" VPOS="1447" WIDTH="44" HEIGHT="29" WC="0.96" CONTENT="mä,"/><SP WIDTH="20" VPOS="1447" HPOS="446"/>
							<String ID="string_149" HPOS="466" VPOS="1453" WIDTH="38" HEIGHT="16" WC="0.93" CONTENT="om"/><SP WIDTH="18" VPOS="1453" HPOS="504"/>
							<String ID="string_150" HPOS="522" VPOS="1446" WIDTH="222" HEIGHT="24" WC="0.92" CONTENT="Bankdirektionen"/><SP WIDTH="18" VPOS="1446" HPOS="744"/>
							<String ID="string_151" HPOS="762" VPOS="1446" WIDTH="78" HEIGHT="23" WC="0.92" CONTENT="finner"/><SP WIDTH="18" VPOS="1446" HPOS="840"/>
							<String ID="string_152" HPOS="858" VPOS="1445" WIDTH="38" HEIGHT="24" WC="0.96" CONTENT="det"/>
						</TextLine>
					</TextBlock>
				</ComposedBlock>
			</PrintSpace>
		</Page>
	</Layout>
</alto>
