1078 1692
207 152 27 20 22
447 151 29 22 U.
491 152 24 20 B.
532 163 27 4 —
574 152 105 20 XXXVI.

176 214 52 20 tralt
250 213 147 26 bankinstitut,
420 221 47 14 som
489 214 58 21 hölle
570 216 34 26 sig
627 214 51 21 eller
699 214 112 21 förmädde
829 213 55 21 hälla
900 215 33 26 sig

176 249 60 19 inom
258 248 67 20 rollen
348 248 25 21 af
392 256 26 13 en
440 248 131 22 afvaktande
593 248 143 21 reservkassa.
766 248 10 20 I
794 248 50 20 våra
856 248 77 26 jämfö-

177 282 89 21 relsevis
282 283 46 20 smä
343 282 146 21 förhällanden
503 282 24 21 är
549 283 38 21 det
610 282 42 21 ock
674 282 24 21 af
718 282 92 21 särskild
831 283 46 26 vigt
901 285 31 17 att

177 316 103 21 Finlands
295 316 61 21 Bank
371 323 78 21 genom
465 320 32 18 att
512 316 98 21 bedrifva
626 316 95 27 utläning
736 316 32 21 till
788 316 28 21 de
839 316 25 20 af
882 316 50 20 dess

178 350 93 26 styrelse
286 350 113 21 faststälda
415 351 42 20 och
471 350 32 21 för
519 350 145 22 allmänheten
686 350 120 27 kungjorda
828 350 104 21 räntesat-

178 391 35 13 ser
227 384 125 21 motverkar
368 385 42 20 den
424 384 41 21 hos
480 384 181 28 privatbankerna
676 384 40 21 lätt
730 384 122 27 förklarliga
870 384 62 21 strät-

177 425 42 13 van
234 421 34 18 att
282 418 56 21 hälla
353 418 98 22 krediten
467 419 46 27 dyr.
543 419 60 21 Utan
619 422 31 18 att
666 418 33 21 för
714 425 56 21 egen
784 418 89 27 räkning
888 418 44 20 del-

177 455 51 24 taga
244 454 6 19 i
266 452 119 22 bankernas
398 453 105 21 allmänna
518 453 99 21 funktion
632 456 32 18 att
679 446 62 27 förse
752 452 28 21 de
802 452 130 28 produktiva

177 487 128 27 näringarna
329 487 51 21 med
402 487 152 21 rörelsemedel
576 486 68 22 skulle
665 486 102 22 Finlands
790 486 61 21 Bank
865 486 67 21 blifva

177 520 134 22 främmande
333 521 33 21 för
380 521 116 21 affärernas
511 521 59 27 gäng
585 521 42 20 och
642 521 89 21 sälunda
747 520 18 27 ej
781 520 66 21 heller
861 520 70 21 kunna

178 556 50 20 med
243 555 68 27 nödig
326 557 64 25 insigt
405 555 108 28 uppträda
529 556 73 20 säsom
617 555 97 27 hjälpare
729 556 6 20 i
750 554 76 22 kritisk
840 554 37 22 tid.

245 589 66 21 Hvad
326 589 115 21 Utskottet
455 596 28 14 nu
498 589 115 21 framhållit
628 589 88 21 innebär
739 588 58 22 dock
818 588 114 28 ingalunda

176 624 67 26 något
267 623 74 21 förord
363 623 33 21 för
418 623 133 27 utlåningens
567 623 141 21 bedrifvande
724 624 6 19 i
745 623 24 20 så
784 626 46 17 stor
845 622 87 21 omfatt-

176 659 51 25 ning
246 657 100 21 Bankens
369 657 112 27 tillgångar
496 657 101 27 möjligen
612 657 122 27 medgåfve,
751 656 18 27 ej
785 656 66 21 heller
864 657 68 26 något

176 691 186 21 underskattande
377 692 25 20 af
413 691 42 21 den
475 692 46 26 vigt
544 698 48 13 som
614 691 68 27 ligger
706 692 28 26 på
756 691 132 21 bevarandet
910 690 25 21 af

175 726 81 26 nödiga
280 732 102 14 reserver.
412 725 101 21 Finlands
529 725 61 21 Bank
611 725 39 21 bör
672 728 52 18 utan
745 724 75 22 tvifvel
835 724 96 28 iakttaga

176 760 70 20 större
269 759 173 21 återhållsamhet
457 761 7 19 i
479 761 32 19 sin
527 759 96 27 utlåning
638 760 26 20 än
686 758 180 28 privatbankerna
889 759 42 20 och

176 793 69 27 aldrig
282 793 43 21 låta
362 795 33 25 sig
431 793 57 21 föras
525 794 21 20 in
588 795 7 19 i
627 793 105 27 tillfälliga
768 792 162 27 konjunkturers

176 828 129 26 strömdrag.
336 828 44 20 Det
394 827 38 20 har
447 827 69 21 blifvit
531 828 72 26 sagdt,
619 831 32 17 att
666 827 121 21 Ständerna
810 827 67 20 borde
899 826 32 21 till

175 860 89 28 ledning
286 861 32 20 för
340 861 215 26 banktörvaltningen
577 861 109 27 uppställa
701 861 73 26 någon
793 860 65 27 regel,
873 861 58 20 inne-

175 894 99 22 fattande
290 902 26 14 en
331 895 91 21 rationel
436 895 146 27 begränsning
597 895 24 20 af
640 894 99 21 Bankens
762 894 169 27 utlåningsverk-

171 929 96 21 samhet.
297 929 116 20 Utskottet
434 929 70 20 måste
527 929 58 20 dock
607 935 52 14 anse
682 929 37 20 det
740 928 109 27 vanskligt
870 931 32 18 att
924 929 6 20 i

175 962 61 21 detta
252 963 58 26 syfte
326 962 116 21 framställa
457 963 67 26 något
539 962 87 27 förslag,
643 969 47 14 som
712 962 104 21 befunnes
839 961 92 28 tillämp-

174 996 40 27 ligt
229 997 29 26 på
274 997 28 20 de
317 997 172 26 mångskiftande
504 996 160 21 förhållandena
680 998 6 19 i
696 1003 28 14 en
733 995 138 22 bankrörelse
889 995 42 21 och

175 1030 103 21 särskildt
292 1032 7 19 i
314 1030 247 27 vexeldiskonteringen.
591 1031 34 20 En
640 1031 67 20 sådan
722 1030 66 27 regel,
804 1030 63 20 hvars
889 1029 42 21 rik-

174 1064 71 27 tighet
261 1065 18 26 ej
295 1065 63 20 torde
374 1065 112 24 bestridas,
503 1071 52 14 vore
570 1068 15 17 t.
606 1071 35 14 ex.
663 1065 49 24 den,
736 1067 32 18 att
790 1063 140 21 statsbanken

175 1098 18 26 ej
210 1098 39 21 bör
265 1098 77 27 bevilja
357 1099 110 26 personlig
481 1099 71 20 kredit
568 1099 22 20 åt
605 1105 43 20 nya
662 1098 78 25 firmor,
756 1097 83 21 hvilkas
859 1097 71 21 solidi-

174 1135 33 18 tet
222 1132 44 21 och
281 1132 129 27 skicklighet
424 1132 47 21 icke
485 1133 56 20 ännu
557 1133 38 20 äro
610 1132 140 27 bepröfvade.
774 1132 51 20 Men
840 1131 91 22 Utskot-

172 1169 35 18 tet
222 1166 66 21 finner
304 1167 25 26 ej,
346 1169 31 18 att
396 1166 92 21 faktiska
503 1167 140 26 anledningar
664 1166 32 21 till
718 1173 28 14 en
768 1165 60 27 dylik
849 1167 82 19 erinran

173 1199 69 22 skulle
258 1200 28 21 ha
301 1200 142 21 förekommit.
474 1201 155 20 Revisorernas
645 1200 128 21 berättelser
792 1200 34 21 för
847 1199 28 21 de
896 1206 34 13 se-

174 1237 63 17 naste
258 1234 56 20 åren
331 1235 81 26 intyga,
428 1237 33 18 att
476 1234 174 21 erkännansvärd
664 1233 124 22 varsamhet
803 1235 6 19 i
825 1233 105 21 rörelsens

174 1267 142 22 bedrifvande
331 1268 68 21 blifvit
414 1269 117 26 iakttagen.

244 1302 43 21 Att
302 1302 101 21 Finlands
418 1302 61 21 Bank
501 1303 67 20 under
589 1302 48 21 den
652 1301 155 28 uppåtgående
828 1300 103 27 konjunk-

173 1339 63 17 turen
258 1336 52 20 åren
333 1336 53 21 1888
408 1336 41 21 och
474 1337 53 26 1889
547 1336 80 27 jämväl
642 1336 100 27 iakttagit
758 1335 173 21 återhållsamhet

173 1369 44 21 och
240 1370 116 27 ingalunda
374 1370 61 21 täflat
457 1371 51 20 med
531 1370 181 27 privatbankerna
727 1371 7 20 i
749 1369 134 27 utlåningens
898 1372 33 18 ut-

172 1403 134 28 sträckning,
322 1403 93 28 framgår
429 1404 25 21 af
465 1404 28 21 de
509 1404 71 21 siffror
602 1403 116 22 Utskottet
738 1403 93 27 tidigare
853 1403 76 24 anfört,

173 1443 50 15 men
243 1437 73 21 hvilka
337 1437 38 21 här
397 1438 75 21 böra
466 1433 14 36 i
493 1445 70 14 annan
585 1437 199 27 sammanställning
805 1437 125 27 ytterligare

243 1475 145 19 Bankutskottets
400 1476 110 19 betänkande
521 1477 36 17 N:o
570 1477 15 17 1.
