1078 1692
112 989 9 28 8
139 991 19 19 4.

205 141 27 21 10
449 141 23 22 U.
488 141 23 21 B.
527 154 27 2 —
570 141 92 21 XXXVI.

175 208 93 22 beslutet
283 209 35 21 vid
336 209 54 23 1888
406 209 36 22 ärs
457 210 110 27 landtdag,
584 212 25 19 är
625 212 108 26 upptagen
749 209 30 21 till
790 209 29 21 tio
829 210 105 21 millioner

175 237 61 21 mark
246 237 28 29 *).

244 272 8 20 I
264 273 158 27 sammanhang
434 273 91 22 härmed
536 274 41 20 har
586 273 109 22 Utskottet
706 273 112 27 öfvervägt
829 279 26 15 en
866 272 67 28 fräga,

175 308 47 14 som
246 301 32 21 tid
298 301 53 21 efter
369 308 73 15 annan
458 302 56 21 varit
529 302 92 22 föremäl
636 302 32 21 för
682 302 194 27 uppmärksamhet
892 302 41 20 och

175 329 63 21 äfven
261 330 36 20 vid
318 330 72 22 denna
408 331 103 27 landtdag
530 331 92 26 berörts,
642 331 109 27 nämligen
766 330 106 21 huruvida
887 330 47 21 skäl

174 358 125 22 förefunnes
322 361 37 25 att,
375 360 29 26 pä
426 361 43 19 sätt
491 359 145 22 förhållandet
658 361 24 19 är
705 360 7 20 i
727 360 27 20 de
769 359 63 21 flesta
847 359 85 21 länders

175 387 171 27 centralbanker,
370 388 80 22 bereda
473 388 82 22 tillfälle
577 388 33 22 för
633 388 97 22 enskilda
750 388 134 27 kapitalister
901 389 32 20 att

175 416 73 21 säsom
268 416 123 22 aktionärer
407 417 49 27 ingä
472 418 6 20 i
493 417 103 21 Finlands
611 417 66 21 Bank.
708 417 31 21 En
755 417 23 21 af
792 417 25 21 de
833 416 99 27 fördelar,

174 451 48 14 som
238 444 92 22 sälunda
345 452 90 20 vunnes,
452 452 52 16 vore
519 452 27 15 en
563 446 146 27 förstärkning
724 446 22 21 af
760 446 99 21 bankens
871 446 61 26 kapi-

174 473 36 26 tal,
229 473 124 23 oberoende
369 474 24 22 af
406 475 41 21 den
463 474 197 28 kapitalförökning
676 481 48 15 som
740 480 79 22 genom
835 480 96 16 reserve-

174 502 48 27 ring
237 503 14 21 å
267 503 147 21 ärsvinsterna
429 504 44 20 kan
489 504 70 21 ernäs.
584 504 31 20 En
631 510 74 15 annan
720 503 68 21 fördel
803 503 24 21 af
835 503 97 21 bankens

174 531 107 22 ställande
303 531 29 28 pä
354 532 69 22 aktier
445 539 58 19 vore,
525 535 32 19 att
572 533 85 27 privata
672 532 119 22 affärsmän
807 532 125 26 derigenom

174 560 81 22 erhölle
271 560 117 28 inflytande
403 562 28 26 pä
441 562 114 26 ledningen
567 561 24 21 af
599 561 98 22 bankens
709 561 144 21 verksamhet.
875 561 56 21 Utan

173 591 32 18 att
228 589 142 22 underskatta
388 590 127 27 betydelsen
533 590 24 21 af
573 590 64 22 dessa
653 590 192 27 omständigheter,
861 590 70 21 mäste

173 617 110 22 Utskottet
300 618 56 21 dock
374 618 57 22 hälla
446 618 53 27 före,
515 622 32 18 att
562 619 103 21 Finlands
680 619 68 26 Bank,
765 619 49 21 med
829 618 102 22 afseende

173 647 14 20 å
210 646 85 22 landets
318 647 110 21 allmänna
450 648 107 21 intressen
580 648 41 21 och
643 648 101 21 särskildt
762 648 73 21 såsom
855 654 75 15 ensam

173 675 159 22 innehafvande
352 676 227 28 sedelutgifningsrätt,
595 677 6 20 i
620 677 31 21 sin
671 676 138 22 verksamhet
825 676 40 21 bör
879 676 51 27 följa

173 704 115 27 principer,
311 704 72 22 hvilka
406 706 5 20 i
434 706 59 20 vissa
515 705 118 22 afseenden
656 706 74 20 kunna
751 705 72 21 afvika
840 705 48 21 från
903 711 27 15 en

173 738 73 16 annan
262 733 152 22 bankrörelses
429 734 86 27 vanliga
531 734 176 27 operationssätt.
735 734 33 21 Då
783 734 70 21 härtill
868 734 62 20 kom-

172 767 53 21 mer,
249 764 32 19 att
304 761 133 28 svårigheter
460 763 35 21 vid
513 762 180 28 genomförandet
716 763 23 21 af
757 769 27 15 en
805 762 57 28 dylik
880 762 50 27 plan

172 790 73 22 kunde
265 792 77 26 uppstå
360 791 81 27 jemväl
461 792 66 24 deraf,
544 794 31 19 att
591 792 42 21 alla
648 792 142 21 aktiebanker
806 793 39 20 äro
860 791 70 21 stälda

172 818 68 22 under
256 820 138 26 regeringens
410 820 77 27 tillsyn,
503 820 79 21 medan
599 820 55 21 dock
669 820 135 21 bevarandet
814 820 24 21 af
846 820 84 21 landets

172 847 158 22 nationalbank
346 849 6 20 i
368 848 41 21 den
424 849 101 26 ställning
541 849 30 21 till
587 849 83 22 landets
686 849 100 26 Ständer,
802 849 128 21 densamma

173 876 65 27 enligt
254 877 105 26 grundlag
374 877 97 27 innehar,
487 877 71 22 måste
574 884 65 15 anses
649 878 70 21 under
729 878 42 21 alla
781 877 149 22 förhållanden

172 911 53 14 vara
244 905 24 21 af
284 905 109 28 synnerlig
410 906 51 27 vigt,
481 907 40 20 har
536 906 109 22 Utskottet
659 906 71 21 funnit
746 906 73 21 starka
835 906 45 21 skäl
896 907 33 20 åt-

172 933 110 22 minstone
304 933 33 22 för
359 935 137 22 närvarande
519 935 44 21 tala
582 937 45 20 mot
645 935 149 28 upptagandet
813 935 24 20 af
849 934 81 21 omför-

172 962 72 21 mälda
261 962 81 27 förslag
356 963 30 21 till
402 965 101 20 närmare
518 964 148 27 bearbetning.

240 997 41 21 Det
302 998 40 21 har
365 997 106 22 särskilda
493 998 88 27 gånger,
601 999 63 21 äfven
683 999 35 20 vid
734 998 71 21 denna
821 997 109 27 landtdag,

171 1025 111 27 påyrkats,
298 1029 31 18 att
346 1027 26 21 de
388 1027 76 27 anslag
479 1027 30 21 till
526 1027 136 27 jordbrukets
679 1027 166 27 upphjelpande,
861 1026 69 22 tekni-

171 1053 40 22 ska
232 1055 156 26 realskolorna,
408 1055 121 22 dårvården
545 1056 42 21 och
603 1055 101 22 Finlands
720 1055 146 26 Statskontor,
883 1061 47 15 som

170 1082 35 21 för
226 1084 138 21 närvarande
387 1084 48 21 med
456 1084 90 26 249,541
571 1085 62 20 mark
653 1084 84 27 årligen
753 1085 52 26 utgå
820 1083 48 22 från
883 1084 48 21 Fin-

171 1111 62 21 lands
248 1111 74 22 Banks
338 1113 135 26 vinstmedel,
489 1113 68 21 skulle
573 1113 119 22 öfverföras
707 1114 29 26 på
746 1113 110 21 allmänna
866 1115 64 18 stats-

170 1139 88 22 fonden.
288 1141 107 22 Utskottet
420 1142 65 21 anser
507 1142 48 24 ock,
572 1144 31 19 att
619 1149 26 14 en
662 1142 58 27 dylik
736 1141 130 27 öfverföring
882 1141 49 21 med

171 1168 37 21 det
230 1172 101 19 snaraste
349 1170 67 21 borde
435 1170 90 21 komma
541 1171 29 20 till
587 1171 69 26 stånd,
673 1171 28 21 då
714 1171 24 26 ju
754 1170 97 21 nämnda
866 1172 65 19 stats-

171 1197 104 22 ändamål
297 1199 48 21 icke
368 1200 38 19 äro
428 1199 23 20 af
464 1199 148 22 beskaffenhet
628 1202 31 18 att
674 1199 102 21 särskildt
792 1199 85 27 påkalla
892 1205 39 14 un-

171 1225 89 22 derstöd
280 1227 23 20 af
319 1227 93 27 banken,
429 1228 42 21 och
487 1228 142 21 statsverkets
645 1229 101 26 ställning
762 1234 91 15 numera
868 1227 63 22 otvif-

239 1318 18 39 v
272 1317 10 18 I
298 1317 147 19 Presteständet
462 1319 35 17 har
513 1319 33 17 vid
558 1319 173 23 handläggningen
744 1318 22 18 af
776 1318 112 19 Utskottets
900 1319 31 18 be-

170 1340 100 17 tänkande
282 1341 35 17 N:o
330 1342 9 16 1
353 1342 106 22 anmärkts,
473 1344 29 15 att
513 1341 141 18 reservfonden
666 1342 7 17 i
685 1341 87 18 tabellen
780 1341 12 17 ä
799 1347 44 18 pag.
852 1341 22 17 40
883 1347 48 18 upp-

169 1362 61 23 tagits
243 1363 31 17 till
288 1364 97 21 6,349.155:
398 1365 21 16 57
432 1364 7 17 i
451 1366 25 16 st.
489 1364 13 18 f.
515 1366 52 16 rätta
579 1365 91 23 beloppet
682 1365 99 22 6,308,368:
791 1365 26 16 11.
836 1363 96 18 Differen-

169 1391 36 12 sen
218 1385 57 18 beror
287 1386 59 23 derpä
358 1388 30 16 att
400 1387 37 18 den
449 1387 24 18 af
482 1387 103 18 Utskottet
593 1366 85 48 anförda
686 1386 69 19 siffran
765 1387 111 23 inbegriper
882 1387 50 23 jem-

169 1408 33 17 väl
220 1408 105 19 skilnaden
340 1409 73 18 mellan
431 1409 152 24 ,reservfonden
599 1410 31 17 för
645 1410 88 18 bankens
748 1410 94 23 fastighet
855 1410 35 17 och
902 1410 30 17 in-

169 1431 112 18 ventarier"
294 1434 51 15 samt
362 1432 32 18 det
406 1432 31 18 för
449 1433 207 23 bankhusbyggnaden
670 1433 35 18 och
718 1433 121 18 inventarier
852 1433 6 17 i
872 1433 60 17 bilan-

169 1459 36 12 sen
218 1456 102 21 upptagna
331 1455 74 18 värdet.

238 1488 150 19 Bankutskottets
400 1489 110 18 betänkande
522 1490 34 17 N:o
568 1491 16 16 2.
