1078 1692
214 154 12 20 2
372 153 85 23 Ständ.
474 153 54 23 Skr.
545 167 27 3 —
588 150 186 26 Ständerhuset.

188 216 99 22 anmälan
302 219 30 20 att
342 217 22 21 af
374 217 208 28 byggnadsanslaget
592 220 57 19 ännu
659 218 78 20 funnes
750 217 107 21 oanvändt
866 217 75 27 20,418

185 251 60 21 mark
263 252 25 20 12
304 252 71 28 penni,
390 252 104 21 framstält
508 252 79 28 förslag
603 260 34 13 om
652 252 92 22 särkilda
759 252 182 28 kompletterings-

185 285 87 22 arbeten
287 286 12 21 å
314 286 161 27 Ständerhuset;
499 287 39 21 och
561 287 38 21 har
613 287 164 27 Statsutskottet,
792 294 46 14 som
853 287 44 21 haft
911 288 30 20 att

185 320 111 22 förbereda
318 321 57 21 detta
398 321 83 27 ärende,
501 321 102 21 beräknat
619 322 26 21 de
660 322 32 21 för
707 322 26 20 de
749 322 118 26 föreslagna
882 321 58 21 arbe-

185 356 54 26 tena,
262 354 68 22 såvidt
353 355 25 21 de
394 355 22 21 af
430 355 102 21 utskottet
554 356 108 27 förordats,
685 356 78 27 nödiga
781 355 113 28 utgifterna
909 355 30 21 till

186 389 76 27 30,418
277 390 60 20 mark
354 390 25 20 12
395 390 70 27 penni.

253 423 68 22 Dessa
336 424 92 28 arbeten,
443 424 72 22 hvilka
530 424 90 22 sålunda
630 424 82 28 påkalla
723 430 27 15 en
762 424 62 28 utgift
834 424 21 21 af
866 424 73 27 10,000

184 458 60 21 mark
267 458 83 22 utöfver
372 458 54 22 hvad
449 459 32 21 för
504 459 151 21 Ständerhuset
676 459 106 27 anslagits,
803 459 62 21 hafva
880 458 60 22 Stän-

185 488 65 29 derna
273 492 86 22 beslutit
373 492 42 22 låta
431 494 68 20 utföra
515 494 39 20 och
571 494 61 20 hafva
648 493 117 21 Ständerna
780 494 63 26 förty,
859 493 25 28 pä
900 495 40 19 sätt

185 526 22 22 af
221 527 35 21 det
272 527 145 28 underdåniga
437 530 70 19 svaret
522 528 12 21 å
549 528 67 21 Eders
640 528 118 28 Kejserliga
781 528 107 27 Majestäts
904 528 36 20 nå-

185 561 49 28 diga
248 562 131 27 proposition
394 562 109 28 angående
519 562 26 22 de
561 562 35 21 vid
612 562 72 22 denna
697 561 102 29 landtdag
814 562 76 21 äskade
904 569 35 14 an-

185 596 45 28 slag
252 596 40 21 och
315 598 115 26 utvägarna
449 597 32 21 till
497 597 60 21 deras
573 597 133 21 bestridande
722 596 97 28 framgår,
835 596 63 22 bland
914 596 25 22 de

185 630 47 21 från
247 630 213 28 bevillningsmedlen
476 632 68 20 under
559 631 50 21 åren
627 632 141 20 1892—1894
783 630 105 28 utgående
904 638 35 14 an-

185 664 45 28 slag
244 665 33 21 för
288 665 113 21 änberördt
411 666 95 21 ändamål
519 666 96 28 upptagit
625 668 29 19 ett
664 666 76 27 belopp
754 666 21 20 af
789 666 73 27 10,000
874 666 64 20 mark.

253 699 31 21 På
298 700 70 28 grund
382 701 60 21 häraf
456 700 21 22 få
493 700 117 22 Ständerna
626 700 152 28 underdånigst
790 700 92 21 anhålla:

459 752 35 21 det
509 751 80 21 täcktes
611 752 70 20 Eders
697 751 124 28 Kejserliga
837 750 103 29 Majestät

391 786 8 20 i
417 786 69 21 nåder
505 786 114 28 förordna
645 789 37 24 att,
709 786 36 21 till
770 786 118 27 utförande
913 787 31 27 af

391 820 262 28 kompletteringsarbeten
670 822 12 19 å
700 820 161 26 Ständerhuset,
877 821 31 26 af
915 821 25 20 de

392 855 66 28 enligt
474 855 162 28 ofvanberörda
645 855 154 27 underdåniga
809 855 131 27 svarsskrif-

391 889 55 21 velse
461 890 35 20 till
510 889 145 28 Regeringens
670 889 132 28 disposition
815 889 72 20 stälda
898 896 42 13 me-

392 924 34 21 del
449 923 57 22 skall
529 925 35 20 till
587 924 135 21 Ständernas
748 923 192 28 bankfullmäktige

391 958 109 21 utbetalas
516 961 28 18 ett
560 958 75 28 belopp
650 959 31 27 af
693 959 80 24 10,000
788 957 67 22 mark.

258 1026 101 22 Finlands
374 1026 89 23 Ständer
478 1027 119 21 framhärda
612 1029 37 20 etc.

254 1089 144 29 Helsingfors,
414 1090 40 22 den
471 1091 26 20 28
512 1091 42 27 Maj
573 1091 59 20 1891.
