1078 1692
849 150 31 24 57

145 223 36 22 att
197 223 89 22 ersätta
304 221 35 24 all
357 221 44 23 den
420 220 76 25 skada
515 221 42 24 och
575 220 93 32 förlust,
687 229 50 16 som
754 220 40 24 till
805 220 58 32 följd
875 219 25 25 af

145 256 182 24 försummelsen
345 255 83 24 träffat
445 255 109 24 Banken.

461 345 63 28 Kap.
539 345 49 23 III

282 416 174 26 Revisionen
475 416 31 24 af
521 416 138 25 Finlands
677 416 89 24 Bank.

480 491 14 29 8
516 490 55 24 113.

214 552 145 24 Revisionen
383 552 25 24 af
429 552 118 25 Finlands
569 552 77 31 Bank,
664 552 105 24 hvarvid
786 551 114 25 Bankens

146 586 110 24 tillstånd
284 586 41 24 och
348 586 151 33 förvaltning
517 587 75 24 under
610 587 38 24 det
665 586 174 25 nästförflutna
857 586 43 24 ka-

146 621 133 24 lenderåret
299 621 148 24 undersökas
472 622 44 23 och
533 622 127 32 granskas,
678 621 145 24 verkställes
842 620 58 24 årli-

147 663 52 24 gen,
216 657 31 30 på
264 655 117 24 Finlands
401 655 114 25 Ständers
534 659 100 29 vägnar,
654 656 24 24 af
696 655 147 25 Ständernas
853 655 47 23 Re-

147 690 97 30 visorer,
262 690 96 24 utsedde
375 690 70 31 jemte
464 690 160 32 Suppleanter
642 692 31 30 på
691 692 48 22 sätt
751 690 150 31 Landtdags-

148 724 132 32 ordningen
298 724 162 24 föreskrifver.

481 806 14 31 8
516 806 55 24 114.

215 863 157 24 Revisorerne
390 864 185 30 sammanträda,
594 863 58 24 efter
671 863 109 24 erhällen
792 862 111 32 skriftlig

146 897 102 24 kallelse
266 897 25 24 af
309 897 232 33 Bankfullmäktige,
565 899 45 23 den
629 898 14 24 2
662 898 72 32 April
752 898 58 24 eller
827 897 75 24 första

147 932 106 32 helgfria
276 931 45 32 dag
338 932 101 24 derefter
461 933 4 23 i
484 932 103 25 Banken
603 933 42 24 och
664 935 124 29 emottaga,
807 931 8 24 i
833 931 67 24 Full-

147 966 119 32 mäktiges
296 969 110 28 närvaro,
433 967 25 24 af
484 966 222 25 Bankdirektionen
733 966 168 25 Direktionens

147 1001 125 24 berättelse
299 1008 35 16 om
358 1001 115 24 Bankens
496 1001 117 31 tillstånd,
634 1001 88 24 rörelse
741 1001 43 24 och
801 1000 100 25 förvalt-

148 1035 61 32 ning
226 1035 74 24 under
318 1035 222 32 redovisningsäret
557 1036 70 31 jemte
645 1036 91 23 allmän
750 1035 116 32 öfversigt
878 1034 24 24 af

147 1069 114 24 Bankens
290 1069 120 33 ställning
430 1070 43 23 vid
491 1070 53 24 dess
563 1072 99 30 utgäng,
680 1070 222 24 Ombudsmannens

147 1103 125 25 berättelse
299 1111 37 16 om
360 1105 91 23 sådana
472 1104 41 24 till
535 1105 63 24 hans
622 1105 84 32 åtgärd
728 1103 174 26 öfverlemnade

148 1138 49 24 mål
220 1138 43 24 och
282 1139 108 30 ärenden,
410 1146 49 16 som
477 1139 42 24 vid
539 1141 62 22 årets
621 1139 50 24 slut
688 1139 52 24 icke
758 1146 56 16 vore
832 1138 70 24 behö-

148 1180 47 24 gen
213 1173 121 30 slutförda,
354 1175 63 22 samt
434 1173 98 32 uppgift
544 1181 36 16 om
593 1174 164 31 tillgängarne
770 1173 8 24 i
788 1173 114 23 Bankens

147 1206 170 25 hufvudkassa
343 1207 44 24 den
415 1208 30 23 31
475 1208 111 24 sistlidne
612 1208 80 31 Mars;
716 1208 127 24 hvarutom
866 1207 37 23 det

149 1240 93 33 äligger
260 1241 157 24 Direktionen
435 1244 36 21 att
489 1242 30 23 dä
538 1243 44 23 och
597 1243 75 23 under
683 1243 149 23 revisionens
845 1241 57 24 fort-

148 1276 65 31 gäng
230 1275 189 25 tillhandahälla
435 1276 160 25 Revisorerne
613 1277 51 23 alla
675 1277 27 23 de
714 1277 90 29 böcker,
816 1275 87 24 räken-

149 1309 93 32 skaper,
260 1310 155 31 inventarier,
430 1311 152 31 protokoller,
595 1311 89 24 diarier
696 1311 42 24 och
751 1310 153 31 handlingar,

149 1351 50 16 som
221 1343 158 25 Revisorerne
397 1345 69 24 finna
483 1345 38 24 för
539 1345 39 32 sig
595 1345 94 32 nödiga.
725 1345 74 24 Säväl
817 1344 86 24 Direk-

148 1378 94 24 tionens
260 1378 154 25 medlemmar
431 1387 52 16 som
501 1379 116 24 Bankens
635 1380 115 32 samtliga
761 1380 143 31 tjenstemän

149 1415 41 21 äro
209 1412 43 24 ock
270 1413 111 32 skyldige
400 1415 34 22 att
452 1413 153 32 beredvilligt
623 1414 106 24 meddela
746 1413 158 25 Revisorerne

149 1447 27 23 de
194 1447 186 32 upplysningar,
398 1455 50 16 som
466 1447 160 25 Revisorerne
638 1448 84 24 kunna
736 1448 26 24 af
774 1448 52 24 dem
838 1447 66 25 äska.
