1078 1692
205 150 11 18 4
384 148 28 22 U.
429 148 26 22 B.
471 162 27 2 —
508 148 216 28 Postsparbanken

176 211 43 21 och
242 210 152 29 telegraferne
417 212 40 20 och
481 210 153 22 öfverlemnas
653 210 73 28 jämte
745 210 51 22 dess
811 210 118 21 utlätande

176 244 37 22 till
220 244 101 22 Senaten
337 244 36 22 för
380 245 101 21 Finland
497 245 8 21 i
520 244 43 22 och
578 244 36 22 för
629 244 79 22 vidare
724 244 103 29 ätgärd.'

246 279 47 21 För
314 279 118 21 vinnande
455 278 26 22 af
502 286 28 14 en
553 279 72 29 riktig
646 278 153 29 uppfattning
819 279 26 21 af
864 278 66 22 dessa

177 312 157 30 stadgandens
355 313 53 21 hela
430 313 112 21 innebörd
565 313 7 21 i
594 313 146 22 förhällande
756 313 36 21 till
807 313 7 21 i
829 312 100 22 Finland

176 347 108 29 gällande
300 347 180 29 grundlagsbud,
496 347 43 21 har
553 347 121 22 Utskottet
689 350 58 18 trott
762 348 36 28 sig
812 347 55 21 böra
876 350 54 25 taga

176 382 9 20 i
199 381 153 21 betraktande
368 381 101 29 följande
485 381 204 29 omständigheter.

246 416 37 21 Dä
305 416 84 28 Kejsar
411 415 132 22 Alexander
565 416 11 21 I
599 416 40 21 vid
660 416 143 28 landtdagen
825 416 8 21 i
854 416 77 28 Borgä

177 449 111 22 stadfäste
304 450 43 21 och
363 450 134 21 bekräftade
513 450 36 22 för
563 450 103 22 Finland
681 450 28 21 de
721 450 147 28 grundlagar,
878 450 52 20 värt

176 484 55 21 land
262 484 114 21 därintills
406 484 51 22 haft
486 492 171 20 gemensamma
676 484 52 22 med
742 484 102 28 Sverige,
866 484 64 21 inne-

177 518 41 21 bar
234 518 71 27 detta,
321 520 34 20 att
370 518 90 22 landets
476 519 49 21 inre
541 519 96 27 styrelse
652 518 8 21 i
676 518 46 22 alla
737 518 51 22 dess
804 518 61 21 olika
880 525 50 21 gre-

177 559 41 14 nar
233 552 75 21 skulle
323 552 145 22 handhafvas
483 553 51 21 icke
550 553 26 21 af
588 552 187 29 Kejsaredömets
795 552 135 28 myndighe-

177 588 35 20 ter
227 586 43 22 och
292 586 73 29 enligt
389 586 186 29 Kejsaredömets
596 587 72 28 lagar,
690 589 56 19 utan
766 586 26 22 af
812 586 118 22 inhemske

177 616 148 37 embetsmän,
336 620 105 29 skyldige
457 623 34 19 att
507 621 68 21 ställa
591 621 36 28 sig
641 620 113 22 Finlands
769 622 64 27 lagar
848 620 35 22 till
899 620 31 22 ef-

177 654 137 22 terrättelse.
344 655 46 21 För
405 654 188 30 förverkligande
608 654 70 22 häraf
698 655 54 21 aflät
767 655 111 28 Kejsaren
894 654 36 22 till

179 688 141 22 Ständernas
336 688 179 30 öfverläggning
522 689 72 29 nädig
604 690 144 28 proposition
764 689 118 29 angäende
896 689 34 21 in-

178 723 118 21 rättandet
307 723 23 21 af
341 731 22 13 en
370 723 219 29 Regeringskonselj
598 724 62 21 inom
676 723 86 27 landet,
778 723 42 22 och
836 723 7 21 i
859 722 71 22 inled-

179 757 87 28 ningen
282 757 37 21 till
334 757 38 22 det
387 758 97 21 sälunda
493 758 122 21 tillkomna
629 758 85 28 nädiga
730 758 150 28 reglementet
895 757 36 21 för

179 790 71 29 sagda
266 791 88 29 konselj
370 792 45 21 den
431 793 36 26 %/,s
483 792 92 28 augusti
594 793 52 21 1809
661 792 87 21 uttalar
762 792 118 28 Kejsaren,
897 794 34 18 att

181 824 120 29 konseljen
317 825 57 28 egde
393 828 35 18 att
449 826 52 21 leda
521 826 102 28 (diriger)
646 826 183 28 styrelseverken
850 826 8 21 i
880 832 51 21 pro-

179 859 114 21 vinserna.
323 859 12 21 I
350 859 82 29 sjelfva
449 861 152 27 reglementet
623 862 36 24 (15
675 862 75 24 mom.)
773 859 157 22 föreskrifves:

179 909 11 9 »
193 893 51 22 Allt
258 893 62 22 hvad
335 894 126 21 rättvisans
477 894 43 21 och
539 894 44 21 den
602 894 116 21 allmänna
740 894 190 28 hushällningens

179 927 179 22 handhafvande
382 927 149 27 vidkommer,
552 928 152 23 öfverlemnas
727 929 37 20 till
789 928 141 21 Conseillens

180 961 89 28 åtgärd,
285 962 46 21 mål
347 961 43 22 och
406 962 96 22 ärender
516 963 157 28 undantagna,
691 963 92 21 hvilkas
799 962 131 29 afgörande,

180 995 75 29 enligt
270 996 102 28 lagarna,
386 996 142 22 omedelbart
543 997 80 21 tillhör
638 997 90 28 Högsta
738 997 115 21 Makten."
884 996 47 21 Och

179 1029 74 21 såsom
269 1037 29 14 en
313 1037 56 21 gren
386 1030 25 21 af
424 1030 222 27 administrationen,
662 1031 69 21 hvars
747 1031 95 28 ledning
853 1030 79 21 tillhör

182 1063 246 30 Regeringskonseljen
443 1065 8 20 i
463 1065 52 21 dess
530 1065 166 29 Departement
708 1065 36 21 för
759 1065 44 22 den
817 1065 115 21 allmänna

179 1097 180 29 hushållningen
369 1099 104 27 (numera
481 1099 128 22 Ekonomie
625 1099 204 28 Departementet),
837 1103 95 17 nämnes

178 1131 74 22 under
264 1133 27 20 42
307 1139 67 15 mom.
391 1132 26 21 af
429 1133 152 28 reglementet
596 1133 157 29 uttryckligen
766 1133 87 28 jämväl
870 1136 62 25 post-

177 1165 88 22 verket.

247 1199 43 22 Att
304 1200 84 29 Kejsar
402 1201 133 22 Alexander
549 1202 12 21 I
576 1201 52 22 med
643 1201 35 22 sin
694 1201 131 28 högtidliga
845 1201 87 22 försäk-

178 1241 42 14 ran
236 1241 37 14 om
290 1234 160 22 bibehållande
465 1235 26 22 af
503 1235 91 22 landets
610 1236 65 27 lagar
690 1235 44 22 och
749 1235 52 22 med
820 1236 112 21 inrättan-

179 1267 39 22 det
244 1268 27 21 af
288 1275 28 14 en
341 1269 106 21 inhemsk
474 1269 218 29 Regeringskonselj
720 1269 120 29 verkligen
867 1269 65 28 afsåg

178 1301 114 22 Finlands
308 1302 127 22 oberoende
452 1303 26 22 af
490 1303 292 29 styrelsemyndigheterna
796 1304 8 21 i
826 1303 106 29 Kejsare-

179 1335 78 22 dömet
279 1337 8 20 i
310 1336 66 29 fråga
395 1344 36 15 om
455 1337 90 22 landets
569 1338 49 21 inre
641 1338 201 29 angelägenheter,
865 1337 66 22 fram-

179 1370 41 28 går
250 1371 132 28 otvetydigt
412 1371 26 21 af
465 1372 98 21 samtida
599 1372 204 29 statshandlingar.
851 1371 81 22 Redan

178 1404 72 29 några
266 1405 109 21 månader
404 1405 80 22 förrän
507 1406 130 22 Ständerna
658 1406 193 27 sammanträdde,
874 1406 58 21 hade

178 1438 121 29 Kejsaren,
315 1440 75 21 såsom
406 1439 92 29 bekant,
521 1440 52 21 med
589 1440 149 22 förkastande
754 1440 26 21 af
792 1442 34 19 ett
840 1440 92 22 Honom

249 1479 142 18 Statsutskottets
404 1480 110 17 betänkande
526 1481 36 17 N:o
579 1481 14 16 7.
