1078 1692
280 235 22 27 8.
339 236 402 27 Kommunikationsfonden.

204 329 88 19 Jämlikt
307 328 58 26 Kejs.
382 329 141 25 kungörelsen
539 330 22 18 af
575 330 39 19 den
631 330 12 18 2
658 329 88 19 oktober
763 329 52 20 1873
832 328 60 20 skola

136 362 59 20 såväl
216 364 146 19 inkomsterna
384 362 45 20 från
453 364 25 18 de
500 363 303 24 kommunikationsanstalter,
820 363 72 20 hvilka

136 397 68 19 blifvit
225 398 104 19 inrättade
346 398 49 19 med
410 398 23 19 af
447 397 117 20 Ständerna
579 398 107 25 beviljade
701 398 75 22 medel,
792 404 45 14 som
853 398 39 19 ock

137 431 25 19 de
185 432 75 25 anslag
283 431 117 20 Ständerna
422 432 65 19 redan
509 432 84 19 anvisat
615 432 51 20 eller
681 432 111 19 framdeles
807 432 86 20 komma

137 466 31 18 att
183 466 73 18 anvisa
268 466 31 19 för
311 466 337 20 kommunikationsanstalternas
661 466 147 23 förbättrande,
821 466 72 19 äfven-

138 506 45 13 som
204 499 45 20 från
266 499 79 21 sådana
360 507 43 19 nya
418 500 298 20 kommunikationsanstalter
730 500 116 26 inflytande
861 500 32 19 in-

137 534 75 23 trader,
228 534 89 20 räknadt
332 534 45 20 från
392 534 41 20 och
448 535 48 19 med
512 534 23 20 år
553 534 60 24 1872,
629 535 99 19 bokföras
740 535 7 19 i
760 535 67 19 denna
837 534 56 22 fond,

138 567 45 21 från
198 568 85 20 hvilken
296 569 81 25 jämväl
393 569 18 25 ej
428 569 81 19 mindre
524 569 143 19 kostnaderna
682 570 32 18 för
729 569 130 25 anläggning
874 568 22 19 af

138 608 49 20 nya,
210 603 22 19 af
255 602 116 20 Ständerna
396 603 97 19 beslutna
518 603 296 19 kommunikationsanstalter
839 604 55 18 samt

139 638 117 18 annuiteter
270 636 13 20 å
298 638 32 18 för
344 638 58 18 detta
416 636 99 21 ändamål
530 638 66 19 under
612 637 128 20 Ständernas
751 637 81 25 garanti
843 643 51 19 upp-

139 673 66 23 tagna
226 671 50 20 eller
298 672 112 19 framdeles
433 672 133 25 upptagande
581 671 42 24 lån,
646 673 27 18 än
688 672 78 25 nödiga
781 672 58 18 drift-
855 670 39 20 och

139 706 196 19 remontkostnader
350 706 50 19 böra
415 706 111 19 bestridas.

325 849 33 41 c)
386 848 36 35 af
449 847 267 36 militiemedel.

269 980 23 26 9.
331 980 184 33 (Allmänna)
534 980 233 27 militiefonden.

211 1073 35 19 Ett
268 1073 66 19 skildt
351 1073 64 20 konto
431 1073 66 19 under
511 1071 151 21 ofvanstäende
678 1072 127 25 benämning
819 1071 79 25 öppna-

143 1107 38 20 des
203 1107 26 26 pä
251 1107 67 26 grund
341 1108 23 19 af
383 1107 235 26 Finansexpeditioneas
641 1107 46 19 bref
708 1107 22 19 af
750 1107 41 18 den
813 1105 26 19 27
856 1105 41 25 maj

146 1141 59 24 1873,
222 1142 66 25 enligt
302 1142 80 19 hvilket
397 1142 54 19 Fmk
473 1141 91 24 400,000
581 1141 62 20 borde
654 1141 114 20 öfverföras
778 1139 46 20 frän
834 1140 65 19 stats-

144 1176 76 19 fonden
242 1176 33 19 till
298 1176 68 19 denna
388 1176 56 19 fond.
476 1175 71 20 Under
563 1176 124 19 densamma
702 1175 97 20 bokföras
814 1173 85 20 militie-

144 1210 83 19 verkets
242 1210 117 19 inkomster
374 1210 40 19 och
429 1210 92 25 utgifter.
546 1209 162 26 Utbetalningar
719 1216 24 12 ur
753 1209 76 19 fonden
840 1207 60 20 verk-

145 1244 74 19 ställas
234 1245 67 25 enligt
317 1244 118 25 Kejserliga
451 1243 104 20 Senatens
570 1245 31 18 för
617 1243 73 26 hvarje
705 1242 57 27 gäng
778 1241 122 21 meddelade

145 1278 105 20 särskilda
264 1279 165 25 bestämningar.
