1078 1692
815 133 27 21 25

116 196 55 20 samt
193 195 108 21 inhemska
320 196 37 20 och
380 195 111 21 utländska
512 195 182 27 jordbruksalster,
716 196 156 26 tillverkningar

117 229 38 21 och
172 235 64 19 varor,
252 236 44 14 som
312 230 65 26 enligt
392 230 11 26 8
422 230 25 21 19
462 236 62 14 mom.
539 236 17 14 e.
568 230 23 20 af
602 230 191 26 bankreglementet
801 230 72 26 kunna

117 263 91 21 belänas.
236 264 41 20 För
295 264 155 24 kassakreditiv,
472 270 44 14 som
537 263 111 27 beviljades
666 264 44 20 mot
726 264 148 27 ofvanuppräk-

117 297 54 21 nade
187 298 126 25 säkerheter,
328 298 48 20 med
391 298 108 26 undantag
515 298 22 20 af
550 304 65 19 varor,
632 298 65 20 skulle
713 298 75 20 räntan
802 298 72 20 beräk-

118 338 38 14 nas
171 332 74 20 liksom
261 332 32 20 för
308 332 142 26 hypotekslån.
484 332 113 21 Dessutom
611 332 127 26 bestämdes,
754 332 31 20 att
799 332 75 20 räntan

118 365 32 21 för
168 365 249 27 bankdepositionsbevis!
433 372 45 15 som
497 366 7 20 i
523 366 87 21 Banken
627 366 129 21 diskonteras
771 366 37 21 och
822 366 52 21 hvil-

119 399 37 21 kas
172 400 130 20 återstående
316 400 67 27 löptid
397 400 44 21 icke
457 400 104 27 öfversteg
577 407 36 14 sex
628 400 106 25 månader,
749 400 126 26 skulle'utgä

120 433 52 21 efter
191 434 13 20 5
222 435 90 25 procent.
346 434 11 20 1
376 434 62 26 öfrigt
453 434 77 20 förblef
542 434 94 21 deremot
651 434 157 21 diskonträntan
823 434 53 20 tills-

120 467 70 21 vidare
205 468 130 20 oförändrad.
363 468 49 20 Men
428 468 88 20 emedan
531 468 99 21 Bankens
646 468 132 25 sedelreserv,
792 467 84 21 oaktadt

121 501 185 21 nästomförmälda
326 502 118 27 förhöjning
465 502 23 21 af
505 502 129 26 läneräntan,
649 502 67 21 under
731 502 88 21 Oktober
833 501 43 21 mä-

121 536 42 20 nad
182 536 88 26 nedgick
288 536 49 20 med
356 536 93 27 omkring
469 537 15 20 4
502 537 95 27 miljoner
611 537 65 24 mark,
692 537 63 21 funno
770 535 107 22 Bankfull-

122 570 91 27 mäktige
233 570 40 20 den
294 571 25 21 17
338 570 117 21 November
476 571 106 27 päkalladt
601 572 31 20 att
650 571 120 27 ytterligare
785 569 92 28 generelt

122 604 81 27 förhöja
218 605 160 25 räntesatserna,
393 605 75 25 hvilka,
485 605 7 21 i
508 605 93 27 enlighet
615 606 49 20 med
678 605 199 21 Bankdirektionens

123 639 84 26 förslag,
230 638 26 22 dä
279 638 119 22 faststäldes
418 640 31 20 att
468 640 80 26 utgöra,
567 640 159 20 diskonträntan
743 645 52 21 resp.
810 638 19 26 5,
844 638 34 26 54

124 672 38 22 och
178 673 12 21 6
206 674 85 26 procent
306 674 54 20 samt
374 673 170 21 lombardräntan
559 680 53 20 resp.
629 674 34 27 54
678 673 39 21 och
732 673 12 21 6
760 673 89 27 procent.

194 718 20 28 0)
236 718 132 22 Beträffande
388 719 56 21 läne-
463 720 38 20 och
516 719 164 21 förfallotiderna
696 718 62 21 hafva
772 718 107 21 Bankfull-

125 753 90 26 mäktige
235 753 40 20 den
291 753 27 21 26
333 753 116 21 November
467 753 54 21 1887
537 754 92 20 bestämt
643 753 83 26 längsta
741 752 138 21 förfallotiden

125 787 31 21 för
178 787 76 21 inrikes
274 787 68 21 vexlar
362 788 38 20 och
416 788 65 20 andra
496 788 151 26 kreditpapper,
663 793 45 15 som
722 787 7 20 i
744 786 86 21 Banken
845 786 35 20 kö-

125 828 37 20 pas
185 822 49 19 eller
257 821 32 20 till
312 821 141 27 diskontering
472 823 93 25 antagas,
585 822 32 19 till
633 828 34 14 sex
682 821 100 20 mänader
796 820 38 21 och
849 820 31 20 för

126 855 109 21 enahanda
253 855 78 21 utrikes
350 855 69 21 vexlar
437 855 33 21 till
488 856 31 20 tre
538 855 107 25 mänader,
660 855 48 21 med
724 855 42 20 rätt
780 854 31 21 för
826 854 55 21 Ban-

126 889 39 21 ken
188 889 31 20 att
236 889 8 20 i
262 889 155 26 undantagsfall
436 889 53 27 köpa
509 889 79 21 utrikes
606 890 70 20 vexlar
695 889 25 27 pä
736 889 59 20 äfven
809 889 71 26 längre

126 923 30 21 tid
179 923 54 21 ända
252 923 32 20 till
303 929 35 15 sex
356 923 104 25 mänader,
479 923 84 27 längsta
578 923 106 21 länetiden
700 923 31 20 för
746 922 135 28 hypotekslän

126 958 32 20 till
174 964 35 14 sex
223 958 105 24 mänader,
343 964 48 14 men
406 958 47 21 med
470 959 43 19 rätt
528 957 31 21 för
574 957 191 21 Bankdirektionen
780 957 31 20 att
826 956 7 21 i
844 962 37 14 un-

127 991 126 28 dantagsfall
276 992 106 21 utsträcka
404 992 123 21 densamma
547 992 54 21 ända
620 992 32 21 till
672 991 40 22 tolf
723 991 105 24 månader,
844 990 38 21 och

126 1026 83 26 längsta
224 1026 58 21 tiden
297 1025 31 21 för
343 1026 149 21 kassakreditiv
508 1026 96 21 kontrakt
619 1026 33 21 till
667 1027 30 20 ett
712 1026 28 21 är.

195 1071 67 21 Dessa
284 1072 155 26 bestämningar
458 1071 63 22 hafva
539 1078 76 20 genom
633 1071 200 26 Bankfallmäktiges
848 1070 35 21 be-

127 1106 43 20 slut
188 1105 23 21 af
227 1105 41 21 den
284 1106 12 21 8
312 1106 114 21 December
443 1106 55 21 1888
515 1107 54 20 samt
587 1107 25 20 17
628 1106 56 21 Mars
700 1106 38 21 och
755 1106 25 20 17
794 1104 89 21 Novem-

127 1140 37 21 ber
181 1140 55 21 1890
250 1139 118 22 bibehållits
384 1140 137 21 oförändrade
537 1140 7 20 i
557 1140 68 27 öfrigt,
636 1140 90 21 förutom
737 1140 31 20 att
779 1138 104 21 länetiden

127 1174 32 21 för
174 1174 149 21 kassakreditiv
339 1174 128 21 sistnämnde
483 1174 42 27 dag
540 1174 120 21 faststäldes
675 1174 33 21 till
722 1174 62 26 högst
795 1179 35 14 sex
841 1172 43 21 mä-

128 1208 69 21 nader.

197 1253 20 24 e)
233 1253 82 27 Högsta
329 1254 148 27 länebeloppet,
493 1253 84 22 hvartill
593 1254 24 20 de
633 1253 66 27 enligt
714 1252 95 28 gällande
820 1252 64 21 bank-

128 1287 127 27 reglemente
274 1288 110 27 antagliga,
399 1289 74 26 panter
491 1288 55 27 finge
564 1288 8 20 i
586 1288 87 20 Banken
688 1287 92 25 belänas,
794 1287 90 20 bestäm-

129 1322 36 21 des
181 1321 22 21 af
215 1321 191 28 Bankfullmäktige
422 1322 41 21 den
478 1323 28 20 26
521 1322 117 21 November
655 1321 64 22 1887:
734 1321 32 21 för
782 1320 49 27 guld
847 1320 37 21 och

129 1356 70 21 silfver
214 1356 55 20 samt
283 1356 67 21 finska
365 1356 135 21 statsverkets
513 1356 38 21 och
561 1356 100 21 Finlands
672 1354 213 29 Hypoteksförenings

129 1390 135 27 obligationer
285 1390 33 20 till
340 1391 13 20 5
375 1391 85 26 procent
478 1390 67 21 under
565 1390 35 20 det
619 1390 31 20 för
667 1390 57 20 tiden
739 1389 12 21 ä
766 1389 47 20 dem
828 1389 58 20 note-

128 1424 50 21 rade
202 1424 90 27 börspris
311 1425 55 20 samt
384 1424 32 20 för
434 1424 196 27 bankdepositioner
645 1424 32 20 till
692 1425 13 19 5
720 1423 85 27 procent
820 1422 66 21 under

129 1458 185 27 kapitalbeloppet;
330 1458 32 20 för
376 1458 62 27 ryska
453 1458 38 21 och
504 1458 65 21 andra
580 1457 189 28 statsobligationer
781 1456 105 21 äfvensom

896 715 17 23 db)
925 714 54 18 Läne-
990 714 32 18 och

916 737 90 18 forfalloti-

931 760 58 18 derna.

900 1251 15 21 e)
927 1249 101 22 Belänings-

916 1273 62 17 värdet
988 1272 26 17 för

932 1296 67 23 panter.
