1078 1692
809 130 26 21 15

116 193 49 21 derå
186 192 170 28 reproduktionen
376 192 22 21 af
412 192 127 27 reliefplåtar
555 192 105 21 äfvensom
679 192 125 28 tryckplåtar
826 192 37 22 och

116 226 88 22 clichéer
222 227 12 21 å
252 226 177 28 sedeltryckeriets
448 226 189 28 galvanoplastiska
652 226 106 27 afdelning
772 226 91 21 utfördes

116 262 7 20 i
138 262 23 21 så
175 262 39 27 god
229 262 36 26 tid,
280 262 31 20 att
324 261 49 21 med
385 261 159 27 koppartrycket
554 261 33 21 till
597 261 28 21 tio
635 261 69 21 marks
715 261 71 21 sedeln
796 261 67 21 kunde

116 296 94 28 vidtagas
228 296 129 22 omedelbart
372 296 51 20 efter
441 296 36 20 det
493 295 137 27 tryckningen
645 295 22 21 af
680 295 42 21 fem
736 295 69 21 marks
820 294 44 22 sed-

116 330 57 22 larne
195 332 40 20 den
258 331 13 21 3
293 330 120 28 September
434 330 55 21 1890
507 329 102 21 afslutats.
645 330 58 20 Intill
722 330 104 27 utgången
845 328 22 22 af

117 365 124 27 derpåföljde
264 364 116 22 November
402 364 77 21 månad
501 364 54 21 hade
579 364 111 27 tryckeriet
711 364 100 22 levererat
833 364 32 20 till

117 400 86 21 Banken
222 399 88 25 160,000
328 400 25 20 st.
371 399 80 27 färdiga
469 398 119 22 blanketter
606 398 32 21 till
653 398 28 21 tio
700 398 69 21 marks
789 398 75 21 sedeln.

185 434 21 27 d)
230 433 94 21 Emedan
342 433 39 21 den
400 433 7 20 i
425 432 98 22 Bankens
539 432 146 28 sedeltryckeri
700 432 103 22 inrättade
819 439 46 15 ven-

117 468 202 26 tilationsledningen
337 467 86 21 befanns
440 467 82 21 mindre
539 466 169 28 ändamålsenlig,
722 467 62 21 hafva
798 467 68 21 Bank-

117 502 129 27 fullmäktige
261 502 40 20 den
317 502 25 21 13
357 502 89 26 Augusti
463 501 55 21 1888
533 502 135 26 bemyndigat
677 501 188 21 Bankdirektionen

118 537 31 21 att
163 536 42 21 låta
219 536 7 21 i
241 536 167 27 sedeltryckeriet
423 536 102 26 anbringa
540 542 25 14 en
581 542 28 21 ny
625 535 240 28 ventilationsapparat,
856 531 12 37 i

119 570 91 28 enlighet
230 570 48 21 med
300 570 30 20 ett
347 570 7 20 i
372 570 74 20 sådant
465 570 96 21 afseende
581 570 22 20 af
617 570 125 27 Ingeniören
760 570 106 27 Berggren

119 604 108 28 uppgjordt
241 604 38 21 och
294 604 22 21 af
328 604 121 21 Arkitekten
464 604 101 27 Nyström
579 604 48 21 med
642 604 100 21 särskilda
756 604 110 26 ändringar

119 639 104 27 godkändt
242 638 82 27 förslag,
343 639 54 20 samt
414 639 31 20 att
463 638 32 21 för
515 638 57 21 detta
591 639 68 20 arbete
678 638 23 21 af
713 638 96 22 Bankens
823 644 43 14 me-

119 673 33 21 del
167 673 93 21 använda
274 673 62 27 högst
352 673 60 25 1,200
428 672 65 21 mark.

187 708 20 26 e)
230 707 67 21 Sedan
314 707 99 21 Finlands
432 707 101 21 Ständers
551 707 159 21 Bankrevisorer
725 707 31 21 uti
770 706 96 22 berättel-

120 748 36 15 sen
178 742 55 20 öfver
256 742 54 20 1888
333 742 32 20 års
388 741 88 21 revision
494 741 7 21 i
520 741 87 21 Banken
625 742 55 20 samt
694 741 7 20 i
717 741 149 26 sammanhang

120 776 83 21 dermed
224 775 104 21 verkstäld
349 775 116 27 inspektion
489 775 23 21 af
527 775 97 21 Bankens
643 775 148 28 sedeltryckeri
805 774 61 22 fram-

119 810 59 21 hållit
199 811 36 24 att,
256 810 65 26 enligt
342 810 77 20 Herrar
437 810 172 20 Bankrevisorers
628 810 59 26 åsigt,
705 810 35 20 det
754 809 112 21 tillsvidare

119 844 116 21 anordnade
254 844 221 27 kontrolleringssättet
491 843 7 21 i
513 843 96 22 afseende
625 844 12 21 å
652 843 214 27 sedeltillverkningen

119 878 68 25 borde,
206 878 51 21 efter
276 885 84 14 vunnen
378 879 95 20 närmare
490 878 122 25 erfarenhet,
628 879 88 20 ersättas
732 878 22 21 af
767 884 25 15 en
807 877 59 21 effek-

120 913 63 20 tivare
205 913 93 21 kontroll,
318 912 113 21 anmodade
452 912 191 27 Bankfullmäktige
662 912 31 21 uti
712 911 106 22 skrifvelse
835 911 31 21 för

120 946 40 21 den
174 947 27 20 23
216 946 58 28 April
291 947 54 20 1888
360 946 190 21 Bankdirektionen
565 947 36 25 att,
616 947 81 20 såsnart
712 946 110 27 tillräcklig
837 952 29 15 er-

120 980 94 22 farenhet
229 981 8 20 i
256 981 62 20 saken
336 981 89 25 vunnits,
443 981 33 20 till
494 981 139 27 Fullmäktige
650 981 76 26 afgifva
742 981 77 26 förslag
834 987 33 14 om

120 1015 142 21 anordnandet
280 1015 23 21 af
319 1021 26 15 en
362 1015 48 20 fullt
428 1015 95 21 verksam
541 1015 88 21 kontroll
648 1015 55 21 öfver
722 1015 145 21 sedeltillverk-

120 1049 82 27 ningen.
230 1049 44 21 Och
290 1055 44 15 som
348 1049 22 21 af
383 1049 78 21 Herrar
475 1049 160 22 Bankrevisorer
650 1049 34 21 vid
701 1049 53 22 1889
769 1049 32 21 års
816 1049 52 21 revi-

121 1083 50 26 sion,
186 1083 66 21 såsom
268 1089 25 15 en
308 1083 72 28 åtgärd
395 1083 32 21 för
441 1083 147 27 utvecklingen
603 1083 22 22 af
638 1083 87 22 berörda
735 1083 93 25 kontroll,
838 1083 30 20 fö-

120 1117 85 28 reslogs,
221 1118 31 20 att
269 1117 229 28 boktryckspressarnes
517 1118 171 27 räkneapparater
707 1117 66 22 blefve
792 1115 78 29 förseg-

120 1151 46 22 lade
185 1151 47 22 med
249 1152 118 21 metalltråd
385 1152 38 21 och
441 1152 132 27 plomberade
592 1152 47 21 med
658 1159 25 14 en
702 1152 31 21 för
752 1151 116 22 ändamålet

121 1185 105 22 anskaftad
248 1186 94 27 stämpel,
364 1186 82 21 anhöllo
465 1186 139 27 Fullmäktige
623 1187 119 26 ytterligare
760 1185 32 22 uti
811 1185 57 21 skrif-

120 1220 55 21 velse
193 1219 32 21 för
242 1220 41 21 den
300 1221 28 20 23
345 1220 59 27 April
424 1220 60 25 1889,
500 1221 31 20 att
545 1220 133 21 Direktionen
693 1221 47 20 ville
755 1220 35 21 vid
805 1219 63 22 öfver-

121 1253 92 27 vägande
236 1254 23 21 af
278 1254 25 21 de
322 1254 101 27 åtgärder,
441 1254 72 21 hvilka
530 1254 68 21 kunde
616 1255 94 20 befinnas
731 1254 86 27 tjenliga
838 1254 30 21 att

121 1288 83 26 vidtaga
225 1287 31 22 för
278 1289 193 20 åstadkommandet
494 1288 23 21 af
537 1295 25 14 en
583 1289 105 27 möjligast
707 1289 161 26 ändamålsenlig

120 1322 89 21 kontroll
230 1322 56 21 öfver
304 1322 223 27 sedeltillverkningen,
547 1323 76 26 jemväl
642 1323 74 21 beakta
735 1322 134 22 ofvanomför-

121 1356 70 21 mälda
205 1356 22 21 af
240 1357 132 21 Revisorerne
387 1356 127 21 framhållna
529 1357 160 27 önskningsmål.

189 1390 12 21 I
218 1391 112 26 anledning
347 1390 63 21 häraf
421 1391 123 21 meddelade
559 1391 187 22 Bankdirektionen
764 1390 31 21 uti
810 1389 59 22 skrif-

121 1425 55 20 velse
199 1424 31 21 för
248 1425 40 20 den
306 1425 14 20 4
338 1424 51 22 Juni
408 1425 55 21 1889
483 1425 32 20 att
533 1425 115 21 dåvarande
666 1425 151 22 kontrollanten
835 1423 34 21 vid

123 1459 165 27 sedeltryckeriet
305 1459 78 21 Doktor
402 1458 99 23 Grönvik,
519 1459 61 21 hvars
597 1459 97 27 yttrande
709 1459 7 21 i
731 1459 63 21 saken
807 1457 63 22 infor-

876 432 18 21 d)
903 430 27 22 Ny
941 430 70 17 ventila-

876 454 118 22 tionsapparat
1005 453 7 17 i

889 476 111 22 sedeltrycke-

924 500 38 17 riet.

878 706 14 22 e)
905 705 101 18 Kontrollen

878 729 44 17 öfver
932 728 81 18 sedeltill-

892 752 108 22 verkningen.
