1078 1692
238 120 28 20 32
582 120 11 21 I

210 188 80 26 afgifna
313 188 136 22 betänkande
473 189 38 21 och
533 189 81 27 förslag
636 189 33 21 för
692 189 135 21 närvarande
851 190 63 20 beror
938 190 29 26 på

209 223 135 27 granskning
358 224 58 20 inom
431 223 117 27 Styrelsen.

278 257 42 21 För
343 258 64 27 öfrigt
430 258 39 21 och
492 265 46 15 som
561 258 122 22 Ständerna
702 258 32 21 uti
753 258 140 22 förenämnda
911 259 54 26 peti-

209 291 170 23 tionsskrifvelse
391 293 79 27 jemväl
486 293 96 26 anhållit,
599 294 33 20 att
648 293 17 27 ej
677 292 83 22 mindre
770 293 117 27 utredning
897 293 68 21 måtte

208 326 156 28 ävägabringas
388 334 34 15 om
443 328 100 21 behofvet
562 327 23 21 af
599 334 25 14 en
641 327 145 27 kanalisering
802 326 22 22 af
838 327 84 27 Kajana
938 326 28 22 elf

207 360 33 21 för
260 363 70 19 större
348 361 114 27 farkoster,
480 364 27 19 än
523 362 39 21 ock
577 363 29 26 pä
621 362 70 27 grund
708 361 22 21 af
744 362 86 20 teknisk
845 362 119 21 undersök-

207 395 51 27 ning
274 396 185 28 kostnadsförslag
475 397 31 21 till
523 397 61 21 detta
599 396 84 28 företag
693 398 116 25 uppgöras,
821 397 25 20 sä
857 398 33 20 att
900 396 63 21 Stän-

206 429 68 22 derna
288 430 68 22 blefve
371 432 7 20 i
394 431 82 21 tillfälle
492 433 33 19 att
541 431 70 21 uttala
623 432 31 26 sig
665 438 33 14 om
709 431 253 27 kanaliseringsarhetets

206 464 122 28 utförande,
344 466 39 21 har
399 462 169 31 Öfverstyrelsen
580 466 33 21 för
624 468 50 24 väg-
685 466 38 21 och
735 466 227 26 vattenbyggnaderna

204 498 70 22 blifvit
290 500 99 22 anbefald
405 502 32 20 att
453 501 45 21 låta
513 501 118 21 verkställa
646 500 72 21 härför
734 500 138 27 erforderliga
884 500 78 21 under-

205 534 123 28 sökningar.
354 534 69 22 Sedan
439 531 170 31 Öfverstyrelsen
625 542 89 14 numera
730 535 95 27 fullgjort
837 535 59 21 detta
907 542 54 20 upp-

204 568 59 28 drag,
289 571 23 19 är
336 570 89 21 ärendet
444 570 79 28 jemväl
539 571 6 20 i
561 570 71 21 denna
656 570 31 21 del
711 570 107 21 beroende
840 570 28 26 på
888 570 72 21 vidare

204 604 84 26 åtgärd.

272 641 40 19 3:0.
343 639 37 21 Uti
405 640 134 26 underdånig
561 639 110 21 skrifvelse
693 638 34 22 för
746 639 39 21 den
803 640 24 20 31
845 638 42 27 Maj
906 639 53 21 1888

203 672 64 21 hafva
283 672 122 22 Ständerna
420 674 38 21 hos
475 674 60 21 Hans
551 674 117 27 Kejserliga
683 674 103 26 Majestät
802 673 106 26 hemstält,
920 673 39 21 hu-

201 707 77 21 ruvida
296 708 52 26 icke,
368 708 6 20 i
393 708 144 22 betraktande
557 708 22 22 af
597 709 76 21 staden
691 708 145 21 Mariehamns
851 708 53 26 läge,
921 710 37 18 än-

201 741 153 27 damålsenliga
378 743 101 27 åtgärder
502 744 71 20 kunde
596 744 98 26 vidtagas
718 742 32 22 till
772 742 145 27 befrämjande
938 742 22 21 af

201 776 83 20 sådana
306 776 82 28 fartygs
411 777 116 27 inlöpande
550 778 117 26 derstädes,
686 777 72 21 hvilka
774 777 53 21 söka
842 776 114 26 nödhamn,

200 808 97 23 inhemta
313 811 69 26 order,
399 818 102 20 reparera
516 812 51 20 eller
586 812 146 27 proviantera,
749 818 47 14 men
812 812 45 20 icke
873 811 37 21 der
925 811 32 21 in-

200 845 52 25 taga
268 844 51 21 eller
336 844 90 22 aflemna
440 845 43 22 last
500 846 50 21 eller
568 853 147 20 passagerare.

269 879 10 20 I
295 879 115 28 anledning
425 880 64 21 häraf
502 881 39 20 har
556 881 61 20 Hans
633 881 118 26 Kejserliga
766 880 102 27 Majestät
881 886 76 20 genom

200 913 130 26 kungörelse
347 914 22 21 af
383 915 40 20 den
439 916 27 19 20
482 915 119 21 November
619 916 53 20 1890
688 915 6 21 i
710 915 68 20 nåder
793 914 119 26 förordnat,
924 915 33 20 att

201 946 47 27 alla,
266 947 62 22 äfven
344 949 117 21 utländska
476 949 77 28 fartyg,
570 956 45 15 som
631 950 6 21 i
654 950 36 21 det
706 949 23 21 af
738 949 122 21 Ständerna
870 948 87 27 angifna

199 981 55 26 syfte
270 983 79 26 anlöpa
365 983 139 27 Mariehamn,
519 986 53 19 utan
589 986 32 19 att
638 985 37 20 der
690 984 111 26 samtidigt
816 983 75 27 intaga
906 983 51 21 eller

199 1015 92 22 aflemna
312 1017 43 21 last
378 1018 50 21 eller
448 1025 148 20 passagerare,
613 1019 60 21 skola
688 1018 97 21 frikallas
800 1017 48 22 från
864 1017 92 27 skyldig-

199 1049 63 22 heten
280 1053 34 19 att
329 1052 34 21 vid
379 1053 32 20 in-
427 1053 39 20 och
481 1053 118 26 utgåendet
615 1053 67 21 anlita
700 1053 43 21 lots
760 1053 38 21 och
814 1052 86 27 erlägga
916 1052 39 21 den

197 1084 6 20 i
227 1085 80 27 nådiga
330 1087 147 26 sporteltaxan
497 1087 34 21 för
546 1089 129 26 tjenstemän
692 1087 39 22 och
747 1087 94 27 betjente
856 1087 35 20 vid
906 1086 50 21 tull-

198 1119 136 22 anstalterna
350 1121 38 21 och
404 1121 217 28 tullbevakningarna
637 1122 22 21 af
673 1122 40 21 den
731 1123 26 20 23
773 1121 51 22 Juni
843 1121 53 21 1885
912 1127 44 14 om-

197 1153 107 22 förmälda
319 1155 243 28 tullexpeditionsafgift.

267 1189 41 21 4:0.
339 1189 9 21 I
364 1190 111 22 skrifvelse
491 1191 22 20 af
527 1191 40 21 den
584 1192 24 20 31
626 1191 42 27 Maj
689 1191 51 20 1888
755 1189 64 22 hafva
834 1189 121 22 Ständerna

197 1222 38 21 hos
259 1223 61 22 Hans
344 1224 119 27 Kejserliga
485 1225 102 28 Majestät
605 1226 6 21 i
628 1225 172 27 underdånighet
816 1224 88 21 anhållit
921 1231 34 14 om

195 1256 131 27 vidtagande
342 1258 23 21 af
376 1259 101 28 lämpliga
489 1260 101 27 åtgärder
605 1261 32 20 till
653 1259 146 28 befrämjande
815 1259 23 21 af
851 1258 103 28 sjöfarten

196 1291 29 26 på
240 1291 95 28 Ladoga.

265 1326 40 21 Till
322 1327 52 27 följd
394 1328 63 21 häraf
475 1329 38 20 har
531 1329 38 21 hos
585 1329 60 22 Hans
661 1329 103 27 Majestät
779 1329 40 20 den
837 1329 11 19 7
864 1329 90 21 Novem-

195 1359 37 21 ber
251 1361 54 21 1889
322 1361 23 21 af
358 1362 93 22 Senaten
469 1364 101 21 anmälts:

264 1398 34 18 att
321 1397 157 28 sjömätningar
497 1399 6 20 i
522 1399 87 26 Ladoga
629 1399 31 27 sjö
679 1399 70 20 blifvit
768 1397 24 22 af
805 1404 25 15 en
847 1398 50 26 rysk
912 1397 41 26 sjö-

193 1430 233 27 mätningsexpedition
458 1434 123 21 verkstälda
608 1435 38 20 och
673 1435 82 26 sjökort
782 1434 27 26 på
837 1433 70 26 grund
933 1431 23 22 af

194 1463 62 22 dessa
282 1466 23 20 år
331 1467 53 20 1873
408 1467 106 22 afslutade
537 1469 123 26 mätningar
679 1469 94 27 utgifna:
798 1470 33 19 att
847 1468 67 26 några
929 1467 24 21 så
