1078 1692
394 397 262 39 Förslag

165 513 143 47 Instruktion
329 514 39 46 för
388 514 109 46 Finlands
520 515 119 46 Ständers
661 514 215 56 bankfullmäktige.

501 627 47 27 $1

216 672 194 28 Bankfullmäktige
426 672 91 28 åligger:

217 708 31 20 att
271 707 49 21 med
342 707 139 27 iakttagande
501 707 23 21 af
537 708 59 20 såväl
613 708 73 21 denna
700 707 136 26 instruktion,
852 713 48 15 som

149 740 35 22 det
206 740 32 22 för
261 741 101 21 Finlands
380 742 61 21 Bank
455 742 115 22 utfärdade
585 742 131 27 reglemente
732 742 56 21 vaka
804 740 99 22 deröfver

148 778 32 18 att
202 776 98 21 bankens
322 776 129 28 förvaltning
473 776 136 22 handhafves
632 776 28 28 på
683 776 78 21 sådant
782 777 48 25 sätt,
854 782 48 14 som

148 812 123 19 motsvarar
286 810 97 22 bankens
398 811 101 21 säkerhet
516 811 41 21 och
573 810 77 27 fördel;

218 847 31 18 att
265 845 6 20 i
287 845 26 21 de
328 844 14 22 å
355 845 202 28 bankfullmäktiges
571 845 161 27 handläggning
742 844 162 22 ankommande

149 879 96 21 ärenden
260 879 73 22 städse
347 880 83 26 grunda
446 880 47 21 sina
509 880 70 21 beslut
594 879 29 28 på
639 886 112 21 noggrann
766 879 99 27 pröfning
881 878 20 21 af

148 913 59 21 hvad
224 913 98 22 bankens
340 914 82 27 uppgift
437 915 41 21 och
494 915 85 20 landets
596 914 142 22 ekonomiska
753 913 100 27 ställning
868 912 35 22 för

148 948 60 21 tiden
223 948 81 26 fordra;
320 952 56 17 samt

218 985 32 19 att
264 983 100 21 särskildt
379 983 36 21 vid
430 983 114 22 inträffade
559 983 52 22 eller
626 983 102 22 befarade
743 983 100 27 politiska
853 982 52 21 eller

149 1017 143 22 ekonomiska
306 1017 157 28 förvecklingar
480 1019 99 20 meddela
595 1018 81 27 nödiga
691 1017 136 22 föreskrifter.

503 1081 12 28 S
531 1082 19 20 2.

218 1127 86 21 Jemlikt
319 1127 132 22 Ständernas
467 1127 36 21 vid
521 1127 53 22 1891
591 1126 36 22 års
637 1127 103 27 landtdag
749 1127 103 26 vidtagna
863 1125 39 22 be-

150 1161 41 21 slut
214 1161 61 22 skola
296 1161 190 28 bankfullmäktige
509 1168 54 15 vara
582 1162 31 21 till
631 1162 82 21 antalet
730 1161 44 27 tolf,
791 1160 23 22 af
829 1160 72 21 hvilka

150 1195 47 28 fyra
211 1196 69 27 väljas
295 1196 33 21 för
343 1198 31 19 att
389 1197 73 20 säsom
473 1196 113 21 ordinarie
597 1195 194 28 bankfullmäktige
808 1194 94 27 ständigt

149 1231 119 27 tjenstgöra
284 1231 41 21 och
340 1231 26 21 de
382 1231 67 27 öfrige
463 1231 92 21 inkallas
571 1231 33 21 för
619 1233 32 19 att
666 1232 136 25 gemensamt
814 1229 50 22 med
874 1229 28 22 de

149 1264 58 22 förre
222 1267 77 25 utgöra
314 1264 117 28 förstärkte
448 1265 201 27 Bankfullmäktige
665 1265 33 21 för
710 1264 159 27 behandlingen
881 1263 21 21 af

150 1299 104 28 vigtigare
270 1300 102 26 ärenden,
388 1299 73 22 säsom
478 1299 72 22 nedan
565 1301 71 25 säges.

507 1363 46 27 83.

219 1409 40 21 Det
274 1409 71 21 tillhör
360 1409 115 21 förstärkte
491 1408 192 27 bankfullmäktige
700 1410 38 19 att:
792 1435 2 3 N

220 1444 24 26 a)
260 1443 74 27 algöra
350 1450 36 15 om
401 1443 154 21 ansvarsfrihet
571 1443 33 20 för
619 1443 202 24 bankdirektionen;

827 1487 10 16 5
