1078 1692
203 138 26 20 12
447 143 22 22 U.
485 144 22 21 B.
523 156 27 3 —
566 143 93 21 XXXVI.

242 212 69 22 Äfven
327 213 6 20 i
348 214 12 26 $
377 214 25 20 17
419 213 40 21 har
474 213 42 23 det,
533 212 50 22 med
599 212 101 22 afseende
716 212 13 21 ä
745 213 85 19 ämnets
846 210 84 22 beskaf-

171 240 80 27 fenhet,
275 244 82 18 ansetts
378 241 49 21 bäst
450 244 32 19 att
505 242 25 21 sä
552 242 60 26 längt
631 241 82 27 möjligt
732 240 99 27 begagna
847 246 83 15 samma

173 269 95 27 ordalag,
292 276 48 15 som
360 270 36 22 det
415 271 127 27 stadgande,
559 270 12 28 $
590 271 20 20 11
630 270 6 20 i
652 270 22 20 K.
690 269 155 27 förordningen
860 268 41 22 den
918 270 12 19 9

172 298 45 22 dec.
234 299 62 26 1867,
312 299 65 21 hvars
392 300 93 20 innehäll
502 299 40 21 här
557 299 68 21 delvis
641 298 119 27 ätergifves.

499 404 64 26 Kap.
579 404 29 22 II.

378 455 37 22 Om
431 456 97 21 bankens
543 455 179 29 sedelutgitning.

160 528 3 4 4
242 508 8 20 I
265 508 11 27 $
295 508 23 20 18
335 507 89 22 föreslår
439 508 109 22 Utskottet
561 510 80 20 tvänne
652 508 157 26 förändringar,
821 508 106 27 nämligen

171 540 32 20 att
219 537 36 21 det
271 536 83 28 belopp,
371 537 104 21 hvarmed
491 537 132 27 utelöpande
639 537 71 21 sedlar
725 536 21 22 få
760 536 116 28 öfverstiga
890 544 38 14 va-

171 568 66 24 lutan,
254 566 61 26 höjes
336 565 46 21 från
402 566 28 21 30
445 566 31 20 till
491 566 29 21 35
536 566 99 27 miljoner
650 566 69 26 mark,
736 566 41 20 och
793 568 31 18 att
840 566 88 27 olvftadt

171 595 78 27 belopp
274 593 13 22 å
306 594 157 22 kassakreditiv
479 594 64 22 äfven
559 595 115 21 framdeles
690 594 60 27 skall,
768 594 77 22 liksom
860 594 68 28 öfriga

171 626 14 20 å
200 624 56 21 vista
272 623 146 26 förbindelser,
438 624 35 20 vid
489 624 141 21 beräknande
646 624 23 20 af
682 623 246 27 sedelutgifningsrätten

170 656 62 24 tagas
249 653 7 21 i
270 652 147 22 betraktande.

239 682 41 20 Det
302 681 53 21 först
377 681 95 21 nämnda
493 681 109 27 förslaget,
619 688 48 14 som
682 681 68 21 redan
766 681 87 27 antydts
869 681 5 21 i
890 681 37 21 be-

170 710 120 22 tänkandet
305 710 39 21 N:o
362 711 17 25 1,
396 710 124 21 framkallar
535 710 115 27 möjligtvis
666 710 42 20 den
719 710 165 27 invändningen,
896 713 31 18 att

170 741 95 25 gränsen
280 738 32 22 för
328 738 102 22 obetäckt
445 739 164 21 sedelemission
625 738 32 22 för
668 738 48 22 icke
727 738 74 28 längre
811 739 32 21 tid
853 739 73 26 sedan,

170 770 29 20 än
221 768 36 21 vid
282 767 54 21 1888
358 768 36 20 års
413 768 102 26 landtdag
534 780 26 2 —
581 768 50 21 eller
647 768 113 26 rätteligen
776 767 53 21 blott
845 767 31 22 för
891 769 36 20 två

170 798 25 20 år
217 796 89 22 tillbaka
328 798 53 19 enär
399 796 125 27 författning
540 796 74 22 derom
631 796 75 22 utkom
722 796 54 21 först
791 796 7 20 i
813 796 42 27 maj
873 797 54 21 1889

170 838 27 3 —
220 825 126 27 utvidgades
369 825 47 20 från
432 826 28 20 20
475 825 31 20 till
521 826 28 20 30
566 826 105 20 millioner
686 825 43 21 och
745 827 30 18 att
791 832 50 13 man
857 825 71 21 derför

169 854 68 21 borde
253 854 51 21 bida
318 853 49 22 med
383 853 74 22 vidare
473 856 47 25 steg
536 854 6 20 i
558 854 72 21 denna
645 853 101 27 riktning.

238 883 77 21 Denna
330 883 161 26 omständighet
507 883 40 20 bör
563 883 62 26 dock,
641 883 66 26 enligt
723 882 119 21 Utskottets
856 883 70 26 tanke,

169 911 47 22 icke
232 911 102 21 tillmätas
350 912 72 34 någon
438 911 119 27 afgörande
573 896 115 47 betydelse.
712 911 40 21 Det
768 912 23 20 är
804 911 44 33 just
858 896 69 53 under

169 940 27 21 de
218 943 34 18 tre
276 943 86 18 senaste
380 941 59 25 åren,
459 940 234 21 affärsverksamheten
712 940 7 20 i
734 939 72 22 landet
822 940 6 21 i
844 939 24 22 så
884 940 43 27 hög

168 969 54 26 grad
244 969 91 26 tilltagit.
366 968 45 22 Och
434 968 72 22 denna
524 969 97 27 stegring
639 969 39 20 har
699 969 48 21 icke
763 969 92 21 medfört
870 957 56 33 ökad

168 998 89 27 tillgång
273 999 28 26 på
316 997 100 22 utländsk
431 998 80 26 valuta,
523 1000 22 25 ty
556 998 108 27 importen
674 998 41 20 har
725 997 59 27 stigit
795 998 131 21 åtminstone

168 1026 7 21 i
198 1033 86 15 samma
306 1027 124 26 proportion
453 1033 48 15 som
522 1029 110 24 exporten.
662 1026 40 21 Det
723 1027 25 20 är
766 1025 160 23 affärsrörelsen

167 1055 61 21 inom
243 1055 79 26 landet,
339 1062 48 14 som
402 1055 155 27 jemförelsevis
571 1055 94 21 starkast
676 1055 110 21 utvecklat
796 1055 37 27 sig,
845 1056 28 26 pä
883 1057 43 20 sätt

168 1083 96 28 framgär
280 1084 22 21 af
315 1084 100 27 samtliga
430 1083 94 22 bankers
540 1084 106 27 ansenligt
656 1083 102 28 stegrade
768 1084 101 27 utläning.
892 1085 34 20 Ett

167 1113 90 27 verkligt
273 1112 67 22 behof
352 1113 24 21 af
389 1113 56 21 ökad
461 1113 89 26 tillgäng
566 1113 28 27 pä
609 1112 211 22 cirkulationsmedel
835 1113 39 20 har
890 1114 35 20 sä-

167 1142 66 21 lunda
249 1141 57 28 gjort
320 1142 33 26 sig
362 1141 106 27 gällande.
490 1141 164 21 Totalsumman
665 1141 24 21 af
697 1141 99 21 bankens
806 1141 120 22 metalliska

167 1171 73 20 valuta
256 1170 33 21 för
304 1169 166 28 sedelutgifning
485 1170 99 27 utgjorde
599 1170 36 21 vid
650 1171 110 26 utgängen
776 1169 23 22 af
812 1171 25 20 är

342 1211 54 20 1889
472 1227 73 5 0.0.
575 1211 134 26 55,251,000:
727 1223 26 2 —

342 1239 55 22 1884
472 1257 73 3 0.0.
575 1239 135 26 58652000:
726 1251 27 2 —

341 1269 54 20 1886
436 1285 3 4 .
471 1285 3 4 .
505 1285 4 4 .
540 1285 3 4 .
574 1268 179 26 54,661,000:
734 1254 23 45 —

340 1297 56 21 1888
437 1314 4 4 .
471 1314 4 4 .
506 1314 4 3 =.
541 1314 4 3 .
575 1296 135 27 46,825,000:
726 1309 28 2 —

341 1326 55 21 1890
573 1313 136 38 52,442,000:
725 1337 28 3 —

235 1365 33 21 Då
285 1365 54 22 1889
355 1366 35 21 års
406 1343 92 44 statslän
505 1343 56 44 icke
577 1365 55 21 varit
647 1367 53 19 utan
717 1365 118 27 inflytande
845 1366 27 26 på
883 1365 41 21 till-

166 1395 79 20 växten
261 1393 53 22 efter
333 1394 59 26 1888,
408 1395 47 20 visa
471 1395 65 21 dessa
552 1394 71 21 siffror
637 1394 7 21 i
659 1393 76 28 sjelfva
750 1394 74 21 verket
835 1400 27 15 en
877 1396 47 19 ten-

165 1423 53 21 dens.
237 1423 32 20 till
287 1411 132 38 nedgående,
435 1429 49 16 som
500 1423 76 21 främst
593 1423 59 21 torde
668 1423 21 21 få
705 1422 123 21 tillskrifvas
843 1423 81 26 impor-

165 1453 48 20 tens
232 1451 75 22 starka
324 1451 87 28 ökning.
441 1451 30 22 Af
490 1451 107 27 naturliga
613 1451 45 21 skäl
674 1452 109 26 utjemnas
799 1451 73 22 städse
888 1457 36 16 om

234 1490 149 18 Bankutskottets
394 1491 111 18 betänkande
517 1491 34 18 N:o
563 1491 14 16 2
