<?xml version="1.0" encoding="UTF-8"?>
<alto xmlns="http://www.loc.gov/standards/alto/ns-v3#" xmlns:xlink="http://www.w3.org/1999/xlink" xmlns:xsi="http://www.w3.org/2001/XMLSchema-instance" xsi:schemaLocation="http://www.loc.gov/standards/alto/ns-v3# http://www.loc.gov/alto/v3/alto-3-0.xsd">
	<Description>
		<MeasurementUnit>pixel</MeasurementUnit>
		<sourceImageInformation>
			<fileName>/tmp/tess__3q9i_md_input.PNG</fileName>
		</sourceImageInformation>
		<OCRProcessing ID="OCR_0">
			<ocrProcessingStep>
				<processingSoftware>
					<softwareName>tesseract 5.3.4</softwareName>
				</processingSoftware>
			</ocrProcessingStep>
		</OCRProcessing>
	</Description>
	<Layout>
		<Page WIDTH="1078" HEIGHT="1692" PHYSICAL_IMG_NR="0" ID="page_0">
			<PrintSpace HPOS="0" VPOS="0" WIDTH="1078" HEIGHT="1692">
				<ComposedBlock ID="cblock_0" HPOS="819" VPOS="155" WIDTH="40" HEIGHT="20">
					<TextBlock ID="block_0" HPOS="819" VPOS="155" WIDTH="40" HEIGHT="20">
						<TextLine ID="line_0" HPOS="819" VPOS="155" WIDTH="40" HEIGHT="20">
							<String ID="string_0" HPOS="819" VPOS="155" WIDTH="40" HEIGHT="20" WC="0.94" CONTENT="105"/>
						</TextLine>
					</TextBlock>
				</ComposedBlock>
				<ComposedBlock ID="cblock_1" HPOS="133" VPOS="223" WIDTH="761" HEIGHT="512">
					<TextBlock ID="block_1" HPOS="133" VPOS="223" WIDTH="757" HEIGHT="83">
						<TextLine ID="line_1" HPOS="202" VPOS="223" WIDTH="688" HEIGHT="25">
							<String ID="string_1" HPOS="202" VPOS="225" WIDTH="30" HEIGHT="18" WC="0.96" CONTENT="att"/><SP WIDTH="15" VPOS="225" HPOS="232"/>
							<String ID="string_2" HPOS="247" VPOS="224" WIDTH="30" HEIGHT="19" WC="0.92" CONTENT="till"/><SP WIDTH="14" VPOS="224" HPOS="277"/>
							<String ID="string_3" HPOS="291" VPOS="229" WIDTH="99" HEIGHT="19" WC="0.91" CONTENT="expenser"/><SP WIDTH="15" VPOS="229" HPOS="390"/>
							<String ID="string_4" HPOS="405" VPOS="224" WIDTH="33" HEIGHT="19" WC="0.96" CONTENT="vid"/><SP WIDTH="15" VPOS="224" HPOS="438"/>
							<String ID="string_5" HPOS="453" VPOS="223" WIDTH="99" HEIGHT="20" WC="0.96" CONTENT="kontoren"/><SP WIDTH="15" VPOS="223" HPOS="552"/>
							<String ID="string_6" HPOS="567" VPOS="224" WIDTH="65" HEIGHT="19" WC="0.96" CONTENT="skulle"/><SP WIDTH="15" VPOS="224" HPOS="632"/>
							<String ID="string_7" HPOS="647" VPOS="223" WIDTH="68" HEIGHT="20" WC="0.96" CONTENT="anslås"/><SP WIDTH="17" VPOS="223" HPOS="715"/>
							<String ID="string_8" HPOS="732" VPOS="224" WIDTH="40" HEIGHT="20" WC="0.96" CONTENT="800"/><SP WIDTH="16" VPOS="224" HPOS="772"/>
							<String ID="string_9" HPOS="788" VPOS="224" WIDTH="55" HEIGHT="19" WC="0.96" CONTENT="mark"/><SP WIDTH="10" VPOS="224" HPOS="843"/>
							<String ID="string_10" HPOS="853" VPOS="224" WIDTH="37" HEIGHT="19" WC="0.96" CONTENT="och"/>
						</TextLine>
						<TextLine ID="line_2" HPOS="134" VPOS="252" WIDTH="756" HEIGHT="25">
							<String ID="string_11" HPOS="134" VPOS="252" WIDTH="30" HEIGHT="19" WC="0.92" CONTENT="till"/><SP WIDTH="15" VPOS="252" HPOS="164"/>
							<String ID="string_12" HPOS="179" VPOS="252" WIDTH="103" HEIGHT="20" WC="0.92" CONTENT="aflönande"/><SP WIDTH="14" VPOS="252" HPOS="282"/>
							<String ID="string_13" HPOS="296" VPOS="252" WIDTH="20" HEIGHT="19" WC="0.95" CONTENT="af"/><SP WIDTH="14" VPOS="252" HPOS="316"/>
							<String ID="string_14" HPOS="330" VPOS="252" WIDTH="79" HEIGHT="25" WC="0.96" CONTENT="vikarie,"/><SP WIDTH="15" VPOS="252" HPOS="409"/>
							<String ID="string_15" HPOS="424" VPOS="252" WIDTH="40" HEIGHT="20" WC="0.96" CONTENT="ifall"/><SP WIDTH="16" VPOS="252" HPOS="464"/>
							<String ID="string_16" HPOS="480" VPOS="252" WIDTH="149" HEIGHT="20" WC="0.96" CONTENT="föreståndaren"/><SP WIDTH="23" VPOS="252" HPOS="629"/>
							<String ID="string_17" HPOS="652" VPOS="254" WIDTH="56" HEIGHT="23" WC="0.96" CONTENT="tages"/><SP WIDTH="25" VPOS="254" HPOS="708"/>
							<String ID="string_18" HPOS="733" VPOS="252" WIDTH="45" HEIGHT="20" WC="0.96" CONTENT="från"/><SP WIDTH="23" VPOS="252" HPOS="778"/>
							<String ID="string_19" HPOS="801" VPOS="252" WIDTH="89" HEIGHT="20" WC="0.95" CONTENT="bankens"/>
						</TextLine>
						<TextLine ID="line_3" HPOS="133" VPOS="280" WIDTH="619" HEIGHT="26">
							<String ID="string_20" HPOS="133" VPOS="281" WIDTH="88" HEIGHT="19" WC="0.91" CONTENT="hufvud-"/><SP WIDTH="16" VPOS="281" HPOS="221"/>
							<String ID="string_21" HPOS="237" VPOS="280" WIDTH="47" HEIGHT="20" WC="0.92" CONTENT="eller"/><SP WIDTH="14" VPOS="280" HPOS="284"/>
							<String ID="string_22" HPOS="298" VPOS="280" WIDTH="191" HEIGHT="26" WC="0.92" CONTENT="afdelningskontor,"/><SP WIDTH="16" VPOS="280" HPOS="489"/>
							<String ID="string_23" HPOS="505" VPOS="281" WIDTH="61" HEIGHT="24" WC="0.92" CONTENT="2,400"/><SP WIDTH="15" VPOS="281" HPOS="566"/>
							<String ID="string_24" HPOS="581" VPOS="281" WIDTH="57" HEIGHT="19" WC="0.96" CONTENT="mark"/><SP WIDTH="14" VPOS="281" HPOS="638"/>
							<String ID="string_25" HPOS="652" VPOS="287" WIDTH="33" HEIGHT="13" WC="0.96" CONTENT="om"/><SP WIDTH="15" VPOS="287" HPOS="685"/>
							<String ID="string_26" HPOS="700" VPOS="280" WIDTH="52" HEIGHT="26" WC="0.95" CONTENT="året;"/>
						</TextLine>
					</TextBlock>
					<TextBlock ID="block_2" HPOS="134" VPOS="308" WIDTH="757" HEIGHT="112">
						<TextLine ID="line_4" HPOS="203" VPOS="308" WIDTH="688" HEIGHT="21">
							<String ID="string_27" HPOS="203" VPOS="311" WIDTH="29" HEIGHT="18" WC="0.91" CONTENT="att"/><SP WIDTH="24" VPOS="311" HPOS="232"/>
							<String ID="string_28" HPOS="256" VPOS="309" WIDTH="292" HEIGHT="20" WC="0.89" CONTENT="diskontkomitéledamöterne"/><SP WIDTH="23" VPOS="309" HPOS="548"/>
							<String ID="string_29" HPOS="571" VPOS="310" WIDTH="98" HEIGHT="19" WC="0.96" CONTENT="hvardera"/><SP WIDTH="25" VPOS="310" HPOS="669"/>
							<String ID="string_30" HPOS="694" VPOS="309" WIDTH="65" HEIGHT="20" WC="0.94" CONTENT="skulle"/><SP WIDTH="15" VPOS="309" HPOS="759"/>
							<String ID="string_31" HPOS="774" VPOS="308" WIDTH="73" HEIGHT="21" WC="0.96" CONTENT="erhålla"/><SP WIDTH="15" VPOS="308" HPOS="847"/>
							<String ID="string_32" HPOS="862" VPOS="310" WIDTH="29" HEIGHT="18" WC="0.96" CONTENT="ett"/>
						</TextLine>
						<TextLine ID="line_5" HPOS="134" VPOS="338" WIDTH="757" HEIGHT="24">
							<String ID="string_33" HPOS="134" VPOS="338" WIDTH="73" HEIGHT="20" WC="0.95" CONTENT="arvode"/><SP WIDTH="15" VPOS="338" HPOS="207"/>
							<String ID="string_34" HPOS="222" VPOS="338" WIDTH="19" HEIGHT="19" WC="0.96" CONTENT="af"/><SP WIDTH="16" VPOS="338" HPOS="241"/>
							<String ID="string_35" HPOS="257" VPOS="338" WIDTH="39" HEIGHT="20" WC="0.96" CONTENT="700"/><SP WIDTH="16" VPOS="338" HPOS="296"/>
							<String ID="string_36" HPOS="312" VPOS="338" WIDTH="60" HEIGHT="24" WC="0.93" CONTENT="mark,"/><SP WIDTH="16" VPOS="338" HPOS="372"/>
							<String ID="string_37" HPOS="388" VPOS="338" WIDTH="106" HEIGHT="19" WC="0.93" CONTENT="hvarutom"/><SP WIDTH="21" VPOS="338" HPOS="494"/>
							<String ID="string_38" HPOS="515" VPOS="338" WIDTH="39" HEIGHT="20" WC="0.95" CONTENT="den"/><SP WIDTH="25" VPOS="338" HPOS="554"/>
							<String ID="string_39" HPOS="579" VPOS="344" WIDTH="36" HEIGHT="14" WC="0.95" CONTENT="ene"/><SP WIDTH="24" VPOS="344" HPOS="615"/>
							<String ID="string_40" HPOS="639" VPOS="338" WIDTH="20" HEIGHT="19" WC="0.92" CONTENT="af"/><SP WIDTH="25" VPOS="338" HPOS="659"/>
							<String ID="string_41" HPOS="684" VPOS="338" WIDTH="139" HEIGHT="24" WC="0.91" CONTENT="ledamöterne,"/><SP WIDTH="25" VPOS="338" HPOS="823"/>
							<String ID="string_42" HPOS="848" VPOS="344" WIDTH="43" HEIGHT="13" WC="0.96" CONTENT="som"/>
						</TextLine>
						<TextLine ID="line_6" HPOS="134" VPOS="366" WIDTH="756" HEIGHT="26">
							<String ID="string_43" HPOS="134" VPOS="366" WIDTH="64" HEIGHT="20" WC="0.95" CONTENT="tillika"/><SP WIDTH="15" VPOS="366" HPOS="198"/>
							<String ID="string_44" HPOS="213" VPOS="372" WIDTH="47" HEIGHT="14" WC="0.96" CONTENT="vore"/><SP WIDTH="14" VPOS="372" HPOS="260"/>
							<String ID="string_45" HPOS="274" VPOS="366" WIDTH="122" HEIGHT="20" WC="0.96" CONTENT="kontrollant"/><SP WIDTH="14" VPOS="366" HPOS="396"/>
							<String ID="string_46" HPOS="410" VPOS="366" WIDTH="20" HEIGHT="20" WC="0.97" CONTENT="af"/><SP WIDTH="13" VPOS="366" HPOS="430"/>
							<String ID="string_47" HPOS="443" VPOS="366" WIDTH="81" HEIGHT="25" WC="0.96" CONTENT="kassan,"/><SP WIDTH="14" VPOS="366" HPOS="524"/>
							<String ID="string_48" HPOS="538" VPOS="367" WIDTH="7" HEIGHT="19" WC="0.96" CONTENT="i"/><SP WIDTH="16" VPOS="367" HPOS="545"/>
							<String ID="string_49" HPOS="561" VPOS="366" WIDTH="63" HEIGHT="20" WC="0.96" CONTENT="sådan"/><SP WIDTH="15" VPOS="366" HPOS="624"/>
							<String ID="string_50" HPOS="639" VPOS="367" WIDTH="102" HEIGHT="25" WC="0.96" CONTENT="egenskap"/><SP WIDTH="22" VPOS="367" HPOS="741"/>
							<String ID="string_51" HPOS="763" VPOS="366" WIDTH="64" HEIGHT="20" WC="0.93" CONTENT="skulle"/><SP WIDTH="24" VPOS="366" HPOS="827"/>
							<String ID="string_52" HPOS="851" VPOS="366" WIDTH="39" HEIGHT="20" WC="0.88" CONTENT="till-"/>
						</TextLine>
						<TextLine ID="line_7" HPOS="134" VPOS="395" WIDTH="552" HEIGHT="25">
							<String ID="string_53" HPOS="134" VPOS="395" WIDTH="80" HEIGHT="20" WC="0.95" CONTENT="komma"/><SP WIDTH="14" VPOS="395" HPOS="214"/>
							<String ID="string_54" HPOS="228" VPOS="396" WIDTH="30" HEIGHT="18" WC="0.96" CONTENT="ett"/><SP WIDTH="13" VPOS="396" HPOS="258"/>
							<String ID="string_55" HPOS="271" VPOS="395" WIDTH="73" HEIGHT="19" WC="0.96" CONTENT="arvode"/><SP WIDTH="14" VPOS="395" HPOS="344"/>
							<String ID="string_56" HPOS="358" VPOS="395" WIDTH="21" HEIGHT="19" WC="0.96" CONTENT="af"/><SP WIDTH="14" VPOS="395" HPOS="379"/>
							<String ID="string_57" HPOS="393" VPOS="395" WIDTH="40" HEIGHT="19" WC="0.95" CONTENT="800"/><SP WIDTH="16" VPOS="395" HPOS="433"/>
							<String ID="string_58" HPOS="449" VPOS="395" WIDTH="56" HEIGHT="19" WC="0.96" CONTENT="mark"/><SP WIDTH="16" VPOS="395" HPOS="505"/>
							<String ID="string_59" HPOS="521" VPOS="401" WIDTH="31" HEIGHT="13" WC="0.96" CONTENT="om"/><SP WIDTH="16" VPOS="401" HPOS="552"/>
							<String ID="string_60" HPOS="568" VPOS="395" WIDTH="48" HEIGHT="25" WC="0.96" CONTENT="året,"/><SP WIDTH="17" VPOS="395" HPOS="616"/>
							<String ID="string_61" HPOS="633" VPOS="397" WIDTH="53" HEIGHT="18" WC="0.96" CONTENT="samt"/>
						</TextLine>
					</TextBlock>
					<TextBlock ID="block_3" HPOS="135" VPOS="424" WIDTH="757" HEIGHT="139">
						<TextLine ID="line_8" HPOS="204" VPOS="424" WIDTH="688" HEIGHT="25">
							<String ID="string_62" HPOS="204" VPOS="425" WIDTH="30" HEIGHT="18" WC="0.96" CONTENT="att"/><SP WIDTH="14" VPOS="425" HPOS="234"/>
							<String ID="string_63" HPOS="248" VPOS="424" WIDTH="7" HEIGHT="18" WC="0.96" CONTENT="i"/><SP WIDTH="15" VPOS="424" HPOS="255"/>
							<String ID="string_64" HPOS="270" VPOS="424" WIDTH="87" HEIGHT="24" WC="0.96" CONTENT="enlighet"/><SP WIDTH="14" VPOS="424" HPOS="357"/>
							<String ID="string_65" HPOS="371" VPOS="424" WIDTH="82" HEIGHT="19" WC="0.93" CONTENT="härmed"/><SP WIDTH="14" VPOS="424" HPOS="453"/>
							<String ID="string_66" HPOS="467" VPOS="424" WIDTH="163" HEIGHT="25" WC="0.92" CONTENT="tilläggs-anslag"/><SP WIDTH="14" VPOS="424" HPOS="630"/>
							<String ID="string_67" HPOS="644" VPOS="424" WIDTH="46" HEIGHT="20" WC="0.93" CONTENT="med"/><SP WIDTH="16" VPOS="424" HPOS="690"/>
							<String ID="string_68" HPOS="706" VPOS="424" WIDTH="75" HEIGHT="24" WC="0.92" CONTENT="10,400"/><SP WIDTH="15" VPOS="424" HPOS="781"/>
							<String ID="string_69" HPOS="796" VPOS="424" WIDTH="56" HEIGHT="19" WC="0.96" CONTENT="mark"/><SP WIDTH="12" VPOS="424" HPOS="852"/>
							<String ID="string_70" HPOS="864" VPOS="424" WIDTH="28" HEIGHT="19" WC="0.96" CONTENT="för"/>
						</TextLine>
						<TextLine ID="line_9" HPOS="135" VPOS="452" WIDTH="757" HEIGHT="25">
							<String ID="string_71" HPOS="135" VPOS="453" WIDTH="59" HEIGHT="19" WC="0.91" CONTENT="hvart"/><SP WIDTH="15" VPOS="453" HPOS="194"/>
							<String ID="string_72" HPOS="209" VPOS="452" WIDTH="37" HEIGHT="20" WC="0.96" CONTENT="och"/><SP WIDTH="15" VPOS="452" HPOS="246"/>
							<String ID="string_73" HPOS="261" VPOS="454" WIDTH="29" HEIGHT="18" WC="0.96" CONTENT="ett"/><SP WIDTH="14" VPOS="454" HPOS="290"/>
							<String ID="string_74" HPOS="304" VPOS="452" WIDTH="20" HEIGHT="20" WC="0.96" CONTENT="af"/><SP WIDTH="14" VPOS="452" HPOS="324"/>
							<String ID="string_75" HPOS="338" VPOS="452" WIDTH="25" HEIGHT="20" WC="0.93" CONTENT="de"/><SP WIDTH="14" VPOS="452" HPOS="363"/>
							<String ID="string_76" HPOS="377" VPOS="452" WIDTH="137" HEIGHT="25" WC="0.91" CONTENT="ifrågakomna"/><SP WIDTH="15" VPOS="452" HPOS="514"/>
							<String ID="string_77" HPOS="529" VPOS="453" WIDTH="104" HEIGHT="24" WC="0.95" CONTENT="kontoren,"/><SP WIDTH="14" VPOS="453" HPOS="633"/>
							<String ID="string_78" HPOS="647" VPOS="453" WIDTH="7" HEIGHT="19" WC="0.96" CONTENT="i"/><SP WIDTH="14" VPOS="453" HPOS="654"/>
							<String ID="string_79" HPOS="668" VPOS="452" WIDTH="96" HEIGHT="20" WC="0.96" CONTENT="händelse"/><SP WIDTH="15" VPOS="452" HPOS="764"/>
							<String ID="string_80" HPOS="779" VPOS="452" WIDTH="113" HEIGHT="20" WC="0.96" CONTENT="bokhållare"/>
						</TextLine>
						<TextLine ID="line_10" HPOS="135" VPOS="481" WIDTH="757" HEIGHT="25">
							<String ID="string_81" HPOS="135" VPOS="481" WIDTH="48" HEIGHT="19" WC="0.96" CONTENT="eller"/><SP WIDTH="24" VPOS="481" HPOS="183"/>
							<String ID="string_82" HPOS="207" VPOS="481" WIDTH="69" HEIGHT="19" WC="0.96" CONTENT="kassör"/><SP WIDTH="23" VPOS="481" HPOS="276"/>
							<String ID="string_83" HPOS="299" VPOS="481" WIDTH="7" HEIGHT="19" WC="0.96" CONTENT="i"/><SP WIDTH="26" VPOS="481" HPOS="306"/>
							<String ID="string_84" HPOS="332" VPOS="481" WIDTH="77" HEIGHT="19" WC="0.96" CONTENT="banken"/><SP WIDTH="26" VPOS="481" HPOS="409"/>
							<String ID="string_85" HPOS="435" VPOS="481" WIDTH="98" HEIGHT="19" WC="0.92" CONTENT="bestrider"/><SP WIDTH="14" VPOS="481" HPOS="533"/>
							<String ID="string_86" HPOS="547" VPOS="481" WIDTH="225" HEIGHT="25" WC="0.92" CONTENT="föreståndaretjensten"/><SP WIDTH="15" VPOS="481" HPOS="772"/>
							<String ID="string_87" HPOS="787" VPOS="487" WIDTH="46" HEIGHT="13" WC="0.96" CONTENT="men"/><SP WIDTH="14" VPOS="487" HPOS="833"/>
							<String ID="string_88" HPOS="847" VPOS="481" WIDTH="45" HEIGHT="19" WC="0.96" CONTENT="med"/>
						</TextLine>
						<TextLine ID="line_11" HPOS="137" VPOS="510" WIDTH="755" HEIGHT="25">
							<String ID="string_89" HPOS="137" VPOS="510" WIDTH="74" HEIGHT="24" WC="0.90" CONTENT="11,000"/><SP WIDTH="16" VPOS="510" HPOS="211"/>
							<String ID="string_90" HPOS="227" VPOS="510" WIDTH="55" HEIGHT="19" WC="0.96" CONTENT="mark"/><SP WIDTH="15" VPOS="510" HPOS="282"/>
							<String ID="string_91" HPOS="297" VPOS="516" WIDTH="32" HEIGHT="13" WC="0.96" CONTENT="om"/><SP WIDTH="15" VPOS="516" HPOS="329"/>
							<String ID="string_92" HPOS="344" VPOS="516" WIDTH="25" HEIGHT="13" WC="0.96" CONTENT="en"/><SP WIDTH="15" VPOS="516" HPOS="369"/>
							<String ID="string_93" HPOS="384" VPOS="516" WIDTH="73" HEIGHT="19" WC="0.96" CONTENT="person"/><SP WIDTH="16" VPOS="516" HPOS="457"/>
							<String ID="string_94" HPOS="473" VPOS="512" WIDTH="55" HEIGHT="17" WC="0.96" CONTENT="utom"/><SP WIDTH="16" VPOS="512" HPOS="528"/>
							<String ID="string_95" HPOS="544" VPOS="510" WIDTH="78" HEIGHT="20" WC="0.93" CONTENT="banken"/><SP WIDTH="15" VPOS="510" HPOS="622"/>
							<String ID="string_96" HPOS="637" VPOS="510" WIDTH="66" HEIGHT="19" WC="0.91" CONTENT="dertill"/><SP WIDTH="18" VPOS="510" HPOS="703"/>
							<String ID="string_97" HPOS="721" VPOS="512" WIDTH="63" HEIGHT="23" WC="0.96" CONTENT="utses,"/><SP WIDTH="24" VPOS="512" HPOS="784"/>
							<String ID="string_98" HPOS="808" VPOS="510" WIDTH="54" HEIGHT="24" WC="0.96" CONTENT="finge"/><SP WIDTH="23" VPOS="510" HPOS="862"/>
							<String ID="string_99" HPOS="885" VPOS="510" WIDTH="7" HEIGHT="18" WC="0.95" CONTENT="i"/>
						</TextLine>
						<TextLine ID="line_12" HPOS="135" VPOS="538" WIDTH="266" HEIGHT="25">
							<String ID="string_100" HPOS="135" VPOS="538" WIDTH="90" HEIGHT="20" WC="0.95" CONTENT="bankens"/><SP WIDTH="16" VPOS="538" HPOS="225"/>
							<String ID="string_101" HPOS="241" VPOS="540" WIDTH="41" HEIGHT="18" WC="0.96" CONTENT="stat"/><SP WIDTH="14" VPOS="540" HPOS="282"/>
							<String ID="string_102" HPOS="296" VPOS="540" WIDTH="105" HEIGHT="23" WC="0.96" CONTENT="upptagas."/>
						</TextLine>
					</TextBlock>
					<TextBlock ID="block_4" HPOS="136" VPOS="566" WIDTH="758" HEIGHT="169">
						<TextLine ID="line_13" HPOS="205" VPOS="566" WIDTH="688" HEIGHT="26">
							<String ID="string_103" HPOS="205" VPOS="566" WIDTH="39" HEIGHT="20" WC="0.96" CONTENT="Vid"/><SP WIDTH="14" VPOS="566" HPOS="244"/>
							<String ID="string_104" HPOS="258" VPOS="567" WIDTH="56" HEIGHT="19" WC="0.96" CONTENT="häraf"/><SP WIDTH="13" VPOS="567" HPOS="314"/>
							<String ID="string_105" HPOS="327" VPOS="567" WIDTH="6" HEIGHT="19" WC="0.96" CONTENT="i"/><SP WIDTH="15" VPOS="567" HPOS="333"/>
							<String ID="string_106" HPOS="348" VPOS="567" WIDTH="39" HEIGHT="25" WC="0.96" CONTENT="dag"/><SP WIDTH="15" VPOS="567" HPOS="387"/>
							<String ID="string_107" HPOS="402" VPOS="567" WIDTH="62" HEIGHT="19" WC="0.96" CONTENT="skedd"/><SP WIDTH="15" VPOS="567" HPOS="464"/>
							<String ID="string_108" HPOS="479" VPOS="566" WIDTH="140" HEIGHT="26" WC="0.96" CONTENT="föredragning"/><SP WIDTH="14" VPOS="566" HPOS="619"/>
							<String ID="string_109" HPOS="633" VPOS="567" WIDTH="36" HEIGHT="19" WC="0.96" CONTENT="har"/><SP WIDTH="14" VPOS="567" HPOS="669"/>
							<String ID="string_110" HPOS="683" VPOS="567" WIDTH="109" HEIGHT="25" WC="0.96" CONTENT="Kejserliga"/><SP WIDTH="15" VPOS="567" HPOS="792"/>
							<String ID="string_111" HPOS="807" VPOS="566" WIDTH="86" HEIGHT="20" WC="0.96" CONTENT="Senaten"/>
						</TextLine>
						<TextLine ID="line_14" HPOS="136" VPOS="595" WIDTH="757" HEIGHT="25">
							<String ID="string_112" HPOS="136" VPOS="595" WIDTH="67" HEIGHT="19" WC="0.96" CONTENT="funnit"/><SP WIDTH="15" VPOS="595" HPOS="203"/>
							<String ID="string_113" HPOS="218" VPOS="596" WIDTH="48" HEIGHT="24" WC="0.96" CONTENT="godt"/><SP WIDTH="15" VPOS="596" HPOS="266"/>
							<String ID="string_114" HPOS="281" VPOS="596" WIDTH="51" HEIGHT="19" WC="0.96" CONTENT="Eder"/><SP WIDTH="14" VPOS="596" HPOS="332"/>
							<String ID="string_115" HPOS="346" VPOS="596" WIDTH="7" HEIGHT="18" WC="0.96" CONTENT="i"/><SP WIDTH="15" VPOS="596" HPOS="353"/>
							<String ID="string_116" HPOS="368" VPOS="595" WIDTH="123" HEIGHT="20" WC="0.96" CONTENT="förestående"/><SP WIDTH="16" VPOS="595" HPOS="491"/>
							<String ID="string_117" HPOS="507" VPOS="595" WIDTH="62" HEIGHT="20" WC="0.96" CONTENT="måtto"/><SP WIDTH="28" VPOS="595" HPOS="569"/>
							<String ID="string_118" HPOS="597" VPOS="596" WIDTH="68" HEIGHT="24" WC="0.78" CONTENT="gjorda"/><SP WIDTH="27" VPOS="596" HPOS="665"/>
							<String ID="string_119" HPOS="692" VPOS="596" WIDTH="147" HEIGHT="24" WC="0.92" CONTENT="framställning"/><SP WIDTH="23" VPOS="596" HPOS="839"/>
							<String ID="string_120" HPOS="862" VPOS="595" WIDTH="31" HEIGHT="19" WC="0.96" CONTENT="till"/>
						</TextLine>
						<TextLine ID="line_15" HPOS="136" VPOS="623" WIDTH="757" HEIGHT="26">
							<String ID="string_121" HPOS="136" VPOS="624" WIDTH="39" HEIGHT="19" WC="0.96" CONTENT="alla"/><SP WIDTH="14" VPOS="624" HPOS="175"/>
							<String ID="string_122" HPOS="189" VPOS="624" WIDTH="54" HEIGHT="19" WC="0.96" CONTENT="delar"/><SP WIDTH="15" VPOS="624" HPOS="243"/>
							<String ID="string_123" HPOS="258" VPOS="623" WIDTH="71" HEIGHT="21" WC="0.92" CONTENT="bifalla."/><SP WIDTH="30" VPOS="623" HPOS="329"/>
							<String ID="string_124" HPOS="359" VPOS="624" WIDTH="80" HEIGHT="20" WC="0.92" CONTENT="Hvilket"/><SP WIDTH="16" VPOS="624" HPOS="439"/>
							<String ID="string_125" HPOS="455" VPOS="626" WIDTH="52" HEIGHT="18" WC="0.96" CONTENT="samt"/><SP WIDTH="16" VPOS="626" HPOS="507"/>
							<String ID="string_126" HPOS="523" VPOS="626" WIDTH="29" HEIGHT="18" WC="0.96" CONTENT="att"/><SP WIDTH="15" VPOS="626" HPOS="552"/>
							<String ID="string_127" HPOS="567" VPOS="624" WIDTH="10" HEIGHT="19" WC="0.96" CONTENT="I"/><SP WIDTH="14" VPOS="624" HPOS="577"/>
							<String ID="string_128" HPOS="591" VPOS="630" WIDTH="50" HEIGHT="19" WC="0.96" CONTENT="egen"/><SP WIDTH="16" VPOS="630" HPOS="641"/>
							<String ID="string_129" HPOS="657" VPOS="624" WIDTH="81" HEIGHT="25" WC="0.96" CONTENT="vidtaga"/><SP WIDTH="14" VPOS="624" HPOS="738"/>
							<String ID="string_130" HPOS="752" VPOS="624" WIDTH="25" HEIGHT="20" WC="0.96" CONTENT="de"/><SP WIDTH="17" VPOS="624" HPOS="777"/>
							<String ID="string_131" HPOS="794" VPOS="624" WIDTH="26" HEIGHT="25" WC="0.96" CONTENT="pä"/><SP WIDTH="22" VPOS="624" HPOS="820"/>
							<String ID="string_132" HPOS="842" VPOS="624" WIDTH="51" HEIGHT="19" WC="0.76" CONTENT="Eder"/>
						</TextLine>
						<TextLine ID="line_16" HPOS="136" VPOS="652" WIDTH="758" HEIGHT="26">
							<String ID="string_133" HPOS="136" VPOS="652" WIDTH="46" HEIGHT="20" WC="0.96" CONTENT="med"/><SP WIDTH="15" VPOS="652" HPOS="182"/>
							<String ID="string_134" HPOS="197" VPOS="652" WIDTH="107" HEIGHT="26" WC="0.96" CONTENT="anledning"/><SP WIDTH="14" VPOS="652" HPOS="304"/>
							<String ID="string_135" HPOS="318" VPOS="653" WIDTH="56" HEIGHT="19" WC="0.96" CONTENT="häraf"/><SP WIDTH="14" VPOS="653" HPOS="374"/>
							<String ID="string_136" HPOS="388" VPOS="653" WIDTH="145" HEIGHT="19" WC="0.96" CONTENT="ankommande"/><SP WIDTH="15" VPOS="653" HPOS="533"/>
							<String ID="string_137" HPOS="548" VPOS="652" WIDTH="92" HEIGHT="26" WC="0.96" CONTENT="åtgärder"/><SP WIDTH="14" VPOS="652" HPOS="640"/>
							<String ID="string_138" HPOS="654" VPOS="652" WIDTH="52" HEIGHT="20" WC="0.95" CONTENT="Eder"/><SP WIDTH="24" VPOS="652" HPOS="706"/>
							<String ID="string_139" HPOS="730" VPOS="653" WIDTH="31" HEIGHT="19" WC="0.95" CONTENT="till"/><SP WIDTH="25" VPOS="653" HPOS="761"/>
							<String ID="string_140" HPOS="786" VPOS="658" WIDTH="47" HEIGHT="14" WC="0.96" CONTENT="svar"/><SP WIDTH="24" VPOS="658" HPOS="833"/>
							<String ID="string_141" HPOS="857" VPOS="652" WIDTH="37" HEIGHT="19" WC="0.96" CONTENT="och"/>
						</TextLine>
						<TextLine ID="line_17" HPOS="136" VPOS="680" WIDTH="758" HEIGHT="26">
							<String ID="string_142" HPOS="136" VPOS="681" WIDTH="127" HEIGHT="25" WC="0.87" CONTENT="iakttagande"/><SP WIDTH="15" VPOS="681" HPOS="263"/>
							<String ID="string_143" HPOS="278" VPOS="684" WIDTH="52" HEIGHT="16" WC="0.95" CONTENT="samt"/><SP WIDTH="14" VPOS="684" HPOS="330"/>
							<String ID="string_144" HPOS="344" VPOS="681" WIDTH="145" HEIGHT="20" WC="0.91" CONTENT="allmänhetens"/><SP WIDTH="19" VPOS="681" HPOS="489"/>
							<String ID="string_145" HPOS="508" VPOS="681" WIDTH="126" HEIGHT="25" WC="0.91" CONTENT="delgifvande"/><SP WIDTH="14" VPOS="681" HPOS="634"/>
							<String ID="string_146" HPOS="648" VPOS="682" WIDTH="116" HEIGHT="24" WC="0.96" CONTENT="härigenom"/><SP WIDTH="24" VPOS="682" HPOS="764"/>
							<String ID="string_147" HPOS="788" VPOS="680" WIDTH="106" HEIGHT="20" WC="0.95" CONTENT="meddelas."/>
						</TextLine>
						<TextLine ID="line_18" HPOS="136" VPOS="710" WIDTH="412" HEIGHT="25">
							<String ID="string_148" HPOS="136" VPOS="710" WIDTH="132" HEIGHT="25" WC="0.95" CONTENT="Helsingfors,"/><SP WIDTH="15" VPOS="710" HPOS="268"/>
							<String ID="string_149" HPOS="283" VPOS="710" WIDTH="38" HEIGHT="20" WC="0.95" CONTENT="den"/><SP WIDTH="16" VPOS="710" HPOS="321"/>
							<String ID="string_150" HPOS="337" VPOS="710" WIDTH="26" HEIGHT="20" WC="0.96" CONTENT="23"/><SP WIDTH="15" VPOS="710" HPOS="363"/>
							<String ID="string_151" HPOS="378" VPOS="710" WIDTH="93" HEIGHT="20" WC="0.96" CONTENT="Februari"/><SP WIDTH="16" VPOS="710" HPOS="471"/>
							<String ID="string_152" HPOS="487" VPOS="711" WIDTH="61" HEIGHT="19" WC="0.96" CONTENT="1887."/>
						</TextLine>
					</TextBlock>
				</ComposedBlock>
				<ComposedBlock ID="cblock_2" HPOS="240" VPOS="777" WIDTH="552" HEIGHT="49">
					<TextBlock ID="block_5" HPOS="240" VPOS="777" WIDTH="552" HEIGHT="49">
						<TextLine ID="line_19" HPOS="240" VPOS="777" WIDTH="552" HEIGHT="27">
							<String ID="string_153" HPOS="240" VPOS="778" WIDTH="9" HEIGHT="19" WC="0.96" CONTENT="I"/><SP WIDTH="19" VPOS="778" HPOS="249"/>
							<String ID="string_154" HPOS="268" VPOS="778" WIDTH="64" HEIGHT="20" WC="0.95" CONTENT="Hans"/><SP WIDTH="18" VPOS="778" HPOS="332"/>
							<String ID="string_155" HPOS="350" VPOS="778" WIDTH="140" HEIGHT="25" WC="0.96" CONTENT="Kejserliga"/><SP WIDTH="15" VPOS="778" HPOS="490"/>
							<String ID="string_156" HPOS="505" VPOS="778" WIDTH="129" HEIGHT="26" WC="0.96" CONTENT="Majestäts"/><SP WIDTH="16" VPOS="778" HPOS="634"/>
							<String ID="string_157" HPOS="650" VPOS="778" WIDTH="56" HEIGHT="25" WC="0.96" CONTENT="Höga"/><SP WIDTH="14" VPOS="778" HPOS="706"/>
							<String ID="string_158" HPOS="720" VPOS="777" WIDTH="72" HEIGHT="25" WC="0.96" CONTENT="Namn,"/>
						</TextLine>
						<TextLine ID="line_20" HPOS="380" VPOS="806" WIDTH="277" HEIGHT="20">
							<String ID="string_159" HPOS="380" VPOS="807" WIDTH="51" HEIGHT="19" WC="0.93" CONTENT="Dess"/><SP WIDTH="17" VPOS="807" HPOS="431"/>
							<String ID="string_160" HPOS="448" VPOS="806" WIDTH="61" HEIGHT="20" WC="0.90" CONTENT="Senat"/><SP WIDTH="14" VPOS="806" HPOS="509"/>
							<String ID="string_161" HPOS="523" VPOS="807" WIDTH="30" HEIGHT="19" WC="0.96" CONTENT="för"/><SP WIDTH="14" VPOS="807" HPOS="553"/>
							<String ID="string_162" HPOS="567" VPOS="806" WIDTH="90" HEIGHT="20" WC="0.96" CONTENT="Finland."/>
						</TextLine>
					</TextBlock>
				</ComposedBlock>
				<ComposedBlock ID="cblock_3" HPOS="167" VPOS="971" WIDTH="700" HEIGHT="26">
					<TextBlock ID="block_6" HPOS="167" VPOS="971" WIDTH="700" HEIGHT="26">
						<TextLine ID="line_21" HPOS="167" VPOS="971" WIDTH="700" HEIGHT="26">
							<String ID="string_163" HPOS="167" VPOS="972" WIDTH="67" HEIGHT="19" WC="0.96" CONTENT="Hans"/><SP WIDTH="16" VPOS="972" HPOS="234"/>
							<String ID="string_164" HPOS="250" VPOS="972" WIDTH="144" HEIGHT="25" WC="0.96" CONTENT="Kejserliga"/><SP WIDTH="15" VPOS="972" HPOS="394"/>
							<String ID="string_165" HPOS="409" VPOS="972" WIDTH="147" HEIGHT="25" WC="0.93" CONTENT="Majestäts"/><SP WIDTH="16" VPOS="972" HPOS="556"/>
							<String ID="string_166" HPOS="572" VPOS="971" WIDTH="102" HEIGHT="26" WC="0.91" CONTENT="Nådiga"/><SP WIDTH="14" VPOS="971" HPOS="674"/>
							<String ID="string_167" HPOS="688" VPOS="971" WIDTH="179" HEIGHT="26" WC="0.96" CONTENT="Kungörelse,"/>
						</TextLine>
					</TextBlock>
				</ComposedBlock>
				<ComposedBlock ID="cblock_4" HPOS="152" VPOS="1011" WIDTH="730" HEIGHT="54">
					<TextBlock ID="block_7" HPOS="152" VPOS="1011" WIDTH="730" HEIGHT="54">
						<TextLine ID="line_22" HPOS="152" VPOS="1011" WIDTH="730" HEIGHT="26">
							<String ID="string_168" HPOS="152" VPOS="1012" WIDTH="98" HEIGHT="25" WC="0.96" CONTENT="angående"/><SP WIDTH="14" VPOS="1012" HPOS="250"/>
							<String ID="string_169" HPOS="264" VPOS="1012" WIDTH="108" HEIGHT="25" WC="0.95" CONTENT="förändrad"/><SP WIDTH="14" VPOS="1012" HPOS="372"/>
							<String ID="string_170" HPOS="386" VPOS="1012" WIDTH="67" HEIGHT="25" WC="0.96" CONTENT="lydelse"/><SP WIDTH="15" VPOS="1012" HPOS="453"/>
							<String ID="string_171" HPOS="468" VPOS="1012" WIDTH="33" HEIGHT="19" WC="0.96" CONTENT="och"/><SP WIDTH="15" VPOS="1012" HPOS="501"/>
							<String ID="string_172" HPOS="516" VPOS="1013" WIDTH="51" HEIGHT="24" WC="0.96" CONTENT="form"/><SP WIDTH="16" VPOS="1013" HPOS="567"/>
							<String ID="string_173" HPOS="583" VPOS="1012" WIDTH="32" HEIGHT="25" WC="0.96" CONTENT="för"/><SP WIDTH="15" VPOS="1012" HPOS="615"/>
							<String ID="string_174" HPOS="630" VPOS="1012" WIDTH="96" HEIGHT="20" WC="0.96" CONTENT="Finlands"/><SP WIDTH="14" VPOS="1012" HPOS="726"/>
							<String ID="string_175" HPOS="740" VPOS="1012" WIDTH="67" HEIGHT="19" WC="0.96" CONTENT="Banks"/><SP WIDTH="14" VPOS="1012" HPOS="807"/>
							<String ID="string_176" HPOS="821" VPOS="1011" WIDTH="61" HEIGHT="22" WC="0.96" CONTENT="sedlar"/>
						</TextLine>
						<TextLine ID="line_23" HPOS="408" VPOS="1041" WIDTH="217" HEIGHT="24">
							<String ID="string_177" HPOS="408" VPOS="1041" WIDTH="25" HEIGHT="24" WC="0.95" CONTENT="af"/><SP WIDTH="12" VPOS="1041" HPOS="433"/>
							<String ID="string_178" HPOS="445" VPOS="1041" WIDTH="25" HEIGHT="19" WC="0.95" CONTENT="tio"/><SP WIDTH="15" VPOS="1041" HPOS="470"/>
							<String ID="string_179" HPOS="485" VPOS="1041" WIDTH="68" HEIGHT="19" WC="0.95" CONTENT="marks"/><SP WIDTH="14" VPOS="1041" HPOS="553"/>
							<String ID="string_180" HPOS="567" VPOS="1041" WIDTH="58" HEIGHT="19" WC="0.94" CONTENT="valör."/>
						</TextLine>
					</TextBlock>
				</ComposedBlock>
				<ComposedBlock ID="cblock_5" HPOS="277" VPOS="1080" WIDTH="483" HEIGHT="26">
					<TextBlock ID="block_8" HPOS="277" VPOS="1080" WIDTH="483" HEIGHT="26">
						<TextLine ID="line_24" HPOS="277" VPOS="1080" WIDTH="483" HEIGHT="26">
							<String ID="string_181" HPOS="277" VPOS="1080" WIDTH="70" HEIGHT="20" WC="0.91" CONTENT="Gifven"/><SP WIDTH="16" VPOS="1080" HPOS="347"/>
							<String ID="string_182" HPOS="363" VPOS="1081" WIDTH="6" HEIGHT="18" WC="0.96" CONTENT="i"/><SP WIDTH="16" VPOS="1081" HPOS="369"/>
							<String ID="string_183" HPOS="385" VPOS="1081" WIDTH="132" HEIGHT="25" WC="0.96" CONTENT="Helsingfors,"/><SP WIDTH="16" VPOS="1081" HPOS="517"/>
							<String ID="string_184" HPOS="533" VPOS="1081" WIDTH="38" HEIGHT="19" WC="0.96" CONTENT="den"/><SP WIDTH="16" VPOS="1081" HPOS="571"/>
							<String ID="string_185" HPOS="587" VPOS="1081" WIDTH="26" HEIGHT="19" WC="0.96" CONTENT="27"/><SP WIDTH="16" VPOS="1081" HPOS="613"/>
							<String ID="string_186" HPOS="629" VPOS="1081" WIDTH="53" HEIGHT="19" WC="0.96" CONTENT="Mars"/><SP WIDTH="17" VPOS="1081" HPOS="682"/>
							<String ID="string_187" HPOS="699" VPOS="1081" WIDTH="61" HEIGHT="19" WC="0.95" CONTENT="1889."/>
						</TextLine>
					</TextBlock>
				</ComposedBlock>
				<ComposedBlock ID="cblock_6" HPOS="139" VPOS="1126" WIDTH="758" HEIGHT="253">
					<TextBlock ID="block_9" HPOS="139" VPOS="1126" WIDTH="758" HEIGHT="197">
						<TextLine ID="line_25" HPOS="209" VPOS="1126" WIDTH="688" HEIGHT="26">
							<String ID="string_188" HPOS="209" VPOS="1126" WIDTH="24" HEIGHT="19" WC="0.96" CONTENT="Vi"/><SP WIDTH="15" VPOS="1126" HPOS="233"/>
							<String ID="string_189" HPOS="248" VPOS="1126" WIDTH="160" HEIGHT="20" WC="0.95" CONTENT="ALEXANDER"/><SP WIDTH="14" VPOS="1126" HPOS="408"/>
							<String ID="string_190" HPOS="422" VPOS="1127" WIDTH="39" HEIGHT="19" WC="0.96" CONTENT="den"/><SP WIDTH="16" VPOS="1127" HPOS="461"/>
							<String ID="string_191" HPOS="477" VPOS="1126" WIDTH="75" HEIGHT="26" WC="0.96" CONTENT="Tredje,"/><SP WIDTH="15" VPOS="1126" HPOS="552"/>
							<String ID="string_192" HPOS="567" VPOS="1127" WIDTH="46" HEIGHT="19" WC="0.96" CONTENT="med"/><SP WIDTH="15" VPOS="1127" HPOS="613"/>
							<String ID="string_193" HPOS="628" VPOS="1127" WIDTH="56" HEIGHT="19" WC="0.93" CONTENT="Guds"/><SP WIDTH="12" VPOS="1127" HPOS="684"/>
							<String ID="string_194" HPOS="696" VPOS="1127" WIDTH="61" HEIGHT="24" WC="0.92" CONTENT="Näde,"/><SP WIDTH="11" VPOS="1127" HPOS="757"/>
							<String ID="string_195" HPOS="768" VPOS="1126" WIDTH="80" HEIGHT="25" WC="0.96" CONTENT="Kejsare"/><SP WIDTH="12" VPOS="1126" HPOS="848"/>
							<String ID="string_196" HPOS="860" VPOS="1127" WIDTH="37" HEIGHT="19" WC="0.96" CONTENT="och"/>
						</TextLine>
						<TextLine ID="line_26" HPOS="140" VPOS="1155" WIDTH="757" HEIGHT="25">
							<String ID="string_197" HPOS="140" VPOS="1155" WIDTH="150" HEIGHT="24" WC="0.89" CONTENT="Sjelfherrskare"/><SP WIDTH="22" VPOS="1155" HPOS="290"/>
							<String ID="string_198" HPOS="312" VPOS="1155" WIDTH="54" HEIGHT="19" WC="0.96" CONTENT="öfver"/><SP WIDTH="14" VPOS="1155" HPOS="366"/>
							<String ID="string_199" HPOS="380" VPOS="1155" WIDTH="44" HEIGHT="20" WC="0.87" CONTENT="heia"/><SP WIDTH="14" VPOS="1155" HPOS="424"/>
							<String ID="string_200" HPOS="438" VPOS="1155" WIDTH="109" HEIGHT="24" WC="0.96" CONTENT="Ryssland,"/><SP WIDTH="16" VPOS="1155" HPOS="547"/>
							<String ID="string_201" HPOS="563" VPOS="1155" WIDTH="49" HEIGHT="20" WC="0.96" CONTENT="Tsar"/><SP WIDTH="14" VPOS="1155" HPOS="612"/>
							<String ID="string_202" HPOS="626" VPOS="1155" WIDTH="20" HEIGHT="20" WC="0.96" CONTENT="af"/><SP WIDTH="14" VPOS="1155" HPOS="646"/>
							<String ID="string_203" HPOS="660" VPOS="1155" WIDTH="67" HEIGHT="25" WC="0.93" CONTENT="Polen,"/><SP WIDTH="16" VPOS="1155" HPOS="727"/>
							<String ID="string_204" HPOS="743" VPOS="1155" WIDTH="110" HEIGHT="20" WC="0.92" CONTENT="Storfurste"/><SP WIDTH="14" VPOS="1155" HPOS="853"/>
							<String ID="string_205" HPOS="867" VPOS="1155" WIDTH="30" HEIGHT="19" WC="0.96" CONTENT="till"/>
						</TextLine>
						<TextLine ID="line_27" HPOS="139" VPOS="1183" WIDTH="757" HEIGHT="26">
							<String ID="string_206" HPOS="139" VPOS="1183" WIDTH="84" HEIGHT="19" WC="0.93" CONTENT="Finland"/><SP WIDTH="22" VPOS="1183" HPOS="223"/>
							<String ID="string_207" HPOS="245" VPOS="1185" WIDTH="43" HEIGHT="23" WC="0.91" CONTENT="etc.,"/><SP WIDTH="20" VPOS="1185" HPOS="288"/>
							<String ID="string_208" HPOS="308" VPOS="1185" WIDTH="43" HEIGHT="23" WC="0.92" CONTENT="etc.,"/><SP WIDTH="21" VPOS="1185" HPOS="351"/>
							<String ID="string_209" HPOS="372" VPOS="1185" WIDTH="36" HEIGHT="18" WC="0.93" CONTENT="etc."/><SP WIDTH="31" VPOS="1185" HPOS="408"/>
							<String ID="string_210" HPOS="439" VPOS="1183" WIDTH="50" HEIGHT="20" WC="0.92" CONTENT="Göre"/><SP WIDTH="21" VPOS="1183" HPOS="489"/>
							<String ID="string_211" HPOS="510" VPOS="1184" WIDTH="103" HEIGHT="25" WC="0.95" CONTENT="veterligt:"/><SP WIDTH="23" VPOS="1184" HPOS="613"/>
							<String ID="string_212" HPOS="636" VPOS="1183" WIDTH="28" HEIGHT="20" WC="0.96" CONTENT="På"/><SP WIDTH="22" VPOS="1183" HPOS="664"/>
							<String ID="string_213" HPOS="686" VPOS="1184" WIDTH="67" HEIGHT="19" WC="0.96" CONTENT="derom"/><SP WIDTH="15" VPOS="1184" HPOS="753"/>
							<String ID="string_214" HPOS="768" VPOS="1184" WIDTH="20" HEIGHT="19" WC="0.96" CONTENT="af"/><SP WIDTH="14" VPOS="1184" HPOS="788"/>
							<String ID="string_215" HPOS="802" VPOS="1184" WIDTH="94" HEIGHT="19" WC="0.96" CONTENT="Finlands"/>
						</TextLine>
						<TextLine ID="line_28" HPOS="140" VPOS="1211" WIDTH="757" HEIGHT="26">
							<String ID="string_216" HPOS="140" VPOS="1211" WIDTH="95" HEIGHT="20" WC="0.91" CONTENT="Ständers"/><SP WIDTH="21" VPOS="1211" HPOS="235"/>
							<String ID="string_217" HPOS="256" VPOS="1212" WIDTH="180" HEIGHT="25" WC="0.91" CONTENT="Bankfullmäktige"/><SP WIDTH="19" VPOS="1212" HPOS="436"/>
							<String ID="string_218" HPOS="455" VPOS="1212" WIDTH="58" HEIGHT="25" WC="0.93" CONTENT="gjord"/><SP WIDTH="14" VPOS="1212" HPOS="513"/>
							<String ID="string_219" HPOS="527" VPOS="1212" WIDTH="125" HEIGHT="25" WC="0.91" CONTENT="underdånig"/><SP WIDTH="20" VPOS="1212" HPOS="652"/>
							<String ID="string_220" HPOS="672" VPOS="1213" WIDTH="148" HEIGHT="24" WC="0.93" CONTENT="framställning"/><SP WIDTH="20" VPOS="1213" HPOS="820"/>
							<String ID="string_221" HPOS="840" VPOS="1212" WIDTH="57" HEIGHT="19" WC="0.88" CONTENT="hafve"/>
						</TextLine>
						<TextLine ID="line_29" HPOS="140" VPOS="1240" WIDTH="757" HEIGHT="26">
							<String ID="string_222" HPOS="140" VPOS="1240" WIDTH="24" HEIGHT="19" WC="0.96" CONTENT="Vi"/><SP WIDTH="15" VPOS="1240" HPOS="164"/>
							<String ID="string_223" HPOS="179" VPOS="1240" WIDTH="7" HEIGHT="19" WC="0.96" CONTENT="i"/><SP WIDTH="15" VPOS="1240" HPOS="186"/>
							<String ID="string_224" HPOS="201" VPOS="1240" WIDTH="62" HEIGHT="20" WC="0.96" CONTENT="nåder"/><SP WIDTH="15" VPOS="1240" HPOS="263"/>
							<String ID="string_225" HPOS="278" VPOS="1241" WIDTH="66" HEIGHT="19" WC="0.96" CONTENT="funnit"/><SP WIDTH="15" VPOS="1241" HPOS="344"/>
							<String ID="string_226" HPOS="359" VPOS="1241" WIDTH="48" HEIGHT="24" WC="0.96" CONTENT="godt"/><SP WIDTH="15" VPOS="1241" HPOS="407"/>
							<String ID="string_227" HPOS="422" VPOS="1241" WIDTH="99" HEIGHT="19" WC="0.96" CONTENT="fastställa"/><SP WIDTH="10" VPOS="1241" HPOS="521"/>
							<String ID="string_228" HPOS="531" VPOS="1241" WIDTH="38" HEIGHT="19" WC="0.96" CONTENT="den"/><SP WIDTH="10" VPOS="1241" HPOS="569"/>
							<String ID="string_229" HPOS="579" VPOS="1241" WIDTH="117" HEIGHT="20" WC="0.96" CONTENT="förändrade"/><SP WIDTH="11" VPOS="1241" HPOS="696"/>
							<String ID="string_230" HPOS="707" VPOS="1241" WIDTH="83" HEIGHT="25" WC="0.96" CONTENT="lydelse,"/><SP WIDTH="11" VPOS="1241" HPOS="790"/>
							<String ID="string_231" HPOS="801" VPOS="1241" WIDTH="96" HEIGHT="19" WC="0.96" CONTENT="utseende"/>
						</TextLine>
						<TextLine ID="line_30" HPOS="141" VPOS="1269" WIDTH="756" HEIGHT="25">
							<String ID="string_232" HPOS="141" VPOS="1269" WIDTH="36" HEIGHT="19" WC="0.96" CONTENT="och"/><SP WIDTH="16" VPOS="1269" HPOS="177"/>
							<String ID="string_233" HPOS="193" VPOS="1269" WIDTH="50" HEIGHT="19" WC="0.96" CONTENT="form"/><SP WIDTH="15" VPOS="1269" HPOS="243"/>
							<String ID="string_234" HPOS="258" VPOS="1269" WIDTH="30" HEIGHT="19" WC="0.96" CONTENT="för"/><SP WIDTH="14" VPOS="1269" HPOS="288"/>
							<String ID="string_235" HPOS="302" VPOS="1269" WIDTH="94" HEIGHT="19" WC="0.96" CONTENT="Finlands"/><SP WIDTH="16" VPOS="1269" HPOS="396"/>
							<String ID="string_236" HPOS="412" VPOS="1269" WIDTH="67" HEIGHT="19" WC="0.96" CONTENT="Banks"/><SP WIDTH="17" VPOS="1269" HPOS="479"/>
							<String ID="string_237" HPOS="496" VPOS="1269" WIDTH="65" HEIGHT="20" WC="0.96" CONTENT="sedlar"/><SP WIDTH="14" VPOS="1269" HPOS="561"/>
							<String ID="string_238" HPOS="575" VPOS="1270" WIDTH="20" HEIGHT="18" WC="0.96" CONTENT="af"/><SP WIDTH="14" VPOS="1270" HPOS="595"/>
							<String ID="string_239" HPOS="609" VPOS="1270" WIDTH="27" HEIGHT="19" WC="0.96" CONTENT="tio"/><SP WIDTH="16" VPOS="1270" HPOS="636"/>
							<String ID="string_240" HPOS="652" VPOS="1270" WIDTH="66" HEIGHT="19" WC="0.97" CONTENT="marks"/><SP WIDTH="16" VPOS="1270" HPOS="718"/>
							<String ID="string_241" HPOS="734" VPOS="1269" WIDTH="60" HEIGHT="25" WC="0.95" CONTENT="valör,"/><SP WIDTH="15" VPOS="1269" HPOS="794"/>
							<String ID="string_242" HPOS="809" VPOS="1275" WIDTH="43" HEIGHT="14" WC="0.96" CONTENT="som"/><SP WIDTH="16" VPOS="1275" HPOS="852"/>
							<String ID="string_243" HPOS="868" VPOS="1269" WIDTH="29" HEIGHT="20" WC="0.96" CONTENT="uti"/>
						</TextLine>
						<TextLine ID="line_31" HPOS="140" VPOS="1297" WIDTH="509" HEIGHT="26">
							<String ID="string_244" HPOS="140" VPOS="1297" WIDTH="73" HEIGHT="20" WC="0.92" CONTENT="härhos"/><SP WIDTH="15" VPOS="1297" HPOS="213"/>
							<String ID="string_245" HPOS="228" VPOS="1297" WIDTH="89" HEIGHT="25" WC="0.96" CONTENT="bifogade"/><SP WIDTH="14" VPOS="1297" HPOS="317"/>
							<String ID="string_246" HPOS="331" VPOS="1298" WIDTH="124" HEIGHT="25" WC="0.95" CONTENT="beskrifning"/><SP WIDTH="14" VPOS="1298" HPOS="455"/>
							<String ID="string_247" HPOS="469" VPOS="1298" WIDTH="66" HEIGHT="19" WC="0.93" CONTENT="finnes"/><SP WIDTH="15" VPOS="1298" HPOS="535"/>
							<String ID="string_248" HPOS="550" VPOS="1298" WIDTH="99" HEIGHT="25" WC="0.92" CONTENT="angifven."/>
						</TextLine>
					</TextBlock>
					<TextBlock ID="block_10" HPOS="141" VPOS="1325" WIDTH="756" HEIGHT="54">
						<TextLine ID="line_32" HPOS="207" VPOS="1325" WIDTH="690" HEIGHT="26">
							<String ID="string_249" HPOS="207" VPOS="1325" WIDTH="38" HEIGHT="20" WC="0.96" CONTENT="Det"/><SP WIDTH="14" VPOS="1325" HPOS="245"/>
							<String ID="string_250" HPOS="259" VPOS="1326" WIDTH="43" HEIGHT="24" WC="0.96" CONTENT="alle,"/><SP WIDTH="16" VPOS="1326" HPOS="302"/>
							<String ID="string_251" HPOS="318" VPOS="1332" WIDTH="42" HEIGHT="13" WC="0.93" CONTENT="som"/><SP WIDTH="16" VPOS="1332" HPOS="360"/>
							<String ID="string_252" HPOS="376" VPOS="1326" WIDTH="100" HEIGHT="24" WC="0.91" CONTENT="vederbör,"/><SP WIDTH="16" VPOS="1326" HPOS="476"/>
							<String ID="string_253" HPOS="492" VPOS="1327" WIDTH="30" HEIGHT="18" WC="0.93" CONTENT="till"/><SP WIDTH="15" VPOS="1327" HPOS="522"/>
							<String ID="string_254" HPOS="537" VPOS="1326" WIDTH="125" HEIGHT="25" WC="0.91" CONTENT="underdånig"/><SP WIDTH="15" VPOS="1326" HPOS="662"/>
							<String ID="string_255" HPOS="677" VPOS="1327" WIDTH="132" HEIGHT="19" WC="0.90" CONTENT="efterrättelse"/><SP WIDTH="15" VPOS="1327" HPOS="809"/>
							<String ID="string_256" HPOS="824" VPOS="1326" WIDTH="73" HEIGHT="19" WC="0.96" CONTENT="länder."/>
						</TextLine>
						<TextLine ID="line_33" HPOS="141" VPOS="1353" WIDTH="368" HEIGHT="26">
							<String ID="string_257" HPOS="141" VPOS="1354" WIDTH="125" HEIGHT="25" WC="0.96" CONTENT="Helsingfors"/><SP WIDTH="15" VPOS="1354" HPOS="266"/>
							<String ID="string_258" HPOS="281" VPOS="1355" WIDTH="39" HEIGHT="19" WC="0.96" CONTENT="den"/><SP WIDTH="16" VPOS="1355" HPOS="320"/>
							<String ID="string_259" HPOS="336" VPOS="1355" WIDTH="25" HEIGHT="19" WC="0.96" CONTENT="27"/><SP WIDTH="17" VPOS="1355" HPOS="361"/>
							<String ID="string_260" HPOS="378" VPOS="1355" WIDTH="52" HEIGHT="19" WC="0.96" CONTENT="Mars"/><SP WIDTH="18" VPOS="1355" HPOS="430"/>
							<String ID="string_261" HPOS="448" VPOS="1353" WIDTH="61" HEIGHT="21" WC="0.96" CONTENT="1889."/>
						</TextLine>
					</TextBlock>
				</ComposedBlock>
				<ComposedBlock ID="cblock_7" HPOS="229" VPOS="1394" WIDTH="580" HEIGHT="49">
					<TextBlock ID="block_11" HPOS="229" VPOS="1394" WIDTH="580" HEIGHT="49">
						<TextLine ID="line_34" HPOS="229" VPOS="1394" WIDTH="580" HEIGHT="26">
							<String ID="string_262" HPOS="229" VPOS="1394" WIDTH="10" HEIGHT="19" WC="0.96" CONTENT="I"/><SP WIDTH="15" VPOS="1394" HPOS="239"/>
							<String ID="string_263" HPOS="254" VPOS="1394" WIDTH="68" HEIGHT="20" WC="0.96" CONTENT="Hans"/><SP WIDTH="16" VPOS="1394" HPOS="322"/>
							<String ID="string_264" HPOS="338" VPOS="1394" WIDTH="158" HEIGHT="25" WC="0.96" CONTENT="Kejserliga"/><SP WIDTH="15" VPOS="1394" HPOS="496"/>
							<String ID="string_265" HPOS="511" VPOS="1395" WIDTH="141" HEIGHT="25" WC="0.95" CONTENT="Majestäts"/><SP WIDTH="16" VPOS="1395" HPOS="652"/>
							<String ID="string_266" HPOS="668" VPOS="1395" WIDTH="56" HEIGHT="25" WC="0.96" CONTENT="Höga"/><SP WIDTH="14" VPOS="1395" HPOS="724"/>
							<String ID="string_267" HPOS="738" VPOS="1395" WIDTH="71" HEIGHT="24" WC="0.96" CONTENT="Namn,"/>
						</TextLine>
						<TextLine ID="line_35" HPOS="380" VPOS="1423" WIDTH="275" HEIGHT="20">
							<String ID="string_268" HPOS="380" VPOS="1423" WIDTH="51" HEIGHT="19" WC="0.93" CONTENT="Dess"/><SP WIDTH="17" VPOS="1423" HPOS="431"/>
							<String ID="string_269" HPOS="448" VPOS="1423" WIDTH="61" HEIGHT="20" WC="0.90" CONTENT="Senat"/><SP WIDTH="14" VPOS="1423" HPOS="509"/>
							<String ID="string_270" HPOS="523" VPOS="1423" WIDTH="30" HEIGHT="20" WC="0.96" CONTENT="för"/><SP WIDTH="14" VPOS="1423" HPOS="553"/>
							<String ID="string_271" HPOS="567" VPOS="1423" WIDTH="88" HEIGHT="20" WC="0.96" CONTENT="Finland."/>
						</TextLine>
					</TextBlock>
				</ComposedBlock>
				<GraphicalElement ID="cblock_8" HPOS="1069" VPOS="24" WIDTH="9" HEIGHT="902"></GraphicalElement >
			</PrintSpace>
		</Page>
	</Layout>
</alto>
