1078 1692
215 149 25 20 10

318 248 42 31 IL
410 248 250 43 Kapitaliserade
684 247 115 31 fonder.

280 353 33 40 a)
344 350 36 35 af
406 350 191 35 allmänna
626 349 239 37 statsmedel.

321 459 41 27 10.
400 459 201 27 Statsverkets
620 458 185 28 reservtond.

254 534 69 20 Sedan
342 534 85 26 jämlikt
450 535 58 19 Hans
531 534 120 26 Kejserliga
673 534 110 26 Majestäts
798 532 84 27 Nädiga
896 534 42 18 för-

184 568 108 20 ordnande
315 569 23 19 af
358 569 40 19 den
420 568 13 20 6
449 570 118 25 september
590 568 53 21 1883
663 568 68 20 blifvit
746 568 111 23 bestämdt,
873 568 29 19 att
918 568 23 18 af

184 603 141 19 statsverkets
345 604 151 25 odisponerade
511 602 116 27 tillgängar
641 602 35 20 tvä
693 602 97 26 miljoner
799 602 61 20 mark
870 602 68 19 skulle

184 643 119 13 reserveras
319 638 32 18 till
366 644 26 13 en
408 638 90 19 särskild
514 638 50 19 fond
580 638 31 19 för
632 637 146 27 betryggande
797 637 22 19 af
837 638 101 18 statsver-

183 671 47 19 kets
252 672 102 26 ställning
374 672 81 25 jämväl
473 672 65 20 under
553 678 141 20 ogynsamma
708 672 60 22 tider,
783 671 38 19 har
836 670 100 20 Finlands

185 706 130 19 statskontor
330 706 7 19 i
357 706 110 20 skrifvelse
489 706 45 20 frän
557 706 225 26 Finansexpeditionen
798 706 6 18 i
819 705 119 26 Kejserliga

185 739 91 20 Senaten
292 740 23 19 af
328 740 40 20 den
386 740 24 20 18
426 741 6 19 i
448 747 82 13 samma
547 740 78 20 månad
647 740 69 20 blifvit
738 740 114 20 anmodadt
867 741 30 18 att
918 740 23 18 af

184 774 254 20 Ofverskottsstatsmedel
460 776 31 18 för
509 774 160 26 ifrägavarande
691 773 99 21 ändamäl
805 774 32 19 till
852 780 25 14 en
894 775 44 18 sär-

185 808 55 20 skild
272 809 56 23 fond,
353 810 105 19 benämnd
484 810 153 23 ,statsverkets
662 809 141 23 reservfond*,
836 809 103 19 öfverföra

185 843 67 24 sagda
274 843 81 26 belopp,
371 843 116 26 hvarjämte
503 843 119 20 förordnats
637 845 31 18 att
682 843 90 19 fondens
787 843 68 19 medel
871 842 68 19 skulle

185 877 64 24 göras
265 877 151 20 räntebärande
431 884 77 19 genom
523 878 108 25 placering
646 877 7 19 i
668 877 59 19 vissa
746 877 59 25 slags
827 876 111 25 obligatio-

184 917 42 13 ner.
244 911 9 18 I
268 911 120 26 Kejserliga
403 911 112 26 reskriptet
530 912 22 19 af
566 912 40 19 den
621 911 27 20 20
660 911 110 20 december
782 910 53 20 1883
846 911 93 19 bestäm-

185 945 39 19 des
249 945 119 20 sedermera
391 947 30 18 att
443 946 76 19 fonden
544 945 55 20 skall
622 945 128 26 uppbringas
773 945 31 19 till
827 943 111 25 5,000,000

185 979 60 18 mark
260 978 90 21 sälunda
366 981 30 18 att
411 980 52 19 efter
477 980 57 19 hand
549 979 71 26 nägon
635 980 35 19 del
684 980 24 19 af
725 979 126 26 disponibelt
871 979 68 19 öfver-

184 1013 58 20 skott
256 1014 8 18 i
280 1014 138 23 statsfonden,
438 1014 51 19 efter
505 1014 70 19 därtill
590 1014 74 25 hvarje
672 1013 58 26 gäng
740 1013 111 20 utverkadt
860 1012 80 27 Nädigt

183 1047 103 24 tillstånd,
308 1048 114 20 öfverföres
442 1048 32 19 till
489 1049 148 19 reservfonden
653 1048 40 19 och
708 1049 99 18 räntorna
823 1047 12 20 å
850 1047 89 20 fondens

185 1082 70 19 medel
270 1082 77 25 läggas
362 1083 33 18 till
410 1083 101 25 kapitalet
526 1083 33 18 till
575 1083 49 19 dess
640 1083 118 19 detsamma
769 1082 59 25 stigit
839 1081 31 20 till
880 1082 59 19 näst-

184 1117 94 18 nämnda
300 1117 83 25 belopp,
406 1117 103 19 hvarefter
532 1123 35 14 om
587 1118 87 18 räntans
692 1116 138 19 användande
845 1116 95 19 kommer

187 1151 29 18 att
232 1149 27 27 pä
275 1151 92 19 särskild
383 1151 155 26 framställning
553 1151 136 20 bestämmas.
719 1150 90 20 Jämlikt
823 1149 53 20 Nåd.
895 1150 47 19 bref

184 1185 23 18 af
220 1185 19 18 d.
259 1185 25 19 18
302 1185 45 25 jan.
366 1185 54 20 1884
435 1185 38 20 har
487 1185 32 20 till
535 1185 149 20 reservfonden
699 1186 115 25 yttermera
829 1184 110 19 öfverförts

186 1218 112 25 1,000,000
314 1219 42 19 mk.

300 1337 42 27 11.
378 1337 201 28 Statsverkets
597 1337 229 33 utläningsfond

184 1407 23 19 är
229 1406 72 20 bildad
323 1405 27 27 pä
386 1407 67 25 grund
483 1407 22 20 af
534 1406 84 26 Nädiga
639 1406 143 27 kungörelsen
809 1406 22 19 af
850 1406 40 19 den
915 1405 23 19 11

181 1440 42 26 juli
240 1441 61 23 1887,
317 1441 87 20 hvilken
420 1442 22 19 är
457 1442 24 19 af
493 1441 94 26 följande
605 1441 93 26 lydelse:
