1078 1692
816 141 29 21 45

118 206 106 21 skrifvelse
243 206 32 20 för
293 205 40 21 den
352 205 27 21 22
401 204 91 22 Oktober
507 204 32 20 till
555 204 101 27 tjenstens
672 203 118 21 erhållande
805 204 69 21 Bank-

117 240 100 21 kassören
239 240 72 25 Niska,
330 245 44 15 som
390 238 78 27 jemväl
487 238 40 20 den
547 238 12 21 7
578 238 118 20 November
714 237 46 21 blef
772 238 101 21 utnämnd

119 274 33 21 till
169 273 198 22 bankkommissarie
387 273 7 20 i
412 272 88 28 Kuopio.
534 272 72 21 Under
627 271 137 21 förenämnda
782 272 92 26 ledighet

119 308 38 21 och
180 308 60 22 äfven
262 307 90 21 derefter
373 307 56 21 intill
448 306 107 27 utgången
574 306 23 21 af
613 306 115 20 December
747 306 82 26 månad,
849 305 25 21 då

119 342 156 27 ifrågavarande
295 342 63 26 tjenst
376 341 23 21 af
415 341 66 21 Niska
496 340 123 26 tillträddes,
635 340 38 20 har
687 340 95 21 kontoret
797 340 7 21 i
818 340 56 21 Kuo-

118 377 40 27 pio,
174 376 66 27 enligt
254 376 116 26 Kejserliga
386 375 103 21 Senatens
505 374 71 22 derom
591 374 123 21 meddelade
729 374 144 26 förordnande,

118 410 107 21 föreståtts
241 410 23 20 af
276 410 106 20 Kassören
397 409 35 21 vid
447 415 81 15 samma
542 408 74 21 kontor
631 408 16 21 I.
662 408 24 21 O.
701 408 22 21 P.
738 408 79 22 Ruotzi.

188 444 40 20 Vid
242 444 134 21 besättandet
391 443 23 21 af
427 443 40 21 den
483 449 76 21 genom
570 442 218 21 Bankkommissarien
799 443 75 21 Niskas

120 478 136 21 förenämnda
267 478 125 26 utnämning
403 477 124 27 ledigblifna
541 476 287 28 kommissariebefattningen
840 476 34 21 vid

120 513 97 21 Bankens
232 513 74 21 kontor
321 512 7 21 i
343 512 114 27 Jyväskylä
472 512 45 25 har,
532 511 49 21 med
596 511 134 27 iakttagande
747 512 23 20 af
778 512 40 20 den
829 511 44 21 ord-

120 547 52 27 ning
187 553 44 15 som
246 546 128 22 beträffande
390 546 154 21 föreståndares
559 545 171 21 tillförordnande
741 546 31 20 för
783 546 91 21 bankens

120 581 73 21 kontor
208 581 26 27 på
249 582 57 20 extra
322 582 41 20 stat
378 580 135 22 derförinnan
527 580 68 21 blifvit
614 580 56 26 följd,
686 580 188 21 Bankdirektionen

120 616 90 20 lemnats
228 615 82 21 tillfälle
329 616 31 20 att
378 615 33 21 till
429 614 157 27 ifrågavarande
606 614 117 27 befattning
737 614 82 21 förorda
834 614 38 20 den

121 656 80 20 person,
217 649 135 21 Direktionen
367 649 70 21 härför
453 648 70 21 funnit
537 648 94 27 lämplig.
660 648 49 20 Med
724 648 149 27 godkännande

121 684 23 20 af
159 683 146 21 Direktionens
324 683 78 27 förslag
417 683 7 21 i
439 683 93 27 ärendet,
547 682 62 22 hafva
624 682 190 27 Bankfullmäktige
829 682 45 21 der-

122 718 52 20 efter
191 718 38 20 hos
244 717 26 21 H.
286 718 26 20 K.
330 718 40 20 M:t
388 718 106 25 hemstält,
511 718 30 20 att
556 716 206 22 Kontorsskrifvaren
777 717 26 27 på
817 717 57 21 extra

123 752 42 20 stat
183 752 34 20 vid
235 752 95 20 kontoret
349 752 7 20 i
374 752 86 26 Wiborg
478 751 95 21 Filosofie
591 750 115 28 Magistern
724 750 71 22 Alfred
809 750 65 21 Leon-

121 786 53 21 hard
189 786 84 27 Nyman
287 786 65 20 måtte
368 786 109 21 förordnas
492 786 32 20 att
538 785 114 21 tillsvidare
667 784 77 22 förestå
758 785 95 21 kontoret
867 784 7 21 i

121 820 121 27 Jyväskylä,
257 820 84 20 hvilken
356 820 119 29 befattning
487 820 78 26 jemväl
580 819 66 21 under
661 819 118 26 ledigheten
797 819 23 21 af
832 819 42 26 Ny-

121 861 50 14 man
186 853 119 22 handhafts.
335 853 45 22 Och
394 854 39 21 har
448 854 69 21 denna
532 853 155 26 framställning
705 853 40 20 den
760 853 14 21 5
789 853 86 20 Decem-

122 889 37 20 ber
175 888 54 21 1888
245 888 23 21 af
280 888 117 27 Kejserliga
413 888 91 21 Senaten
523 887 91 22 bifallits.

191 922 69 21 Sedan
279 921 290 27 bankkommissarietjensten
591 921 34 21 vid
645 922 93 21 kontoret
760 922 7 20 i
785 921 90 21 Nikolai-

122 957 53 25 stad,
191 963 75 20 genom
281 956 54 21 förre
355 956 149 21 innehafvaren
524 956 217 21 Bankkommissarien
762 955 114 27 Schyberg-

119 997 51 14 sons
193 990 205 26 ofvanomförmälda,
422 990 41 21 den
486 990 27 21 19
535 990 115 21 December
674 989 54 22 1888
748 989 77 22 skedda
843 990 33 20 ut-

122 1025 100 26 nämning
241 1025 32 20 till
293 1025 111 20 enahanda
421 1024 118 27 befattning
558 1024 34 21 vid
610 1024 95 21 kontoret
722 1024 7 20 i
748 1023 32 21 S:t
795 1023 81 21 Peters-

123 1059 59 26 burg,
195 1059 69 20 blifvit
278 1059 62 26 ledig,
353 1059 112 27 uppfördes
481 1058 23 21 af
517 1058 189 21 Bankdirektionen
724 1057 12 21 å
751 1057 35 21 det
802 1057 74 20 under-

121 1093 78 26 dåniga
216 1093 101 26 förslaget
335 1093 33 20 till
386 1093 101 26 tjenstens
503 1092 167 21 återbesättande
685 1092 7 21 i
707 1091 65 22 första
786 1092 90 20 rummet

122 1127 157 21 tillförordnade
298 1127 165 21 Kommissarien
482 1127 35 20 vid
532 1127 95 20 kontoret
641 1127 7 20 i
663 1127 93 20 Joensuu
771 1125 106 22 Bankkas-

123 1162 60 20 sören
203 1161 82 21 Nikolai
300 1161 64 20 Evert
380 1161 115 25 Sundman,
511 1161 6 20 i
533 1161 66 20 andra
614 1162 90 19 rummet
719 1160 157 21 Bankkassören

123 1195 51 21 Axel
197 1195 84 21 Gabriel
303 1195 105 26 Bergbom
431 1195 38 21 och
492 1195 6 20 i
522 1195 64 26 tredje
609 1195 91 20 rummet
722 1193 154 22 tillförordnade

122 1229 166 21 Kommissarien
310 1229 34 21 vid
363 1229 96 21 kontoret
477 1229 7 20 i
507 1228 32 21 S:t
557 1229 77 20 Michel
657 1229 68 26 Yngre
743 1228 133 21 bokhållaren

123 1263 47 22 Uno
185 1263 79 21 Arthur
278 1263 118 21 Alexander
411 1263 99 26 Broberg.
539 1263 42 20 Det
596 1263 88 21 sålunda
699 1262 123 28 upprättade
837 1261 40 21 för-

125 1297 67 27 slaget
213 1297 99 21 insändes
334 1297 24 21 af
377 1297 192 26 Bankfullmäktige
592 1297 32 20 till
646 1297 116 26 Kejserliga
787 1296 90 21 Senaten

121 1332 64 27 jemte
204 1331 130 28 underdånig
354 1331 107 22 skrifvelse
479 1331 32 21 för
527 1331 40 21 den
586 1331 13 20 9
613 1331 57 21 Mars
687 1331 60 26 1889,
763 1330 58 21 hvari
836 1330 41 20 till-

123 1365 123 22 förordnade
256 1365 219 22 Bankkommissarien
487 1365 109 22 Sundman
606 1365 32 21 till
648 1365 100 27 tjenstens
758 1363 119 23 erhållande

123 1400 125 21 förordades.
286 1400 44 21 Och
349 1400 45 21 blef
412 1400 109 21 Sundman
541 1400 40 20 den
599 1399 13 21 8
633 1399 125 28 derpåföljde
773 1397 58 29 April
846 1398 32 21 till

120 1434 202 21 bankkommissarie
340 1435 8 20 i
366 1434 132 21 Nikolaistad
517 1433 109 22 utnämnd.
655 1433 72 21 Under
742 1431 135 23 vakanstiden
