1078 1692
231 123 25 20 12
409 121 82 22 Ständ.
507 120 55 23 Skr.
578 134 29 3 —
623 120 112 23 XXXVI.

199 181 31 27 år,
239 180 68 23 hafva
316 180 122 22 Ständerna
446 180 74 22 funnit
528 187 28 15 en
564 180 136 28 förbättring
707 180 25 21 af
738 180 150 22 direktionens
897 180 50 22 aflö-

199 216 53 27 ning
263 222 54 16 vara
327 216 125 27 nödvändig
477 216 124 22 Ständerna
612 215 66 23 hafva
693 215 75 23 derför
783 216 8 20 i
801 216 146 28 anmärkning

200 254 12 18 2
236 251 36 21 till
296 252 73 21 staten
392 252 101 27 upptagit
515 251 220 27 arvodesförhöjning
750 251 35 21 för
801 251 147 23 ordföranden

199 286 35 21 till
245 286 79 27 belopp
336 286 25 22 af
369 287 63 26 2,000
444 287 62 21 mark
517 286 58 22 efter
585 293 59 20 resp.
660 286 44 22 fem
720 286 40 22 och
775 286 30 22 tio
821 287 38 21 års
873 287 75 27 tjenst,

197 322 69 26 jemte
288 322 37 21 det
346 322 219 27 arvodesförhöjning
580 322 35 22 för
630 322 110 22 hvardera
754 322 122 22 ledamoten
891 322 8 21 i
914 322 32 21 di-

199 357 118 22 rektionen
332 359 84 20 ansetts
431 358 54 21 böra
499 358 134 21 bestämmas
648 358 35 21 till
700 359 56 20 1000
772 358 63 21 mark
845 358 8 21 i
861 358 87 27 gången

201 392 57 22 efter
274 399 82 15 samma
371 393 144 27 tjenstetider.

269 434 47 21 För
339 434 37 22 det
399 440 42 21 nya
464 434 309 22 bankkommissarieembetet
795 434 38 22 vid
855 434 92 22 hufvud-

200 469 104 22 kontoret
319 470 41 21 har
375 476 27 15 en
418 469 95 27 aflöning
528 469 25 22 af
561 470 159 27 sammanlagdt
730 471 76 26 10,600
815 470 62 21 mark
886 471 63 26 synts

201 504 119 28 lämpligen
343 505 102 27 afpassad
462 506 35 20 till
512 505 78 27 vigten
605 505 25 21 af
643 506 27 21 de
686 505 137 27 åligganden,
841 512 45 15 som
902 505 46 22 till-

201 540 54 21 höra
271 540 61 22 detta
348 541 90 21 embete.

270 582 52 21 Med
344 582 103 22 afseende
463 582 14 21 å
491 582 138 22 inrättandet
645 582 24 21 af
682 582 265 27 bankkommissarietjen-

202 618 56 26 sten,
274 617 87 21 hvilket
376 617 8 21 i
398 618 72 26 någon
485 618 50 21 mån
551 618 106 21 inverkar
672 618 28 26 på
711 617 42 21 den
764 618 106 26 ställning
878 617 71 21 första

201 652 143 22 kamreraren
359 652 80 22 hittills
453 653 87 27 intagit,
557 653 41 21 har
613 652 123 28 aflöningen
744 652 36 22 för
788 652 70 22 denne
866 654 84 20 ansetts

201 687 75 22 kunna
292 688 77 21 ställas
384 688 67 27 något
466 688 69 28 lägre,
545 690 28 19 än
589 688 70 27 enligt
675 688 102 27 gällande
788 690 49 24 stat,
849 688 55 22 eller
914 688 36 21 till

203 723 64 26 6,000
283 724 63 21 mark
361 724 7 20 i
384 724 36 21 lön
436 724 40 21 och
491 724 67 27 2,500
574 724 63 21 mark
652 724 7 20 i
675 724 86 21 arvode.

274 764 34 22 Då
328 765 99 21 bankens
451 767 75 20 senast
541 765 111 21 inrättade
668 764 204 28 afdelningskontor
886 765 8 21 i
909 764 40 28 Jy-

202 800 102 28 väskylä,
328 800 32 22 S:t
374 800 81 22 Michel
470 801 41 21 och
527 800 118 22 Sordavala
661 800 58 22 visat
734 800 35 28 sig
784 802 110 20 motsvara
908 800 40 22 sitt

203 835 108 28 ändamål,
334 835 66 22 hafva
416 836 110 21 desamma
541 842 30 15 nu
587 837 84 20 ansetts
687 836 53 21 böra
755 836 77 21 ställas
848 836 28 25 på
891 835 57 22 ordi-

202 871 62 21 narie
281 871 31 21 fot
328 871 39 21 och
385 871 8 21 i
408 871 99 27 enlighet
515 871 90 22 dermed
613 871 32 21 uti
652 871 99 21 bankens
760 872 44 20 stat
812 871 136 22 observeras.

274 912 35 21 En
325 912 125 28 förhöjning
465 912 25 22 af
503 913 236 26 diskretionsanslaget
754 912 51 21 från
822 913 78 26 10,000
916 912 35 21 till

205 949 79 25 15,000
300 948 62 21 mark
377 948 40 21 har
432 948 113 22 befunnits
561 948 103 27 påkallad
682 947 25 22 af
722 947 43 22 den
772 947 124 28 tillökning,
906 953 46 16 som

203 983 71 22 under
298 983 26 22 de
348 985 86 20 senaste
455 984 54 21 åren
525 985 37 26 egt
577 989 48 16 rum
641 983 7 21 i
664 983 98 21 bankens
778 983 108 27 personal,
903 985 46 19 sär-

205 1019 71 21 skildt
291 1025 77 21 genom
383 1019 136 22 inrättandet
535 1018 25 22 af
573 1018 54 22 flere
642 1018 210 27 afdelningskontor.

275 1060 77 21 Ehuru
367 1060 211 27 bankfullmäktiges
594 1060 96 22 arvoden
706 1060 39 21 och
760 1059 101 27 anslaget
871 1058 35 22 för
914 1059 36 22 de-

203 1101 37 15 ras
256 1095 73 22 kansli
345 1095 19 28 ej
380 1095 122 22 fastställas
518 1102 78 21 genom
612 1097 78 26 staten,
708 1101 66 21 synes
790 1095 37 21 det
843 1094 55 21 dock
907 1094 45 22 till-

204 1131 89 27 börligt,
310 1133 32 19 att
358 1131 64 22 dessa
437 1131 99 27 utgifter,
553 1131 71 22 såsom
633 1130 131 23 anslutande
774 1131 35 26 sig
819 1130 35 21 till
864 1130 88 21 kostna-

204 1165 43 22 den
271 1166 35 21 för
328 1167 100 21 bankens
448 1167 143 27 förvaltning,
608 1166 138 21 omförmälas
762 1166 7 21 i
786 1167 72 20 staten
874 1171 77 21 genom

205 1201 69 21 sådan
289 1201 140 28 hänvisning,
446 1208 45 15 som
507 1202 8 21 i
531 1201 174 28 anmärkningen
723 1203 11 19 1
750 1203 26 20 är
791 1202 117 25 upptagen.

276 1243 116 21 Dessutom
416 1243 66 22 hafva
506 1243 123 22 Ständerna
652 1243 94 26 vidtagit
769 1243 69 26 några
866 1241 85 22 mindre

205 1277 120 28 ändringar
348 1279 7 20 i
378 1280 79 26 staten,
480 1279 76 22 hvilka
571 1279 50 22 icke
636 1279 62 21 torde
715 1278 88 27 påkalla
818 1278 72 26 någon
906 1280 45 18 sär-

205 1313 60 21 skild
280 1313 136 28 motivering.

277 1348 31 22 På
322 1349 72 26 grund
409 1349 24 22 af
453 1349 57 22 hvad
525 1349 66 22 ofvan
607 1349 91 27 anförts,
714 1349 24 21 få
754 1348 122 22 Ständerna
891 1348 8 21 i
914 1354 39 15 un-

205 1383 147 28 derdånighet
367 1385 98 21 anhålla:
