1086 1717
222 144 27 21 66
640 140 6 8 '

193 206 123 22 stämmelse
339 206 91 22 emellan
453 208 54 24 dem,
531 213 46 15 som
599 206 65 22 hafva
683 209 32 19 att
733 207 7 21 i
759 206 129 28 afgörandet
906 207 44 21 del-

192 243 58 25 taga,
267 241 106 27 nemligen
389 241 46 21 deri
450 243 33 19 att
497 241 105 27 förslaget
616 241 143 22 öfverhufvud
772 242 24 20 är
811 242 24 20 sä
850 241 101 22 tillfreds-

193 275 108 21 ställande
323 282 45 14 som
391 276 36 20 det
448 275 34 21 för
504 276 136 21 närvarande
660 276 41 21 och
716 275 109 21 sannolikt
841 276 69 21 under
924 283 28 14 en

192 309 49 22 icke
264 310 24 21 sä
302 310 50 21 kort
366 310 75 27 period
456 310 79 21 framät
550 310 44 21 kan
608 309 8 22 i
630 310 75 21 landet
720 309 161 22 ästadkommas
897 312 55 20 samt

194 344 46 21 deri
263 346 32 19 att
317 345 126 25 detsamma,
463 344 120 28 jemnfördt
601 345 50 20 med
666 345 43 20 den
723 344 161 21 mosaikartade
899 352 53 14 sam.

194 379 149 27 mansättning
365 379 24 21 af
409 378 48 22 från
479 379 46 21 vidt
548 378 72 22 skilda
641 379 57 21 tider
716 378 133 22 härrörande
869 379 39 21 och
924 380 29 26 pä

194 412 65 27 olika,
287 413 67 22 delvis
379 413 89 22 alldeles
490 413 96 27 stridiga,
611 414 141 26 grundsatser
777 412 70 28 bygda
871 413 81 28 lagbud

194 455 46 14 som
263 447 33 22 för
319 449 134 20 närvarande
475 447 71 22 bildar
567 447 86 22 landets
673 447 280 28 brottmälslagstiftning,
939 443 16 37 i

194 483 76 26 hvarje
292 482 103 21 händelse
417 482 69 21 skulle
508 482 131 27 förverkliga
659 485 31 18 ett
706 483 24 20 sä
746 482 89 27 kraftigt
850 482 103 27 framsteg

194 519 33 19 att
241 517 101 25 Finland,
358 523 44 14 som
418 517 29 26 pä
463 517 60 20 detta
539 517 87 20 omräde
641 517 33 20 för
688 517 135 21 närvarande
835 517 44 20 stär
892 517 60 26 längt

196 551 56 22 efter
274 552 26 20 de
323 551 60 21 fleste
405 551 126 25 kulturfolk,
548 558 77 20 genom
642 552 76 20 denna
733 551 35 27 lag
784 551 69 21 skulle
868 551 87 21 komma

196 587 32 20 att
244 586 75 27 intaga
334 592 26 15 en
377 585 56 28 plats
448 586 7 20 i
472 587 25 20 de
513 587 55 20 mest
583 585 146 21 framskridna
740 585 109 22 nationers
860 585 42 22 led.
917 586 37 21 Att

196 620 48 21 frän
265 627 26 14 en
308 621 67 20 sädan
391 620 102 27 ställning
508 620 127 27 ytterligare
651 620 156 27 förbättringar
822 621 37 20 äro
875 620 79 21 lättare

196 655 28 20 än
235 655 49 20 frän
295 655 41 20 den
352 655 134 21 närvarande
502 655 57 20 inses
574 657 54 19 utan
645 655 114 27 svärighet.
783 654 68 21 Mätte
866 654 88 21 förden-

196 689 56 21 skull
268 689 64 22 äfven
348 689 23 21 af
385 690 54 25 dem,
455 696 45 14 som
515 689 47 21 icke
577 689 61 21 finna
653 689 48 21 sina
716 689 95 27 anspräk
819 689 25 21 af
851 689 103 27 förslaget

196 723 50 22 fullt
268 723 159 26 tillfredstälda,
451 725 41 20 den
515 724 73 27 gamla
602 723 175 28 klokhetsregeln
793 725 33 19 att
841 724 36 20 det
893 723 63 22 bästa

196 760 25 19 är
235 758 71 21 fiende
322 758 33 21 till
370 759 36 20 det
421 759 56 26 goda
492 758 76 21 härvid
582 761 63 24 tagas
659 759 8 20 i
682 758 44 21 akt.

266 793 61 20 Dock
350 794 133 24 antagandet
499 793 24 21 af
536 793 35 21 det
587 792 149 27 föreliggande
751 792 207 27 strafflagförslaget

196 827 74 21 kunde
293 827 109 21 mähända
424 827 63 22 äfven
510 827 38 21 hos
573 834 27 14 en
619 827 40 21 och
675 834 81 18 annan,
772 833 45 14 som
833 827 63 26 gillar
912 827 45 20 det-

197 869 90 18 samma,
310 856 57 37 möta
379 860 185 29 betänkligheter
585 862 8 20 i
616 861 144 21 betraktande
781 861 24 20 af
818 861 140 21 domstolsvä-

197 897 88 20 sendets
304 896 41 21 och
364 897 203 26 rättegängssättets
586 897 137 20 närvarande
739 895 60 21 skick
813 895 8 20 i
836 896 47 20 värt
898 895 60 21 land.

198 930 46 21 Och
267 930 8 21 i
297 930 43 21 alla
355 930 114 21 händelser
487 930 105 27 förtjenar
608 930 63 21 äfven
688 931 72 20 denna
775 929 47 21 sida
838 929 24 21 af
875 929 82 27 frägan,

198 965 72 20 säsom
285 964 120 27 ingalunda
420 964 112 21 saknande
548 965 32 20 sin
596 964 52 27 vigt,
665 966 33 19 att
714 963 97 22 beaktas.
834 963 42 21 Det
891 963 69 21 mäste

198 999 108 27 nemligen
322 999 107 21 erkännas
444 1001 33 19 att
491 1006 27 14 en
533 1000 89 20 modern
638 998 109 27 strafflag,
762 998 49 21 med
826 997 133 22 vidsträckta

198 1033 171 22 strafflatituder
391 1033 40 22 och
453 1041 27 14 en
503 1035 22 20 ät
541 1033 94 22 brottets
648 1033 124 28 subjektiva
787 1034 118 19 momenter
920 1032 39 27 gif-

199 1074 41 15 ven
256 1069 69 20 större
340 1067 105 28 inflytelse
461 1068 36 21 vid
512 1067 198 27 straffmätningen,
720 1066 59 22 såväl
791 1067 28 27 pä
831 1067 131 20 domstolens

198 1102 138 27 intelligenta
358 1102 83 21 krafter
463 1109 46 14 som
527 1103 29 26 pä
570 1102 46 21 ätal
631 1102 40 21 och
687 1103 84 20 försvar
786 1103 56 19 samt
857 1101 30 26 pä
901 1101 59 20 dom-

200 1136 220 28 stolsförhandlingen
444 1137 7 20 i
475 1137 48 20 dess
545 1136 73 21 helhet
641 1135 74 22 ställer
734 1135 67 27 högre
817 1135 40 20 och
877 1135 86 21 svärare

199 1170 69 28 fyllda
290 1171 95 27 anspräk
407 1172 28 20 än
459 1177 27 14 en
506 1171 102 26 strafflag
627 1171 49 20 med
692 1169 153 22 företrädesvis
861 1169 100 20 absoluta

200 1205 229 27 straffbestämningar
443 1205 41 21 och
499 1212 45 14 som
558 1204 185 27 hufvudsakligen
758 1204 57 21 afser
825 1203 136 21 rättskränk-

200 1239 92 27 ningens
307 1241 57 25 yttre
379 1239 110 28 objektiva
505 1239 51 21 sida.
583 1239 118 27 Uppgiften
718 1240 32 19 att
766 1238 55 21 blott
835 1237 127 21 konstatera

201 1274 42 20 den
258 1273 116 28 brottsliga
388 1273 143 28 handlingens
547 1273 85 22 tillvaro
648 1276 56 18 samt
720 1274 63 20 arten
799 1271 40 22 och
858 1272 105 27 gvantite-

202 1311 37 18 ten
263 1308 25 21 af
306 1309 42 20 den
366 1308 74 26 skada,
456 1316 46 14 som
519 1309 123 26 derigenom
657 1308 107 26 tillfogats
779 1309 31 19 ett
825 1306 95 21 enskildt
936 1306 28 21 el-

200 1342 32 21 ler
254 1342 93 22 allmänt
369 1343 152 26 rättsintresse,
544 1344 24 20 är
592 1342 138 27 naturligtvis
751 1341 50 21 vida
820 1340 89 22 enklare
926 1340 40 21 och

200 1376 80 22 lättare
303 1378 29 20 än
354 1379 33 19 att
410 1378 102 26 derjemte
534 1377 66 21 vinna
622 1384 27 14 en
671 1375 125 27 tillförlitlig
811 1375 117 26 utredning
943 1374 25 21 af

202 1410 156 28 brottslingens
371 1410 223 22 sinnesbeskaffenhet
611 1410 40 22 och
666 1409 157 29 viljeriktning,
839 1408 74 22 hvilka
929 1415 37 14 en-

202 1444 39 28 ligt
260 1445 103 21 nutidens
379 1445 126 27 strafflagar
519 1446 8 20 i
542 1446 24 20 sä
580 1444 122 28 väsendtlig
723 1444 50 21 män
793 1443 119 21 bestämma
930 1450 37 14 va-
