1086 1717
812 135 40 21 159

123 198 41 21 och
179 197 92 22 sålunda
286 198 67 21 redan
368 198 29 27 på
411 197 135 28 grundvalen
562 197 25 22 af
598 197 102 28 gällande
715 197 36 28 lag
766 197 114 22 efterhand

122 239 27 14 en
172 232 50 21 med
244 233 81 21 dennes
348 233 59 20 anda
428 239 61 14 mera
505 232 234 22 öfverensstämmande
755 232 40 21 och
810 231 71 21 tillika

121 266 138 22 rationellare
273 266 128 28 rättspraxis
416 266 67 22 vinna
505 266 92 25 inträde,
614 273 46 15 som
674 266 48 22 icke
737 266 56 22 skall
807 266 73 27 undgå

122 303 33 19 att
177 300 65 22 äfven
265 303 61 19 utom
348 300 208 22 stadsdomstolarne
578 300 75 22 utöfva
670 307 27 15 en
712 300 107 22 helsosam
835 306 44 16 ver-

123 334 44 22 kan
182 334 41 22 och
238 335 80 21 bereda
330 335 130 28 jordmånen
475 335 36 21 för
526 336 41 20 den
582 335 130 21 kommande
727 334 112 22 reformen.

190 483 49 21 Med
254 483 102 22 afseende
371 484 52 21 derå
438 486 33 19 att
486 484 145 27 prokuratorn
648 484 70 21 såsom
733 483 94 22 särskild
835 489 42 15 em-

124 517 101 28 betspligt
247 517 41 22 fått
310 518 33 27 sig
361 518 74 27 ålagdt
450 520 33 19 att
499 518 66 22 hafva
579 518 73 27 tillsyn
668 518 59 21 öfver
741 517 138 28 fängelserna

120 551 41 22 och
176 551 133 28 fångvården
324 552 7 21 i
352 552 74 21 landet
440 552 74 27 ingick
529 553 8 20 i
551 552 130 22 berättelsen
697 552 34 21 till
746 554 73 19 senast
834 551 43 22 för-

121 586 95 21 samlade
239 587 88 20 ständer
342 587 67 26 några
424 587 159 21 meddelanden
598 587 92 21 rörande
706 587 26 21 de
747 587 33 20 till
795 586 82 27 fängel-

122 621 138 21 seväsendets
276 621 127 27 förbättring
411 621 106 27 vidtagna
527 622 108 27 åtgärder,
643 621 106 22 slutförda
757 621 120 28 byggnads-

120 655 96 24 arbeten,
232 654 152 28 förändringar
398 655 7 21 i
421 656 26 20 de
463 655 121 28 fängsliges
599 655 130 22 dislokation
740 663 24 14 m.
776 663 31 16 m.,
816 655 62 21 hvar-

121 689 37 21 vid
172 689 143 21 berättelsens
330 689 113 22 författare
459 689 71 22 tillika
545 690 99 21 erinrade
660 697 35 14 om
711 691 36 20 det
757 690 120 26 stadgande

120 723 8 21 i
150 723 160 22 instruktionen
332 723 34 22 för
389 725 42 20 den
454 731 51 20 nyss
520 724 59 21 förut
594 724 110 21 inrättade
718 723 161 28 fångvårdssty-

121 757 77 26 relsen,
221 757 67 28 enligt
310 757 86 22 hvilken
419 759 37 20 det
479 758 94 21 derefter
595 758 114 21 ankomme
731 759 30 26 på
778 757 100 22 bemälda

123 792 125 27 myndighet
263 795 33 18 att
312 792 81 27 årligen
409 793 107 26 redogöra
531 793 33 21 för
579 793 144 27 fångvårdens
739 793 44 21 alla
791 793 86 22 förvalt-

122 827 147 27 ningsgrenar.
299 827 95 21 Numera
416 827 39 21 har
478 827 8 21 i
509 827 77 28 sjelfva
610 827 74 22 verket
700 828 60 21 detta
775 827 103 22 inträffat.

121 861 43 21 För
179 861 51 21 åren
246 862 56 20 1882
317 861 40 22 och
373 862 55 20 1883
443 861 107 27 föreligga
565 861 141 28 fullständiga
720 861 24 22 af
753 861 125 27 fångvårds-

121 895 105 28 styrelsen
249 896 83 27 afgifna
354 895 133 26 berättelser,
503 896 79 21 hvaraf
594 898 60 19 utom
669 898 68 19 annat
752 896 63 22 äfven
831 896 47 21 fän-

122 930 176 27 gelsereformens
322 931 134 21 närvarande
479 930 49 27 läge
550 930 44 21 kan
616 930 113 21 inhemtas.
760 930 33 21 Då
815 931 63 20 dessa

123 964 127 21 berättelser
271 971 77 20 genom
370 964 85 28 trycket
478 964 166 28 offentliggjorts
661 964 41 21 och
717 965 37 20 äro
770 964 33 21 för
818 965 58 20 stän-

123 999 66 20 derna
212 998 134 27 tillgängliga
368 998 40 21 har
421 999 38 26 jag
474 998 8 21 i
498 999 74 20 ämnet
587 1000 71 19 ansett
674 998 43 27 mig
732 999 77 20 endast
824 998 53 21 böra

121 1033 33 20 till
170 1033 49 20 dem
236 1032 96 23 hänvisa.

190 1067 134 27 Helsingfors
340 1067 24 21 af
377 1067 295 27 Prokuratorsexpeditionen
687 1067 7 20 i
709 1066 120 28 Kejserliga
840 1066 33 21 Se-

122 1103 66 20 naten
204 1101 33 21 för
252 1101 93 22 Finland
361 1102 42 20 den
418 1101 28 21 14
461 1101 93 21 Januari
570 1101 62 20 1885.

336 1200 110 25 ROBERT
461 1199 205 26 MONTGOMERY.

598 1294 88 22 Gustaf
699 1294 109 28 Cajanus.
