<?xml version="1.0" encoding="UTF-8"?>
<alto xmlns="http://www.loc.gov/standards/alto/ns-v3#" xmlns:xlink="http://www.w3.org/1999/xlink" xmlns:xsi="http://www.w3.org/2001/XMLSchema-instance" xsi:schemaLocation="http://www.loc.gov/standards/alto/ns-v3# http://www.loc.gov/alto/v3/alto-3-0.xsd">
	<Description>
		<MeasurementUnit>pixel</MeasurementUnit>
		<sourceImageInformation>
			<fileName>/tmp/tess_rm6p0nis_input.PNG</fileName>
		</sourceImageInformation>
		<OCRProcessing ID="OCR_0">
			<ocrProcessingStep>
				<processingSoftware>
					<softwareName>tesseract 5.3.4</softwareName>
				</processingSoftware>
			</ocrProcessingStep>
		</OCRProcessing>
	</Description>
	<Layout>
		<Page WIDTH="1086" HEIGHT="1717" PHYSICAL_IMG_NR="0" ID="page_0">
			<PrintSpace HPOS="0" VPOS="0" WIDTH="1086" HEIGHT="1717">
				<GraphicalElement ID="cblock_0" HPOS="0" VPOS="29" WIDTH="2" HEIGHT="830"></GraphicalElement >
				<ComposedBlock ID="cblock_1" HPOS="222" VPOS="147" WIDTH="527" HEIGHT="23">
					<TextBlock ID="block_0" HPOS="222" VPOS="147" WIDTH="527" HEIGHT="23">
						<TextLine ID="line_0" HPOS="222" VPOS="147" WIDTH="527" HEIGHT="23">
							<String ID="string_0" HPOS="222" VPOS="148" WIDTH="14" HEIGHT="20" WC="0.96" CONTENT="2"/><SP WIDTH="154" VPOS="148" HPOS="236"/>
							<String ID="string_1" HPOS="390" VPOS="148" WIDTH="80" HEIGHT="22" WC="0.91" CONTENT="Ständ."/><SP WIDTH="17" VPOS="148" HPOS="470"/>
							<String ID="string_2" HPOS="487" VPOS="148" WIDTH="38" HEIGHT="22" WC="0.93" CONTENT="Sv."/><SP WIDTH="17" VPOS="148" HPOS="525"/>
							<String ID="string_3" HPOS="542" VPOS="160" WIDTH="27" HEIGHT="4" WC="0.91" CONTENT="—"/><SP WIDTH="16" VPOS="160" HPOS="569"/>
							<String ID="string_4" HPOS="585" VPOS="147" WIDTH="164" HEIGHT="23" WC="0.78" CONTENT="II[-XXXI."/>
						</TextLine>
					</TextBlock>
				</ComposedBlock>
				<ComposedBlock ID="cblock_2" HPOS="188" VPOS="210" WIDTH="757" HEIGHT="612">
					<TextBlock ID="block_1" HPOS="192" VPOS="210" WIDTH="752" HEIGHT="165">
						<TextLine ID="line_1" HPOS="193" VPOS="210" WIDTH="748" HEIGHT="26">
							<String ID="string_5" HPOS="193" VPOS="212" WIDTH="73" HEIGHT="20" WC="0.96" CONTENT="senast"/><SP WIDTH="22" VPOS="212" HPOS="266"/>
							<String ID="string_6" HPOS="288" VPOS="210" WIDTH="128" HEIGHT="22" WC="0.93" CONTENT="församlade"/><SP WIDTH="22" VPOS="210" HPOS="416"/>
							<String ID="string_7" HPOS="438" VPOS="211" WIDTH="99" HEIGHT="25" WC="0.91" CONTENT="Ständer,"/><SP WIDTH="23" VPOS="211" HPOS="537"/>
							<String ID="string_8" HPOS="560" VPOS="210" WIDTH="100" HEIGHT="22" WC="0.92" CONTENT="hvarföre"/><SP WIDTH="17" VPOS="210" HPOS="660"/>
							<String ID="string_9" HPOS="677" VPOS="211" WIDTH="67" HEIGHT="21" WC="0.93" CONTENT="orden"/><SP WIDTH="16" VPOS="211" HPOS="744"/>
							<String ID="string_10" HPOS="760" VPOS="210" WIDTH="134" HEIGHT="26" WC="0.62" CONTENT=",äterhemta"/><SP WIDTH="15" VPOS="210" HPOS="894"/>
							<String ID="string_11" HPOS="909" VPOS="216" WIDTH="32" HEIGHT="15" WC="0.92" CONTENT="se-"/>
						</TextLine>
						<TextLine ID="line_2" HPOS="192" VPOS="244" WIDTH="752" HEIGHT="28">
							<String ID="string_12" HPOS="192" VPOS="246" WIDTH="50" HEIGHT="20" WC="0.95" CONTENT="nast"/><SP WIDTH="21" VPOS="246" HPOS="242"/>
							<String ID="string_13" HPOS="263" VPOS="244" WIDTH="128" HEIGHT="22" WC="0.93" CONTENT="församlade"/><SP WIDTH="23" VPOS="244" HPOS="391"/>
							<String ID="string_14" HPOS="414" VPOS="245" WIDTH="102" HEIGHT="21" WC="0.90" CONTENT="Ständers"/><SP WIDTH="23" VPOS="245" HPOS="516"/>
							<String ID="string_15" HPOS="539" VPOS="245" WIDTH="117" HEIGHT="21" WC="0.44" CONTENT="anhållan&quot;"/><SP WIDTH="20" VPOS="245" HPOS="656"/>
							<String ID="string_16" HPOS="676" VPOS="245" WIDTH="53" HEIGHT="21" WC="0.93" CONTENT="böra"/><SP WIDTH="20" VPOS="245" HPOS="729"/>
							<String ID="string_17" HPOS="749" VPOS="244" WIDTH="87" HEIGHT="28" WC="0.92" CONTENT="utbytas"/><SP WIDTH="14" VPOS="244" HPOS="836"/>
							<String ID="string_18" HPOS="850" VPOS="246" WIDTH="44" HEIGHT="19" WC="0.93" CONTENT="mot"/><SP WIDTH="16" VPOS="246" HPOS="894"/>
							<String ID="string_19" HPOS="910" VPOS="246" WIDTH="34" HEIGHT="19" WC="0.92" CONTENT="ut-"/>
						</TextLine>
						<TextLine ID="line_3" HPOS="192" VPOS="278" WIDTH="750" HEIGHT="28">
							<String ID="string_20" HPOS="192" VPOS="278" WIDTH="84" HEIGHT="28" WC="0.92" CONTENT="trycket"/><SP WIDTH="22" VPOS="278" HPOS="276"/>
							<String ID="string_21" HPOS="298" VPOS="296" WIDTH="5" HEIGHT="9" WC="0.37" CONTENT=","/><SP WIDTH="3" VPOS="296" HPOS="303"/>
							<String ID="string_22" HPOS="306" VPOS="279" WIDTH="119" HEIGHT="26" WC="0.37" CONTENT="framhålla"/><SP WIDTH="22" VPOS="279" HPOS="425"/>
							<String ID="string_23" HPOS="447" VPOS="279" WIDTH="174" HEIGHT="22" WC="0.92" CONTENT="önskvärdheten"/><SP WIDTH="23" VPOS="279" HPOS="621"/>
							<String ID="string_24" HPOS="644" VPOS="279" WIDTH="75" HEIGHT="22" WC="0.77" CONTENT="deraf&#39;&#39;"/><SP WIDTH="23" VPOS="279" HPOS="719"/>
							<String ID="string_25" HPOS="742" VPOS="281" WIDTH="56" HEIGHT="19" WC="0.96" CONTENT="samt"/><SP WIDTH="22" VPOS="281" HPOS="798"/>
							<String ID="string_26" HPOS="820" VPOS="280" WIDTH="27" HEIGHT="20" WC="0.96" CONTENT="de"/><SP WIDTH="21" VPOS="280" HPOS="847"/>
							<String ID="string_27" HPOS="868" VPOS="279" WIDTH="74" HEIGHT="27" WC="0.96" CONTENT="längre"/>
						</TextLine>
						<TextLine ID="line_4" HPOS="192" VPOS="312" WIDTH="747" HEIGHT="29">
							<String ID="string_28" HPOS="192" VPOS="312" WIDTH="56" HEIGHT="22" WC="0.96" CONTENT="fram"/><SP WIDTH="23" VPOS="312" HPOS="248"/>
							<String ID="string_29" HPOS="271" VPOS="313" WIDTH="7" HEIGHT="21" WC="0.95" CONTENT="i"/><SP WIDTH="24" VPOS="313" HPOS="278"/>
							<String ID="string_30" HPOS="302" VPOS="320" WIDTH="81" HEIGHT="15" WC="0.96" CONTENT="samma"/><SP WIDTH="22" VPOS="320" HPOS="383"/>
							<String ID="string_31" HPOS="405" VPOS="313" WIDTH="73" HEIGHT="28" WC="0.96" CONTENT="stycke"/><SP WIDTH="15" VPOS="313" HPOS="478"/>
							<String ID="string_32" HPOS="493" VPOS="313" WIDTH="176" HEIGHT="22" WC="0.96" CONTENT="förekommande"/><SP WIDTH="15" VPOS="313" HPOS="669"/>
							<String ID="string_33" HPOS="684" VPOS="314" WIDTH="66" HEIGHT="21" WC="0.93" CONTENT="orden"/><SP WIDTH="16" VPOS="314" HPOS="750"/>
							<String ID="string_34" HPOS="766" VPOS="313" WIDTH="97" HEIGHT="28" WC="0.89" CONTENT=",jemlikt"/><SP WIDTH="16" VPOS="313" HPOS="863"/>
							<String ID="string_35" HPOS="879" VPOS="312" WIDTH="60" HEIGHT="22" WC="0.92" CONTENT="Stän-"/>
						</TextLine>
						<TextLine ID="line_5" HPOS="193" VPOS="348" WIDTH="588" HEIGHT="27">
							<String ID="string_36" HPOS="193" VPOS="348" WIDTH="79" HEIGHT="21" WC="0.93" CONTENT="dernas"/><SP WIDTH="14" VPOS="348" HPOS="272"/>
							<String ID="string_37" HPOS="286" VPOS="348" WIDTH="92" HEIGHT="21" WC="0.93" CONTENT="berörda"/><SP WIDTH="15" VPOS="348" HPOS="378"/>
							<String ID="string_38" HPOS="393" VPOS="348" WIDTH="116" HEIGHT="21" WC="0.80" CONTENT="anhällan&#39;*"/><SP WIDTH="16" VPOS="348" HPOS="509"/>
							<String ID="string_39" HPOS="525" VPOS="348" WIDTH="45" HEIGHT="21" WC="0.96" CONTENT="helt"/><SP WIDTH="16" VPOS="348" HPOS="570"/>
							<String ID="string_40" HPOS="586" VPOS="348" WIDTH="39" HEIGHT="22" WC="0.96" CONTENT="och"/><SP WIDTH="15" VPOS="348" HPOS="625"/>
							<String ID="string_41" HPOS="640" VPOS="348" WIDTH="68" HEIGHT="21" WC="0.96" CONTENT="hållet"/><SP WIDTH="15" VPOS="348" HPOS="708"/>
							<String ID="string_42" HPOS="723" VPOS="348" WIDTH="58" HEIGHT="27" WC="0.96" CONTENT="utgå."/>
						</TextLine>
					</TextBlock>
					<TextBlock ID="block_2" HPOS="191" VPOS="381" WIDTH="753" HEIGHT="132">
						<TextLine ID="line_6" HPOS="260" VPOS="381" WIDTH="684" HEIGHT="27">
							<String ID="string_43" HPOS="260" VPOS="382" WIDTH="47" HEIGHT="21" WC="0.96" CONTENT="Den"/><SP WIDTH="22" VPOS="382" HPOS="307"/>
							<String ID="string_44" HPOS="329" VPOS="382" WIDTH="25" HEIGHT="21" WC="0.96" CONTENT="af"/><SP WIDTH="19" VPOS="382" HPOS="354"/>
							<String ID="string_45" HPOS="373" VPOS="382" WIDTH="106" HEIGHT="21" WC="0.92" CONTENT="utskottet"/><SP WIDTH="15" VPOS="382" HPOS="479"/>
							<String ID="string_46" HPOS="494" VPOS="382" WIDTH="13" HEIGHT="21" WC="0.92" CONTENT="å"/><SP WIDTH="16" VPOS="382" HPOS="507"/>
							<String ID="string_47" HPOS="523" VPOS="382" WIDTH="61" HEIGHT="22" WC="0.96" CONTENT="sidan"/><SP WIDTH="16" VPOS="382" HPOS="584"/>
							<String ID="string_48" HPOS="600" VPOS="383" WIDTH="13" HEIGHT="21" WC="0.96" CONTENT="6"/><SP WIDTH="15" VPOS="383" HPOS="613"/>
							<String ID="string_49" HPOS="628" VPOS="382" WIDTH="8" HEIGHT="21" WC="0.96" CONTENT="i"/><SP WIDTH="16" VPOS="382" HPOS="636"/>
							<String ID="string_50" HPOS="652" VPOS="383" WIDTH="48" HEIGHT="20" WC="0.96" CONTENT="dess"/><SP WIDTH="16" VPOS="383" HPOS="700"/>
							<String ID="string_51" HPOS="716" VPOS="381" WIDTH="136" HEIGHT="22" WC="0.95" CONTENT="betänkande"/><SP WIDTH="15" VPOS="381" HPOS="852"/>
							<String ID="string_52" HPOS="867" VPOS="381" WIDTH="77" HEIGHT="27" WC="0.96" CONTENT="gjorda"/>
						</TextLine>
						<TextLine ID="line_7" HPOS="193" VPOS="415" WIDTH="749" HEIGHT="30">
							<String ID="string_53" HPOS="193" VPOS="416" WIDTH="169" HEIGHT="27" WC="0.96" CONTENT="anmärkningen"/><SP WIDTH="23" VPOS="416" HPOS="362"/>
							<String ID="string_54" HPOS="385" VPOS="416" WIDTH="113" HEIGHT="27" WC="0.96" CONTENT="angående"/><SP WIDTH="26" VPOS="416" HPOS="498"/>
							<String ID="string_55" HPOS="524" VPOS="417" WIDTH="78" HEIGHT="21" WC="0.91" CONTENT="räntan"/><SP WIDTH="22" VPOS="417" HPOS="602"/>
							<String ID="string_56" HPOS="624" VPOS="417" WIDTH="14" HEIGHT="21" WC="0.91" CONTENT="å"/><SP WIDTH="20" VPOS="417" HPOS="638"/>
							<String ID="string_57" HPOS="658" VPOS="416" WIDTH="47" HEIGHT="29" WC="0.96" CONTENT="Nya"/><SP WIDTH="16" VPOS="416" HPOS="705"/>
							<String ID="string_58" HPOS="721" VPOS="416" WIDTH="110" HEIGHT="22" WC="0.95" CONTENT="teaterhus"/><SP WIDTH="14" VPOS="416" HPOS="831"/>
							<String ID="string_59" HPOS="845" VPOS="415" WIDTH="97" HEIGHT="28" WC="0.96" CONTENT="bolagets"/>
						</TextLine>
						<TextLine ID="line_8" HPOS="192" VPOS="449" WIDTH="749" HEIGHT="29">
							<String ID="string_60" HPOS="192" VPOS="450" WIDTH="8" HEIGHT="21" WC="0.96" CONTENT="i"/><SP WIDTH="22" VPOS="450" HPOS="200"/>
							<String ID="string_61" HPOS="222" VPOS="450" WIDTH="132" HEIGHT="27" WC="0.96" CONTENT="Helsingfors"/><SP WIDTH="22" VPOS="450" HPOS="354"/>
							<String ID="string_62" HPOS="376" VPOS="451" WIDTH="36" HEIGHT="21" WC="0.96" CONTENT="lån"/><SP WIDTH="17" VPOS="451" HPOS="412"/>
							<String ID="string_63" HPOS="429" VPOS="451" WIDTH="40" HEIGHT="21" WC="0.96" CONTENT="har"/><SP WIDTH="14" VPOS="451" HPOS="469"/>
							<String ID="string_64" HPOS="483" VPOS="450" WIDTH="97" HEIGHT="26" WC="0.96" CONTENT="förfallit,"/><SP WIDTH="16" VPOS="450" HPOS="580"/>
							<String ID="string_65" HPOS="596" VPOS="452" WIDTH="52" HEIGHT="21" WC="0.93" CONTENT="enär"/><SP WIDTH="15" VPOS="452" HPOS="648"/>
							<String ID="string_66" HPOS="663" VPOS="450" WIDTH="175" HEIGHT="28" WC="0.91" CONTENT="grundlagsenlig"/><SP WIDTH="16" VPOS="450" HPOS="838"/>
							<String ID="string_67" HPOS="854" VPOS="449" WIDTH="87" HEIGHT="29" WC="0.92" CONTENT="plurali-"/>
						</TextLine>
						<TextLine ID="line_9" HPOS="191" VPOS="484" WIDTH="751" HEIGHT="29">
							<String ID="string_68" HPOS="191" VPOS="486" WIDTH="32" HEIGHT="19" WC="0.96" CONTENT="tet"/><SP WIDTH="15" VPOS="486" HPOS="223"/>
							<String ID="string_69" HPOS="238" VPOS="484" WIDTH="39" HEIGHT="22" WC="0.92" CONTENT="hos"/><SP WIDTH="15" VPOS="484" HPOS="277"/>
							<String ID="string_70" HPOS="292" VPOS="485" WIDTH="121" HEIGHT="21" WC="0.92" CONTENT="Ständerna"/><SP WIDTH="15" VPOS="485" HPOS="413"/>
							<String ID="string_71" HPOS="428" VPOS="485" WIDTH="112" HEIGHT="28" WC="0.96" CONTENT="angående"/><SP WIDTH="16" VPOS="485" HPOS="540"/>
							<String ID="string_72" HPOS="556" VPOS="486" WIDTH="72" HEIGHT="21" WC="0.96" CONTENT="denna"/><SP WIDTH="10" VPOS="486" HPOS="628"/>
							<String ID="string_73" HPOS="638" VPOS="485" WIDTH="144" HEIGHT="27" WC="0.96" CONTENT="anmärkning"/><SP WIDTH="9" VPOS="485" HPOS="782"/>
							<String ID="string_74" HPOS="791" VPOS="485" WIDTH="48" HEIGHT="21" WC="0.96" CONTENT="icke"/><SP WIDTH="10" VPOS="485" HPOS="839"/>
							<String ID="string_75" HPOS="849" VPOS="484" WIDTH="93" HEIGHT="22" WC="0.95" CONTENT="vunnits."/>
						</TextLine>
					</TextBlock>
					<TextBlock ID="block_3" HPOS="188" VPOS="519" WIDTH="757" HEIGHT="303">
						<TextLine ID="line_10" HPOS="261" VPOS="519" WIDTH="679" HEIGHT="22">
							<String ID="string_76" HPOS="261" VPOS="519" WIDTH="31" HEIGHT="22" WC="0.96" CONTENT="På"/><SP WIDTH="14" VPOS="519" HPOS="292"/>
							<String ID="string_77" HPOS="306" VPOS="520" WIDTH="36" HEIGHT="21" WC="0.96" CONTENT="det"/><SP WIDTH="16" VPOS="520" HPOS="342"/>
							<String ID="string_78" HPOS="358" VPOS="522" WIDTH="32" HEIGHT="19" WC="0.93" CONTENT="att"/><SP WIDTH="11" VPOS="522" HPOS="390"/>
							<String ID="string_79" HPOS="401" VPOS="519" WIDTH="176" HEIGHT="22" WC="0.91" CONTENT="Statsutskottets"/><SP WIDTH="10" VPOS="519" HPOS="577"/>
							<String ID="string_80" HPOS="587" VPOS="519" WIDTH="142" HEIGHT="22" WC="0.91" CONTENT="förenämnda"/><SP WIDTH="10" VPOS="519" HPOS="729"/>
							<String ID="string_81" HPOS="739" VPOS="519" WIDTH="137" HEIGHT="22" WC="0.93" CONTENT="betänkande"/><SP WIDTH="11" VPOS="519" HPOS="876"/>
							<String ID="string_82" HPOS="887" VPOS="519" WIDTH="53" HEIGHT="21" WC="0.92" CONTENT="måt-"/>
						</TextLine>
						<TextLine ID="line_11" HPOS="192" VPOS="553" WIDTH="750" HEIGHT="28">
							<String ID="string_83" HPOS="192" VPOS="555" WIDTH="28" HEIGHT="23" WC="0.96" CONTENT="te,"/><SP WIDTH="22" VPOS="555" HPOS="220"/>
							<String ID="string_84" HPOS="242" VPOS="553" WIDTH="8" HEIGHT="21" WC="0.96" CONTENT="i"/><SP WIDTH="23" VPOS="553" HPOS="250"/>
							<String ID="string_85" HPOS="273" VPOS="555" WIDTH="26" HEIGHT="20" WC="0.96" CONTENT="de"/><SP WIDTH="22" VPOS="555" HPOS="299"/>
							<String ID="string_86" HPOS="321" VPOS="553" WIDTH="59" HEIGHT="22" WC="0.96" CONTENT="delar"/><SP WIDTH="19" VPOS="553" HPOS="380"/>
							<String ID="string_87" HPOS="399" VPOS="554" WIDTH="78" HEIGHT="21" WC="0.96" CONTENT="sådant"/><SP WIDTH="15" VPOS="554" HPOS="477"/>
							<String ID="string_88" HPOS="492" VPOS="555" WIDTH="24" HEIGHT="20" WC="0.96" CONTENT="är"/><SP WIDTH="15" VPOS="555" HPOS="516"/>
							<String ID="string_89" HPOS="531" VPOS="554" WIDTH="25" HEIGHT="21" WC="0.96" CONTENT="af"/><SP WIDTH="12" VPOS="554" HPOS="556"/>
							<String ID="string_90" HPOS="568" VPOS="555" WIDTH="78" HEIGHT="25" WC="0.91" CONTENT="nöden,"/><SP WIDTH="15" VPOS="555" HPOS="646"/>
							<String ID="string_91" HPOS="661" VPOS="555" WIDTH="68" HEIGHT="21" WC="0.91" CONTENT="varda"/><SP WIDTH="16" VPOS="555" HPOS="729"/>
							<String ID="string_92" HPOS="745" VPOS="553" WIDTH="24" HEIGHT="22" WC="0.96" CONTENT="af"/><SP WIDTH="13" VPOS="553" HPOS="769"/>
							<String ID="string_93" HPOS="782" VPOS="553" WIDTH="160" HEIGHT="28" WC="0.96" CONTENT="vederbörande"/>
						</TextLine>
						<TextLine ID="line_12" HPOS="193" VPOS="587" WIDTH="747" HEIGHT="29">
							<String ID="string_94" HPOS="193" VPOS="587" WIDTH="149" HEIGHT="28" WC="0.93" CONTENT="myndigheter"/><SP WIDTH="14" VPOS="587" HPOS="342"/>
							<String ID="string_95" HPOS="356" VPOS="588" WIDTH="220" HEIGHT="27" WC="0.90" CONTENT="uppmärksammadt,"/><SP WIDTH="16" VPOS="588" HPOS="576"/>
							<String ID="string_96" HPOS="592" VPOS="588" WIDTH="72" HEIGHT="22" WC="0.96" CONTENT="tillåta"/><SP WIDTH="9" VPOS="588" HPOS="664"/>
							<String ID="string_97" HPOS="673" VPOS="589" WIDTH="33" HEIGHT="27" WC="0.93" CONTENT="sig"/><SP WIDTH="10" VPOS="589" HPOS="706"/>
							<String ID="string_98" HPOS="716" VPOS="588" WIDTH="121" HEIGHT="21" WC="0.92" CONTENT="Ständerna"/><SP WIDTH="10" VPOS="588" HPOS="837"/>
							<String ID="string_99" HPOS="847" VPOS="589" WIDTH="32" HEIGHT="20" WC="0.93" CONTENT="att"/><SP WIDTH="11" VPOS="589" HPOS="879"/>
							<String ID="string_100" HPOS="890" VPOS="587" WIDTH="50" HEIGHT="21" WC="0.90" CONTENT="här-"/>
						</TextLine>
						<TextLine ID="line_13" HPOS="194" VPOS="621" WIDTH="750" HEIGHT="29">
							<String ID="string_101" HPOS="194" VPOS="621" WIDTH="38" HEIGHT="22" WC="0.96" CONTENT="hos"/><SP WIDTH="16" VPOS="621" HPOS="232"/>
							<String ID="string_102" HPOS="248" VPOS="622" WIDTH="7" HEIGHT="21" WC="0.93" CONTENT="i"/><SP WIDTH="19" VPOS="622" HPOS="255"/>
							<String ID="string_103" HPOS="274" VPOS="622" WIDTH="170" HEIGHT="28" WC="0.91" CONTENT="underdånighet"/><SP WIDTH="10" VPOS="622" HPOS="444"/>
							<String ID="string_104" HPOS="454" VPOS="623" WIDTH="92" HEIGHT="21" WC="0.96" CONTENT="insända"/><SP WIDTH="10" VPOS="623" HPOS="546"/>
							<String ID="string_105" HPOS="556" VPOS="624" WIDTH="122" HEIGHT="21" WC="0.95" CONTENT="detsamma"/><SP WIDTH="9" VPOS="624" HPOS="678"/>
							<String ID="string_106" HPOS="687" VPOS="623" WIDTH="33" HEIGHT="21" WC="0.93" CONTENT="till"/><SP WIDTH="35" VPOS="623" HPOS="720"/>
							<String ID="string_107" HPOS="755" VPOS="623" WIDTH="65" HEIGHT="20" WC="0.92" CONTENT="Eders"/><SP WIDTH="15" VPOS="623" HPOS="820"/>
							<String ID="string_108" HPOS="835" VPOS="622" WIDTH="109" HEIGHT="27" WC="0.90" CONTENT="Kejser-"/>
						</TextLine>
						<TextLine ID="line_14" HPOS="191" VPOS="656" WIDTH="750" HEIGHT="28">
							<String ID="string_109" HPOS="191" VPOS="656" WIDTH="61" HEIGHT="27" WC="0.96" CONTENT="liga"/><SP WIDTH="16" VPOS="656" HPOS="252"/>
							<String ID="string_110" HPOS="268" VPOS="657" WIDTH="139" HEIGHT="27" WC="0.96" CONTENT="Majestät"/><SP WIDTH="16" VPOS="657" HPOS="407"/>
							<String ID="string_111" HPOS="423" VPOS="658" WIDTH="48" HEIGHT="21" WC="0.96" CONTENT="med"/><SP WIDTH="15" VPOS="658" HPOS="471"/>
							<String ID="string_112" HPOS="486" VPOS="657" WIDTH="104" HEIGHT="21" WC="0.95" CONTENT="anhållan"/><SP WIDTH="15" VPOS="657" HPOS="590"/>
							<String ID="string_113" HPOS="605" VPOS="659" WIDTH="33" HEIGHT="20" WC="0.96" CONTENT="att"/><SP WIDTH="16" VPOS="659" HPOS="638"/>
							<String ID="string_114" HPOS="654" VPOS="658" WIDTH="36" HEIGHT="20" WC="0.93" CONTENT="det"/><SP WIDTH="16" VPOS="658" HPOS="690"/>
							<String ID="string_115" HPOS="706" VPOS="657" WIDTH="69" HEIGHT="21" WC="0.90" CONTENT="blefve"/><SP WIDTH="11" VPOS="657" HPOS="775"/>
							<String ID="string_116" HPOS="786" VPOS="656" WIDTH="155" HEIGHT="22" WC="0.91" CONTENT="öfverlemnadt"/>
						</TextLine>
						<TextLine ID="line_15" HPOS="191" VPOS="690" WIDTH="751" HEIGHT="29">
							<String ID="string_117" HPOS="191" VPOS="690" WIDTH="33" HEIGHT="21" WC="0.92" CONTENT="till"/><SP WIDTH="20" VPOS="690" HPOS="224"/>
							<String ID="string_118" HPOS="244" VPOS="690" WIDTH="91" HEIGHT="22" WC="0.91" CONTENT="Eders"/><SP WIDTH="21" VPOS="690" HPOS="335"/>
							<String ID="string_119" HPOS="356" VPOS="691" WIDTH="169" HEIGHT="28" WC="0.96" CONTENT="Kejserliga"/><SP WIDTH="21" VPOS="691" HPOS="525"/>
							<String ID="string_120" HPOS="546" VPOS="691" WIDTH="160" HEIGHT="28" WC="0.93" CONTENT="Majestäts"/><SP WIDTH="15" VPOS="691" HPOS="706"/>
							<String ID="string_121" HPOS="721" VPOS="691" WIDTH="66" HEIGHT="22" WC="0.92" CONTENT="Senat"/><SP WIDTH="15" VPOS="691" HPOS="787"/>
							<String ID="string_122" HPOS="802" VPOS="690" WIDTH="33" HEIGHT="21" WC="0.96" CONTENT="för"/><SP WIDTH="14" VPOS="690" HPOS="835"/>
							<String ID="string_123" HPOS="849" VPOS="690" WIDTH="93" HEIGHT="21" WC="0.96" CONTENT="Finland"/>
						</TextLine>
						<TextLine ID="line_16" HPOS="189" VPOS="723" WIDTH="756" HEIGHT="30">
							<String ID="string_124" HPOS="189" VPOS="725" WIDTH="8" HEIGHT="20" WC="0.96" CONTENT="i"/><SP WIDTH="22" VPOS="725" HPOS="197"/>
							<String ID="string_125" HPOS="219" VPOS="725" WIDTH="102" HEIGHT="22" WC="0.93" CONTENT="afseende"/><SP WIDTH="23" VPOS="725" HPOS="321"/>
							<String ID="string_126" HPOS="344" VPOS="726" WIDTH="12" HEIGHT="21" WC="0.85" CONTENT="å"/><SP WIDTH="22" VPOS="726" HPOS="356"/>
							<String ID="string_127" HPOS="378" VPOS="725" WIDTH="129" HEIGHT="28" WC="0.92" CONTENT="vidtagande"/><SP WIDTH="24" VPOS="725" HPOS="507"/>
							<String ID="string_128" HPOS="531" VPOS="725" WIDTH="24" HEIGHT="22" WC="0.96" CONTENT="af"/><SP WIDTH="20" VPOS="725" HPOS="555"/>
							<String ID="string_129" HPOS="575" VPOS="727" WIDTH="26" HEIGHT="20" WC="0.96" CONTENT="de"/><SP WIDTH="21" VPOS="727" HPOS="601"/>
							<String ID="string_130" HPOS="622" VPOS="726" WIDTH="107" HEIGHT="27" WC="0.96" CONTENT="åtgärder,"/><SP WIDTH="16" VPOS="726" HPOS="729"/>
							<String ID="string_131" HPOS="745" VPOS="725" WIDTH="32" HEIGHT="21" WC="0.96" CONTENT="till"/><SP WIDTH="15" VPOS="725" HPOS="777"/>
							<String ID="string_132" HPOS="792" VPOS="725" WIDTH="72" HEIGHT="21" WC="0.95" CONTENT="hvilka"/><SP WIDTH="15" VPOS="725" HPOS="864"/>
							<String ID="string_133" HPOS="879" VPOS="725" WIDTH="25" HEIGHT="21" WC="0.96" CONTENT="de"/><SP WIDTH="16" VPOS="725" HPOS="904"/>
							<String ID="string_134" HPOS="920" VPOS="723" WIDTH="25" HEIGHT="22" WC="0.96" CONTENT="af"/>
						</TextLine>
						<TextLine ID="line_17" HPOS="188" VPOS="759" WIDTH="756" HEIGHT="28">
							<String ID="string_135" HPOS="188" VPOS="759" WIDTH="165" HEIGHT="22" WC="0.96" CONTENT="Statsutskottet"/><SP WIDTH="22" VPOS="759" HPOS="353"/>
							<String ID="string_136" HPOS="375" VPOS="760" WIDTH="76" HEIGHT="27" WC="0.93" CONTENT="gjorda"/><SP WIDTH="20" VPOS="760" HPOS="451"/>
							<String ID="string_137" HPOS="471" VPOS="760" WIDTH="120" HEIGHT="27" WC="0.92" CONTENT="erinringar"/><SP WIDTH="21" VPOS="760" HPOS="591"/>
							<String ID="string_138" HPOS="612" VPOS="759" WIDTH="40" HEIGHT="22" WC="0.96" CONTENT="och"/><SP WIDTH="24" VPOS="759" HPOS="652"/>
							<String ID="string_139" HPOS="676" VPOS="759" WIDTH="87" HEIGHT="28" WC="0.93" CONTENT="förslag,"/><SP WIDTH="24" VPOS="759" HPOS="763"/>
							<String ID="string_140" HPOS="787" VPOS="759" WIDTH="69" HEIGHT="22" WC="0.92" CONTENT="sävidt"/><SP WIDTH="23" VPOS="759" HPOS="856"/>
							<String ID="string_141" HPOS="879" VPOS="759" WIDTH="25" HEIGHT="21" WC="0.96" CONTENT="de"/><SP WIDTH="16" VPOS="759" HPOS="904"/>
							<String ID="string_142" HPOS="920" VPOS="759" WIDTH="24" HEIGHT="21" WC="0.96" CONTENT="af"/>
						</TextLine>
						<TextLine ID="line_18" HPOS="189" VPOS="793" WIDTH="554" HEIGHT="29">
							<String ID="string_143" HPOS="189" VPOS="793" WIDTH="123" HEIGHT="22" WC="0.92" CONTENT="Ständerna"/><SP WIDTH="13" VPOS="793" HPOS="312"/>
							<String ID="string_144" HPOS="325" VPOS="793" WIDTH="114" HEIGHT="29" WC="0.96" CONTENT="godkänts,"/><SP WIDTH="16" VPOS="793" HPOS="439"/>
							<String ID="string_145" HPOS="455" VPOS="794" WIDTH="74" HEIGHT="22" WC="0.96" CONTENT="kunna"/><SP WIDTH="11" VPOS="794" HPOS="529"/>
							<String ID="string_146" HPOS="540" VPOS="793" WIDTH="62" HEIGHT="29" WC="0.96" CONTENT="gifva"/><SP WIDTH="14" VPOS="793" HPOS="602"/>
							<String ID="string_147" HPOS="616" VPOS="793" WIDTH="127" HEIGHT="28" WC="0.96" CONTENT="anledning."/>
						</TextLine>
					</TextBlock>
				</ComposedBlock>
				<ComposedBlock ID="cblock_3" HPOS="259" VPOS="857" WIDTH="405" HEIGHT="62">
					<TextBlock ID="block_4" HPOS="259" VPOS="857" WIDTH="405" HEIGHT="62">
						<TextLine ID="line_19" HPOS="259" VPOS="857" WIDTH="405" HEIGHT="22">
							<String ID="string_148" HPOS="259" VPOS="857" WIDTH="104" HEIGHT="21" WC="0.93" CONTENT="Finlands"/><SP WIDTH="14" VPOS="857" HPOS="363"/>
							<String ID="string_149" HPOS="377" VPOS="857" WIDTH="93" HEIGHT="22" WC="0.92" CONTENT="Ständer"/><SP WIDTH="14" VPOS="857" HPOS="470"/>
							<String ID="string_150" HPOS="484" VPOS="857" WIDTH="125" HEIGHT="22" WC="0.92" CONTENT="framhärda"/><SP WIDTH="15" VPOS="857" HPOS="609"/>
							<String ID="string_151" HPOS="624" VPOS="859" WIDTH="40" HEIGHT="20" WC="0.96" CONTENT="etc."/>
						</TextLine>
						<TextLine ID="line_20" HPOS="259" VPOS="891" WIDTH="379" HEIGHT="28">
							<String ID="string_152" HPOS="259" VPOS="891" WIDTH="140" HEIGHT="28" WC="0.95" CONTENT="Helsingfors,"/><SP WIDTH="18" VPOS="891" HPOS="399"/>
							<String ID="string_153" HPOS="417" VPOS="893" WIDTH="40" HEIGHT="20" WC="0.96" CONTENT="den"/><SP WIDTH="16" VPOS="893" HPOS="457"/>
							<String ID="string_154" HPOS="473" VPOS="893" WIDTH="27" HEIGHT="21" WC="0.96" CONTENT="23"/><SP WIDTH="16" VPOS="893" HPOS="500"/>
							<String ID="string_155" HPOS="516" VPOS="892" WIDTH="42" HEIGHT="27" WC="0.96" CONTENT="Maj"/><SP WIDTH="20" VPOS="892" HPOS="558"/>
							<String ID="string_156" HPOS="578" VPOS="893" WIDTH="60" HEIGHT="22" WC="0.96" CONTENT="1885."/>
						</TextLine>
					</TextBlock>
				</ComposedBlock>
				<ComposedBlock ID="cblock_4" HPOS="317" VPOS="1444" WIDTH="496" HEIGHT="40">
					<TextBlock ID="block_5" HPOS="317" VPOS="1444" WIDTH="496" HEIGHT="40">
						<TextLine ID="line_21" HPOS="317" VPOS="1444" WIDTH="496" HEIGHT="40">
							<String ID="string_157" HPOS="317" VPOS="1457" WIDTH="114" HEIGHT="23" WC="0.93" CONTENT="Helsingfors,"/><SP WIDTH="14" VPOS="1457" HPOS="431"/>
							<String ID="string_158" HPOS="445" VPOS="1458" WIDTH="18" HEIGHT="17" WC="0.92" CONTENT="J."/><SP WIDTH="12" VPOS="1458" HPOS="463"/>
							<String ID="string_159" HPOS="475" VPOS="1457" WIDTH="67" HEIGHT="18" WC="0.91" CONTENT="Simelii"/><SP WIDTH="12" VPOS="1457" HPOS="542"/>
							<String ID="string_160" HPOS="554" VPOS="1458" WIDTH="99" HEIGHT="22" WC="0.90" CONTENT="arfvingars"/><SP WIDTH="9" VPOS="1458" HPOS="653"/>
							<String ID="string_161" HPOS="662" VPOS="1444" WIDTH="86" HEIGHT="40" WC="0.89" CONTENT="tryckeri,"/><SP WIDTH="16" VPOS="1444" HPOS="748"/>
							<String ID="string_162" HPOS="764" VPOS="1458" WIDTH="49" HEIGHT="17" WC="0.95" CONTENT="1885."/>
						</TextLine>
					</TextBlock>
				</ComposedBlock>
				<GraphicalElement ID="cblock_5" HPOS="308" VPOS="1440" WIDTH="512" HEIGHT="4"></GraphicalElement >
			</PrintSpace>
		</Page>
	</Layout>
</alto>
