1086 1717
502 143 11 21 I
834 145 27 20 33

202 212 58 27 62:0)
285 218 33 14 om
337 212 109 21 ordnande
462 212 23 21 af
499 212 182 26 söndagsarbetet
697 212 35 20 vid
749 212 140 27 statsjernvä-

131 253 72 21 garne,
223 247 39 20 har
277 246 213 27 Jernvägsstyrelsen
507 252 76 21 genom
600 246 66 26 nådig
682 246 113 21 skrifvelse
811 246 24 22 af
849 247 39 20 den

133 282 25 20 18
181 281 90 21 Januari
296 281 54 21 1883
373 281 107 21 anbefalts
504 281 28 26 gå
551 281 7 21 i
574 281 129 26 författning
719 281 79 25 derom,
815 283 33 19 att
863 281 27 21 de

131 316 36 20 vid
190 316 197 26 statsjernvägarne
410 315 34 21 för
467 315 90 21 trafiken
582 316 99 20 anstälde
705 315 128 27 tjenstemän
850 316 39 20 och

131 350 95 26 betjente
247 350 90 21 beredas
353 349 84 21 tillfälle
454 351 32 19 att
502 350 68 20 under
586 350 110 26 förloppet
712 350 22 20 af
747 350 48 26 fyra
811 350 78 20 veckor

131 384 67 21 undfå
221 384 95 26 ledighet
338 390 25 14 en
387 384 88 26 söndag,
500 385 52 19 utan
574 384 124 26 skyldighet
714 386 32 18 att
762 384 75 26 sjelfve
853 390 36 14 an-

132 418 68 21 skaffa
216 418 52 21 eller
284 420 81 19 ersätta
381 418 193 21 ställföreträdare.

205 453 57 26 63:0)
286 455 32 18 att
341 453 60 20 Hans
421 453 122 26 Kejserliga
562 453 110 26 Majestät,
694 453 47 21 med
757 453 82 26 hänsyn
857 453 32 20 till

133 488 41 20 den
198 489 60 19 stora
280 487 110 27 betydelse
414 488 28 20 de
463 488 111 26 pågående
590 488 128 26 geologiska
733 487 156 21 undersöknin-

133 528 66 20 garna
222 528 40 20 ega
285 522 57 21 såväl
367 522 32 21 för
423 522 145 27 vetenskapen
585 529 45 14 som
647 522 33 21 för
696 522 85 21 landets
797 521 93 21 industri

133 557 39 20 och
186 556 113 27 jordbruk,
316 557 6 20 i
338 557 66 20 nåder
421 557 83 20 täcktes
521 557 33 20 för
572 557 62 20 deras
650 556 146 21 fortsättande
812 556 79 26 bevilja

133 591 126 20 statsmedel
276 591 32 20 till
325 592 31 19 ett
372 591 83 26 belopp,
473 597 46 14 som
536 591 152 27 möjliggjorde
704 591 95 20 arbetets
811 590 80 21 bedrif-

133 625 69 21 vande
220 625 48 21 med
285 627 69 19 större
371 625 58 21 kraft
444 626 39 20 och
499 626 6 19 i
523 627 70 20 större
610 625 150 26 utsträckning
777 627 26 18 än
820 625 71 20 härin-

133 659 51 25 tills,
202 660 38 20 har
256 659 156 21 förberedande
429 659 76 27 åtgärd
522 660 7 21 i
545 660 93 21 berörda
654 659 56 27 syfte
721 659 110 26 vidtagits,
843 665 47 15 men

134 694 89 21 ärendet
239 694 63 21 beror
318 696 56 19 ännu
390 694 28 27 på
434 694 75 26 slutlig
525 695 170 26 handläggning;

206 729 54 26 64:0)
286 735 33 14 om
336 729 128 26 vidtagande
481 728 23 21 af
518 729 80 26 nödiga
613 728 215 27 regeringsåtgärder
844 728 47 21 der-

135 763 41 21 hän
199 765 32 18 att
254 763 81 20 bristen
359 763 27 26 på
408 763 59 26 fyrar
483 763 40 20 och
539 763 67 20 andra
622 763 221 20 säkerhetsanstalter
858 762 33 21 för

135 797 103 27 sjöfarten
263 797 69 21 blefve
355 798 47 20 med
419 798 123 26 möjligaste
558 798 156 26 skyndsamhet
729 797 91 27 afhjelpt
835 798 57 19 samt

134 833 33 20 att
190 832 34 20 vid
249 832 170 21 bestämmandet
439 832 22 20 af
479 832 185 26 ordningsföljden
680 831 73 21 härför
769 831 76 26 nådigt
861 831 30 20 af-

135 867 79 20 seende
237 866 66 21 måtte
326 866 94 21 skänkas
436 866 119 21 innehållet
571 866 22 21 af
608 868 33 19 tre
657 866 33 21 till
708 865 184 27 Borgareståndet

135 901 82 26 ingifna
232 901 215 26 petitionsmemorial
463 901 7 20 i
487 903 78 19 ämnet.

207 935 10 20 I
240 935 115 27 anledning
377 935 64 21 häraf
463 935 39 21 och
523 935 86 27 jemlikt
628 935 36 21 det
680 935 81 26 förslag
777 935 33 20 till
826 935 66 20 inrät-

135 970 65 21 tande
224 969 22 21 af
265 969 59 27 fyrar
340 970 37 21 och
394 970 67 20 andra
477 970 34 21 för
528 970 116 27 sjöfartens
662 969 147 27 betryggande
825 969 67 20 erfor-

135 1004 83 26 derliga
242 1004 218 21 säkerhetsanstalter
483 1005 36 20 vid
542 1005 102 20 Finlands
669 1004 81 25 kuster,
775 1009 46 16 som
838 1003 55 20 1880

135 1039 96 26 afgifvits
248 1039 22 20 af
285 1045 24 14 en
326 1039 33 20 för
375 1039 122 21 ändamålet
513 1039 79 20 tillsatt
608 1039 88 27 komit&,
712 1039 38 20 har
766 1038 13 21 å
795 1037 98 22 Grähara

136 1073 70 21 holme
222 1073 86 21 utanför
325 1073 135 26 Helsingfors
477 1073 99 27 uppförts
593 1075 32 19 ett
639 1073 84 27 fyrtorn
734 1073 21 20 af
764 1073 55 26 jern,
831 1072 62 21 hvar-

135 1109 60 20 utom
212 1108 117 21 anskaftats
345 1108 36 20 två
396 1108 113 27 fyrfartyg,
526 1108 73 21 hvilka
614 1108 68 20 under
698 1113 121 15 sommaren
835 1108 58 19 näst-

136 1142 67 26 sagde
226 1143 24 20 år
270 1142 72 21 blifvit
357 1144 88 24 utsatta,
463 1143 37 20 det
517 1149 39 14 ena
571 1143 35 20 vid
623 1141 178 22 Werkkomatala
816 1141 78 20 under-

136 1177 155 26 vattensgrund
308 1177 6 20 i
331 1177 85 20 trakten
433 1177 23 20 af
470 1177 80 26 Björkö
568 1177 62 25 sund,
647 1177 38 20 och
702 1176 36 21 det
749 1175 145 22 andra
822 1171 10 37 i
844 1175 50 22 när-

137 1211 63 21 heten
216 1211 22 20 af
253 1211 72 27 Mäyly
341 1211 74 27 klippa
431 1212 6 19 i
454 1211 36 21 det
507 1211 22 21 af
543 1211 79 26 farliga
637 1211 70 26 grund
723 1210 67 27 fyllda
805 1205 89 25 farvatt-

137 1247 36 19 net
188 1246 7 20 i
211 1245 86 22 trakten
314 1245 22 21 af
350 1245 62 21 Kemi
433 1245 40 22 elfs
493 1246 81 26 utlopp,
597 1246 67 26 jemte
679 1245 37 21 det
730 1245 62 20 Hans
807 1244 87 27 Kejser-

136 1279 44 27 liga
203 1279 103 27 Majestät
328 1280 87 26 nädigst
438 1280 97 21 anbefalt
558 1279 146 28 uppförandet
722 1279 22 21 af
763 1278 103 28 fyrbäkar
882 1278 13 21 å

136 1313 94 27 följande
254 1316 33 19 tre
310 1315 76 21 ställen
410 1315 6 20 i
439 1314 117 21 Bottniska
576 1314 69 26 viken,
662 1314 117 26 nemligen:
806 1313 88 26 klippan

136 1347 88 22 Märket
243 1349 6 20 i
268 1349 64 21 södra
352 1349 99 25 Ovarken
467 1349 105 21 nordvest
588 1354 32 16 om
637 1348 58 21 fasta
711 1342 77 31 Äland,
805 1347 41 21 den
861 1346 34 22 till

136 1382 165 27 Wargögaddar
324 1383 94 21 hörande
435 1384 89 26 klippan
541 1383 216 26 Strömmingsbädan
774 1382 39 20 och
829 1382 26 20 de
871 1381 24 21 sä

137 1416 85 22 kallade
247 1416 137 22 Walsörarne
404 1418 7 20 i
430 1424 66 14 norra
513 1418 106 25 Ovarken.
650 1416 150 22 Nästnämnde
815 1418 34 19 tre
864 1415 31 27 fy-

137 1457 36 15 rar
196 1452 62 21 torde
281 1452 85 21 komma
389 1454 32 18 att
444 1452 23 20 är
493 1452 53 21 1885
570 1452 33 20 till
623 1451 141 27 begagnande
787 1450 108 27 upplätas.

816 1484 10 17 3
