1086 1717
815 141 38 20 183

123 212 45 20 ren,
190 206 103 21 likaledes
309 205 7 21 i
332 204 223 22 öfverensstämmelse
577 205 49 21 med
648 204 92 27 tidigare
756 203 127 22 meddelade

125 241 134 26 stadganden
280 240 40 21 och
342 239 190 27 lagförklaringar,
548 240 99 20 närmare
669 238 112 22 bestämde
797 239 26 21 de
838 245 45 14 om-

125 274 153 28 ständigheter,
295 274 69 21 under
386 273 74 21 hvilka
484 274 62 20 dessa
567 273 89 21 orsaker
670 273 66 21 borde
752 280 63 14 anses
830 279 53 15 vara

123 309 34 21 för
172 309 87 21 handen
274 308 41 22 och
330 308 143 25 verksamma,
489 308 90 21 hvarvid
602 307 75 22 makes
699 307 134 21 förfallolösa
847 314 36 14 ur-

126 343 135 22 aktlåtenhet
284 346 32 18 att
336 344 29 26 på
383 342 90 22 kallelse
497 350 77 20 genom
598 342 94 22 domstol
714 342 119 21 återvända
849 340 34 22 till

126 378 178 25 sammanlefnad,
314 377 53 21 efter
383 378 36 20 det
434 377 152 27 aflägsnandet
601 377 49 21 från
665 377 93 21 hemmet
774 376 24 21 af
809 382 74 14 annan

125 412 117 27 anledning
258 412 64 26 skett,
331 412 113 21 likstäldes
459 413 51 20 med
525 412 105 27 afsigtligt
645 411 168 28 öfvergifvande.
841 410 42 20 För

126 447 64 27 öfrigt
213 447 103 27 angåfvos
340 447 76 20 endast
431 447 8 20 i
454 446 64 27 lagen
542 447 68 26 några
629 446 45 27 fall,
691 447 27 20 då
738 445 121 27 äktenskap
875 445 7 20 i

125 481 54 28 följd
190 481 62 22 deraf
260 483 33 20 att
302 482 70 26 någon
383 481 34 21 för
427 481 132 21 detsammas
571 481 100 27 giltighet
684 480 123 27 nödvändig
816 479 66 21 förut-

127 516 95 27 sättning
238 515 88 22 saknats
342 515 53 22 eller
410 517 32 19 att
458 516 126 26 någondera
606 515 90 21 makens
719 514 109 28 samtycke
843 513 40 28 gif-

126 550 41 21 vits
183 551 69 20 under
274 549 115 22 villfarelse
408 549 51 22 eller
475 551 30 26 på
519 551 71 26 grund
604 549 25 22 af
642 551 69 20 andra
726 549 90 21 makens
831 548 52 22 svek

127 585 43 21 kan
186 585 74 21 dömas
276 587 33 18 att
325 585 80 26 återgå.

196 619 49 21 Men
262 619 67 21 ehuru
345 618 159 22 domstolarnes
515 619 116 27 pröfning
624 613 12 37 i
642 617 242 28 äktenskapsskilnads-

127 653 71 27 frågor
214 653 91 21 sålunda
320 653 134 21 fortfarande
471 653 76 28 skarpt
556 653 151 27 begränsades,
718 659 63 22 synes
792 653 36 20 det
836 651 47 22 icke

127 688 55 21 varit
197 687 147 28 lagstiftarens
364 687 65 27 afsigt
444 689 34 19 att
494 694 59 15 mera
568 689 28 20 än
612 687 59 22 förut
691 687 87 22 afskära
793 688 42 19 den
850 689 33 18 ut-

127 723 40 26 väg
183 724 32 19 att
231 721 63 22 äfven
309 722 33 21 för
358 723 70 20 andra
444 722 194 27 behjertansvärda
649 722 93 25 orsaker,
752 721 73 22 hvilka
835 721 50 20 med

130 757 25 21 de
171 757 7 20 i
192 756 65 27 lagen
279 759 112 24 upptagna
414 758 74 26 syntes
505 756 90 28 erbjuda
610 763 27 14 en
652 758 100 19 närmare
768 756 51 21 eller
834 755 51 28 fjer-

128 797 58 15 mare
214 791 164 27 förvandtskap,
394 791 22 21 få
439 790 215 28 äktenskapsbandet
677 791 88 27 upplöst
780 797 51 17 som,
853 792 32 19 att

128 825 56 22 sluta
203 825 24 21 af
247 827 31 19 ett
301 825 41 21 och
365 827 67 19 annat
455 825 47 21 före
525 825 110 22 allmänna
658 825 75 27 lagens
755 825 128 21 utfärdande

128 860 124 21 meddeladt
268 859 137 27 öfverhetligt
420 859 155 26 förordnande,
591 867 78 20 genom
677 859 78 22 sakens
766 859 119 27 bringande

128 895 68 20 under
222 894 128 27 konungens
373 894 140 21 omedelbara
538 894 102 27 pröfning
662 895 54 20 stått
737 895 79 26 öppen.
853 893 32 26 Ty

129 929 72 21 säkert
224 930 24 19 är
270 930 32 19 att
326 929 67 20 redan
417 935 84 14 samma
524 929 23 20 år
569 929 64 26 lagen
656 929 76 20 trädde
755 929 7 20 i
785 927 100 28 gällande

128 963 57 22 kraft
201 963 73 28 dylika
288 963 77 27 Kongl.
381 963 62 28 Maj:t
458 963 143 21 understälda
616 963 38 21 fall
669 963 99 28 begynna
779 962 106 21 förekom-

128 1005 41 18 ma,
185 998 8 21 i
207 997 73 22 hvilka
296 997 34 22 för
345 997 33 22 kif
391 997 40 22 och
447 998 84 27 osämja
554 997 52 22 eller
628 997 131 22 misshandel
775 997 53 21 eller
843 1003 42 15 ena

129 1032 89 22 makens
233 1032 42 21 last
291 1032 51 21 eller
358 1039 73 14 annan
442 1032 120 27 anledning
572 1032 146 27 äktenskapet
728 1032 99 27 upplösts
835 1032 50 21 med

128 1067 52 21 eller
202 1069 53 18 utan
278 1067 99 20 tillstånd
392 1066 33 21 för
441 1073 42 14 ena
505 1066 52 21 eller
574 1066 70 27 bägge
667 1067 104 21 makarne
787 1068 32 19 att
834 1066 51 27 ingå

129 1103 46 26 nytt
190 1101 59 27 gifte.
280 1101 143 21 Förfarandet
438 1101 79 21 härvid
532 1108 62 21 synes
610 1102 69 20 under
694 1102 62 21 18:de
772 1101 69 21 seklet
851 1107 34 14 va-

129 1135 28 22 rit
173 1135 57 22 olika
241 1136 7 20 i
259 1137 36 20 det
310 1135 25 22 af
348 1135 168 27 handlingarna,
525 1136 70 21 sävidt
609 1137 62 20 deras
681 1135 205 27 innehåll
782 1131 12 36 i
797 1135 89 27 tryckta

129 1170 69 21 källor
220 1169 122 28 återgifvas,
366 1171 28 20 än
417 1170 98 27 framgår
538 1172 32 19 att
591 1171 26 20 de
632 1170 8 21 i
655 1171 27 20 14
698 1170 49 27 kap.
765 1169 24 22 G.
805 1169 24 21 B.
845 1169 41 21 och

128 1205 56 21 1686
200 1205 34 20 års
250 1204 161 28 kyrkoordning
422 1204 133 22 föreskrifna
565 1205 179 27 varningsgrader
752 1205 41 20 och
801 1205 84 26 tvångs-

129 1239 100 27 åtgärder
251 1241 55 19 samt
329 1239 86 21 skilnad
437 1239 34 21 till
493 1240 53 26 säng
562 1239 40 21 och
618 1240 46 20 säte
680 1239 99 27 föregått,
795 1240 28 20 än
839 1239 46 20 åter

128 1273 56 26 icke,
200 1276 56 18 samt
272 1275 32 19 att
320 1273 116 21 emellanåt
456 1273 148 22 förhållandet
618 1273 75 27 bragts
708 1274 69 20 under
793 1274 92 20 domsto-

128 1308 72 21 larnes
216 1308 101 27 pröfning
332 1308 41 21 och
388 1308 25 21 af
426 1308 64 21 dessa
511 1309 49 20 med
575 1308 43 21 till-
633 1308 51 21 eller
700 1308 111 28 afstyrkan
827 1308 58 20 hem-

129 1342 62 22 stälts
206 1342 33 21 till
254 1342 125 27 konungen,
390 1342 7 21 i
408 1343 70 21 andra
494 1342 39 21 fall
544 1343 46 20 åter
600 1349 63 21 synes
674 1343 29 27 på
713 1342 98 22 ansökan
821 1342 66 21 hafva

130 1376 133 22 omedelbart
278 1376 24 21 af
315 1376 117 27 konungen
447 1376 121 28 upptagits.

198 1410 30 22 På
243 1410 88 22 hvilken
346 1412 70 25 grund
431 1418 58 18 man,
499 1412 67 20 sedan
578 1410 206 28 gränsskilnaderna
794 1410 92 22 emellan

131 1445 109 21 allmänna
262 1445 75 27 lagens
356 1445 39 21 och
411 1446 42 20 den
469 1445 175 21 administrativa
666 1445 221 27 förordningsrättens
