1086 1717
848 146 11 19 7

137 212 82 27 gående
242 212 99 26 stigande
363 212 39 21 och
421 214 109 25 upptagas
548 212 7 21 i
571 213 161 25 statsförslaget
746 212 34 22 för
795 213 24 20 år
837 213 53 21 1885

137 247 48 21 med
208 248 112 24 2,585,878
344 246 60 21 mark
424 248 27 20 25
467 247 72 27 penni.
569 246 43 21 För
627 247 51 21 åren
696 248 139 20 1886—1888
851 248 40 20 bör

138 281 173 27 medelbeloppet
326 280 105 22 beräknas
448 281 33 21 till
497 280 119 29 2,700,000
632 281 68 21 mark.

195 366 39 22 7:e
249 366 198 26 Hufvudtiteln,
462 366 145 22 Allmänna
622 368 76 20 extra
712 367 118 27 utgifter.

209 418 73 21 Under
306 418 50 21 ären
380 418 142 21 1881—1884
542 418 63 21 hafva
625 418 138 21 förekommit
782 420 61 19 extra
858 419 33 20 ut-

139 453 63 26 gifter
218 453 32 20 till
267 452 120 27 betydande
406 452 85 27 belopp,
508 452 65 21 bland
588 453 74 21 hvilka
678 452 93 27 följande
788 453 103 20 särskildt

138 489 37 19 äro
192 489 32 19 att
239 487 93 20 märkas:

167 522 23 26 a)
206 521 83 21 inlösen
308 521 22 20 af
348 521 169 26 donationsgods
537 521 109 21 äfvensom
662 521 23 21 af
698 521 194 27 Erkebiskopssto-

207 556 33 21 len
264 556 6 20 i
294 555 31 21 S:t
347 555 132 27 Petersburg
502 555 40 21 och
561 555 123 22 Alexander
699 555 94 28 Newskij
810 556 82 21 kloster

208 590 110 26 tillhöriga
340 589 68 21 fisken
431 590 7 21 i
462 589 117 26 Wuoksen,
603 590 33 21 för
652 590 73 21 hvilka
740 591 99 20 ändamål
855 597 36 14 an-

207 625 76 20 vändts
299 624 65 27 nägot
379 624 60 21 öfver
455 625 115 25 3,900,000
585 624 71 26 mark;

168 659 22 27 0)
206 659 127 21 subvention
352 659 33 20 till
405 658 104 21 Finlands
530 658 212 27 Hypoteksförening
758 659 13 20 &
787 665 104 15 samman-

207 693 60 26 lagdt
284 693 89 25 750,000
389 693 70 25 mark;

167 729 23 24 c)
205 727 111 21 bildandet
334 727 22 21 af
374 733 25 14 en
416 727 51 21 fond
484 727 12 20 &
512 728 90 23 500,000
618 727 62 21 mark
695 727 33 21 för
744 727 148 26 slöjäkunnig-

208 762 74 21 hetens
299 761 152 26 befrämjande.

169 796 27 26 d)
211 796 31 21 Pä
258 795 103 22 Senatens
381 796 73 21 derom
471 796 77 26 gjorda
563 796 149 26 underdäniga
727 796 165 26 framställning,
906 795 4 3 '

208 831 38 20 har
268 830 60 21 Hans
352 830 121 27 Kejserliga
496 830 104 27 Majestät
618 830 7 21 i
644 830 66 21 näder
726 831 119 26 förordnat,
861 832 33 19 att

208 865 22 20 af
255 865 122 26 disponibla
403 864 122 21 öfverskott
549 865 6 20 i
575 865 135 20 statsfonden
733 865 67 21 borde
823 865 70 20 bildas

208 905 25 14 en
257 899 142 20 statsverkets
423 899 133 26 reservfond,
576 905 45 15 som
640 899 113 21 efterhand
769 899 55 20 skall
840 905 53 20 upp-

208 933 88 26 bringas
312 933 32 20 till
360 933 41 20 fem
417 933 100 26 miljoner
528 933 67 26 mark,
607 933 33 21 för
651 935 33 19 att
696 933 79 21 bereda
786 933 107 21 allmänna

208 967 135 21 statsfonden
365 967 80 26 nödiga
467 967 118 27 tillgängar
607 967 69 22 under
698 968 62 25 tider,
785 967 28 22 dä
829 968 64 20 rubb-

208 1002 77 26 ningar
307 1001 7 21 i
337 1001 83 21 utrikes
443 1001 93 21 handeln
560 1002 52 20 eller
628 1002 67 21 andra
711 1002 87 21 svärare
814 1002 79 21 ekono-

209 1036 70 21 miska
297 1036 114 26 störingar,
433 1035 106 22 särskildt
554 1042 75 21 genom
645 1036 178 21 tullintradernas
839 1037 53 20 min-

209 1071 87 25 skande,
319 1070 64 27 bragt
405 1070 206 22 statsinkomsterna
634 1073 32 18 att
685 1071 70 26 nedgä
773 1071 69 20 under
858 1071 36 20 det

209 1105 122 21 beräknade
354 1105 112 26 beloppet;
491 1105 40 20 och
553 1105 39 21 har
615 1106 68 20 under
706 1105 51 21 ären
782 1106 53 20 1883
855 1105 38 20 och

211 1141 53 20 1884
280 1139 32 21 till
328 1139 152 22 reservfonden
497 1139 116 22 öfvertörts
629 1140 113 27 3,000,000
758 1139 67 21 mark.

184 1174 82 21 Endast
286 1174 32 21 till
338 1174 82 21 mindre
437 1174 78 27 belopp
532 1174 61 21 torde
609 1174 89 27 utgifter
713 1174 114 21 framdeles
839 1173 55 22 före-

141 1208 86 21 komma
249 1208 33 21 för
301 1209 82 20 inlösen
406 1209 24 20 af
448 1209 176 26 donationsgods.
656 1209 78 20 Derest
750 1208 144 27 tillgängarna

140 1243 87 26 pröfvas
244 1243 76 20 sädant
335 1242 113 27 medgifva,
460 1245 25 18 är
496 1243 37 20 det
543 1243 72 20 afsedt
629 1245 32 18 att
672 1243 67 20 under
750 1242 145 21 instundande

140 1277 146 27 finansperiod
308 1277 80 21 afsätta
410 1277 128 27 ytterligare
554 1283 25 15 en
595 1277 73 27 miljon
685 1277 61 21 mark
762 1277 33 21 till
811 1283 83 15 reserv-

141 1311 85 21 fonden.

183 1346 34 20 Då
235 1345 108 27 tillfälliga
362 1345 91 27 utgifter
473 1346 53 20 eller
542 1346 154 26 dispositioner
711 1346 22 20 af
748 1345 147 21 statsfondens

141 1374 69 27 medel
232 1380 47 21 icke
303 1380 51 20 höra
377 1380 32 20 till
434 1380 40 20 den
495 1380 109 21 ordinarie
622 1380 113 26 budgeten,
751 1382 53 19 utan
820 1379 75 27 anslag

141 1414 34 21 till
191 1414 131 21 betäckande
338 1414 22 20 af
375 1413 73 27 dylika
464 1414 107 21 beräknas
588 1414 51 26 utgå
655 1420 25 14 ur
693 1414 118 26 besparade
827 1414 68 20 öfver-

142 1448 205 26 skottsstatsmedel,
364 1448 64 21 hafva
444 1448 144 20 nästnämnda
604 1448 77 26 belopp
698 1448 109 20 äfvensom
825 1448 26 20 de
862 1449 34 19 ut-
