1086 1717
320 128 79 22 Ständ.
415 129 53 21 Skr.
487 140 25 4 —
529 129 24 21 U.
570 129 26 21 B.
623 129 33 21 XX
662 124 59 37 XII.

415 436 129 21 Finlands
560 436 127 22 Ständers
707 437 186 27 underdäniga

345 476 136 21 skrifvelse
497 476 107 27 angäende
618 476 76 27 förslag
705 477 30 21 till
750 477 142 26 förändringar

348 517 35 20 och
406 517 70 26 tillägg
501 517 26 21 uti
552 517 39 21 den
614 516 32 22 för
669 517 95 22 Finlands
788 518 54 21 Bank
866 523 25 14 nu

348 557 93 26 gällande
457 557 48 21 stat.

169 613 264 31 Stormägtigaste,
455 613 252 29 Allernädigaste
729 614 124 30 Kejsare

389 649 53 22 och
466 648 175 23 Storfurste!

208 705 78 22 Sedan
314 705 143 23 Ständernas
482 705 220 28 bankfullmäktige
726 707 8 21 i
759 706 67 22 deras
851 705 39 22 till

139 739 181 22 bankutskottet
344 739 41 23 vid
411 740 160 22 innevarande
599 740 116 28 landtdag
739 740 89 28 afgifna
851 740 40 22 be-

138 773 94 23 rättelse
248 781 37 15 om
297 773 116 23 Finlands
424 774 82 22 Banks
522 774 99 29 styrelse
635 775 43 22 och
692 774 109 23 tillständ
816 773 75 23 under

139 809 56 22 ären
215 809 141 21 1882—1884
375 809 128 22 framställt
524 808 75 23 bland
622 812 72 19 annat
714 816 37 15 om
772 807 119 24 särskilda

138 842 164 29 förändringar
318 843 43 22 och
379 843 88 28 tillägg
486 843 39 22 till
542 843 109 22 bankens
670 851 32 14 nu
718 843 111 28 gällande
845 845 46 20 stat

139 880 61 19 samt
215 877 187 30 bankutskottet,
421 878 32 29 pä
472 877 78 28 grund
569 878 25 22 af
606 879 26 20 38
649 881 11 22 $
676 879 8 21 i
699 876 192 29 Landtdagsord-

138 912 96 29 ningen,
258 911 94 28 afgifvit
373 911 152 23 betänkande
541 913 7 21 i
564 913 86 29 ämnet,
672 912 72 22 hafva
759 911 132 23 Ständerna

139 945 39 22 till
192 945 150 28 behandling
357 946 99 22 förehaft
471 946 64 22 detta
552 946 86 23 ärende
656 947 44 22 och
716 946 81 23 dervid
811 946 81 22 funnit

139 979 234 23 nedanomförmälda
383 980 165 29 förändringar
558 981 44 22 och
613 981 86 28 tillägg
710 982 8 21 i
732 979 98 24 berörda
845 982 46 21 stat

139 1021 57 16 vara
211 1015 24 22 af
248 1015 112 22 behofvet
375 1015 134 28 päkallade.

206 1049 84 22 Redan
314 1049 40 23 vid
377 1051 54 20 1882
446 1051 37 21 års
506 1049 116 29 landtdag
645 1050 96 22 väcktes
763 1050 66 27 fråga
852 1056 38 15 om

137 1083 135 30 förhöjning
295 1085 8 21 i
326 1084 202 23 löneförmonerna
549 1085 35 22 för
606 1084 108 23 bankens
736 1085 69 22 förste
823 1084 68 21 kam-

137 1125 82 22 rerare,
242 1118 142 23 sekreterare
407 1119 44 22 och
475 1119 165 30 ombudsman,
663 1119 74 22 ehuru
760 1118 74 23 saken
857 1117 34 23 för

137 1153 46 22 den
200 1153 95 28 gången
311 1153 48 22 fick
374 1153 98 22 förfalla.

207 1187 70 23 Hvad
292 1187 58 22 först
364 1187 149 22 vidkommer
529 1187 69 23 förste
613 1187 156 30 kamreraren,
784 1188 27 21 sä
825 1186 65 23 torde

137 1220 40 23 det
191 1221 53 23 icke
267 1221 85 22 kunna
367 1221 78 30 jäfvas
469 1224 33 19 att
516 1221 50 22 han
588 1221 99 22 innehar
703 1221 44 23 den
770 1220 121 24 mähända

136 1258 60 20 mest
212 1255 155 29 arbetsdryga
386 1259 53 26 post
455 1256 24 22 af
493 1256 112 27 samtliga
620 1256 107 22 bankens
743 1257 147 28 tjenstemän.

136 1290 76 22 Arten
228 1290 24 22 af
266 1290 61 22 hans
342 1290 106 28 göromäl
471 1291 78 22 säsom
572 1289 143 23 omfattande
737 1289 154 24 hufvudkon-

135 1324 87 23 trollen
238 1324 64 23 öfver
318 1325 156 28 bokföringen
490 1328 41 25 gör
546 1325 88 22 honom
649 1324 92 24 mindre
757 1324 77 29 egnad
857 1326 34 20 att

135 1360 82 27 intaga
239 1366 29 15 en
284 1359 101 23 ledande
400 1360 63 28 plats
479 1360 7 22 i
502 1359 110 23 bankens
627 1359 144 28 förvaltning
794 1359 44 22 och
853 1360 37 20 ut-

135 1394 105 27 sigterna
262 1394 34 22 för
321 1394 60 22 hans
403 1394 82 22 vidare
510 1393 124 23 befordran
659 1395 39 21 äro
721 1393 170 30 jemförelsevis

135 1429 79 29 ringa;
230 1428 31 23 dä
276 1428 39 23 det
330 1430 8 20 i
354 1428 57 30 följd
428 1428 67 23 deraf
508 1428 76 28 ligger
600 1429 26 22 sä
641 1428 96 29 mycket
752 1431 72 20 större
839 1428 52 27 vigt
