1086 1717
208 168 25 20 12
444 168 18 24 U.
479 167 20 23 B.
516 180 25 4 —
558 167 109 25 111—XXXI.

178 224 51 22 åren
254 225 33 21 till
312 231 55 21 resp.
392 226 43 26 Sm
457 226 70 25 6,384:
543 226 34 25 51,
602 226 43 26 Fre
668 226 85 25 26,107:
777 226 28 21 98
831 225 39 21 och
893 224 43 27 FW

179 260 84 25 22,795:
280 260 33 20 24.
343 260 47 22 Den
405 260 96 27 verkliga
515 259 120 22 inkomsten
651 259 23 22 af
684 260 70 21 denna
769 260 58 21 skatt
837 258 98 28 utgjorde

179 293 83 22 säledes

318 334 78 21 1881
396 318 12 47 .
427 350 4 4 .
463 350 4 4 .
498 350 5 4 .
533 350 5 5 .
568 318 36 47 Fm
625 334 122 25 4,159,326:
765 334 33 20 16.

319 368 78 22 1882.
430 384 2 5 .
500 384 40 5 0.
584 385 12 9 ,
626 368 122 26 4,768,459:
765 368 33 21 92.

319 403 77 21 1883.
427 420 5 4 .
463 419 4 5 .
500 418 4 5 .
535 419 5 4 .
584 419 12 10 ,,
627 402 121 26 4,916,052:
765 403 34 21 25.

180 465 53 21 eller
248 464 8 21 i
271 465 100 22 medeltal
386 471 38 21 per
439 465 13 21 &
466 465 43 27 m
523 465 122 26 4,614,612:
658 465 26 21 78
708 466 40 21 och
763 465 49 22 med
827 465 74 27 tillägg
916 463 22 22 af

180 499 242 27 utskänkningsskatten
437 500 43 27 yy
495 500 121 26 4,636,269:
632 500 34 21 29.

250 533 127 22 Relationen
400 535 24 20 är
445 534 105 27 uppgjord
573 533 28 28 pä
622 534 70 27 grund
707 534 24 21 af
744 534 26 21 de
785 533 151 27 räkenskaper,

182 574 45 15 som
242 567 58 22 föras
315 568 7 21 i
338 568 250 27 Finans-Expeditionen.
618 568 145 27 Bokföringen
785 568 24 21 af
828 567 110 22 bränvins-

181 602 79 21 fonden
274 602 7 21 i
298 602 159 22 Statskontoret
472 602 104 27 gestaltar
591 602 32 27 sig
640 602 67 27 nägot
725 602 140 26 annorlunda,
887 603 51 20 enär

182 635 79 22 fonden
276 636 40 21 här
332 637 107 21 debiteras
454 637 77 21 endast
544 637 35 21 för
594 637 26 20 de
635 637 86 26 belopp,
745 643 45 16 som
805 636 48 22 frän
868 636 70 21 landt-

182 670 135 22 ränterierna
338 671 34 21 till
387 671 159 22 Statskontoret
568 671 127 26 remitteras,
720 671 20 21 d.
755 677 20 15 v.
791 677 16 15 s.
827 671 34 21 för
875 670 63 21 brän-

182 705 134 21 vinsskatten
338 705 53 22 efter
413 705 75 28 afdrag
510 705 24 22 af
554 705 146 22 kostnaderna
714 705 35 22 för
763 705 121 22 kontrollen
899 704 40 22 och

182 739 166 22 kommunernas
362 740 62 21 andel
439 740 24 21 af
475 740 70 21 denna
560 740 64 26 skatt,
646 739 73 22 hvilka
738 739 79 28 belopp
831 739 108 22 utbetalas

183 774 85 21 direkte
282 773 24 22 af
319 775 138 20 ränterierna.
488 775 47 20 Den
549 775 35 21 vid
604 774 58 21 ärets
677 775 43 20 slut
735 775 110 26 upptagna
859 773 80 22 behäll-

183 807 79 28 ningen
284 808 116 21 innefattar
423 809 70 21 derför
515 809 77 21 endast
613 809 26 21 de
654 809 121 26 disponibla
789 808 149 27 tillgängarna,

183 841 49 22 med
247 842 150 22 utelemnande
413 843 24 21 af
450 843 27 21 de
499 843 8 21 i
524 843 134 21 ränterierna
672 843 146 26 innestäende,
841 842 99 27 vanligen

183 876 33 21 till
241 875 67 28 några
332 877 85 22 hundra
437 879 63 20 tusen
522 877 61 21 mark
607 877 126 27 uppgående
758 877 111 26 beloppen.
906 875 34 22 Då

184 910 175 27 räkenskaperna
379 911 34 22 för
435 911 70 22 denna
526 911 51 22 fond
592 911 8 21 i
616 911 161 22 Statskontoret
791 911 70 21 blifvit
875 910 65 21 afslu-

184 945 50 20 tade
248 944 79 27 jemväl
342 945 34 22 för
393 946 60 27 1884,
469 946 109 21 meddelas
593 945 40 22 här
648 945 227 28 kapitalräkningarna
889 946 15 19 t.
920 950 19 15 0.

184 985 28 15 m.
228 979 94 22 nämnda
337 979 35 22 år:

260 1533 149 18 Statsutskottets
422 1533 115 17 betänkande
550 1532 38 18 N:o
601 1532 30 18 13.
