<?xml version="1.0" encoding="UTF-8"?>
<alto xmlns="http://www.loc.gov/standards/alto/ns-v3#" xmlns:xlink="http://www.w3.org/1999/xlink" xmlns:xsi="http://www.w3.org/2001/XMLSchema-instance" xsi:schemaLocation="http://www.loc.gov/standards/alto/ns-v3# http://www.loc.gov/alto/v3/alto-3-0.xsd">
	<Description>
		<MeasurementUnit>pixel</MeasurementUnit>
		<sourceImageInformation>
			<fileName>/tmp/tess_lqn9vsir_input.PNG</fileName>
		</sourceImageInformation>
		<OCRProcessing ID="OCR_0">
			<ocrProcessingStep>
				<processingSoftware>
					<softwareName>tesseract 5.3.4</softwareName>
				</processingSoftware>
			</ocrProcessingStep>
		</OCRProcessing>
	</Description>
	<Layout>
		<Page WIDTH="1086" HEIGHT="1717" PHYSICAL_IMG_NR="0" ID="page_0">
			<PrintSpace HPOS="0" VPOS="0" WIDTH="1086" HEIGHT="1717">
				<ComposedBlock ID="cblock_0" HPOS="858" VPOS="137" WIDTH="11" HEIGHT="19">
					<TextBlock ID="block_0" HPOS="858" VPOS="137" WIDTH="11" HEIGHT="19">
						<TextLine ID="line_0" HPOS="858" VPOS="137" WIDTH="11" HEIGHT="19">
							<String ID="string_0" HPOS="858" VPOS="137" WIDTH="11" HEIGHT="19" WC="0.96" CONTENT="3"/>
						</TextLine>
					</TextBlock>
				</ComposedBlock>
				<ComposedBlock ID="cblock_1" HPOS="152" VPOS="198" WIDTH="745" HEIGHT="131">
					<TextBlock ID="block_1" HPOS="152" VPOS="198" WIDTH="745" HEIGHT="131">
						<TextLine ID="line_1" HPOS="221" VPOS="198" WIDTH="675" HEIGHT="29">
							<String ID="string_1" HPOS="221" VPOS="200" WIDTH="75" HEIGHT="20" WC="0.96" CONTENT="Denna"/><SP WIDTH="18" VPOS="200" HPOS="296"/>
							<String ID="string_2" HPOS="314" VPOS="200" WIDTH="153" HEIGHT="26" WC="0.96" CONTENT="delegationen,"/><SP WIDTH="11" VPOS="200" HPOS="467"/>
							<String ID="string_3" HPOS="478" VPOS="206" WIDTH="43" HEIGHT="14" WC="0.96" CONTENT="som"/><SP WIDTH="13" VPOS="206" HPOS="521"/>
							<String ID="string_4" HPOS="534" VPOS="200" WIDTH="96" HEIGHT="27" WC="0.96" CONTENT="fungerat"/><SP WIDTH="11" VPOS="200" HPOS="630"/>
							<String ID="string_5" HPOS="641" VPOS="200" WIDTH="66" HEIGHT="20" WC="0.93" CONTENT="under"/><SP WIDTH="10" VPOS="200" HPOS="707"/>
							<String ID="string_6" HPOS="717" VPOS="200" WIDTH="83" HEIGHT="27" WC="0.92" CONTENT="vidpass"/><SP WIDTH="11" VPOS="200" HPOS="800"/>
							<String ID="string_7" HPOS="811" VPOS="199" WIDTH="35" HEIGHT="20" WC="0.96" CONTENT="två"/><SP WIDTH="11" VPOS="199" HPOS="846"/>
							<String ID="string_8" HPOS="857" VPOS="198" WIDTH="39" HEIGHT="22" WC="0.96" CONTENT="och"/>
						</TextLine>
						<TextLine ID="line_2" HPOS="152" VPOS="233" WIDTH="744" HEIGHT="28">
							<String ID="string_9" HPOS="152" VPOS="236" WIDTH="32" HEIGHT="18" WC="0.96" CONTENT="ett"/><SP WIDTH="23" VPOS="236" HPOS="184"/>
							<String ID="string_10" HPOS="207" VPOS="234" WIDTH="53" HEIGHT="20" WC="0.96" CONTENT="halft"/><SP WIDTH="23" VPOS="234" HPOS="260"/>
							<String ID="string_11" HPOS="283" VPOS="234" WIDTH="29" HEIGHT="27" WC="0.96" CONTENT="år,"/><SP WIDTH="23" VPOS="234" HPOS="312"/>
							<String ID="string_12" HPOS="335" VPOS="235" WIDTH="31" HEIGHT="19" WC="0.96" CONTENT="får"/><SP WIDTH="19" VPOS="235" HPOS="366"/>
							<String ID="string_13" HPOS="385" VPOS="242" WIDTH="33" HEIGHT="13" WC="0.96" CONTENT="om"/><SP WIDTH="23" VPOS="242" HPOS="418"/>
							<String ID="string_14" HPOS="441" VPOS="235" WIDTH="30" HEIGHT="20" WC="0.93" CONTENT="sin"/><SP WIDTH="26" VPOS="235" HPOS="471"/>
							<String ID="string_15" HPOS="497" VPOS="235" WIDTH="103" HEIGHT="20" WC="0.90" CONTENT="derunder"/><SP WIDTH="19" VPOS="235" HPOS="600"/>
							<String ID="string_16" HPOS="619" VPOS="234" WIDTH="83" HEIGHT="21" WC="0.96" CONTENT="utförda"/><SP WIDTH="16" VPOS="234" HPOS="702"/>
							<String ID="string_17" HPOS="718" VPOS="234" WIDTH="132" HEIGHT="20" WC="0.96" CONTENT="verksamhet"/><SP WIDTH="15" VPOS="234" HPOS="850"/>
							<String ID="string_18" HPOS="865" VPOS="233" WIDTH="31" HEIGHT="21" WC="0.96" CONTENT="till"/>
						</TextLine>
						<TextLine ID="line_3" HPOS="155" VPOS="268" WIDTH="742" HEIGHT="22">
							<String ID="string_19" HPOS="155" VPOS="268" WIDTH="81" HEIGHT="20" WC="0.96" CONTENT="landets"/><SP WIDTH="25" VPOS="268" HPOS="236"/>
							<String ID="string_20" HPOS="261" VPOS="276" WIDTH="27" HEIGHT="12" WC="0.93" CONTENT="nu"/><SP WIDTH="23" VPOS="276" HPOS="288"/>
							<String ID="string_21" HPOS="311" VPOS="269" WIDTH="195" HEIGHT="20" WC="0.92" CONTENT="sammanträdande"/><SP WIDTH="23" VPOS="269" HPOS="506"/>
							<String ID="string_22" HPOS="529" VPOS="269" WIDTH="89" HEIGHT="21" WC="0.92" CONTENT="Ständer"/><SP WIDTH="22" VPOS="269" HPOS="618"/>
							<String ID="string_23" HPOS="640" VPOS="269" WIDTH="85" HEIGHT="20" WC="0.93" CONTENT="härmed"/><SP WIDTH="19" VPOS="269" HPOS="725"/>
							<String ID="string_24" HPOS="744" VPOS="269" WIDTH="107" HEIGHT="20" WC="0.93" CONTENT="vördsamt"/><SP WIDTH="15" VPOS="269" HPOS="851"/>
							<String ID="string_25" HPOS="866" VPOS="268" WIDTH="31" HEIGHT="20" WC="0.91" CONTENT="af-"/>
						</TextLine>
						<TextLine ID="line_4" HPOS="153" VPOS="303" WIDTH="167" HEIGHT="26">
							<String ID="string_26" HPOS="153" VPOS="303" WIDTH="59" HEIGHT="26" WC="0.91" CONTENT="gifva"/><SP WIDTH="15" VPOS="303" HPOS="212"/>
							<String ID="string_27" HPOS="227" VPOS="303" WIDTH="93" HEIGHT="26" WC="0.96" CONTENT="följande"/>
						</TextLine>
					</TextBlock>
				</ComposedBlock>
				<ComposedBlock ID="cblock_2" HPOS="459" VPOS="383" WIDTH="143" HEIGHT="27">
					<TextBlock ID="block_2" HPOS="459" VPOS="383" WIDTH="143" HEIGHT="27">
						<TextLine ID="line_5" HPOS="459" VPOS="383" WIDTH="143" HEIGHT="27">
							<String ID="string_28" HPOS="459" VPOS="383" WIDTH="143" HEIGHT="27" WC="0.92" CONTENT="Berättelse."/>
						</TextLine>
					</TextBlock>
				</ComposedBlock>
				<ComposedBlock ID="cblock_3" HPOS="153" VPOS="440" WIDTH="748" HEIGHT="1022">
					<TextBlock ID="block_3" HPOS="153" VPOS="440" WIDTH="747" HEIGHT="816">
						<TextLine ID="line_6" HPOS="224" VPOS="440" WIDTH="673" HEIGHT="27">
							<String ID="string_29" HPOS="224" VPOS="441" WIDTH="71" HEIGHT="20" WC="0.91" CONTENT="Redan"/><SP WIDTH="24" VPOS="441" HPOS="295"/>
							<String ID="string_30" HPOS="319" VPOS="441" WIDTH="39" HEIGHT="20" WC="0.96" CONTENT="den"/><SP WIDTH="25" VPOS="441" HPOS="358"/>
							<String ID="string_31" HPOS="383" VPOS="441" WIDTH="24" HEIGHT="20" WC="0.96" CONTENT="16"/><SP WIDTH="18" VPOS="441" HPOS="407"/>
							<String ID="string_32" HPOS="425" VPOS="440" WIDTH="48" HEIGHT="21" WC="0.96" CONTENT="Juni"/><SP WIDTH="18" VPOS="440" HPOS="473"/>
							<String ID="string_33" HPOS="491" VPOS="441" WIDTH="53" HEIGHT="20" WC="0.95" CONTENT="1882"/><SP WIDTH="14" VPOS="441" HPOS="544"/>
							<String ID="string_34" HPOS="558" VPOS="441" WIDTH="44" HEIGHT="20" WC="0.93" CONTENT="höll"/><SP WIDTH="16" VPOS="441" HPOS="602"/>
							<String ID="string_35" HPOS="618" VPOS="441" WIDTH="147" HEIGHT="26" WC="0.92" CONTENT="delegationen"/><SP WIDTH="17" VPOS="441" HPOS="765"/>
							<String ID="string_36" HPOS="782" VPOS="441" WIDTH="35" HEIGHT="20" WC="0.96" CONTENT="sitt"/><SP WIDTH="14" VPOS="441" HPOS="817"/>
							<String ID="string_37" HPOS="831" VPOS="441" WIDTH="66" HEIGHT="20" WC="0.96" CONTENT="första"/>
						</TextLine>
						<TextLine ID="line_7" HPOS="155" VPOS="475" WIDTH="741" HEIGHT="27">
							<String ID="string_38" HPOS="155" VPOS="475" WIDTH="159" HEIGHT="25" WC="0.89" CONTENT="sammanträde,"/><SP WIDTH="23" VPOS="475" HPOS="314"/>
							<String ID="string_39" HPOS="337" VPOS="475" WIDTH="87" HEIGHT="20" WC="0.91" CONTENT="hvarvid"/><SP WIDTH="24" VPOS="475" HPOS="424"/>
							<String ID="string_40" HPOS="448" VPOS="475" WIDTH="53" HEIGHT="20" WC="0.93" CONTENT="dock"/><SP WIDTH="23" VPOS="475" HPOS="501"/>
							<String ID="string_41" HPOS="524" VPOS="475" WIDTH="93" HEIGHT="20" WC="0.92" CONTENT="hvarken"/><SP WIDTH="25" VPOS="475" HPOS="617"/>
							<String ID="string_42" HPOS="642" VPOS="475" WIDTH="64" HEIGHT="27" WC="0.90" CONTENT="nägot"/><SP WIDTH="17" VPOS="475" HPOS="706"/>
							<String ID="string_43" HPOS="723" VPOS="475" WIDTH="68" HEIGHT="20" WC="0.93" CONTENT="beslut"/><SP WIDTH="15" VPOS="475" HPOS="791"/>
							<String ID="string_44" HPOS="806" VPOS="475" WIDTH="90" HEIGHT="20" WC="0.92" CONTENT="fattades"/>
						</TextLine>
						<TextLine ID="line_8" HPOS="153" VPOS="509" WIDTH="742" HEIGHT="26">
							<String ID="string_45" HPOS="153" VPOS="509" WIDTH="54" HEIGHT="19" WC="0.94" CONTENT="eller"/><SP WIDTH="23" VPOS="509" HPOS="207"/>
							<String ID="string_46" HPOS="230" VPOS="515" WIDTH="36" HEIGHT="14" WC="0.95" CONTENT="ens"/><SP WIDTH="23" VPOS="515" HPOS="266"/>
							<String ID="string_47" HPOS="289" VPOS="509" WIDTH="33" HEIGHT="20" WC="0.96" CONTENT="val"/><SP WIDTH="24" VPOS="509" HPOS="322"/>
							<String ID="string_48" HPOS="346" VPOS="509" WIDTH="22" HEIGHT="20" WC="0.96" CONTENT="af"/><SP WIDTH="14" VPOS="509" HPOS="368"/>
							<String ID="string_49" HPOS="382" VPOS="509" WIDTH="127" HEIGHT="20" WC="0.96" CONTENT="ordförande"/><SP WIDTH="17" VPOS="509" HPOS="509"/>
							<String ID="string_50" HPOS="526" VPOS="509" WIDTH="68" HEIGHT="20" WC="0.93" CONTENT="kunde"/><SP WIDTH="16" VPOS="509" HPOS="594"/>
							<String ID="string_51" HPOS="610" VPOS="509" WIDTH="107" HEIGHT="26" WC="0.91" CONTENT="anställas,"/><SP WIDTH="16" VPOS="509" HPOS="717"/>
							<String ID="string_52" HPOS="733" VPOS="513" WIDTH="50" HEIGHT="16" WC="0.93" CONTENT="enär"/><SP WIDTH="15" VPOS="513" HPOS="783"/>
							<String ID="string_53" HPOS="798" VPOS="509" WIDTH="23" HEIGHT="20" WC="0.93" CONTENT="af"/><SP WIDTH="13" VPOS="509" HPOS="821"/>
							<String ID="string_54" HPOS="834" VPOS="509" WIDTH="61" HEIGHT="20" WC="0.90" CONTENT="Ridd."/>
						</TextLine>
						<TextLine ID="line_9" HPOS="153" VPOS="543" WIDTH="745" HEIGHT="21">
							<String ID="string_55" HPOS="153" VPOS="550" WIDTH="20" HEIGHT="13" WC="0.89" CONTENT="0."/><SP WIDTH="16" VPOS="550" HPOS="173"/>
							<String ID="string_56" HPOS="189" VPOS="543" WIDTH="81" HEIGHT="20" WC="0.92" CONTENT="Adelns"/><SP WIDTH="15" VPOS="543" HPOS="270"/>
							<String ID="string_57" HPOS="285" VPOS="544" WIDTH="116" HEIGHT="20" WC="0.92" CONTENT="ledamöter"/><SP WIDTH="16" VPOS="544" HPOS="401"/>
							<String ID="string_58" HPOS="417" VPOS="544" WIDTH="73" HEIGHT="19" WC="0.93" CONTENT="endast"/><SP WIDTH="15" VPOS="544" HPOS="490"/>
							<String ID="string_59" HPOS="505" VPOS="546" WIDTH="77" HEIGHT="18" WC="0.93" CONTENT="tvenne"/><SP WIDTH="16" VPOS="546" HPOS="582"/>
							<String ID="string_60" HPOS="598" VPOS="544" WIDTH="34" HEIGHT="20" WC="0.96" CONTENT="vid"/><SP WIDTH="16" VPOS="544" HPOS="632"/>
							<String ID="string_61" HPOS="648" VPOS="544" WIDTH="95" HEIGHT="20" WC="0.96" CONTENT="tillfället"/><SP WIDTH="16" VPOS="544" HPOS="743"/>
							<String ID="string_62" HPOS="759" VPOS="544" WIDTH="86" HEIGHT="20" WC="0.93" CONTENT="kommit"/><SP WIDTH="10" VPOS="544" HPOS="845"/>
							<String ID="string_63" HPOS="855" VPOS="543" WIDTH="43" HEIGHT="20" WC="0.91" CONTENT="till-"/>
						</TextLine>
						<TextLine ID="line_10" HPOS="153" VPOS="577" WIDTH="742" HEIGHT="28">
							<String ID="string_64" HPOS="153" VPOS="578" WIDTH="77" HEIGHT="21" WC="0.72" CONTENT="städes."/><SP WIDTH="32" VPOS="578" HPOS="230"/>
							<String ID="string_65" HPOS="262" VPOS="578" WIDTH="31" HEIGHT="20" WC="0.96" CONTENT="Då"/><SP WIDTH="16" VPOS="578" HPOS="293"/>
							<String ID="string_66" HPOS="309" VPOS="578" WIDTH="145" HEIGHT="27" WC="0.96" CONTENT="delegationen"/><SP WIDTH="17" VPOS="578" HPOS="454"/>
							<String ID="string_67" HPOS="471" VPOS="578" WIDTH="119" HEIGHT="21" WC="0.95" CONTENT="sedermera"/><SP WIDTH="16" VPOS="578" HPOS="590"/>
							<String ID="string_68" HPOS="606" VPOS="579" WIDTH="38" HEIGHT="19" WC="0.96" CONTENT="den"/><SP WIDTH="17" VPOS="579" HPOS="644"/>
							<String ID="string_69" HPOS="661" VPOS="579" WIDTH="26" HEIGHT="20" WC="0.96" CONTENT="28"/><SP WIDTH="16" VPOS="579" HPOS="687"/>
							<String ID="string_70" HPOS="703" VPOS="579" WIDTH="7" HEIGHT="19" WC="0.96" CONTENT="i"/><SP WIDTH="15" VPOS="579" HPOS="710"/>
							<String ID="string_71" HPOS="725" VPOS="585" WIDTH="79" HEIGHT="13" WC="0.92" CONTENT="samma"/><SP WIDTH="15" VPOS="585" HPOS="804"/>
							<String ID="string_72" HPOS="819" VPOS="577" WIDTH="76" HEIGHT="21" WC="0.95" CONTENT="månad"/>
						</TextLine>
						<TextLine ID="line_11" HPOS="153" VPOS="612" WIDTH="743" HEIGHT="27">
							<String ID="string_73" HPOS="153" VPOS="613" WIDTH="177" HEIGHT="25" WC="0.95" CONTENT="sammanträdde,"/><SP WIDTH="17" VPOS="613" HPOS="330"/>
							<String ID="string_74" HPOS="347" VPOS="612" WIDTH="69" HEIGHT="27" WC="0.95" CONTENT="utsågs"/><SP WIDTH="17" VPOS="612" HPOS="416"/>
							<String ID="string_75" HPOS="433" VPOS="612" WIDTH="154" HEIGHT="20" WC="0.95" CONTENT="undertecknad"/><SP WIDTH="17" VPOS="612" HPOS="587"/>
							<String ID="string_76" HPOS="604" VPOS="612" WIDTH="98" HEIGHT="21" WC="0.95" CONTENT="Sohlman"/><SP WIDTH="17" VPOS="612" HPOS="702"/>
							<String ID="string_77" HPOS="719" VPOS="613" WIDTH="30" HEIGHT="19" WC="0.95" CONTENT="till"/><SP WIDTH="16" VPOS="613" HPOS="749"/>
							<String ID="string_78" HPOS="765" VPOS="612" WIDTH="131" HEIGHT="25" WC="0.96" CONTENT="ordförande,"/>
						</TextLine>
						<TextLine ID="line_12" HPOS="155" VPOS="646" WIDTH="742" HEIGHT="27">
							<String ID="string_79" HPOS="155" VPOS="647" WIDTH="115" HEIGHT="26" WC="0.91" CONTENT="hvarjemte"/><SP WIDTH="23" VPOS="647" HPOS="270"/>
							<String ID="string_80" HPOS="293" VPOS="647" WIDTH="129" HEIGHT="20" WC="0.91" CONTENT="inhemtades"/><SP WIDTH="23" VPOS="647" HPOS="422"/>
							<String ID="string_81" HPOS="445" VPOS="646" WIDTH="104" HEIGHT="20" WC="0.93" CONTENT="särskilda"/><SP WIDTH="21" VPOS="646" HPOS="549"/>
							<String ID="string_82" HPOS="570" VPOS="647" WIDTH="160" HEIGHT="26" WC="0.91" CONTENT="nödigansedda"/><SP WIDTH="17" VPOS="647" HPOS="730"/>
							<String ID="string_83" HPOS="747" VPOS="647" WIDTH="150" HEIGHT="26" WC="0.95" CONTENT="upplysningar"/>
						</TextLine>
						<TextLine ID="line_13" HPOS="154" VPOS="681" WIDTH="742" HEIGHT="26">
							<String ID="string_84" HPOS="154" VPOS="681" WIDTH="97" HEIGHT="25" WC="0.96" CONTENT="rörande,"/><SP WIDTH="27" VPOS="681" HPOS="251"/>
							<String ID="string_85" HPOS="278" VPOS="681" WIDTH="61" HEIGHT="20" WC="0.95" CONTENT="bland"/><SP WIDTH="23" VPOS="681" HPOS="339"/>
							<String ID="string_86" HPOS="362" VPOS="683" WIDTH="70" HEIGHT="24" WC="0.96" CONTENT="annat,"/><SP WIDTH="23" VPOS="683" HPOS="432"/>
							<String ID="string_87" HPOS="455" VPOS="681" WIDTH="64" HEIGHT="26" WC="0.92" CONTENT="ryska"/><SP WIDTH="15" VPOS="681" HPOS="519"/>
							<String ID="string_88" HPOS="534" VPOS="681" WIDTH="190" HEIGHT="26" WC="0.91" CONTENT="magasinstomten,"/><SP WIDTH="15" VPOS="681" HPOS="724"/>
							<String ID="string_89" HPOS="739" VPOS="688" WIDTH="33" HEIGHT="13" WC="0.96" CONTENT="om"/><SP WIDTH="16" VPOS="688" HPOS="772"/>
							<String ID="string_90" HPOS="788" VPOS="681" WIDTH="62" HEIGHT="20" WC="0.93" CONTENT="hvars"/><SP WIDTH="16" VPOS="681" HPOS="850"/>
							<String ID="string_91" HPOS="866" VPOS="681" WIDTH="30" HEIGHT="20" WC="0.92" CONTENT="åt-"/>
						</TextLine>
						<TextLine ID="line_14" HPOS="156" VPOS="715" WIDTH="740" HEIGHT="27">
							<String ID="string_92" HPOS="156" VPOS="715" WIDTH="122" HEIGHT="26" WC="0.90" CONTENT="komlighet,"/><SP WIDTH="16" VPOS="715" HPOS="278"/>
							<String ID="string_93" HPOS="294" VPOS="715" WIDTH="56" HEIGHT="20" WC="0.93" CONTENT="areal"/><SP WIDTH="16" VPOS="715" HPOS="350"/>
							<String ID="string_94" HPOS="366" VPOS="722" WIDTH="25" HEIGHT="13" WC="0.88" CONTENT="m."/><SP WIDTH="17" VPOS="722" HPOS="391"/>
							<String ID="string_95" HPOS="408" VPOS="722" WIDTH="26" HEIGHT="13" WC="0.88" CONTENT="m."/><SP WIDTH="16" VPOS="722" HPOS="434"/>
							<String ID="string_96" HPOS="450" VPOS="722" WIDTH="145" HEIGHT="20" WC="0.96" CONTENT="noggrannare"/><SP WIDTH="13" VPOS="722" HPOS="595"/>
							<String ID="string_97" HPOS="608" VPOS="715" WIDTH="104" HEIGHT="27" WC="0.96" CONTENT="uppgifter"/><SP WIDTH="11" VPOS="715" HPOS="712"/>
							<String ID="string_98" HPOS="723" VPOS="716" WIDTH="27" HEIGHT="20" WC="0.96" CONTENT="då"/><SP WIDTH="9" VPOS="716" HPOS="750"/>
							<String ID="string_99" HPOS="759" VPOS="719" WIDTH="53" HEIGHT="16" WC="0.93" CONTENT="ännu"/><SP WIDTH="9" VPOS="719" HPOS="812"/>
							<String ID="string_100" HPOS="821" VPOS="715" WIDTH="75" HEIGHT="20" WC="0.90" CONTENT="sakna-"/>
						</TextLine>
						<TextLine ID="line_15" HPOS="153" VPOS="750" WIDTH="744" HEIGHT="27">
							<String ID="string_101" HPOS="153" VPOS="751" WIDTH="51" HEIGHT="24" WC="0.93" CONTENT="des;"/><SP WIDTH="23" VPOS="751" HPOS="204"/>
							<String ID="string_102" HPOS="227" VPOS="750" WIDTH="50" HEIGHT="20" WC="0.90" CONTENT="därå"/><SP WIDTH="23" VPOS="750" HPOS="277"/>
							<String ID="string_103" HPOS="300" VPOS="750" WIDTH="144" HEIGHT="26" WC="0.96" CONTENT="delegationen"/><SP WIDTH="23" VPOS="750" HPOS="444"/>
							<String ID="string_104" HPOS="467" VPOS="751" WIDTH="28" HEIGHT="25" WC="0.96" CONTENT="på"/><SP WIDTH="19" VPOS="751" HPOS="495"/>
							<String ID="string_105" HPOS="514" VPOS="751" WIDTH="66" HEIGHT="26" WC="0.96" CONTENT="grund"/><SP WIDTH="17" VPOS="751" HPOS="580"/>
							<String ID="string_106" HPOS="597" VPOS="750" WIDTH="23" HEIGHT="20" WC="0.96" CONTENT="af"/><SP WIDTH="14" VPOS="750" HPOS="620"/>
							<String ID="string_107" HPOS="634" VPOS="751" WIDTH="129" HEIGHT="26" WC="0.96" CONTENT="omröstning"/><SP WIDTH="15" VPOS="751" HPOS="763"/>
							<String ID="string_108" HPOS="778" VPOS="750" WIDTH="73" HEIGHT="27" WC="0.96" CONTENT="beslöt,"/><SP WIDTH="16" VPOS="750" HPOS="851"/>
							<String ID="string_109" HPOS="867" VPOS="752" WIDTH="30" HEIGHT="17" WC="0.96" CONTENT="att"/>
						</TextLine>
						<TextLine ID="line_16" HPOS="154" VPOS="784" WIDTH="742" HEIGHT="27">
							<String ID="string_110" HPOS="154" VPOS="785" WIDTH="122" HEIGHT="19" WC="0.96" CONTENT="densamma"/><SP WIDTH="23" VPOS="785" HPOS="276"/>
							<String ID="string_111" HPOS="299" VPOS="784" WIDTH="46" HEIGHT="20" WC="0.96" CONTENT="icke"/><SP WIDTH="23" VPOS="784" HPOS="345"/>
							<String ID="string_112" HPOS="368" VPOS="784" WIDTH="65" HEIGHT="20" WC="0.93" CONTENT="borde"/><SP WIDTH="16" VPOS="784" HPOS="433"/>
							<String ID="string_113" HPOS="449" VPOS="785" WIDTH="71" HEIGHT="19" WC="0.92" CONTENT="skrida"/><SP WIDTH="16" VPOS="785" HPOS="520"/>
							<String ID="string_114" HPOS="536" VPOS="784" WIDTH="30" HEIGHT="20" WC="0.96" CONTENT="till"/><SP WIDTH="16" VPOS="784" HPOS="566"/>
							<String ID="string_115" HPOS="582" VPOS="785" WIDTH="66" HEIGHT="26" WC="0.96" CONTENT="några"/><SP WIDTH="16" VPOS="785" HPOS="648"/>
							<String ID="string_116" HPOS="664" VPOS="785" WIDTH="71" HEIGHT="20" WC="0.96" CONTENT="vidare"/><SP WIDTH="16" VPOS="785" HPOS="735"/>
							<String ID="string_117" HPOS="751" VPOS="785" WIDTH="104" HEIGHT="26" WC="0.93" CONTENT="åtgärder,"/><SP WIDTH="11" VPOS="785" HPOS="855"/>
							<String ID="string_118" HPOS="866" VPOS="785" WIDTH="30" HEIGHT="19" WC="0.92" CONTENT="in-"/>
						</TextLine>
						<TextLine ID="line_17" HPOS="154" VPOS="818" WIDTH="743" HEIGHT="27">
							<String ID="string_119" HPOS="154" VPOS="826" WIDTH="42" HEIGHT="12" WC="0.96" CONTENT="nan"/><SP WIDTH="16" VPOS="826" HPOS="196"/>
							<String ID="string_120" HPOS="212" VPOS="819" WIDTH="57" HEIGHT="20" WC="0.95" CONTENT="Hans"/><SP WIDTH="16" VPOS="819" HPOS="269"/>
							<String ID="string_121" HPOS="285" VPOS="819" WIDTH="96" HEIGHT="26" WC="0.96" CONTENT="Majestät"/><SP WIDTH="14" VPOS="819" HPOS="381"/>
							<String ID="string_122" HPOS="395" VPOS="818" WIDTH="100" HEIGHT="27" WC="0.96" CONTENT="Kejsaren"/><SP WIDTH="17" VPOS="818" HPOS="495"/>
							<String ID="string_123" HPOS="512" VPOS="819" WIDTH="39" HEIGHT="20" WC="0.93" CONTENT="och"/><SP WIDTH="16" VPOS="819" HPOS="551"/>
							<String ID="string_124" HPOS="567" VPOS="819" WIDTH="126" HEIGHT="20" WC="0.89" CONTENT="Storfursten"/><SP WIDTH="17" VPOS="819" HPOS="693"/>
							<String ID="string_125" HPOS="710" VPOS="819" WIDTH="111" HEIGHT="20" WC="0.91" CONTENT="stadfästat"/><SP WIDTH="15" VPOS="819" HPOS="821"/>
							<String ID="string_126" HPOS="836" VPOS="818" WIDTH="61" HEIGHT="21" WC="0.92" CONTENT="Stän-"/>
						</TextLine>
						<TextLine ID="line_18" HPOS="156" VPOS="853" WIDTH="741" HEIGHT="21">
							<String ID="string_127" HPOS="156" VPOS="854" WIDTH="74" HEIGHT="19" WC="0.92" CONTENT="dernas"/><SP WIDTH="23" VPOS="854" HPOS="230"/>
							<String ID="string_128" HPOS="253" VPOS="853" WIDTH="85" HEIGHT="21" WC="0.83" CONTENT="underd."/><SP WIDTH="25" VPOS="853" HPOS="338"/>
							<String ID="string_129" HPOS="363" VPOS="853" WIDTH="95" HEIGHT="20" WC="0.96" CONTENT="anmälan"/><SP WIDTH="25" VPOS="853" HPOS="458"/>
							<String ID="string_130" HPOS="483" VPOS="860" WIDTH="32" HEIGHT="13" WC="0.95" CONTENT="om"/><SP WIDTH="20" VPOS="860" HPOS="515"/>
							<String ID="string_131" HPOS="535" VPOS="853" WIDTH="131" HEIGHT="20" WC="0.96" CONTENT="tillsättande"/><SP WIDTH="16" VPOS="853" HPOS="666"/>
							<String ID="string_132" HPOS="682" VPOS="853" WIDTH="22" HEIGHT="20" WC="0.96" CONTENT="af"/><SP WIDTH="14" VPOS="853" HPOS="704"/>
							<String ID="string_133" HPOS="718" VPOS="860" WIDTH="24" HEIGHT="13" WC="0.93" CONTENT="en"/><SP WIDTH="18" VPOS="860" HPOS="742"/>
							<String ID="string_134" HPOS="760" VPOS="853" WIDTH="137" HEIGHT="20" WC="0.92" CONTENT="Ständerhus-"/>
						</TextLine>
						<TextLine ID="line_19" HPOS="154" VPOS="887" WIDTH="743" HEIGHT="27">
							<String ID="string_135" HPOS="154" VPOS="887" WIDTH="129" HEIGHT="26" WC="0.95" CONTENT="delegation."/><SP WIDTH="32" VPOS="887" HPOS="283"/>
							<String ID="string_136" HPOS="315" VPOS="887" WIDTH="41" HEIGHT="20" WC="0.96" CONTENT="Till"/><SP WIDTH="17" VPOS="887" HPOS="356"/>
							<String ID="string_137" HPOS="373" VPOS="887" WIDTH="58" HEIGHT="20" WC="0.96" CONTENT="detta"/><SP WIDTH="19" VPOS="887" HPOS="431"/>
							<String ID="string_138" HPOS="450" VPOS="887" WIDTH="67" HEIGHT="20" WC="0.96" CONTENT="beslut"/><SP WIDTH="18" VPOS="887" HPOS="517"/>
							<String ID="string_139" HPOS="535" VPOS="887" WIDTH="64" HEIGHT="27" WC="0.92" CONTENT="ansåg"/><SP WIDTH="16" VPOS="887" HPOS="599"/>
							<String ID="string_140" HPOS="615" VPOS="888" WIDTH="159" HEIGHT="25" WC="0.91" CONTENT="delegationens"/><SP WIDTH="15" VPOS="888" HPOS="774"/>
							<String ID="string_141" HPOS="789" VPOS="887" WIDTH="108" HEIGHT="27" WC="0.93" CONTENT="pluralitet"/>
						</TextLine>
						<TextLine ID="line_20" HPOS="155" VPOS="921" WIDTH="742" HEIGHT="27">
							<String ID="string_142" HPOS="155" VPOS="922" WIDTH="24" HEIGHT="19" WC="0.96" CONTENT="så"/><SP WIDTH="22" VPOS="922" HPOS="179"/>
							<String ID="string_143" HPOS="201" VPOS="921" WIDTH="85" HEIGHT="26" WC="0.94" CONTENT="mycket"/><SP WIDTH="22" VPOS="921" HPOS="286"/>
							<String ID="string_144" HPOS="308" VPOS="928" WIDTH="57" HEIGHT="13" WC="0.96" CONTENT="mera"/><SP WIDTH="18" VPOS="928" HPOS="365"/>
							<String ID="string_145" HPOS="383" VPOS="921" WIDTH="45" HEIGHT="20" WC="0.93" CONTENT="skäl"/><SP WIDTH="16" VPOS="921" HPOS="428"/>
							<String ID="string_146" HPOS="444" VPOS="921" WIDTH="118" HEIGHT="27" WC="0.92" CONTENT="förefinnas,"/><SP WIDTH="16" VPOS="921" HPOS="562"/>
							<String ID="string_147" HPOS="578" VPOS="928" WIDTH="43" HEIGHT="14" WC="0.93" CONTENT="som"/><SP WIDTH="17" VPOS="928" HPOS="621"/>
							<String ID="string_148" HPOS="638" VPOS="922" WIDTH="98" HEIGHT="20" WC="0.95" CONTENT="anhållan"/><SP WIDTH="17" VPOS="922" HPOS="736"/>
							<String ID="string_149" HPOS="753" VPOS="922" WIDTH="69" HEIGHT="21" WC="0.96" CONTENT="blifvit"/><SP WIDTH="15" VPOS="922" HPOS="822"/>
							<String ID="string_150" HPOS="837" VPOS="921" WIDTH="60" HEIGHT="27" WC="0.96" CONTENT="gjord"/>
						</TextLine>
						<TextLine ID="line_21" HPOS="155" VPOS="955" WIDTH="742" HEIGHT="28">
							<String ID="string_151" HPOS="155" VPOS="956" WIDTH="39" HEIGHT="20" WC="0.93" CONTENT="hos"/><SP WIDTH="17" VPOS="956" HPOS="194"/>
							<String ID="string_152" HPOS="211" VPOS="955" WIDTH="242" HEIGHT="27" WC="0.92" CONTENT="Expeditionsutskottet"/><SP WIDTH="10" VPOS="955" HPOS="453"/>
							<String ID="string_153" HPOS="463" VPOS="958" WIDTH="31" HEIGHT="17" WC="0.93" CONTENT="att"/><SP WIDTH="11" VPOS="958" HPOS="494"/>
							<String ID="string_154" HPOS="505" VPOS="956" WIDTH="123" HEIGHT="27" WC="0.96" CONTENT="skyndsamt"/><SP WIDTH="10" VPOS="956" HPOS="628"/>
							<String ID="string_155" HPOS="638" VPOS="957" WIDTH="87" HEIGHT="20" WC="0.96" CONTENT="insända"/><SP WIDTH="11" VPOS="957" HPOS="725"/>
							<String ID="string_156" HPOS="736" VPOS="955" WIDTH="161" HEIGHT="27" WC="0.96" CONTENT="ifrågavarande"/>
						</TextLine>
						<TextLine ID="line_22" HPOS="154" VPOS="990" WIDTH="743" HEIGHT="28">
							<String ID="string_157" HPOS="154" VPOS="991" WIDTH="86" HEIGHT="24" WC="0.87" CONTENT="ärende,"/><SP WIDTH="22" VPOS="991" HPOS="240"/>
							<String ID="string_158" HPOS="262" VPOS="990" WIDTH="38" HEIGHT="19" WC="0.96" CONTENT="och"/><SP WIDTH="23" VPOS="990" HPOS="300"/>
							<String ID="string_159" HPOS="323" VPOS="990" WIDTH="70" HEIGHT="20" WC="0.93" CONTENT="därför"/><SP WIDTH="16" VPOS="990" HPOS="393"/>
							<String ID="string_160" HPOS="409" VPOS="990" WIDTH="137" HEIGHT="21" WC="0.92" CONTENT="afvaktandet"/><SP WIDTH="14" VPOS="990" HPOS="546"/>
							<String ID="string_161" HPOS="560" VPOS="991" WIDTH="23" HEIGHT="20" WC="0.96" CONTENT="af"/><SP WIDTH="14" VPOS="991" HPOS="583"/>
							<String ID="string_162" HPOS="597" VPOS="991" WIDTH="39" HEIGHT="20" WC="0.93" CONTENT="den"/><SP WIDTH="16" VPOS="991" HPOS="636"/>
							<String ID="string_163" HPOS="652" VPOS="991" WIDTH="83" HEIGHT="27" WC="0.92" CONTENT="Nädiga"/><SP WIDTH="15" VPOS="991" HPOS="735"/>
							<String ID="string_164" HPOS="750" VPOS="991" WIDTH="147" HEIGHT="20" WC="0.90" CONTENT="stadfästelsen"/>
						</TextLine>
						<TextLine ID="line_23" HPOS="155" VPOS="1024" WIDTH="742" HEIGHT="27">
							<String ID="string_165" HPOS="155" VPOS="1025" WIDTH="121" HEIGHT="19" WC="0.93" CONTENT="förutsattes"/><SP WIDTH="16" VPOS="1025" HPOS="276"/>
							<String ID="string_166" HPOS="292" VPOS="1024" WIDTH="93" HEIGHT="20" WC="0.92" CONTENT="erfordra"/><SP WIDTH="16" VPOS="1024" HPOS="385"/>
							<String ID="string_167" HPOS="401" VPOS="1025" WIDTH="78" HEIGHT="26" WC="0.96" CONTENT="ganska"/><SP WIDTH="16" VPOS="1025" HPOS="479"/>
							<String ID="string_168" HPOS="495" VPOS="1025" WIDTH="48" HEIGHT="20" WC="0.96" CONTENT="kort"/><SP WIDTH="17" VPOS="1025" HPOS="543"/>
							<String ID="string_169" HPOS="560" VPOS="1025" WIDTH="36" HEIGHT="21" WC="0.93" CONTENT="tid."/><SP WIDTH="30" VPOS="1025" HPOS="596"/>
							<String ID="string_170" HPOS="626" VPOS="1025" WIDTH="114" HEIGHT="20" WC="0.91" CONTENT="Imellertid"/><SP WIDTH="12" VPOS="1025" HPOS="740"/>
							<String ID="string_171" HPOS="752" VPOS="1032" WIDTH="65" HEIGHT="13" WC="0.92" CONTENT="vanns"/><SP WIDTH="11" VPOS="1032" HPOS="817"/>
							<String ID="string_172" HPOS="828" VPOS="1025" WIDTH="69" HEIGHT="26" WC="0.92" CONTENT="högst-"/>
						</TextLine>
						<TextLine ID="line_24" HPOS="155" VPOS="1059" WIDTH="742" HEIGHT="27">
							<String ID="string_173" HPOS="155" VPOS="1059" WIDTH="91" HEIGHT="20" WC="0.92" CONTENT="berörda"/><SP WIDTH="18" VPOS="1059" HPOS="246"/>
							<String ID="string_174" HPOS="264" VPOS="1059" WIDTH="132" HEIGHT="20" WC="0.92" CONTENT="stadfästelse"/><SP WIDTH="15" VPOS="1059" HPOS="396"/>
							<String ID="string_175" HPOS="411" VPOS="1059" WIDTH="47" HEIGHT="20" WC="0.92" CONTENT="icke"/><SP WIDTH="16" VPOS="1059" HPOS="458"/>
							<String ID="string_176" HPOS="474" VPOS="1059" WIDTH="43" HEIGHT="20" WC="0.92" CONTENT="förr"/><SP WIDTH="15" VPOS="1059" HPOS="517"/>
							<String ID="string_177" HPOS="532" VPOS="1062" WIDTH="24" HEIGHT="17" WC="0.96" CONTENT="än"/><SP WIDTH="13" VPOS="1062" HPOS="556"/>
							<String ID="string_178" HPOS="569" VPOS="1059" WIDTH="39" HEIGHT="20" WC="0.96" CONTENT="den"/><SP WIDTH="12" VPOS="1059" HPOS="608"/>
							<String ID="string_179" HPOS="620" VPOS="1060" WIDTH="12" HEIGHT="19" WC="0.93" CONTENT="4"/><SP WIDTH="11" VPOS="1060" HPOS="632"/>
							<String ID="string_180" HPOS="643" VPOS="1059" WIDTH="120" HEIGHT="27" WC="0.92" CONTENT="päföljande"/><SP WIDTH="12" VPOS="1059" HPOS="763"/>
							<String ID="string_181" HPOS="775" VPOS="1059" WIDTH="122" HEIGHT="25" WC="0.96" CONTENT="December,"/>
						</TextLine>
						<TextLine ID="line_25" HPOS="155" VPOS="1093" WIDTH="742" HEIGHT="26">
							<String ID="string_182" HPOS="155" VPOS="1093" WIDTH="106" HEIGHT="20" WC="0.93" CONTENT="hvarefter"/><SP WIDTH="23" VPOS="1093" HPOS="261"/>
							<String ID="string_183" HPOS="284" VPOS="1093" WIDTH="81" HEIGHT="26" WC="0.84" CONTENT="deleg:n"/><SP WIDTH="24" VPOS="1093" HPOS="365"/>
							<String ID="string_184" HPOS="389" VPOS="1093" WIDTH="44" HEIGHT="20" WC="0.96" CONTENT="åter"/><SP WIDTH="18" VPOS="1093" HPOS="433"/>
							<String ID="string_185" HPOS="451" VPOS="1093" WIDTH="189" HEIGHT="20" WC="0.96" CONTENT="sammankallades"/><SP WIDTH="16" VPOS="1093" HPOS="640"/>
							<String ID="string_186" HPOS="656" VPOS="1094" WIDTH="39" HEIGHT="19" WC="0.96" CONTENT="den"/><SP WIDTH="17" VPOS="1094" HPOS="695"/>
							<String ID="string_187" HPOS="712" VPOS="1093" WIDTH="26" HEIGHT="20" WC="0.96" CONTENT="14"/><SP WIDTH="15" VPOS="1093" HPOS="738"/>
							<String ID="string_188" HPOS="753" VPOS="1094" WIDTH="7" HEIGHT="19" WC="0.93" CONTENT="i"/><SP WIDTH="15" VPOS="1094" HPOS="760"/>
							<String ID="string_189" HPOS="775" VPOS="1093" WIDTH="64" HEIGHT="26" WC="0.92" CONTENT="sagde"/><SP WIDTH="16" VPOS="1093" HPOS="839"/>
							<String ID="string_190" HPOS="855" VPOS="1093" WIDTH="42" HEIGHT="20" WC="0.93" CONTENT="mä-"/>
						</TextLine>
						<TextLine ID="line_26" HPOS="156" VPOS="1127" WIDTH="744" HEIGHT="28">
							<String ID="string_191" HPOS="156" VPOS="1127" WIDTH="52" HEIGHT="26" WC="0.96" CONTENT="nad;"/><SP WIDTH="16" VPOS="1127" HPOS="208"/>
							<String ID="string_192" HPOS="224" VPOS="1134" WIDTH="46" HEIGHT="13" WC="0.93" CONTENT="men"/><SP WIDTH="16" VPOS="1134" HPOS="270"/>
							<String ID="string_193" HPOS="286" VPOS="1127" WIDTH="36" HEIGHT="26" WC="0.92" CONTENT="säg"/><SP WIDTH="16" VPOS="1127" HPOS="322"/>
							<String ID="string_194" HPOS="338" VPOS="1128" WIDTH="31" HEIGHT="25" WC="0.93" CONTENT="sig"/><SP WIDTH="15" VPOS="1128" HPOS="369"/>
							<String ID="string_195" HPOS="384" VPOS="1127" WIDTH="109" HEIGHT="20" WC="0.92" CONTENT="föranledd"/><SP WIDTH="18" VPOS="1127" HPOS="493"/>
							<String ID="string_196" HPOS="511" VPOS="1128" WIDTH="61" HEIGHT="20" WC="0.91" CONTENT="äfven"/><SP WIDTH="16" VPOS="1128" HPOS="572"/>
							<String ID="string_197" HPOS="588" VPOS="1129" WIDTH="26" HEIGHT="19" WC="0.96" CONTENT="dä"/><SP WIDTH="15" VPOS="1129" HPOS="614"/>
							<String ID="string_198" HPOS="629" VPOS="1130" WIDTH="31" HEIGHT="18" WC="0.93" CONTENT="att"/><SP WIDTH="14" VPOS="1130" HPOS="660"/>
							<String ID="string_199" HPOS="674" VPOS="1129" WIDTH="111" HEIGHT="26" WC="0.93" CONTENT="ajournera"/><SP WIDTH="11" VPOS="1129" HPOS="785"/>
							<String ID="string_200" HPOS="796" VPOS="1127" WIDTH="69" HEIGHT="26" WC="0.93" CONTENT="frägor"/><SP WIDTH="12" VPOS="1127" HPOS="865"/>
							<String ID="string_201" HPOS="877" VPOS="1127" WIDTH="23" HEIGHT="20" WC="0.97" CONTENT="af"/>
						</TextLine>
						<TextLine ID="line_27" HPOS="155" VPOS="1161" WIDTH="743" HEIGHT="28">
							<String ID="string_202" HPOS="155" VPOS="1161" WIDTH="115" HEIGHT="27" WC="0.89" CONTENT="afgörande"/><SP WIDTH="24" VPOS="1161" HPOS="270"/>
							<String ID="string_203" HPOS="294" VPOS="1162" WIDTH="49" HEIGHT="25" WC="0.92" CONTENT="vigt,"/><SP WIDTH="22" VPOS="1162" HPOS="343"/>
							<String ID="string_204" HPOS="365" VPOS="1161" WIDTH="54" HEIGHT="20" WC="0.93" CONTENT="intill"/><SP WIDTH="22" VPOS="1161" HPOS="419"/>
							<String ID="string_205" HPOS="441" VPOS="1162" WIDTH="46" HEIGHT="19" WC="0.96" CONTENT="dess"/><SP WIDTH="16" VPOS="1162" HPOS="487"/>
							<String ID="string_206" HPOS="503" VPOS="1162" WIDTH="39" HEIGHT="20" WC="0.93" CONTENT="den"/><SP WIDTH="18" VPOS="1162" HPOS="542"/>
							<String ID="string_207" HPOS="560" VPOS="1162" WIDTH="53" HEIGHT="26" WC="0.92" CONTENT="Kejs."/><SP WIDTH="16" VPOS="1162" HPOS="613"/>
							<String ID="string_208" HPOS="629" VPOS="1162" WIDTH="144" HEIGHT="27" WC="0.91" CONTENT="Kungörelsen"/><SP WIDTH="16" VPOS="1162" HPOS="773"/>
							<String ID="string_209" HPOS="789" VPOS="1162" WIDTH="6" HEIGHT="19" WC="0.93" CONTENT="i"/><SP WIDTH="16" VPOS="1162" HPOS="795"/>
							<String ID="string_210" HPOS="811" VPOS="1162" WIDTH="87" HEIGHT="20" WC="0.93" CONTENT="ärendet"/>
						</TextLine>
						<TextLine ID="line_28" HPOS="156" VPOS="1196" WIDTH="741" HEIGHT="27">
							<String ID="string_211" HPOS="156" VPOS="1196" WIDTH="74" HEIGHT="19" WC="0.96" CONTENT="hunnit"/><SP WIDTH="15" VPOS="1196" HPOS="230"/>
							<String ID="string_212" HPOS="245" VPOS="1196" WIDTH="5" HEIGHT="19" WC="0.93" CONTENT="i"/><SP WIDTH="18" VPOS="1196" HPOS="250"/>
							<String ID="string_213" HPOS="268" VPOS="1196" WIDTH="131" HEIGHT="27" WC="0.92" CONTENT="vederbörlig"/><SP WIDTH="22" VPOS="1196" HPOS="399"/>
							<String ID="string_214" HPOS="421" VPOS="1196" WIDTH="90" HEIGHT="26" WC="0.93" CONTENT="ordning"/><SP WIDTH="16" VPOS="1196" HPOS="511"/>
							<String ID="string_215" HPOS="527" VPOS="1197" WIDTH="142" HEIGHT="26" WC="0.92" CONTENT="promulgeras"/><SP WIDTH="16" VPOS="1197" HPOS="669"/>
							<String ID="string_216" HPOS="685" VPOS="1197" WIDTH="39" HEIGHT="20" WC="0.96" CONTENT="och"/><SP WIDTH="15" VPOS="1197" HPOS="724"/>
							<String ID="string_217" HPOS="739" VPOS="1197" WIDTH="7" HEIGHT="19" WC="0.93" CONTENT="i"/><SP WIDTH="16" VPOS="1197" HPOS="746"/>
							<String ID="string_218" HPOS="762" VPOS="1197" WIDTH="63" HEIGHT="20" WC="0.93" CONTENT="sädan"/><SP WIDTH="20" VPOS="1197" HPOS="825"/>
							<String ID="string_219" HPOS="845" VPOS="1197" WIDTH="52" HEIGHT="19" WC="0.96" CONTENT="form"/>
						</TextLine>
						<TextLine ID="line_29" HPOS="156" VPOS="1230" WIDTH="272" HEIGHT="26">
							<String ID="string_220" HPOS="156" VPOS="1230" WIDTH="146" HEIGHT="26" WC="0.90" CONTENT="delegationen"/><SP WIDTH="18" VPOS="1230" HPOS="302"/>
							<String ID="string_221" HPOS="320" VPOS="1230" WIDTH="108" HEIGHT="26" WC="0.85" CONTENT="delgifvas."/>
						</TextLine>
					</TextBlock>
					<TextBlock ID="block_4" HPOS="155" VPOS="1264" WIDTH="746" HEIGHT="198">
						<TextLine ID="line_30" HPOS="224" VPOS="1264" WIDTH="676" HEIGHT="28">
							<String ID="string_222" HPOS="224" VPOS="1264" WIDTH="9" HEIGHT="19" WC="0.93" CONTENT="I"/><SP WIDTH="16" VPOS="1264" HPOS="233"/>
							<String ID="string_223" HPOS="249" VPOS="1264" WIDTH="51" HEIGHT="26" WC="0.96" CONTENT="följd"/><SP WIDTH="16" VPOS="1264" HPOS="300"/>
							<String ID="string_224" HPOS="316" VPOS="1265" WIDTH="61" HEIGHT="19" WC="0.96" CONTENT="häraf"/><SP WIDTH="14" VPOS="1265" HPOS="377"/>
							<String ID="string_225" HPOS="391" VPOS="1265" WIDTH="70" HEIGHT="20" WC="0.93" CONTENT="kunde"/><SP WIDTH="15" VPOS="1265" HPOS="461"/>
							<String ID="string_226" HPOS="476" VPOS="1265" WIDTH="158" HEIGHT="27" WC="0.92" CONTENT="delegationens"/><SP WIDTH="16" VPOS="1265" HPOS="634"/>
							<String ID="string_227" HPOS="650" VPOS="1266" WIDTH="105" HEIGHT="26" WC="0.96" CONTENT="egentliga"/><SP WIDTH="11" VPOS="1266" HPOS="755"/>
							<String ID="string_228" HPOS="766" VPOS="1265" WIDTH="134" HEIGHT="20" WC="0.96" CONTENT="verksamhet"/>
						</TextLine>
						<TextLine ID="line_31" HPOS="158" VPOS="1299" WIDTH="741" HEIGHT="28">
							<String ID="string_229" HPOS="158" VPOS="1299" WIDTH="97" HEIGHT="26" WC="0.92" CONTENT="begynna"/><SP WIDTH="18" VPOS="1299" HPOS="255"/>
							<String ID="string_230" HPOS="273" VPOS="1299" WIDTH="51" HEIGHT="20" WC="0.96" CONTENT="först"/><SP WIDTH="17" VPOS="1299" HPOS="324"/>
							<String ID="string_231" HPOS="341" VPOS="1299" WIDTH="7" HEIGHT="19" WC="0.96" CONTENT="i"/><SP WIDTH="17" VPOS="1299" HPOS="348"/>
							<String ID="string_232" HPOS="365" VPOS="1299" WIDTH="72" HEIGHT="27" WC="0.96" CONTENT="början"/><SP WIDTH="16" VPOS="1299" HPOS="437"/>
							<String ID="string_233" HPOS="453" VPOS="1300" WIDTH="22" HEIGHT="19" WC="0.96" CONTENT="af"/><SP WIDTH="14" VPOS="1300" HPOS="475"/>
							<String ID="string_234" HPOS="489" VPOS="1300" WIDTH="23" HEIGHT="20" WC="0.96" CONTENT="är"/><SP WIDTH="17" VPOS="1300" HPOS="512"/>
							<String ID="string_235" HPOS="529" VPOS="1300" WIDTH="61" HEIGHT="26" WC="0.96" CONTENT="1883,"/><SP WIDTH="16" VPOS="1300" HPOS="590"/>
							<String ID="string_236" HPOS="606" VPOS="1300" WIDTH="26" HEIGHT="20" WC="0.93" CONTENT="dä"/><SP WIDTH="16" VPOS="1300" HPOS="632"/>
							<String ID="string_237" HPOS="648" VPOS="1300" WIDTH="145" HEIGHT="27" WC="0.92" CONTENT="delegationen"/><SP WIDTH="18" VPOS="1300" HPOS="793"/>
							<String ID="string_238" HPOS="811" VPOS="1300" WIDTH="30" HEIGHT="20" WC="0.93" CONTENT="till"/><SP WIDTH="18" VPOS="1300" HPOS="841"/>
							<String ID="string_239" HPOS="859" VPOS="1299" WIDTH="40" HEIGHT="20" WC="0.93" CONTENT="för-"/>
						</TextLine>
						<TextLine ID="line_32" HPOS="155" VPOS="1332" WIDTH="744" HEIGHT="22">
							<String ID="string_240" HPOS="155" VPOS="1332" WIDTH="70" HEIGHT="21" WC="0.91" CONTENT="stärkt"/><SP WIDTH="22" VPOS="1332" HPOS="225"/>
							<String ID="string_241" HPOS="247" VPOS="1334" WIDTH="55" HEIGHT="19" WC="0.87" CONTENT="antal"/><SP WIDTH="26" VPOS="1334" HPOS="302"/>
							<String ID="string_242" HPOS="328" VPOS="1333" WIDTH="135" HEIGHT="21" WC="0.95" CONTENT="medlemmar"/><SP WIDTH="22" VPOS="1333" HPOS="463"/>
							<String ID="string_243" HPOS="485" VPOS="1334" WIDTH="36" HEIGHT="20" WC="0.93" CONTENT="vid"/><SP WIDTH="22" VPOS="1334" HPOS="521"/>
							<String ID="string_244" HPOS="543" VPOS="1334" WIDTH="155" HEIGHT="20" WC="0.92" CONTENT="sammanträde"/><SP WIDTH="18" VPOS="1334" HPOS="698"/>
							<String ID="string_245" HPOS="716" VPOS="1334" WIDTH="39" HEIGHT="20" WC="0.96" CONTENT="den"/><SP WIDTH="20" VPOS="1334" HPOS="755"/>
							<String ID="string_246" HPOS="775" VPOS="1334" WIDTH="22" HEIGHT="20" WC="0.95" CONTENT="12"/><SP WIDTH="16" VPOS="1334" HPOS="797"/>
							<String ID="string_247" HPOS="813" VPOS="1334" WIDTH="86" HEIGHT="20" WC="0.96" CONTENT="Januari"/>
						</TextLine>
						<TextLine ID="line_33" HPOS="159" VPOS="1367" WIDTH="742" HEIGHT="28">
							<String ID="string_248" HPOS="159" VPOS="1367" WIDTH="42" HEIGHT="20" WC="0.92" CONTENT="fick"/><SP WIDTH="23" VPOS="1367" HPOS="201"/>
							<String ID="string_249" HPOS="224" VPOS="1370" WIDTH="93" HEIGHT="24" WC="0.91" CONTENT="mottaga"/><SP WIDTH="23" VPOS="1370" HPOS="317"/>
							<String ID="string_250" HPOS="340" VPOS="1367" WIDTH="37" HEIGHT="27" WC="0.91" CONTENT=",H."/><SP WIDTH="20" VPOS="1367" HPOS="377"/>
							<String ID="string_251" HPOS="397" VPOS="1368" WIDTH="24" HEIGHT="20" WC="0.93" CONTENT="K."/><SP WIDTH="17" VPOS="1368" HPOS="421"/>
							<String ID="string_252" HPOS="438" VPOS="1368" WIDTH="46" HEIGHT="20" WC="0.92" CONTENT="M:ts"/><SP WIDTH="16" VPOS="1368" HPOS="484"/>
							<String ID="string_253" HPOS="500" VPOS="1368" WIDTH="52" HEIGHT="20" WC="0.91" CONTENT="Näd."/><SP WIDTH="17" VPOS="1368" HPOS="552"/>
							<String ID="string_254" HPOS="569" VPOS="1368" WIDTH="125" HEIGHT="27" WC="0.92" CONTENT="kungörelse"/><SP WIDTH="16" VPOS="1368" HPOS="694"/>
							<String ID="string_255" HPOS="710" VPOS="1376" WIDTH="48" HEIGHT="19" WC="0.93" CONTENT="ang."/><SP WIDTH="17" VPOS="1376" HPOS="758"/>
							<String ID="string_256" HPOS="775" VPOS="1375" WIDTH="24" HEIGHT="13" WC="0.96" CONTENT="en"/><SP WIDTH="17" VPOS="1375" HPOS="799"/>
							<String ID="string_257" HPOS="816" VPOS="1368" WIDTH="23" HEIGHT="20" WC="0.93" CONTENT="af"/><SP WIDTH="13" VPOS="1368" HPOS="839"/>
							<String ID="string_258" HPOS="852" VPOS="1368" WIDTH="49" HEIGHT="19" WC="0.90" CONTENT="Fin-"/>
						</TextLine>
						<TextLine ID="line_34" HPOS="157" VPOS="1401" WIDTH="744" HEIGHT="28">
							<String ID="string_259" HPOS="157" VPOS="1401" WIDTH="60" HEIGHT="19" WC="0.91" CONTENT="lands"/><SP WIDTH="16" VPOS="1401" HPOS="217"/>
							<String ID="string_260" HPOS="233" VPOS="1402" WIDTH="88" HEIGHT="20" WC="0.91" CONTENT="Ständer"/><SP WIDTH="16" VPOS="1402" HPOS="321"/>
							<String ID="string_261" HPOS="337" VPOS="1402" WIDTH="83" HEIGHT="20" WC="0.92" CONTENT="nedsatt"/><SP WIDTH="16" VPOS="1402" HPOS="420"/>
							<String ID="string_262" HPOS="436" VPOS="1402" WIDTH="118" HEIGHT="26" WC="0.96" CONTENT="delegation"/><SP WIDTH="16" VPOS="1402" HPOS="554"/>
							<String ID="string_263" HPOS="570" VPOS="1402" WIDTH="32" HEIGHT="20" WC="0.93" CONTENT="för"/><SP WIDTH="16" VPOS="1402" HPOS="602"/>
							<String ID="string_264" HPOS="618" VPOS="1403" WIDTH="129" HEIGHT="26" WC="0.92" CONTENT="uppförande"/><SP WIDTH="16" VPOS="1403" HPOS="747"/>
							<String ID="string_265" HPOS="763" VPOS="1402" WIDTH="23" HEIGHT="20" WC="0.97" CONTENT="af"/><SP WIDTH="14" VPOS="1402" HPOS="786"/>
							<String ID="string_266" HPOS="800" VPOS="1404" WIDTH="29" HEIGHT="18" WC="0.93" CONTENT="ett"/><SP WIDTH="11" VPOS="1404" HPOS="829"/>
							<String ID="string_267" HPOS="840" VPOS="1402" WIDTH="61" HEIGHT="20" WC="0.92" CONTENT="Stän-"/>
						</TextLine>
						<TextLine ID="line_35" HPOS="157" VPOS="1435" WIDTH="515" HEIGHT="27">
							<String ID="string_268" HPOS="157" VPOS="1435" WIDTH="82" HEIGHT="27" WC="0.92" CONTENT="derhus,"/><SP WIDTH="16" VPOS="1435" HPOS="239"/>
							<String ID="string_269" HPOS="255" VPOS="1436" WIDTH="69" HEIGHT="26" WC="0.93" CONTENT="gifven"/><SP WIDTH="16" VPOS="1436" HPOS="324"/>
							<String ID="string_270" HPOS="340" VPOS="1436" WIDTH="6" HEIGHT="19" WC="0.93" CONTENT="i"/><SP WIDTH="16" VPOS="1436" HPOS="346"/>
							<String ID="string_271" HPOS="362" VPOS="1436" WIDTH="68" HEIGHT="20" WC="0.95" CONTENT="H:fors"/><SP WIDTH="17" VPOS="1436" HPOS="430"/>
							<String ID="string_272" HPOS="447" VPOS="1437" WIDTH="39" HEIGHT="19" WC="0.96" CONTENT="den"/><SP WIDTH="17" VPOS="1437" HPOS="486"/>
							<String ID="string_273" HPOS="503" VPOS="1438" WIDTH="12" HEIGHT="18" WC="0.96" CONTENT="4"/><SP WIDTH="16" VPOS="1438" HPOS="515"/>
							<String ID="string_274" HPOS="531" VPOS="1437" WIDTH="49" HEIGHT="20" WC="0.89" CONTENT="Dec."/><SP WIDTH="18" VPOS="1437" HPOS="580"/>
							<String ID="string_275" HPOS="598" VPOS="1437" WIDTH="74" HEIGHT="20" WC="0.70" CONTENT="1882*."/>
						</TextLine>
					</TextBlock>
				</ComposedBlock>
				<GraphicalElement ID="cblock_4" HPOS="1080" VPOS="401" WIDTH="6" HEIGHT="636"></GraphicalElement >
			</PrintSpace>
		</Page>
	</Layout>
</alto>
