1086 1717
228 150 28 22 24

200 212 60 26 hörd,
284 212 56 22 hade
355 212 23 22 C.
393 215 94 26 motsagt
508 213 155 27 inteckningen
686 214 28 26 på
735 213 43 21 den
792 212 77 28 grund,
886 214 32 20 att
932 212 25 22 B.

201 246 69 22 skulle
290 246 111 23 förbundit
416 248 32 27 sig
463 250 33 20 att
511 248 48 21 icke
574 247 55 22 söka
644 247 60 28 dylik
719 246 106 26 säkerhet,
842 247 70 21 derest
927 247 30 27 C.,

202 282 71 21 såsom
288 281 64 23 äfven
367 282 64 27 skett,
450 283 5 21 å
467 282 175 28 köpeskillingen
658 282 126 22 afbetalade
800 281 76 26 10,000
890 282 68 27 mark,

201 315 109 22 hvarefter
324 316 164 27 Häradsrätten,
504 323 47 15 som
565 316 106 28 handlagt
686 317 91 21 ärendet
787 316 36 22 vid
832 316 78 21 vinter-
919 316 39 21 och

201 350 138 28 höstetingen
354 351 52 21 åren
422 352 54 22 1877
493 350 41 23 och
550 352 55 21 1878
620 350 111 23 äfvensom
746 350 37 22 vid
799 351 55 21 1879
869 350 35 21 års
914 350 45 22 vin-

201 384 87 28 terting,
310 392 79 20 genom
411 386 41 21 den
471 386 27 21 29
517 385 59 22 Mars
591 385 136 21 sistnämnda
742 385 25 21 år
782 385 69 21 under
864 384 95 22 Härads-

203 418 168 29 radshöfdingen
387 419 36 22 G:s
439 419 186 28 ordförandeskap
641 419 87 28 afsagdt
743 418 72 29 utslag
829 418 81 23 lemnat
921 426 38 15 an-

204 453 119 28 sökningen
339 461 35 14 om
388 454 127 28 inteckning
529 455 8 20 i
552 454 159 28 Ruohopölkky
729 454 102 21 hemman
845 453 114 26 beroende,

204 489 52 20 enär
271 488 61 22 talan
346 489 8 20 i
369 489 42 21 den
426 489 64 21 delen
505 489 70 21 skulle
590 489 115 27 frångåtts,
720 488 42 21 och
777 487 135 22 beträffande
926 495 34 15 sa-

205 522 43 21 ken
263 522 7 21 i
285 523 65 28 öfrigt
364 523 73 22 utlåtit
453 523 39 28 sig,
512 525 33 20 att
562 529 46 16 mer
623 524 29 21 än
667 523 56 22 halft
746 523 60 22 bevis
827 523 133 22 förekomme

204 557 81 26 derom,
302 559 32 20 att
349 557 24 22 B.
389 557 71 28 afsagt
483 558 32 27 sig
531 559 43 20 rätt
593 557 33 22 till
641 557 128 28 inteckning
784 557 8 22 i
806 557 99 22 Rauhala
920 557 40 22 och

204 591 160 28 Kuoppaniemi
385 592 108 27 hemman,
508 599 51 14 men
581 594 39 24 att,
639 593 92 21 emedan
750 592 51 25 han,
817 592 78 21 sådant
909 593 51 20 oak-

204 627 54 25 tadt,
274 626 74 22 tillåtit
362 627 33 27 sig
409 627 134 22 fortfarande
558 627 96 22 bestrida
668 627 148 22 förhållandet
826 627 40 21 och
877 627 83 27 edgång

205 660 133 22 härutinnan
357 661 48 22 icke
427 668 50 15 vore
491 661 97 28 lämplig,
604 661 160 22 Häradsrätten
779 661 67 21 funne
861 661 32 28 sig
908 662 52 20 nöd-

205 695 69 22 sakad
296 695 103 22 inteckna
417 696 37 22 B:s
469 696 89 22 fordran
573 697 32 20 uti
621 697 148 21 nästnämnda
784 697 37 20 två
835 695 126 28 lägenheter

204 729 34 22 till
252 731 37 20 det
304 730 85 27 belopp,
405 737 46 15 som
466 731 126 21 densamma
612 737 79 21 genom
710 731 115 26 rättegång
840 730 72 22 kunde
927 733 34 19 ut-

204 765 63 20 redas
282 765 114 27 rätteligen
411 766 84 26 utgöra,
511 765 56 22 dock
582 765 98 26 sålunda,
690 767 32 20 att
737 765 160 27 inteckningen,
909 765 53 22 hvil-

205 798 43 21 ken
263 799 63 27 gälde
341 799 56 22 ifrån
412 799 205 28 ansökningsdagen
633 801 41 20 den
690 801 28 21 26
734 799 59 22 Mars
805 801 62 25 1877,
877 799 84 22 komme

204 834 34 19 att
252 833 98 21 medföra
364 833 141 22 förmånsrätt
521 835 49 20 näst
585 834 55 21 efter
655 835 27 20 de
698 835 42 20 den
756 835 26 20 31
799 833 96 22 Oktober
906 835 55 21 1876

204 867 8 21 i
227 867 202 22 hemmansdelarne
441 868 130 21 intecknade
588 869 77 25 10,000
680 868 69 27 mark,
766 869 49 20 dem
830 868 132 22 Häradshöf-

205 901 80 28 dingen
300 902 25 21 G.
341 902 99 27 långifvit
455 903 23 21 C.
494 905 58 19 emot
567 903 106 27 sistsagde
688 904 43 26 dag
747 902 105 22 utfärdad
867 902 95 22 skuldse-

206 935 41 28 del,
263 943 53 21 som,
331 937 67 27 enligt
413 937 58 22 hvad
485 937 34 22 till
534 937 132 28 protokollet
688 937 138 27 antecknats,
844 937 70 22 blifvit
929 937 33 21 till

204 970 108 23 Nordiska
326 971 153 22 Aktiebanken
493 971 34 22 för
542 971 80 22 handel
638 972 40 21 och
693 971 95 22 industri
803 971 159 22 öfverläten.
947 966 20 38 —

205 1005 10 20 I
230 1005 118 28 anledning
363 1005 25 22 af
399 1006 38 21 B:s
451 1006 77 22 besvär
543 1007 56 20 hade
614 1006 120 28 Kejserlige
749 1005 66 22 Wasa
829 1005 87 22 Hofrätt
931 1013 31 15 se-

205 1040 99 21 dermera
325 1040 94 27 upphäft
441 1041 40 21 allt
498 1041 58 21 hvad
570 1041 160 21 Häradsrätten
746 1041 71 21 under
831 1040 131 22 Häradshöf-

206 1073 80 28 dingen
308 1074 38 22 G:s
367 1075 187 28 ordförandeskap
569 1075 8 22 i
589 1075 71 22 eaken
676 1075 99 28 tillgjort,
792 1075 67 21 hvarå
873 1076 89 21 ärendet

205 1109 56 27 ånyo
277 1109 69 22 under
365 1116 73 15 annan
461 1109 130 22 ordförande
614 1110 117 27 handlagts
746 1109 38 22 vid
799 1109 164 26 Häradsrätten,

205 1149 47 15 som
267 1150 30 14 nu
312 1143 86 22 anvisat
411 1143 26 22 B.
453 1146 32 19 att
499 1151 79 20 genom
593 1143 93 22 särskild
701 1144 117 27 rättegång
833 1143 73 28 styrka
920 1144 43 21 rik-

205 1177 97 28 tigheten
318 1178 25 21 af
355 1178 37 21 sitt
406 1179 102 27 anspråk.

274 1212 75 27 Enligt
362 1212 37 21 B:s
413 1213 68 22 tanke
498 1213 56 22 hade
569 1213 159 22 Häradsrätten
744 1212 38 22 vid
797 1212 32 21 sin
845 1212 68 21 första
928 1212 36 22 be-

205 1245 105 28 handling
325 1247 25 21 af
362 1248 90 21 ärendet
470 1247 85 22 förfarit
577 1248 124 27 lagstridigt
716 1247 143 26 derutinnan,
875 1249 32 19 att
922 1247 42 22 frå-

205 1287 44 21 gan
264 1287 35 15 om
314 1281 268 29 inteckningsanspråkets
604 1282 131 28 befogenhet
758 1281 56 28 icke,
837 1282 70 21 såsom
927 1281 37 23 ske

205 1315 55 27 bort,
271 1315 100 22 förvisats
381 1316 34 21 till
425 1316 57 22 skild
491 1317 58 27 tvist,
560 1318 72 20 derest
641 1316 37 22 B:s
688 1316 125 27 ansökning
822 1316 48 21 icke
881 1316 83 22 kunnat

205 1352 78 24 genast
298 1350 93 22 bifallas.
413 1350 79 22 Vidare
506 1350 57 22 hade
578 1351 33 21 uti
626 1350 133 28 protokollet
774 1350 89 28 oriktigt
878 1350 87 22 anteck-

204 1386 56 23 nats,
278 1384 36 22 det
328 1384 61 22 talan
403 1391 36 15 om
453 1385 127 27 inteckning
594 1385 7 21 i
616 1384 161 28 Ruohopölkky
792 1384 101 22 hemman
908 1384 56 23 från-

205 1418 65 28 gåtts,
286 1421 56 19 samt
356 1418 139 29 tillskyndats
509 1419 25 22 B.
550 1419 70 22 skada
634 1420 41 21 och
690 1419 80 22 förlust
785 1418 132 28 derigenom,
932 1421 33 19 att

206 1452 203 28 Häradshöfdingen
425 1454 33 26 G.,
474 1454 69 21 ehuru
565 1454 83 28 egande
671 1454 35 21 del
721 1454 8 20 i
745 1452 76 26 saken,
837 1453 71 21 såsom
928 1454 37 20 do-
