1086 1717
331 176 34 22 St.
381 176 52 22 Skr.
449 188 28 4 —
493 176 26 21 U.
535 176 26 22 B.
579 176 40 22 N:o
634 176 21 22 5.
827 175 12 20 3

118 239 69 27 siggä
208 242 62 18 utom
287 238 172 29 Banklokalen,
476 238 154 29 hvarigenom
646 237 135 24 kontrollen
796 238 8 21 i
819 236 52 23 icke

121 274 67 26 ringa
207 272 58 29 grad
281 273 79 23 skulle
375 273 120 23 försvåras.
525 273 55 23 Icke
595 273 75 22 heller
687 271 182 24 Bankfullmäk-

120 308 47 27 tige
190 308 88 27 ansågo
301 308 36 28 sig
362 308 83 22 kunna
460 310 105 27 upptaga
580 308 64 22 detta
660 306 80 23 anbud
756 306 38 22 till
809 306 60 29 pröf-

121 342 64 30 ning,
200 344 57 20 utan
274 342 82 22 endast
370 342 43 22 hos
429 342 131 23 Ständerna
575 342 127 23 hemställa
718 348 37 16 om
771 341 98 28 bemyn-

121 376 102 28 digande
245 379 33 20 att
302 378 85 21 inrätta
409 379 33 20 ett
463 377 168 29 sedeltryckeri
654 377 8 22 i
677 375 116 24 samband
816 375 53 23 med

121 411 112 23 Bankens
249 418 58 21 egen
322 411 71 23 lokal.

188 445 133 24 Ständerna
336 446 71 23 hafva
419 446 90 30 jemväl
524 447 34 22 för
572 447 37 22 sin
625 445 39 23 del
680 445 137 28 obetingadt
828 452 41 15 an-

120 481 66 22 slutit
200 481 37 28 sig
252 481 37 22 till
305 480 44 23 den
365 481 89 28 äsigten
469 483 40 28 att,
526 482 1 21 i
537 480 114 23 händelse
662 479 116 23 Finlands
788 479 81 22 Banks

121 515 77 22 sedlar
220 515 68 22 skola
309 515 95 29 tryckas
420 517 8 21 i
443 518 53 25 eget
510 515 63 29 land,
589 515 63 22 detta
667 515 42 22 bör
723 514 43 23 ske
781 513 40 23 vid
837 515 32 20 ett

120 551 63 21 inom
199 549 112 23 Bankens
327 557 58 21 egen
400 550 66 23 lokal
481 550 111 23 inrättadt
607 549 107 30 tryckeri.
744 548 124 23 Endassä-

122 584 74 23 lunda
211 584 48 23 kan
274 585 8 22 i
298 584 106 23 afseende
420 585 13 22 å
448 585 104 22 kontroll
563 585 43 22 och
617 586 118 27 transport
742 585 61 21 samt
811 583 57 29 möj-

121 619 75 28 lighet
218 619 34 22 för
266 619 153 23 Direktionen
435 622 34 20 att
483 619 55 30 sjelf
554 619 126 22 öfvervaka
696 617 171 24 sedeltillverk-

121 654 89 27 ningen
224 653 46 22 den
286 653 109 23 säkerhet
412 655 93 29 vinnas,
520 661 49 16 som
584 655 68 26 utgör
671 653 128 22 förnämsta
813 651 54 23 skä-

121 687 32 23 let
167 688 35 22 för
230 688 99 23 Banken
360 691 33 20 att
422 689 60 22 afstä
511 689 51 22 frän
590 688 28 23 de
647 687 107 30 fördelar,
783 687 85 22 hvilka

121 722 126 29 onekligen
268 723 125 22 förefinnas
415 723 75 23 deruti
513 726 32 19 att
563 723 111 22 Bankens
693 722 83 29 sedlar,
791 722 77 22 säsom

121 757 33 22 för
169 757 146 23 närvarande
330 759 25 21 är
369 758 72 30 fallet,
457 758 95 29 tryckas
568 759 14 21 å
597 759 32 21 ett
643 759 57 21 stort
716 757 43 22 och
774 756 48 23 rikt
832 758 36 20 ut-

121 791 90 23 rustadt
231 791 109 30 tryckeri,
362 792 95 23 stäende
480 792 75 23 under
578 800 28 15 en
628 792 40 22 väl
688 791 66 23 känd
770 791 43 22 och
828 790 39 23 väl

121 826 97 23 förfaren
233 826 104 29 ledning.

187 861 84 28 Enligt
290 861 45 22 den
350 861 57 30 plan
421 861 39 22 till
475 861 131 30 pähöjning
622 861 24 22 af
659 860 108 23 bankens
783 860 85 23 ekono-

121 895 137 30 mibygnad,
280 903 50 15 som
353 895 89 31 åtföljer
457 896 54 22 herr
526 896 139 28 Tilgmanns
682 895 24 22 af
719 894 149 23 Bankdirek-

121 930 78 22 tionen
222 929 120 24 förordade
357 930 93 31 förslag,
471 931 100 22 erhölles
587 938 29 15 en
631 929 73 31 lokal,
720 937 50 15 som
785 930 83 22 visser-

121 964 64 28 ligen
207 964 81 23 kunde
304 965 138 30 möjliggöra
457 965 143 23 inrättandet
616 964 118 23 derstädes
750 964 25 22 af
788 966 31 20 ett
834 963 33 23 för

121 998 112 23 Bankens
258 999 72 22 behof
350 999 141 28 tillräckligt
513 999 174 30 sedeltryckeri,
710 998 60 23 dock
786 997 82 24 endast

121 1034 7 21 i
143 1033 131 29 knappaste
290 1034 62 22 mätt.
382 1033 107 23 Sälunda
504 1033 78 23 skulle
597 1036 118 26 utrymme
730 1033 84 22 kunna
828 1033 39 22 be-

121 1067 66 22 redas
203 1067 83 23 endast
301 1068 33 22 för
350 1075 27 16 en
392 1067 242 30 plantrycksmaskin,
649 1067 100 23 hvilken
765 1066 102 23 visserli-

120 1109 46 21 gen
184 1101 65 24 torde
264 1103 8 21 i
288 1102 131 23 allmänhet
433 1103 84 22 kunna
532 1103 60 28 fylla
606 1102 117 29 behofvet,
738 1109 54 15 men
807 1101 60 22 dock

122 1136 52 23 icke
195 1136 80 23 lemna
289 1136 45 23 full
350 1137 109 23 säkerhet
473 1137 34 23 för
523 1140 34 20 att
571 1137 74 22 under
660 1137 49 22 alla
723 1135 145 28 omständig-

122 1171 64 22 heter
207 1171 104 22 leverera
332 1171 142 29 tillräckligt
489 1172 83 23 arbete.
602 1172 125 22 Dessutom
743 1171 78 22 blefve
836 1170 33 22 äf-

121 1213 46 15 ven
196 1208 128 27 utrymmet
352 1206 33 23 för
407 1207 70 28 öfrigt
500 1206 90 23 mindre
615 1207 30 21 än
669 1213 28 15 en
720 1205 55 22 fullt
797 1205 72 22 ända-

122 1240 126 28 mälsenlig
278 1240 133 29 anordning
433 1241 80 22 skulle
535 1241 86 22 kräfva
652 1241 45 22 För
714 1242 33 21 att
765 1239 105 24 emeller-

122 1274 35 23 tid
180 1275 24 22 fä
225 1275 83 28 frägan
330 1275 83 23 utredd
440 1276 43 22 har
501 1275 143 23 Ständernas
660 1275 161 23 Bankutskott
836 1274 34 22 lä-

123 1311 28 21 tit
172 1317 91 15 samma
285 1310 108 30 arkitekt,
416 1318 50 15 som
482 1312 112 28 uppgjort
616 1310 38 22 det
669 1310 70 22 första
753 1309 118 30 förslaget,

123 1344 105 23 utarbeta
250 1347 32 20 ett
305 1347 78 27 annat,
405 1345 94 22 hvilket
519 1352 70 22 synes
604 1345 9 21 i
628 1344 49 22 alla
692 1344 124 22 afseenden
831 1343 40 23 väl

123 1381 117 20 motsvara
263 1379 114 23 behofvet.
411 1380 91 22 Genom
519 1387 28 15 en
562 1378 165 28 utsträckning
742 1378 25 22 af
779 1378 92 29 päbyg-

123 1412 76 24 naden
215 1413 49 23 kan
279 1413 121 29 nämligen
415 1413 54 23 med
484 1414 85 22 lätthet
583 1414 27 22 sä
619 1412 97 30 mycket
723 1413 106 22 förökadt
837 1414 35 20 ut-

123 1454 90 22 rymme
235 1449 92 29 vinnas,
350 1450 33 20 att
405 1448 136 28 ytterligare
556 1455 29 15 en
600 1447 192 29 plantryckpress
808 1448 8 21 i
830 1446 43 23 fall

122 1482 24 22 af
166 1482 72 22 behof
254 1482 81 22 kunde
350 1482 119 23 derstädes
484 1482 134 29 uppställas
633 1484 61 21 samt
708 1482 34 22 för
757 1481 70 29 öfrigt
842 1488 28 15 en
