<?xml version="1.0" encoding="UTF-8"?>
<alto xmlns="http://www.loc.gov/standards/alto/ns-v3#" xmlns:xlink="http://www.w3.org/1999/xlink" xmlns:xsi="http://www.w3.org/2001/XMLSchema-instance" xsi:schemaLocation="http://www.loc.gov/standards/alto/ns-v3# http://www.loc.gov/alto/v3/alto-3-0.xsd">
	<Description>
		<MeasurementUnit>pixel</MeasurementUnit>
		<sourceImageInformation>
			<fileName>/tmp/tess_15x8n48x_input.PNG</fileName>
		</sourceImageInformation>
		<OCRProcessing ID="OCR_0">
			<ocrProcessingStep>
				<processingSoftware>
					<softwareName>tesseract 5.3.4</softwareName>
				</processingSoftware>
			</ocrProcessingStep>
		</OCRProcessing>
	</Description>
	<Layout>
		<Page WIDTH="1086" HEIGHT="1717" PHYSICAL_IMG_NR="0" ID="page_0">
			<PrintSpace HPOS="0" VPOS="0" WIDTH="1086" HEIGHT="1717">
				<ComposedBlock ID="cblock_0" HPOS="845" VPOS="150" WIDTH="26" HEIGHT="20">
					<TextBlock ID="block_0" HPOS="845" VPOS="150" WIDTH="26" HEIGHT="20">
						<TextLine ID="line_0" HPOS="845" VPOS="150" WIDTH="26" HEIGHT="20">
							<String ID="string_0" HPOS="845" VPOS="150" WIDTH="26" HEIGHT="20" WC="0.96" CONTENT="43"/>
						</TextLine>
					</TextBlock>
				</ComposedBlock>
				<ComposedBlock ID="cblock_1" HPOS="143" VPOS="212" WIDTH="909" HEIGHT="1340">
					<TextBlock ID="block_1" HPOS="143" VPOS="212" WIDTH="893" HEIGHT="99">
						<TextLine ID="line_1" HPOS="143" VPOS="212" WIDTH="893" HEIGHT="30">
							<String ID="string_1" HPOS="143" VPOS="222" WIDTH="45" HEIGHT="14" WC="0.93" CONTENT="suu"/><SP WIDTH="15" VPOS="222" HPOS="188"/>
							<String ID="string_2" HPOS="203" VPOS="214" WIDTH="53" HEIGHT="22" WC="0.95" CONTENT="från"/><SP WIDTH="14" VPOS="214" HPOS="256"/>
							<String ID="string_3" HPOS="270" VPOS="214" WIDTH="46" HEIGHT="22" WC="0.96" CONTENT="den"/><SP WIDTH="17" VPOS="214" HPOS="316"/>
							<String ID="string_4" HPOS="333" VPOS="216" WIDTH="9" HEIGHT="20" WC="0.93" CONTENT="1"/><SP WIDTH="18" VPOS="216" HPOS="342"/>
							<String ID="string_5" HPOS="360" VPOS="213" WIDTH="143" HEIGHT="29" WC="0.91" CONTENT="derpåföljde"/><SP WIDTH="15" VPOS="213" HPOS="503"/>
							<String ID="string_6" HPOS="518" VPOS="214" WIDTH="60" HEIGHT="21" WC="0.96" CONTENT="Juni"/><SP WIDTH="14" VPOS="214" HPOS="578"/>
							<String ID="string_7" HPOS="592" VPOS="213" WIDTH="71" HEIGHT="22" WC="0.96" CONTENT="borde"/><SP WIDTH="15" VPOS="213" HPOS="663"/>
							<String ID="string_8" HPOS="678" VPOS="220" WIDTH="56" HEIGHT="15" WC="0.96" CONTENT="vara"/><SP WIDTH="14" VPOS="220" HPOS="734"/>
							<String ID="string_9" HPOS="748" VPOS="213" WIDTH="38" HEIGHT="22" WC="0.96" CONTENT="för"/><SP WIDTH="15" VPOS="213" HPOS="786"/>
							<String ID="string_10" HPOS="801" VPOS="213" WIDTH="37" HEIGHT="22" WC="0.93" CONTENT="sin"/><SP WIDTH="11" VPOS="213" HPOS="838"/>
							<String ID="string_11" HPOS="849" VPOS="212" WIDTH="52" HEIGHT="23" WC="0.90" CONTENT="blif-"/><SP WIDTH="19" VPOS="212" HPOS="901"/>
							<String ID="string_12" HPOS="920" VPOS="217" WIDTH="57" HEIGHT="13" WC="0.94" CONTENT="varen"/><SP WIDTH="28" VPOS="217" HPOS="977"/>
							<String ID="string_13" HPOS="1005" VPOS="212" WIDTH="31" HEIGHT="18" WC="0.96" CONTENT="vid"/>
						</TextLine>
						<TextLine ID="line_2" HPOS="144" VPOS="236" WIDTH="891" HEIGHT="41">
							<String ID="string_14" HPOS="144" VPOS="249" WIDTH="75" HEIGHT="22" WC="0.96" CONTENT="vande"/><SP WIDTH="23" VPOS="249" HPOS="219"/>
							<String ID="string_15" HPOS="242" VPOS="248" WIDTH="149" HEIGHT="22" WC="0.94" CONTENT="verksamhet"/><SP WIDTH="23" VPOS="248" HPOS="391"/>
							<String ID="string_16" HPOS="414" VPOS="248" WIDTH="132" HEIGHT="29" WC="0.95" CONTENT="disponibla"/><SP WIDTH="18" VPOS="248" HPOS="546"/>
							<String ID="string_17" HPOS="564" VPOS="248" WIDTH="38" HEIGHT="22" WC="0.93" CONTENT="för"/><SP WIDTH="14" VPOS="248" HPOS="602"/>
							<String ID="string_18" HPOS="616" VPOS="248" WIDTH="143" HEIGHT="28" WC="0.92" CONTENT="vidtagande"/><SP WIDTH="15" VPOS="248" HPOS="759"/>
							<String ID="string_19" HPOS="774" VPOS="248" WIDTH="27" HEIGHT="22" WC="0.96" CONTENT="af"/><SP WIDTH="12" VPOS="248" HPOS="801"/>
							<String ID="string_20" HPOS="813" VPOS="247" WIDTH="28" HEIGHT="22" WC="0.93" CONTENT="de"/><SP WIDTH="15" VPOS="247" HPOS="841"/>
							<String ID="string_21" HPOS="856" VPOS="247" WIDTH="46" HEIGHT="23" WC="0.93" CONTENT="för-"/><SP WIDTH="18" VPOS="247" HPOS="902"/>
							<String ID="string_22" HPOS="920" VPOS="236" WIDTH="102" HEIGHT="40" WC="0.11" CONTENT="kontoren."/><SP WIDTH="7" VPOS="236" HPOS="1022"/>
							<String ID="string_23" HPOS="1029" VPOS="236" WIDTH="6" HEIGHT="16" WC="0.96" CONTENT="i"/>
						</TextLine>
						<TextLine ID="line_3" HPOS="144" VPOS="282" WIDTH="756" HEIGHT="29">
							<String ID="string_24" HPOS="144" VPOS="283" WIDTH="130" HEIGHT="22" WC="0.96" CONTENT="beredande"/><SP WIDTH="23" VPOS="283" HPOS="274"/>
							<String ID="string_25" HPOS="297" VPOS="282" WIDTH="114" HEIGHT="29" WC="0.95" CONTENT="åtgärder,"/><SP WIDTH="24" VPOS="282" HPOS="411"/>
							<String ID="string_26" HPOS="435" VPOS="290" WIDTH="50" HEIGHT="14" WC="0.96" CONTENT="som"/><SP WIDTH="14" VPOS="290" HPOS="485"/>
							<String ID="string_27" HPOS="499" VPOS="282" WIDTH="38" HEIGHT="22" WC="0.96" CONTENT="för"/><SP WIDTH="14" VPOS="282" HPOS="537"/>
							<String ID="string_28" HPOS="551" VPOS="282" WIDTH="123" HEIGHT="22" WC="0.96" CONTENT="kontorets"/><SP WIDTH="15" VPOS="282" HPOS="674"/>
							<String ID="string_29" HPOS="689" VPOS="282" WIDTH="124" HEIGHT="29" WC="0.96" CONTENT="öppnande"/><SP WIDTH="15" VPOS="282" HPOS="813"/>
							<String ID="string_30" HPOS="828" VPOS="282" WIDTH="45" HEIGHT="22" WC="0.96" CONTENT="den"/><SP WIDTH="18" VPOS="282" HPOS="873"/>
							<String ID="string_31" HPOS="891" VPOS="285" WIDTH="9" HEIGHT="19" WC="0.96" CONTENT="1"/>
						</TextLine>
					</TextBlock>
					<TextBlock ID="block_2" HPOS="144" VPOS="316" WIDTH="760" HEIGHT="30">
						<TextLine ID="line_4" HPOS="144" VPOS="316" WIDTH="760" HEIGHT="30">
							<String ID="string_32" HPOS="144" VPOS="318" WIDTH="52" HEIGHT="22" WC="0.96" CONTENT="Juli"/><SP WIDTH="14" VPOS="318" HPOS="196"/>
							<String ID="string_33" HPOS="210" VPOS="325" WIDTH="56" HEIGHT="15" WC="0.96" CONTENT="voro"/><SP WIDTH="17" VPOS="325" HPOS="266"/>
							<String ID="string_34" HPOS="283" VPOS="317" WIDTH="156" HEIGHT="29" WC="0.92" CONTENT="erforderliga,"/><SP WIDTH="16" VPOS="317" HPOS="439"/>
							<String ID="string_35" HPOS="455" VPOS="317" WIDTH="111" HEIGHT="22" WC="0.91" CONTENT="hemstält"/><SP WIDTH="15" VPOS="317" HPOS="566"/>
							<String ID="string_36" HPOS="581" VPOS="324" WIDTH="38" HEIGHT="15" WC="0.95" CONTENT="om"/><SP WIDTH="15" VPOS="324" HPOS="619"/>
							<String ID="string_37" HPOS="634" VPOS="317" WIDTH="52" HEIGHT="21" WC="0.95" CONTENT="icke"/><SP WIDTH="11" VPOS="317" HPOS="686"/>
							<String ID="string_38" HPOS="697" VPOS="316" WIDTH="102" HEIGHT="23" WC="0.95" CONTENT="arvoden"/><SP WIDTH="10" VPOS="316" HPOS="799"/>
							<String ID="string_39" HPOS="809" VPOS="316" WIDTH="26" HEIGHT="22" WC="0.92" CONTENT="af"/><SP WIDTH="6" VPOS="316" HPOS="835"/>
							<String ID="string_40" HPOS="841" VPOS="316" WIDTH="63" HEIGHT="22" WC="0.92" CONTENT="Ban-"/>
						</TextLine>
					</TextBlock>
					<TextBlock ID="block_3" HPOS="145" VPOS="351" WIDTH="758" HEIGHT="24">
						<TextLine ID="line_5" HPOS="145" VPOS="351" WIDTH="758" HEIGHT="24">
							<String ID="string_41" HPOS="145" VPOS="352" WIDTH="58" HEIGHT="23" WC="0.96" CONTENT="kens"/><SP WIDTH="15" VPOS="352" HPOS="203"/>
							<String ID="string_42" HPOS="218" VPOS="352" WIDTH="77" HEIGHT="23" WC="0.96" CONTENT="medel"/><SP WIDTH="14" VPOS="352" HPOS="295"/>
							<String ID="string_43" HPOS="309" VPOS="352" WIDTH="78" HEIGHT="22" WC="0.95" CONTENT="kunde"/><SP WIDTH="16" VPOS="352" HPOS="387"/>
							<String ID="string_44" HPOS="403" VPOS="352" WIDTH="52" HEIGHT="22" WC="0.96" CONTENT="dem"/><SP WIDTH="14" VPOS="352" HPOS="455"/>
							<String ID="string_45" HPOS="469" VPOS="352" WIDTH="103" HEIGHT="22" WC="0.96" CONTENT="tilldelas"/><SP WIDTH="15" VPOS="352" HPOS="572"/>
							<String ID="string_46" HPOS="587" VPOS="352" WIDTH="38" HEIGHT="22" WC="0.97" CONTENT="för"/><SP WIDTH="15" VPOS="352" HPOS="625"/>
							<String ID="string_47" HPOS="640" VPOS="352" WIDTH="59" HEIGHT="22" WC="0.96" CONTENT="Juni"/><SP WIDTH="10" VPOS="352" HPOS="699"/>
							<String ID="string_48" HPOS="709" VPOS="351" WIDTH="84" HEIGHT="23" WC="0.96" CONTENT="månad"/><SP WIDTH="10" VPOS="351" HPOS="793"/>
							<String ID="string_49" HPOS="803" VPOS="351" WIDTH="38" HEIGHT="22" WC="0.93" CONTENT="till"/><SP WIDTH="10" VPOS="351" HPOS="841"/>
							<String ID="string_50" HPOS="851" VPOS="358" WIDTH="52" HEIGHT="15" WC="0.91" CONTENT="ena-"/>
						</TextLine>
					</TextBlock>
					<TextBlock ID="block_4" HPOS="145" VPOS="386" WIDTH="759" HEIGHT="30">
						<TextLine ID="line_6" HPOS="145" VPOS="386" WIDTH="759" HEIGHT="30">
							<String ID="string_51" HPOS="145" VPOS="388" WIDTH="77" HEIGHT="22" WC="0.94" CONTENT="handa"/><SP WIDTH="21" VPOS="388" HPOS="222"/>
							<String ID="string_52" HPOS="243" VPOS="387" WIDTH="92" HEIGHT="29" WC="0.94" CONTENT="belopp,"/><SP WIDTH="23" VPOS="387" HPOS="335"/>
							<String ID="string_53" HPOS="358" VPOS="394" WIDTH="50" HEIGHT="14" WC="0.96" CONTENT="som"/><SP WIDTH="19" VPOS="394" HPOS="408"/>
							<String ID="string_54" HPOS="427" VPOS="386" WIDTH="46" HEIGHT="22" WC="0.96" CONTENT="den"/><SP WIDTH="15" VPOS="386" HPOS="473"/>
							<String ID="string_55" HPOS="488" VPOS="386" WIDTH="37" HEIGHT="22" WC="0.96" CONTENT="för"/><SP WIDTH="14" VPOS="386" HPOS="525"/>
							<String ID="string_56" HPOS="539" VPOS="386" WIDTH="111" HEIGHT="22" WC="0.93" CONTENT="kontoret"/><SP WIDTH="14" VPOS="386" HPOS="650"/>
							<String ID="string_57" HPOS="664" VPOS="386" WIDTH="102" HEIGHT="29" WC="0.92" CONTENT="Nådigst"/><SP WIDTH="14" VPOS="386" HPOS="766"/>
							<String ID="string_58" HPOS="780" VPOS="386" WIDTH="124" HEIGHT="22" WC="0.92" CONTENT="faststälda"/>
						</TextLine>
					</TextBlock>
					<TextBlock ID="block_5" HPOS="146" VPOS="420" WIDTH="757" HEIGHT="31">
						<TextLine ID="line_7" HPOS="146" VPOS="420" WIDTH="757" HEIGHT="31">
							<String ID="string_59" HPOS="146" VPOS="424" WIDTH="47" HEIGHT="21" WC="0.93" CONTENT="stat"/><SP WIDTH="22" VPOS="424" HPOS="193"/>
							<String ID="string_60" HPOS="215" VPOS="424" WIDTH="121" HEIGHT="27" WC="0.91" CONTENT="upptager,"/><SP WIDTH="16" VPOS="424" HPOS="336"/>
							<String ID="string_61" HPOS="352" VPOS="422" WIDTH="57" HEIGHT="21" WC="0.96" CONTENT="eller"/><SP WIDTH="14" VPOS="422" HPOS="409"/>
							<String ID="string_62" HPOS="423" VPOS="421" WIDTH="38" HEIGHT="22" WC="0.93" CONTENT="för"/><SP WIDTH="16" VPOS="421" HPOS="461"/>
							<String ID="string_63" HPOS="477" VPOS="421" WIDTH="176" HEIGHT="22" WC="0.91" CONTENT="kommissarien"/><SP WIDTH="15" VPOS="421" HPOS="653"/>
							<String ID="string_64" HPOS="668" VPOS="421" WIDTH="54" HEIGHT="22" WC="0.96" CONTENT="med"/><SP WIDTH="15" VPOS="421" HPOS="722"/>
							<String ID="string_65" HPOS="737" VPOS="424" WIDTH="41" HEIGHT="19" WC="0.96" CONTENT="666"/><SP WIDTH="16" VPOS="424" HPOS="778"/>
							<String ID="string_66" HPOS="794" VPOS="420" WIDTH="65" HEIGHT="23" WC="0.96" CONTENT="mark"/><SP WIDTH="17" VPOS="420" HPOS="859"/>
							<String ID="string_67" HPOS="876" VPOS="423" WIDTH="27" HEIGHT="20" WC="0.96" CONTENT="67"/>
						</TextLine>
					</TextBlock>
					<TextBlock ID="block_6" HPOS="146" VPOS="455" WIDTH="758" HEIGHT="31">
						<TextLine ID="line_8" HPOS="146" VPOS="455" WIDTH="758" HEIGHT="31">
							<String ID="string_68" HPOS="146" VPOS="457" WIDTH="71" HEIGHT="29" WC="0.91" CONTENT="penni"/><SP WIDTH="23" VPOS="457" HPOS="217"/>
							<String ID="string_69" HPOS="240" VPOS="456" WIDTH="44" HEIGHT="22" WC="0.96" CONTENT="och"/><SP WIDTH="22" VPOS="456" HPOS="284"/>
							<String ID="string_70" HPOS="306" VPOS="456" WIDTH="37" HEIGHT="22" WC="0.93" CONTENT="för"/><SP WIDTH="22" VPOS="456" HPOS="343"/>
							<String ID="string_71" HPOS="365" VPOS="456" WIDTH="231" HEIGHT="22" WC="0.91" CONTENT="kontorsskrifvaren"/><SP WIDTH="22" VPOS="456" HPOS="596"/>
							<String ID="string_72" HPOS="618" VPOS="455" WIDTH="53" HEIGHT="22" WC="0.96" CONTENT="med"/><SP WIDTH="19" VPOS="455" HPOS="671"/>
							<String ID="string_73" HPOS="690" VPOS="458" WIDTH="41" HEIGHT="20" WC="0.95" CONTENT="200"/><SP WIDTH="21" VPOS="458" HPOS="731"/>
							<String ID="string_74" HPOS="752" VPOS="455" WIDTH="72" HEIGHT="22" WC="0.95" CONTENT="mark."/><SP WIDTH="31" VPOS="455" HPOS="824"/>
							<String ID="string_75" HPOS="855" VPOS="455" WIDTH="49" HEIGHT="22" WC="0.96" CONTENT="Och"/>
						</TextLine>
					</TextBlock>
					<TextBlock ID="block_7" HPOS="146" VPOS="489" WIDTH="758" HEIGHT="58">
						<TextLine ID="line_9" HPOS="146" VPOS="489" WIDTH="758" HEIGHT="30">
							<String ID="string_76" HPOS="146" VPOS="491" WIDTH="71" HEIGHT="22" WC="0.93" CONTENT="hafva"/><SP WIDTH="10" VPOS="491" HPOS="217"/>
							<String ID="string_77" HPOS="227" VPOS="490" WIDTH="219" HEIGHT="29" WC="0.91" CONTENT="Bankfullmäktige"/><SP WIDTH="10" VPOS="490" HPOS="446"/>
							<String ID="string_78" HPOS="456" VPOS="490" WIDTH="74" HEIGHT="22" WC="0.96" CONTENT="under"/><SP WIDTH="11" VPOS="490" HPOS="530"/>
							<String ID="string_79" HPOS="541" VPOS="490" WIDTH="45" HEIGHT="22" WC="0.96" CONTENT="den"/><SP WIDTH="11" VPOS="490" HPOS="586"/>
							<String ID="string_80" HPOS="597" VPOS="493" WIDTH="27" HEIGHT="20" WC="0.95" CONTENT="28"/><SP WIDTH="10" VPOS="493" HPOS="624"/>
							<String ID="string_81" HPOS="634" VPOS="490" WIDTH="64" HEIGHT="22" WC="0.96" CONTENT="Mars"/><SP WIDTH="10" VPOS="490" HPOS="698"/>
							<String ID="string_82" HPOS="708" VPOS="490" WIDTH="38" HEIGHT="22" WC="0.93" CONTENT="till"/><SP WIDTH="7" VPOS="490" HPOS="746"/>
							<String ID="string_83" HPOS="753" VPOS="489" WIDTH="151" HEIGHT="22" WC="0.91" CONTENT="förenämnda"/>
						</TextLine>
						<TextLine ID="line_10" HPOS="146" VPOS="525" WIDTH="247" HEIGHT="22">
							<String ID="string_84" HPOS="146" VPOS="525" WIDTH="140" HEIGHT="22" WC="0.88" CONTENT="hemställan"/><SP WIDTH="14" VPOS="525" HPOS="286"/>
							<String ID="string_85" HPOS="300" VPOS="525" WIDTH="93" HEIGHT="22" WC="0.92" CONTENT="bifallit."/>
						</TextLine>
					</TextBlock>
					<TextBlock ID="block_8" HPOS="145" VPOS="556" WIDTH="889" HEIGHT="67">
						<TextLine ID="line_11" HPOS="145" VPOS="556" WIDTH="889" HEIGHT="42">
							<String ID="string_86" HPOS="145" VPOS="570" WIDTH="7" HEIGHT="5" WC="0.19" CONTENT=":"/><SP WIDTH="62" VPOS="570" HPOS="152"/>
							<String ID="string_87" HPOS="214" VPOS="561" WIDTH="21" HEIGHT="27" WC="0.92" CONTENT="f)"/><SP WIDTH="16" VPOS="561" HPOS="235"/>
							<String ID="string_88" HPOS="251" VPOS="560" WIDTH="52" HEIGHT="21" WC="0.93" CONTENT="Den"/><SP WIDTH="19" VPOS="560" HPOS="303"/>
							<String ID="string_89" HPOS="322" VPOS="559" WIDTH="94" HEIGHT="28" WC="0.91" CONTENT="komité,"/><SP WIDTH="17" VPOS="559" HPOS="416"/>
							<String ID="string_90" HPOS="433" VPOS="567" WIDTH="49" HEIGHT="14" WC="0.96" CONTENT="som"/><SP WIDTH="15" VPOS="567" HPOS="482"/>
							<String ID="string_91" HPOS="497" VPOS="561" WIDTH="30" HEIGHT="28" WC="0.96" CONTENT="på"/><SP WIDTH="15" VPOS="561" HPOS="527"/>
							<String ID="string_92" HPOS="542" VPOS="561" WIDTH="48" HEIGHT="20" WC="0.96" CONTENT="sätt"/><SP WIDTH="14" VPOS="561" HPOS="590"/>
							<String ID="string_93" HPOS="604" VPOS="559" WIDTH="78" HEIGHT="22" WC="0.93" CONTENT="nedan"/><SP WIDTH="15" VPOS="559" HPOS="682"/>
							<String ID="string_94" HPOS="697" VPOS="559" WIDTH="92" HEIGHT="22" WC="0.92" CONTENT="anföres"/><SP WIDTH="16" VPOS="559" HPOS="789"/>
							<String ID="string_95" HPOS="805" VPOS="559" WIDTH="61" HEIGHT="22" WC="0.96" CONTENT="varit"/><SP WIDTH="15" VPOS="559" HPOS="866"/>
							<String ID="string_96" HPOS="881" VPOS="558" WIDTH="26" HEIGHT="23" WC="0.96" CONTENT="af"/><SP WIDTH="13" VPOS="558" HPOS="907"/>
							<String ID="string_97" HPOS="920" VPOS="559" WIDTH="13" HEIGHT="38" WC="0.48" CONTENT="J"/><SP WIDTH="20" VPOS="559" HPOS="933"/>
							<String ID="string_98" HPOS="953" VPOS="556" WIDTH="81" HEIGHT="42" WC="0.27" CONTENT="Komit"/>
						</TextLine>
						<TextLine ID="line_12" HPOS="146" VPOS="593" WIDTH="759" HEIGHT="30">
							<String ID="string_99" HPOS="146" VPOS="594" WIDTH="219" HEIGHT="29" WC="0.90" CONTENT="Bankfullmäktige"/><SP WIDTH="22" VPOS="594" HPOS="365"/>
							<String ID="string_100" HPOS="387" VPOS="594" WIDTH="95" HEIGHT="22" WC="0.96" CONTENT="nedsatt"/><SP WIDTH="21" VPOS="594" HPOS="482"/>
							<String ID="string_101" HPOS="503" VPOS="594" WIDTH="38" HEIGHT="22" WC="0.93" CONTENT="för"/><SP WIDTH="17" VPOS="594" HPOS="541"/>
							<String ID="string_102" HPOS="558" VPOS="593" WIDTH="153" HEIGHT="23" WC="0.96" CONTENT="utarbetande"/><SP WIDTH="15" VPOS="593" HPOS="711"/>
							<String ID="string_103" HPOS="726" VPOS="594" WIDTH="26" HEIGHT="21" WC="0.97" CONTENT="af"/><SP WIDTH="12" VPOS="594" HPOS="752"/>
							<String ID="string_104" HPOS="764" VPOS="593" WIDTH="89" HEIGHT="29" WC="0.96" CONTENT="förslag"/><SP WIDTH="14" VPOS="593" HPOS="853"/>
							<String ID="string_105" HPOS="867" VPOS="594" WIDTH="38" HEIGHT="21" WC="0.96" CONTENT="till"/>
						</TextLine>
					</TextBlock>
					<TextBlock ID="block_9" HPOS="146" VPOS="628" WIDTH="759" HEIGHT="30">
						<TextLine ID="line_13" HPOS="146" VPOS="628" WIDTH="759" HEIGHT="30">
							<String ID="string_106" HPOS="146" VPOS="631" WIDTH="55" HEIGHT="27" WC="0.92" CONTENT="nytt"/><SP WIDTH="22" VPOS="631" HPOS="201"/>
							<String ID="string_107" HPOS="223" VPOS="629" WIDTH="142" HEIGHT="29" WC="0.92" CONTENT="reglemente"/><SP WIDTH="20" VPOS="629" HPOS="365"/>
							<String ID="string_108" HPOS="385" VPOS="629" WIDTH="37" HEIGHT="22" WC="0.96" CONTENT="för"/><SP WIDTH="15" VPOS="629" HPOS="422"/>
							<String ID="string_109" HPOS="437" VPOS="629" WIDTH="113" HEIGHT="22" WC="0.96" CONTENT="Finlands"/><SP WIDTH="19" VPOS="629" HPOS="550"/>
							<String ID="string_110" HPOS="569" VPOS="629" WIDTH="69" HEIGHT="22" WC="0.96" CONTENT="Bank"/><SP WIDTH="16" VPOS="629" HPOS="638"/>
							<String ID="string_111" HPOS="654" VPOS="629" WIDTH="44" HEIGHT="22" WC="0.96" CONTENT="och"/><SP WIDTH="15" VPOS="629" HPOS="698"/>
							<String ID="string_112" HPOS="713" VPOS="636" WIDTH="32" HEIGHT="21" WC="0.93" CONTENT="ny"/><SP WIDTH="16" VPOS="636" HPOS="745"/>
							<String ID="string_113" HPOS="761" VPOS="628" WIDTH="144" HEIGHT="22" WC="0.92" CONTENT="instruktion"/>
						</TextLine>
					</TextBlock>
					<TextBlock ID="block_10" HPOS="146" VPOS="663" WIDTH="760" HEIGHT="28">
						<TextLine ID="line_14" HPOS="146" VPOS="663" WIDTH="760" HEIGHT="28">
							<String ID="string_114" HPOS="146" VPOS="664" WIDTH="38" HEIGHT="22" WC="0.96" CONTENT="för"/><SP WIDTH="15" VPOS="664" HPOS="184"/>
							<String ID="string_115" HPOS="199" VPOS="664" WIDTH="114" HEIGHT="21" WC="0.93" CONTENT="Finlands"/><SP WIDTH="16" VPOS="664" HPOS="313"/>
							<String ID="string_116" HPOS="329" VPOS="663" WIDTH="110" HEIGHT="22" WC="0.92" CONTENT="Ständers"/><SP WIDTH="15" VPOS="663" HPOS="439"/>
							<String ID="string_117" HPOS="454" VPOS="663" WIDTH="224" HEIGHT="28" WC="0.59" CONTENT="Bankfullmäktige,"/><SP WIDTH="11" VPOS="663" HPOS="678"/>
							<String ID="string_118" HPOS="689" VPOS="663" WIDTH="42" HEIGHT="22" WC="0.93" CONTENT="har"/><SP WIDTH="10" VPOS="663" HPOS="731"/>
							<String ID="string_119" HPOS="741" VPOS="663" WIDTH="117" HEIGHT="22" WC="0.92" CONTENT="föranledt"/><SP WIDTH="10" VPOS="663" HPOS="858"/>
							<String ID="string_120" HPOS="868" VPOS="663" WIDTH="38" HEIGHT="21" WC="0.96" CONTENT="till"/>
						</TextLine>
					</TextBlock>
					<TextBlock ID="block_11" HPOS="147" VPOS="697" WIDTH="759" HEIGHT="30">
						<TextLine ID="line_15" HPOS="147" VPOS="697" WIDTH="759" HEIGHT="30">
							<String ID="string_121" HPOS="147" VPOS="698" WIDTH="104" HEIGHT="29" WC="0.96" CONTENT="följande"/><SP WIDTH="24" VPOS="698" HPOS="251"/>
							<String ID="string_122" HPOS="275" VPOS="697" WIDTH="126" HEIGHT="23" WC="0.94" CONTENT="kostnader"/><SP WIDTH="21" VPOS="697" HPOS="401"/>
							<String ID="string_123" HPOS="422" VPOS="697" WIDTH="37" HEIGHT="22" WC="0.96" CONTENT="för"/><SP WIDTH="22" VPOS="697" HPOS="459"/>
							<String ID="string_124" HPOS="481" VPOS="698" WIDTH="105" HEIGHT="27" WC="0.93" CONTENT="Banken,"/><SP WIDTH="24" VPOS="698" HPOS="586"/>
							<String ID="string_125" HPOS="610" VPOS="698" WIDTH="129" HEIGHT="28" WC="0.68" CONTENT="nemligen:"/><SP WIDTH="23" VPOS="698" HPOS="739"/>
							<String ID="string_126" HPOS="762" VPOS="698" WIDTH="9" HEIGHT="21" WC="0.84" CONTENT="i"/><SP WIDTH="13" VPOS="698" HPOS="771"/>
							<String ID="string_127" HPOS="784" VPOS="698" WIDTH="122" HEIGHT="21" WC="0.84" CONTENT="ledamots-"/>
						</TextLine>
					</TextBlock>
					<TextBlock ID="block_12" HPOS="147" VPOS="732" WIDTH="759" HEIGHT="29">
						<TextLine ID="line_16" HPOS="147" VPOS="732" WIDTH="759" HEIGHT="29">
							<String ID="string_128" HPOS="147" VPOS="733" WIDTH="103" HEIGHT="22" WC="0.92" CONTENT="arvoden"/><SP WIDTH="13" VPOS="733" HPOS="250"/>
							<String ID="string_129" HPOS="263" VPOS="733" WIDTH="73" HEIGHT="28" WC="0.92" CONTENT="jemte"/><SP WIDTH="15" VPOS="733" HPOS="336"/>
							<String ID="string_130" HPOS="351" VPOS="732" WIDTH="178" HEIGHT="22" WC="0.92" CONTENT="resekostnader"/><SP WIDTH="10" VPOS="732" HPOS="529"/>
							<String ID="string_131" HPOS="539" VPOS="735" WIDTH="61" HEIGHT="26" WC="0.96" CONTENT="5,801"/><SP WIDTH="10" VPOS="735" HPOS="600"/>
							<String ID="string_132" HPOS="610" VPOS="733" WIDTH="66" HEIGHT="21" WC="0.96" CONTENT="mark"/><SP WIDTH="9" VPOS="733" HPOS="676"/>
							<String ID="string_133" HPOS="685" VPOS="735" WIDTH="27" HEIGHT="20" WC="0.96" CONTENT="40"/><SP WIDTH="10" VPOS="735" HPOS="712"/>
							<String ID="string_134" HPOS="722" VPOS="733" WIDTH="78" HEIGHT="28" WC="0.96" CONTENT="penni,"/><SP WIDTH="11" VPOS="733" HPOS="800"/>
							<String ID="string_135" HPOS="811" VPOS="733" WIDTH="10" HEIGHT="21" WC="0.93" CONTENT="i"/><SP WIDTH="10" VPOS="733" HPOS="821"/>
							<String ID="string_136" HPOS="831" VPOS="732" WIDTH="75" HEIGHT="21" WC="0.93" CONTENT="sekre-"/>
						</TextLine>
					</TextBlock>
					<TextBlock ID="block_13" HPOS="148" VPOS="767" WIDTH="756" HEIGHT="29">
						<TextLine ID="line_17" HPOS="148" VPOS="767" WIDTH="756" HEIGHT="29">
							<String ID="string_137" HPOS="148" VPOS="770" WIDTH="74" HEIGHT="19" WC="0.91" CONTENT="terare"/><SP WIDTH="22" VPOS="770" HPOS="222"/>
							<String ID="string_138" HPOS="244" VPOS="767" WIDTH="85" HEIGHT="22" WC="0.92" CONTENT="arvode"/><SP WIDTH="23" VPOS="767" HPOS="329"/>
							<String ID="string_139" HPOS="352" VPOS="767" WIDTH="43" HEIGHT="22" WC="0.93" CONTENT="och"/><SP WIDTH="22" VPOS="767" HPOS="395"/>
							<String ID="string_140" HPOS="417" VPOS="767" WIDTH="192" HEIGHT="28" WC="0.89" CONTENT="kansliexpenser"/><SP WIDTH="17" VPOS="767" HPOS="609"/>
							<String ID="string_141" HPOS="626" VPOS="769" WIDTH="62" HEIGHT="26" WC="0.96" CONTENT="1,798"/><SP WIDTH="16" VPOS="769" HPOS="688"/>
							<String ID="string_142" HPOS="704" VPOS="767" WIDTH="65" HEIGHT="22" WC="0.96" CONTENT="mark"/><SP WIDTH="16" VPOS="767" HPOS="769"/>
							<String ID="string_143" HPOS="785" VPOS="770" WIDTH="26" HEIGHT="20" WC="0.96" CONTENT="35"/><SP WIDTH="16" VPOS="770" HPOS="811"/>
							<String ID="string_144" HPOS="827" VPOS="767" WIDTH="77" HEIGHT="29" WC="0.96" CONTENT="penni,"/>
						</TextLine>
					</TextBlock>
					<TextBlock ID="block_14" HPOS="147" VPOS="801" WIDTH="760" HEIGHT="29">
						<TextLine ID="line_18" HPOS="147" VPOS="801" WIDTH="760" HEIGHT="29">
							<String ID="string_145" HPOS="147" VPOS="801" WIDTH="97" HEIGHT="22" WC="0.92" CONTENT="hvartill"/><SP WIDTH="22" VPOS="801" HPOS="244"/>
							<String ID="string_146" HPOS="266" VPOS="801" WIDTH="104" HEIGHT="22" WC="0.92" CONTENT="kommer"/><SP WIDTH="21" VPOS="801" HPOS="370"/>
							<String ID="string_147" HPOS="391" VPOS="801" WIDTH="131" HEIGHT="29" WC="0.92" CONTENT="utgifterna"/><SP WIDTH="21" VPOS="801" HPOS="522"/>
							<String ID="string_148" HPOS="543" VPOS="801" WIDTH="37" HEIGHT="22" WC="0.93" CONTENT="för"/><SP WIDTH="20" VPOS="801" HPOS="580"/>
							<String ID="string_149" HPOS="600" VPOS="801" WIDTH="214" HEIGHT="29" WC="0.91" CONTENT="komiteförslagets"/><SP WIDTH="15" VPOS="801" HPOS="814"/>
							<String ID="string_150" HPOS="829" VPOS="801" WIDTH="78" HEIGHT="29" WC="0.91" CONTENT="tryck-"/>
						</TextLine>
					</TextBlock>
					<TextBlock ID="block_15" HPOS="147" VPOS="836" WIDTH="759" HEIGHT="29">
						<TextLine ID="line_19" HPOS="147" VPOS="836" WIDTH="759" HEIGHT="29">
							<String ID="string_151" HPOS="147" VPOS="836" WIDTH="60" HEIGHT="29" WC="0.96" CONTENT="ning"/><SP WIDTH="21" VPOS="836" HPOS="207"/>
							<String ID="string_152" HPOS="228" VPOS="837" WIDTH="31" HEIGHT="28" WC="0.93" CONTENT="pä"/><SP WIDTH="21" VPOS="837" HPOS="259"/>
							<String ID="string_153" HPOS="280" VPOS="836" WIDTH="91" HEIGHT="21" WC="0.92" CONTENT="landets"/><SP WIDTH="22" VPOS="836" HPOS="371"/>
							<String ID="string_154" HPOS="393" VPOS="836" WIDTH="60" HEIGHT="21" WC="0.90" CONTENT="bäda"/><SP WIDTH="20" VPOS="836" HPOS="453"/>
							<String ID="string_155" HPOS="473" VPOS="836" WIDTH="70" HEIGHT="29" WC="0.92" CONTENT="spräk"/><SP WIDTH="15" VPOS="836" HPOS="543"/>
							<String ID="string_156" HPOS="558" VPOS="836" WIDTH="53" HEIGHT="21" WC="0.96" CONTENT="med"/><SP WIDTH="17" VPOS="836" HPOS="611"/>
							<String ID="string_157" HPOS="628" VPOS="839" WIDTH="61" HEIGHT="25" WC="0.96" CONTENT="1,065"/><SP WIDTH="16" VPOS="839" HPOS="689"/>
							<String ID="string_158" HPOS="705" VPOS="836" WIDTH="66" HEIGHT="22" WC="0.96" CONTENT="mark"/><SP WIDTH="15" VPOS="836" HPOS="771"/>
							<String ID="string_159" HPOS="786" VPOS="839" WIDTH="26" HEIGHT="20" WC="0.96" CONTENT="25"/><SP WIDTH="16" VPOS="839" HPOS="812"/>
							<String ID="string_160" HPOS="828" VPOS="836" WIDTH="78" HEIGHT="29" WC="0.96" CONTENT="penni."/>
						</TextLine>
					</TextBlock>
					<TextBlock ID="block_16" HPOS="147" VPOS="870" WIDTH="905" HEIGHT="299">
						<TextLine ID="line_20" HPOS="215" VPOS="870" WIDTH="837" HEIGHT="29">
							<String ID="string_161" HPOS="215" VPOS="873" WIDTH="23" HEIGHT="25" WC="0.94" CONTENT="g)"/><SP WIDTH="23" VPOS="873" HPOS="238"/>
							<String ID="string_162" HPOS="261" VPOS="870" WIDTH="47" HEIGHT="21" WC="0.96" CONTENT="Det"/><SP WIDTH="22" VPOS="870" HPOS="308"/>
							<String ID="string_163" HPOS="330" VPOS="870" WIDTH="36" HEIGHT="22" WC="0.93" CONTENT="för"/><SP WIDTH="23" VPOS="870" HPOS="366"/>
							<String ID="string_164" HPOS="389" VPOS="870" WIDTH="130" HEIGHT="22" WC="0.96" CONTENT="beredande"/><SP WIDTH="19" VPOS="870" HPOS="519"/>
							<String ID="string_165" HPOS="538" VPOS="870" WIDTH="26" HEIGHT="22" WC="0.93" CONTENT="af"/><SP WIDTH="14" VPOS="870" HPOS="564"/>
							<String ID="string_166" HPOS="578" VPOS="870" WIDTH="215" HEIGHT="29" WC="0.92" CONTENT="semesterledighet"/><SP WIDTH="15" VPOS="870" HPOS="793"/>
							<String ID="string_167" HPOS="808" VPOS="871" WIDTH="25" HEIGHT="21" WC="0.93" CONTENT="ät"/><SP WIDTH="14" VPOS="871" HPOS="833"/>
							<String ID="string_168" HPOS="847" VPOS="871" WIDTH="86" HEIGHT="25" WC="0.87" CONTENT="Ban-g)"/><SP WIDTH="9" VPOS="871" HPOS="933"/>
							<String ID="string_169" HPOS="942" VPOS="873" WIDTH="73" HEIGHT="22" WC="0.95" CONTENT="Anslag"/><SP WIDTH="9" VPOS="873" HPOS="1015"/>
							<String ID="string_170" HPOS="1024" VPOS="873" WIDTH="28" HEIGHT="17" WC="0.92" CONTENT="till"/>
						</TextLine>
						<TextLine ID="line_21" HPOS="148" VPOS="896" WIDTH="904" HEIGHT="41">
							<String ID="string_171" HPOS="148" VPOS="905" WIDTH="58" HEIGHT="21" WC="0.92" CONTENT="kens"/><SP WIDTH="24" VPOS="905" HPOS="206"/>
							<String ID="string_172" HPOS="230" VPOS="905" WIDTH="99" HEIGHT="21" WC="0.91" CONTENT="embets-"/><SP WIDTH="16" VPOS="905" HPOS="329"/>
							<String ID="string_173" HPOS="345" VPOS="905" WIDTH="43" HEIGHT="22" WC="0.93" CONTENT="och"/><SP WIDTH="15" VPOS="905" HPOS="388"/>
							<String ID="string_174" HPOS="403" VPOS="905" WIDTH="142" HEIGHT="28" WC="0.92" CONTENT="tjenstemän"/><SP WIDTH="15" VPOS="905" HPOS="545"/>
							<String ID="string_175" HPOS="560" VPOS="905" WIDTH="14" HEIGHT="21" WC="0.92" CONTENT="&amp;"/><SP WIDTH="16" VPOS="905" HPOS="574"/>
							<String ID="string_176" HPOS="590" VPOS="907" WIDTH="46" HEIGHT="19" WC="0.93" CONTENT="stat"/><SP WIDTH="15" VPOS="907" HPOS="636"/>
							<String ID="string_177" HPOS="651" VPOS="907" WIDTH="120" HEIGHT="27" WC="0.92" CONTENT="upptagna"/><SP WIDTH="15" VPOS="907" HPOS="771"/>
							<String ID="string_178" HPOS="786" VPOS="905" WIDTH="83" HEIGHT="28" WC="0.92" CONTENT="anslag"/><SP WIDTH="15" VPOS="905" HPOS="869"/>
							<String ID="string_179" HPOS="884" VPOS="905" WIDTH="25" HEIGHT="22" WC="0.96" CONTENT="af"/><SP WIDTH="5" VPOS="905" HPOS="909"/>
							<String ID="string_180" HPOS="914" VPOS="896" WIDTH="138" HEIGHT="41" WC="0.8" CONTENT="Pan"/>
						</TextLine>
						<TextLine ID="line_22" HPOS="150" VPOS="939" WIDTH="897" HEIGHT="44">
							<String ID="string_181" HPOS="150" VPOS="942" WIDTH="76" HEIGHT="25" WC="0.92" CONTENT="10,000"/><SP WIDTH="23" VPOS="942" HPOS="226"/>
							<String ID="string_182" HPOS="249" VPOS="939" WIDTH="66" HEIGHT="22" WC="0.96" CONTENT="mark"/><SP WIDTH="22" VPOS="939" HPOS="315"/>
							<String ID="string_183" HPOS="337" VPOS="939" WIDTH="42" HEIGHT="22" WC="0.96" CONTENT="har"/><SP WIDTH="17" VPOS="939" HPOS="379"/>
							<String ID="string_184" HPOS="396" VPOS="939" WIDTH="38" HEIGHT="22" WC="0.92" CONTENT="för"/><SP WIDTH="15" VPOS="939" HPOS="434"/>
							<String ID="string_185" HPOS="449" VPOS="940" WIDTH="55" HEIGHT="21" WC="0.92" CONTENT="ären"/><SP WIDTH="18" VPOS="940" HPOS="504"/>
							<String ID="string_186" HPOS="522" VPOS="943" WIDTH="60" HEIGHT="24" WC="0.95" CONTENT="1882,"/><SP WIDTH="18" VPOS="943" HPOS="582"/>
							<String ID="string_187" HPOS="600" VPOS="942" WIDTH="54" HEIGHT="20" WC="0.95" CONTENT="1883"/><SP WIDTH="17" VPOS="942" HPOS="654"/>
							<String ID="string_188" HPOS="671" VPOS="939" WIDTH="44" HEIGHT="22" WC="0.96" CONTENT="och"/><SP WIDTH="16" VPOS="939" HPOS="715"/>
							<String ID="string_189" HPOS="731" VPOS="943" WIDTH="56" HEIGHT="20" WC="0.92" CONTENT="1884"/><SP WIDTH="15" VPOS="943" HPOS="787"/>
							<String ID="string_190" HPOS="802" VPOS="940" WIDTH="38" HEIGHT="21" WC="0.95" CONTENT="till"/><SP WIDTH="15" VPOS="940" HPOS="840"/>
							<String ID="string_191" HPOS="855" VPOS="939" WIDTH="53" HEIGHT="22" WC="0.96" CONTENT="hela"/><SP WIDTH="12" VPOS="939" HPOS="908"/>
							<String ID="string_192" HPOS="920" VPOS="942" WIDTH="127" HEIGHT="41" WC="0.75" CONTENT="mesterledig-"/>
						</TextLine>
						<TextLine ID="line_23" HPOS="148" VPOS="965" WIDTH="849" HEIGHT="38">
							<String ID="string_193" HPOS="148" VPOS="974" WIDTH="110" HEIGHT="29" WC="0.96" CONTENT="beloppet"/><SP WIDTH="22" VPOS="974" HPOS="258"/>
							<String ID="string_194" HPOS="280" VPOS="973" WIDTH="72" HEIGHT="29" WC="0.96" CONTENT="tagits"/><SP WIDTH="23" VPOS="973" HPOS="352"/>
							<String ID="string_195" HPOS="375" VPOS="973" WIDTH="37" HEIGHT="22" WC="0.96" CONTENT="för"/><SP WIDTH="19" VPOS="973" HPOS="412"/>
							<String ID="string_196" HPOS="431" VPOS="974" WIDTH="101" HEIGHT="21" WC="0.96" CONTENT="nämnda"/><SP WIDTH="15" VPOS="974" HPOS="532"/>
							<String ID="string_197" HPOS="547" VPOS="974" WIDTH="128" HEIGHT="21" WC="0.96" CONTENT="ändamål"/><SP WIDTH="-7" VPOS="974" HPOS="675"/>
							<String ID="string_198" HPOS="668" VPOS="969" WIDTH="13" HEIGHT="39" WC="0.96" CONTENT="i"/><SP WIDTH="11" VPOS="969" HPOS="681"/>
							<String ID="string_199" HPOS="692" VPOS="975" WIDTH="107" HEIGHT="28" WC="0.92" CONTENT="anspråk."/><SP WIDTH="30" VPOS="975" HPOS="799"/>
							<String ID="string_200" HPOS="829" VPOS="974" WIDTH="79" HEIGHT="21" WC="0.90" CONTENT="Bank-"/><SP WIDTH="57" VPOS="974" HPOS="908"/>
							<String ID="string_201" HPOS="965" VPOS="965" WIDTH="32" HEIGHT="18" WC="0.46" CONTENT="="/>
						</TextLine>
						<TextLine ID="line_24" HPOS="147" VPOS="1008" WIDTH="761" HEIGHT="29">
							<String ID="string_202" HPOS="147" VPOS="1008" WIDTH="163" HEIGHT="29" WC="0.91" CONTENT="fullmäktiges"/><SP WIDTH="23" VPOS="1008" HPOS="310"/>
							<String ID="string_203" HPOS="333" VPOS="1008" WIDTH="78" HEIGHT="22" WC="0.93" CONTENT="beslut"/><SP WIDTH="19" VPOS="1008" HPOS="411"/>
							<String ID="string_204" HPOS="430" VPOS="1009" WIDTH="120" HEIGHT="28" WC="0.92" CONTENT="angäende"/><SP WIDTH="14" VPOS="1009" HPOS="550"/>
							<String ID="string_205" HPOS="564" VPOS="1009" WIDTH="171" HEIGHT="28" WC="0.91" CONTENT="dispositionen"/><SP WIDTH="16" VPOS="1009" HPOS="735"/>
							<String ID="string_206" HPOS="751" VPOS="1009" WIDTH="26" HEIGHT="22" WC="0.93" CONTENT="af"/><SP WIDTH="13" VPOS="1009" HPOS="777"/>
							<String ID="string_207" HPOS="790" VPOS="1011" WIDTH="118" HEIGHT="20" WC="0.91" CONTENT="semester-"/>
						</TextLine>
						<TextLine ID="line_25" HPOS="147" VPOS="1043" WIDTH="761" HEIGHT="28">
							<String ID="string_208" HPOS="147" VPOS="1043" WIDTH="108" HEIGHT="28" WC="0.95" CONTENT="anslaget"/><SP WIDTH="23" VPOS="1043" HPOS="255"/>
							<String ID="string_209" HPOS="278" VPOS="1043" WIDTH="124" HEIGHT="22" WC="0.95" CONTENT="återfinnas"/><SP WIDTH="15" VPOS="1043" HPOS="402"/>
							<String ID="string_210" HPOS="417" VPOS="1043" WIDTH="9" HEIGHT="21" WC="0.93" CONTENT="i"/><SP WIDTH="15" VPOS="1043" HPOS="426"/>
							<String ID="string_211" HPOS="441" VPOS="1043" WIDTH="167" HEIGHT="22" WC="0.92" CONTENT="skrifvelserna"/><SP WIDTH="22" VPOS="1043" HPOS="608"/>
							<String ID="string_212" HPOS="630" VPOS="1043" WIDTH="38" HEIGHT="22" WC="0.93" CONTENT="till"/><SP WIDTH="22" VPOS="1043" HPOS="668"/>
							<String ID="string_213" HPOS="690" VPOS="1043" WIDTH="218" HEIGHT="22" WC="0.91" CONTENT="Bankdirektionen"/>
						</TextLine>
						<TextLine ID="line_26" HPOS="148" VPOS="1076" WIDTH="760" HEIGHT="30">
							<String ID="string_214" HPOS="148" VPOS="1076" WIDTH="36" HEIGHT="22" WC="0.96" CONTENT="för"/><SP WIDTH="15" VPOS="1076" HPOS="184"/>
							<String ID="string_215" HPOS="199" VPOS="1076" WIDTH="46" HEIGHT="22" WC="0.96" CONTENT="den"/><SP WIDTH="17" VPOS="1076" HPOS="245"/>
							<String ID="string_216" HPOS="262" VPOS="1080" WIDTH="26" HEIGHT="19" WC="0.96" CONTENT="30"/><SP WIDTH="15" VPOS="1080" HPOS="288"/>
							<String ID="string_217" HPOS="303" VPOS="1077" WIDTH="54" HEIGHT="29" WC="0.96" CONTENT="Maj,"/><SP WIDTH="19" VPOS="1077" HPOS="357"/>
							<String ID="string_218" HPOS="376" VPOS="1081" WIDTH="8" HEIGHT="18" WC="0.96" CONTENT="1"/><SP WIDTH="17" VPOS="1081" HPOS="384"/>
							<String ID="string_219" HPOS="401" VPOS="1077" WIDTH="65" HEIGHT="28" WC="0.93" CONTENT="Juni,"/><SP WIDTH="17" VPOS="1077" HPOS="466"/>
							<String ID="string_220" HPOS="483" VPOS="1081" WIDTH="11" HEIGHT="19" WC="0.96" CONTENT="7"/><SP WIDTH="16" VPOS="1081" HPOS="494"/>
							<String ID="string_221" HPOS="510" VPOS="1078" WIDTH="51" HEIGHT="22" WC="0.96" CONTENT="Juli"/><SP WIDTH="16" VPOS="1078" HPOS="561"/>
							<String ID="string_222" HPOS="577" VPOS="1077" WIDTH="43" HEIGHT="22" WC="0.96" CONTENT="och"/><SP WIDTH="16" VPOS="1077" HPOS="620"/>
							<String ID="string_223" HPOS="636" VPOS="1080" WIDTH="12" HEIGHT="20" WC="0.94" CONTENT="2"/><SP WIDTH="16" VPOS="1080" HPOS="648"/>
							<String ID="string_224" HPOS="664" VPOS="1078" WIDTH="103" HEIGHT="28" WC="0.96" CONTENT="Augusti"/><SP WIDTH="18" VPOS="1078" HPOS="767"/>
							<String ID="string_225" HPOS="785" VPOS="1080" WIDTH="61" HEIGHT="25" WC="0.95" CONTENT="1882,"/><SP WIDTH="17" VPOS="1080" HPOS="846"/>
							<String ID="string_226" HPOS="863" VPOS="1077" WIDTH="45" HEIGHT="22" WC="0.96" CONTENT="den"/>
						</TextLine>
						<TextLine ID="line_27" HPOS="152" VPOS="1112" WIDTH="754" HEIGHT="29">
							<String ID="string_227" HPOS="152" VPOS="1115" WIDTH="23" HEIGHT="19" WC="0.92" CONTENT="18"/><SP WIDTH="23" VPOS="1115" HPOS="175"/>
							<String ID="string_228" HPOS="198" VPOS="1112" WIDTH="54" HEIGHT="28" WC="0.94" CONTENT="Maj,"/><SP WIDTH="18" VPOS="1112" HPOS="252"/>
							<String ID="string_229" HPOS="270" VPOS="1115" WIDTH="11" HEIGHT="19" WC="0.96" CONTENT="5"/><SP WIDTH="17" VPOS="1115" HPOS="281"/>
							<String ID="string_230" HPOS="298" VPOS="1112" WIDTH="58" HEIGHT="22" WC="0.96" CONTENT="Juni"/><SP WIDTH="15" VPOS="1112" HPOS="356"/>
							<String ID="string_231" HPOS="371" VPOS="1112" WIDTH="44" HEIGHT="22" WC="0.96" CONTENT="och"/><SP WIDTH="16" VPOS="1112" HPOS="415"/>
							<String ID="string_232" HPOS="431" VPOS="1115" WIDTH="12" HEIGHT="19" WC="0.95" CONTENT="2"/><SP WIDTH="16" VPOS="1115" HPOS="443"/>
							<String ID="string_233" HPOS="459" VPOS="1113" WIDTH="104" HEIGHT="28" WC="0.96" CONTENT="Augusti"/><SP WIDTH="26" VPOS="1113" HPOS="563"/>
							<String ID="string_234" HPOS="589" VPOS="1115" WIDTH="53" HEIGHT="20" WC="0.96" CONTENT="1883"/><SP WIDTH="25" VPOS="1115" HPOS="642"/>
							<String ID="string_235" HPOS="667" VPOS="1115" WIDTH="59" HEIGHT="19" WC="0.96" CONTENT="samt"/><SP WIDTH="22" VPOS="1115" HPOS="726"/>
							<String ID="string_236" HPOS="748" VPOS="1113" WIDTH="45" HEIGHT="22" WC="0.96" CONTENT="den"/><SP WIDTH="24" VPOS="1113" HPOS="793"/>
							<String ID="string_237" HPOS="817" VPOS="1115" WIDTH="27" HEIGHT="20" WC="0.96" CONTENT="20"/><SP WIDTH="15" VPOS="1115" HPOS="844"/>
							<String ID="string_238" HPOS="859" VPOS="1113" WIDTH="47" HEIGHT="28" WC="0.96" CONTENT="Maj"/>
						</TextLine>
						<TextLine ID="line_28" HPOS="147" VPOS="1146" WIDTH="241" HEIGHT="23">
							<String ID="string_239" HPOS="147" VPOS="1146" WIDTH="45" HEIGHT="22" WC="0.96" CONTENT="och"/><SP WIDTH="18" VPOS="1146" HPOS="192"/>
							<String ID="string_240" HPOS="210" VPOS="1149" WIDTH="23" HEIGHT="19" WC="0.96" CONTENT="11"/><SP WIDTH="17" VPOS="1149" HPOS="233"/>
							<String ID="string_241" HPOS="250" VPOS="1147" WIDTH="60" HEIGHT="21" WC="0.96" CONTENT="Juni"/><SP WIDTH="17" VPOS="1147" HPOS="310"/>
							<String ID="string_242" HPOS="327" VPOS="1150" WIDTH="61" HEIGHT="19" WC="0.96" CONTENT="1884."/>
						</TextLine>
					</TextBlock>
					<TextBlock ID="block_17" HPOS="147" VPOS="1181" WIDTH="895" HEIGHT="201">
						<TextLine ID="line_29" HPOS="216" VPOS="1181" WIDTH="826" HEIGHT="30">
							<String ID="string_243" HPOS="216" VPOS="1182" WIDTH="23" HEIGHT="24" WC="0.63" CONTENT="1)"/><SP WIDTH="23" VPOS="1182" HPOS="239"/>
							<String ID="string_244" HPOS="262" VPOS="1181" WIDTH="36" HEIGHT="22" WC="0.90" CONTENT="De"/><SP WIDTH="22" VPOS="1181" HPOS="298"/>
							<String ID="string_245" HPOS="320" VPOS="1182" WIDTH="13" HEIGHT="21" WC="0.93" CONTENT="å"/><SP WIDTH="22" VPOS="1182" HPOS="333"/>
							<String ID="string_246" HPOS="355" VPOS="1181" WIDTH="111" HEIGHT="22" WC="0.96" CONTENT="Bankens"/><SP WIDTH="23" VPOS="1181" HPOS="466"/>
							<String ID="string_247" HPOS="489" VPOS="1184" WIDTH="48" HEIGHT="19" WC="0.93" CONTENT="stat"/><SP WIDTH="19" VPOS="1184" HPOS="537"/>
							<String ID="string_248" HPOS="556" VPOS="1181" WIDTH="116" HEIGHT="30" WC="0.93" CONTENT="uppförda"/><SP WIDTH="18" VPOS="1181" HPOS="672"/>
							<String ID="string_249" HPOS="690" VPOS="1181" WIDTH="218" HEIGHT="23" WC="0.67" CONTENT="diskretionsmedel"/><SP WIDTH="18" VPOS="1181" HPOS="908"/>
							<String ID="string_250" HPOS="926" VPOS="1184" WIDTH="21" HEIGHT="26" WC="0.55" CONTENT=")"/><SP WIDTH="16" VPOS="1184" HPOS="947"/>
							<String ID="string_251" HPOS="963" VPOS="1182" WIDTH="79" HEIGHT="19" WC="0.92" CONTENT="Diskre-"/>
						</TextLine>
						<TextLine ID="line_30" HPOS="147" VPOS="1204" WIDTH="889" HEIGHT="46">
							<String ID="string_252" HPOS="147" VPOS="1215" WIDTH="72" HEIGHT="22" WC="0.95" CONTENT="hafva"/><SP WIDTH="22" VPOS="1215" HPOS="219"/>
							<String ID="string_253" HPOS="241" VPOS="1215" WIDTH="81" HEIGHT="22" WC="0.95" CONTENT="blifvit"/><SP WIDTH="22" VPOS="1215" HPOS="322"/>
							<String ID="string_254" HPOS="344" VPOS="1215" WIDTH="118" HEIGHT="23" WC="0.96" CONTENT="fördelade"/><SP WIDTH="23" VPOS="1215" HPOS="462"/>
							<String ID="string_255" HPOS="485" VPOS="1217" WIDTH="30" HEIGHT="28" WC="0.96" CONTENT="pä"/><SP WIDTH="16" VPOS="1217" HPOS="515"/>
							<String ID="string_256" HPOS="531" VPOS="1218" WIDTH="47" HEIGHT="20" WC="0.93" CONTENT="sätt"/><SP WIDTH="15" VPOS="1218" HPOS="578"/>
							<String ID="string_257" HPOS="593" VPOS="1216" WIDTH="230" HEIGHT="29" WC="0.92" CONTENT="Bankfullmäktiges"/><SP WIDTH="16" VPOS="1216" HPOS="823"/>
							<String ID="string_258" HPOS="839" VPOS="1216" WIDTH="69" HEIGHT="22" WC="0.93" CONTENT="skrif-"/><SP WIDTH="26" VPOS="1216" HPOS="908"/>
							<String ID="string_259" HPOS="934" VPOS="1204" WIDTH="68" HEIGHT="46" WC="0.24" CONTENT="Mopar"/><SP WIDTH="2" VPOS="1204" HPOS="1002"/>
							<String ID="string_260" HPOS="1004" VPOS="1205" WIDTH="32" HEIGHT="18" WC="0.47" CONTENT="ed-"/>
						</TextLine>
						<TextLine ID="line_31" HPOS="147" VPOS="1249" WIDTH="761" HEIGHT="30">
							<String ID="string_261" HPOS="147" VPOS="1249" WIDTH="77" HEIGHT="22" WC="0.90" CONTENT="velser"/><SP WIDTH="14" VPOS="1249" HPOS="224"/>
							<String ID="string_262" HPOS="238" VPOS="1249" WIDTH="38" HEIGHT="22" WC="0.96" CONTENT="för"/><SP WIDTH="15" VPOS="1249" HPOS="276"/>
							<String ID="string_263" HPOS="291" VPOS="1250" WIDTH="46" HEIGHT="22" WC="0.96" CONTENT="den"/><SP WIDTH="17" VPOS="1250" HPOS="337"/>
							<String ID="string_264" HPOS="354" VPOS="1253" WIDTH="24" HEIGHT="20" WC="0.96" CONTENT="13"/><SP WIDTH="16" VPOS="1253" HPOS="378"/>
							<String ID="string_265" HPOS="394" VPOS="1250" WIDTH="128" HEIGHT="22" WC="0.96" CONTENT="December"/><SP WIDTH="18" VPOS="1250" HPOS="522"/>
							<String ID="string_266" HPOS="540" VPOS="1254" WIDTH="61" HEIGHT="25" WC="0.96" CONTENT="1882,"/><SP WIDTH="17" VPOS="1254" HPOS="601"/>
							<String ID="string_267" HPOS="618" VPOS="1254" WIDTH="12" HEIGHT="19" WC="0.96" CONTENT="8"/><SP WIDTH="14" VPOS="1254" HPOS="630"/>
							<String ID="string_268" HPOS="644" VPOS="1251" WIDTH="126" HEIGHT="22" WC="0.96" CONTENT="December"/><SP WIDTH="13" VPOS="1251" HPOS="770"/>
							<String ID="string_269" HPOS="783" VPOS="1254" WIDTH="54" HEIGHT="19" WC="0.96" CONTENT="1883"/><SP WIDTH="11" VPOS="1254" HPOS="837"/>
							<String ID="string_270" HPOS="848" VPOS="1253" WIDTH="60" HEIGHT="19" WC="0.96" CONTENT="samt"/>
						</TextLine>
						<TextLine ID="line_32" HPOS="149" VPOS="1284" WIDTH="759" HEIGHT="30">
							<String ID="string_271" HPOS="149" VPOS="1287" WIDTH="25" HEIGHT="19" WC="0.96" CONTENT="11"/><SP WIDTH="17" VPOS="1287" HPOS="174"/>
							<String ID="string_272" HPOS="191" VPOS="1284" WIDTH="59" HEIGHT="22" WC="0.96" CONTENT="Juni"/><SP WIDTH="16" VPOS="1284" HPOS="250"/>
							<String ID="string_273" HPOS="266" VPOS="1285" WIDTH="44" HEIGHT="21" WC="0.96" CONTENT="och"/><SP WIDTH="11" VPOS="1285" HPOS="310"/>
							<String ID="string_274" HPOS="321" VPOS="1286" WIDTH="25" HEIGHT="21" WC="0.96" CONTENT="27"/><SP WIDTH="13" VPOS="1286" HPOS="346"/>
							<String ID="string_275" HPOS="359" VPOS="1285" WIDTH="132" HEIGHT="22" WC="0.96" CONTENT="November"/><SP WIDTH="9" VPOS="1285" HPOS="491"/>
							<String ID="string_276" HPOS="500" VPOS="1288" WIDTH="55" HEIGHT="20" WC="0.96" CONTENT="1884"/><SP WIDTH="11" VPOS="1288" HPOS="555"/>
							<String ID="string_277" HPOS="566" VPOS="1285" WIDTH="78" HEIGHT="22" WC="0.96" CONTENT="derom"/><SP WIDTH="10" VPOS="1285" HPOS="644"/>
							<String ID="string_278" HPOS="654" VPOS="1285" WIDTH="125" HEIGHT="23" WC="0.95" CONTENT="innehålla."/><SP WIDTH="16" VPOS="1285" HPOS="779"/>
							<String ID="string_279" HPOS="795" VPOS="1285" WIDTH="36" HEIGHT="22" WC="0.90" CONTENT="Af"/><SP WIDTH="8" VPOS="1285" HPOS="831"/>
							<String ID="string_280" HPOS="839" VPOS="1285" WIDTH="69" HEIGHT="29" WC="0.90" CONTENT="sagde"/>
						</TextLine>
						<TextLine ID="line_33" HPOS="147" VPOS="1318" WIDTH="763" HEIGHT="30">
							<String ID="string_281" HPOS="147" VPOS="1318" WIDTH="77" HEIGHT="23" WC="0.95" CONTENT="medel"/><SP WIDTH="23" VPOS="1318" HPOS="224"/>
							<String ID="string_282" HPOS="247" VPOS="1320" WIDTH="118" HEIGHT="22" WC="0.93" CONTENT="användes"/><SP WIDTH="24" VPOS="1320" HPOS="365"/>
							<String ID="string_283" HPOS="389" VPOS="1322" WIDTH="62" HEIGHT="26" WC="0.91" CONTENT="9,555"/><SP WIDTH="24" VPOS="1322" HPOS="451"/>
							<String ID="string_284" HPOS="475" VPOS="1320" WIDTH="66" HEIGHT="22" WC="0.96" CONTENT="mark"/><SP WIDTH="22" VPOS="1320" HPOS="541"/>
							<String ID="string_285" HPOS="563" VPOS="1320" WIDTH="25" HEIGHT="22" WC="0.95" CONTENT="år"/><SP WIDTH="21" VPOS="1320" HPOS="588"/>
							<String ID="string_286" HPOS="609" VPOS="1322" WIDTH="61" HEIGHT="26" WC="0.93" CONTENT="1882,"/><SP WIDTH="17" VPOS="1322" HPOS="670"/>
							<String ID="string_287" HPOS="687" VPOS="1322" WIDTH="76" HEIGHT="26" WC="0.91" CONTENT="10,000"/><SP WIDTH="16" VPOS="1322" HPOS="763"/>
							<String ID="string_288" HPOS="779" VPOS="1320" WIDTH="66" HEIGHT="22" WC="0.96" CONTENT="mark"/><SP WIDTH="16" VPOS="1320" HPOS="845"/>
							<String ID="string_289" HPOS="861" VPOS="1320" WIDTH="49" HEIGHT="21" WC="0.96" CONTENT="året"/>
						</TextLine>
						<TextLine ID="line_34" HPOS="149" VPOS="1353" WIDTH="314" HEIGHT="29">
							<String ID="string_290" HPOS="149" VPOS="1356" WIDTH="55" HEIGHT="20" WC="0.96" CONTENT="1883"/><SP WIDTH="17" VPOS="1356" HPOS="204"/>
							<String ID="string_291" HPOS="221" VPOS="1353" WIDTH="43" HEIGHT="22" WC="0.93" CONTENT="och"/><SP WIDTH="18" VPOS="1353" HPOS="264"/>
							<String ID="string_292" HPOS="282" VPOS="1356" WIDTH="62" HEIGHT="26" WC="0.91" CONTENT="9,835"/><SP WIDTH="16" VPOS="1356" HPOS="344"/>
							<String ID="string_293" HPOS="360" VPOS="1354" WIDTH="25" HEIGHT="21" WC="0.96" CONTENT="år"/><SP WIDTH="16" VPOS="1354" HPOS="385"/>
							<String ID="string_294" HPOS="401" VPOS="1356" WIDTH="62" HEIGHT="20" WC="0.96" CONTENT="1884."/>
						</TextLine>
					</TextBlock>
					<TextBlock ID="block_18" HPOS="147" VPOS="1388" WIDTH="897" HEIGHT="134">
						<TextLine ID="line_35" HPOS="216" VPOS="1388" WIDTH="828" HEIGHT="29">
							<String ID="string_295" HPOS="216" VPOS="1389" WIDTH="18" HEIGHT="27" WC="0.96" CONTENT="i)"/><SP WIDTH="18" VPOS="1389" HPOS="234"/>
							<String ID="string_296" HPOS="252" VPOS="1388" WIDTH="78" HEIGHT="22" WC="0.93" CONTENT="Sedan"/><SP WIDTH="17" VPOS="1388" HPOS="330"/>
							<String ID="string_297" HPOS="347" VPOS="1388" WIDTH="164" HEIGHT="29" WC="0.91" CONTENT="Registratorn"/><SP WIDTH="15" VPOS="1388" HPOS="511"/>
							<String ID="string_298" HPOS="526" VPOS="1389" WIDTH="9" HEIGHT="21" WC="0.96" CONTENT="i"/><SP WIDTH="15" VPOS="1389" HPOS="535"/>
							<String ID="string_299" HPOS="550" VPOS="1388" WIDTH="114" HEIGHT="22" WC="0.96" CONTENT="Finlands"/><SP WIDTH="15" VPOS="1388" HPOS="664"/>
							<String ID="string_300" HPOS="679" VPOS="1389" WIDTH="68" HEIGHT="22" WC="0.93" CONTENT="Bank"/><SP WIDTH="15" VPOS="1389" HPOS="747"/>
							<String ID="string_301" HPOS="762" VPOS="1389" WIDTH="73" HEIGHT="22" WC="0.92" CONTENT="Allon"/><SP WIDTH="14" VPOS="1389" HPOS="835"/>
							<String ID="string_302" HPOS="849" VPOS="1389" WIDTH="60" HEIGHT="21" WC="0.93" CONTENT="Dill-"/><SP WIDTH="18" VPOS="1389" HPOS="909"/>
							<String ID="string_303" HPOS="927" VPOS="1391" WIDTH="16" HEIGHT="20" WC="0.69" CONTENT="i"/><SP WIDTH="13" VPOS="1391" HPOS="943"/>
							<String ID="string_304" HPOS="956" VPOS="1389" WIDTH="88" HEIGHT="19" WC="0.95" CONTENT="Pension."/>
						</TextLine>
						<TextLine ID="line_36" HPOS="147" VPOS="1422" WIDTH="763" HEIGHT="30">
							<String ID="string_305" HPOS="147" VPOS="1429" WIDTH="43" HEIGHT="15" WC="0.96" CONTENT="ner"/><SP WIDTH="14" VPOS="1429" HPOS="190"/>
							<String ID="string_306" HPOS="204" VPOS="1422" WIDTH="36" HEIGHT="22" WC="0.96" CONTENT="uti"/><SP WIDTH="15" VPOS="1422" HPOS="240"/>
							<String ID="string_307" HPOS="255" VPOS="1430" WIDTH="30" HEIGHT="14" WC="0.96" CONTENT="en"/><SP WIDTH="17" VPOS="1430" HPOS="285"/>
							<String ID="string_308" HPOS="302" VPOS="1422" WIDTH="26" HEIGHT="22" WC="0.93" CONTENT="af"/><SP WIDTH="13" VPOS="1422" HPOS="328"/>
							<String ID="string_309" HPOS="341" VPOS="1423" WIDTH="148" HEIGHT="29" WC="0.91" CONTENT="läkareintyg"/><SP WIDTH="19" VPOS="1423" HPOS="489"/>
							<String ID="string_310" HPOS="508" VPOS="1423" WIDTH="45" HEIGHT="22" WC="0.93" CONTENT="och"/><SP WIDTH="21" VPOS="1423" HPOS="553"/>
							<String ID="string_311" HPOS="574" VPOS="1423" WIDTH="237" HEIGHT="29" WC="0.91" CONTENT="tjensteförteckning"/><SP WIDTH="15" VPOS="1423" HPOS="811"/>
							<String ID="string_312" HPOS="826" VPOS="1423" WIDTH="84" HEIGHT="29" WC="0.96" CONTENT="åtföljd"/>
						</TextLine>
						<TextLine ID="line_37" HPOS="148" VPOS="1456" WIDTH="762" HEIGHT="24">
							<String ID="string_313" HPOS="148" VPOS="1456" WIDTH="71" HEIGHT="22" WC="0.93" CONTENT="skrift"/><SP WIDTH="17" VPOS="1456" HPOS="219"/>
							<String ID="string_314" HPOS="236" VPOS="1456" WIDTH="100" HEIGHT="23" WC="0.91" CONTENT="anhällit"/><SP WIDTH="14" VPOS="1456" HPOS="336"/>
							<String ID="string_315" HPOS="350" VPOS="1459" WIDTH="35" HEIGHT="20" WC="0.96" CONTENT="att"/><SP WIDTH="14" VPOS="1459" HPOS="385"/>
							<String ID="string_316" HPOS="399" VPOS="1457" WIDTH="38" HEIGHT="22" WC="0.97" CONTENT="för"/><SP WIDTH="16" VPOS="1457" HPOS="437"/>
							<String ID="string_317" HPOS="453" VPOS="1458" WIDTH="38" HEIGHT="21" WC="0.93" CONTENT="sin"/><SP WIDTH="16" VPOS="1458" HPOS="491"/>
							<String ID="string_318" HPOS="507" VPOS="1458" WIDTH="145" HEIGHT="22" WC="0.92" CONTENT="äterstäende"/><SP WIDTH="16" VPOS="1458" HPOS="652"/>
							<String ID="string_319" HPOS="668" VPOS="1458" WIDTH="77" HEIGHT="22" WC="0.93" CONTENT="lifstid"/><SP WIDTH="9" VPOS="1458" HPOS="745"/>
							<String ID="string_320" HPOS="754" VPOS="1458" WIDTH="94" HEIGHT="22" WC="0.94" CONTENT="komma"/><SP WIDTH="9" VPOS="1458" HPOS="848"/>
							<String ID="string_321" HPOS="857" VPOS="1458" WIDTH="10" HEIGHT="22" WC="0.93" CONTENT="i"/><SP WIDTH="10" VPOS="1458" HPOS="867"/>
							<String ID="string_322" HPOS="877" VPOS="1458" WIDTH="33" HEIGHT="22" WC="0.93" CONTENT="ät-"/>
						</TextLine>
						<TextLine ID="line_38" HPOS="147" VPOS="1490" WIDTH="764" HEIGHT="32">
							<String ID="string_323" HPOS="147" VPOS="1490" WIDTH="115" HEIGHT="29" WC="0.93" CONTENT="njutande"/><SP WIDTH="16" VPOS="1490" HPOS="262"/>
							<String ID="string_324" HPOS="278" VPOS="1491" WIDTH="26" HEIGHT="22" WC="0.96" CONTENT="af"/><SP WIDTH="13" VPOS="1491" HPOS="304"/>
							<String ID="string_325" HPOS="317" VPOS="1492" WIDTH="105" HEIGHT="28" WC="0.95" CONTENT="pension,"/><SP WIDTH="23" VPOS="1492" HPOS="422"/>
							<String ID="string_326" HPOS="445" VPOS="1492" WIDTH="165" HEIGHT="22" WC="0.93" CONTENT="motsvarande"/><SP WIDTH="18" VPOS="1492" HPOS="610"/>
							<String ID="string_327" HPOS="628" VPOS="1492" WIDTH="60" HEIGHT="22" WC="0.92" CONTENT="fulla"/><SP WIDTH="14" VPOS="1492" HPOS="688"/>
							<String ID="string_328" HPOS="702" VPOS="1492" WIDTH="110" HEIGHT="30" WC="0.96" CONTENT="beloppet"/><SP WIDTH="14" VPOS="1492" HPOS="812"/>
							<String ID="string_329" HPOS="826" VPOS="1492" WIDTH="27" HEIGHT="22" WC="0.96" CONTENT="af"/><SP WIDTH="13" VPOS="1492" HPOS="853"/>
							<String ID="string_330" HPOS="866" VPOS="1492" WIDTH="45" HEIGHT="22" WC="0.96" CONTENT="den"/>
						</TextLine>
					</TextBlock>
					<TextBlock ID="block_19" HPOS="833" VPOS="1536" WIDTH="10" HEIGHT="16">
						<TextLine ID="line_39" HPOS="833" VPOS="1536" WIDTH="10" HEIGHT="16">
							<String ID="string_331" HPOS="833" VPOS="1536" WIDTH="10" HEIGHT="16" WC="0.96" CONTENT="3"/>
						</TextLine>
					</TextBlock>
				</ComposedBlock>
				<GraphicalElement ID="cblock_2" HPOS="1079" VPOS="33" WIDTH="7" HEIGHT="671"></GraphicalElement >
			</PrintSpace>
		</Page>
	</Layout>
</alto>
