1086 1717
405 162 56 22 U.
448 158 19 36 B
488 175 18 3 —
527 162 37 22 N:o
580 162 19 22 5.
835 162 14 21 3

202 364 76 22 Såsom
294 363 205 27 Bankfullmäktige
510 363 6 21 i
528 363 33 21 sin
576 363 66 21 ofvan
657 362 92 22 anförda
760 362 115 22 skrifvelse

130 398 93 28 antyda,
239 397 135 22 inlemnades
390 398 68 20 redan
473 397 38 21 vid
526 399 88 19 senaste
629 397 108 27 landtdag
752 397 33 21 till
801 396 74 22 Bank-

134 433 107 22 utskottet
256 432 24 22 af
294 432 125 21 dåvarande
434 431 204 28 Bankfullmäktige
654 434 30 19 ett
700 431 83 28 förslag
798 438 34 15 om
842 431 32 21 in-

133 468 101 21 rättande
254 467 24 21 af
292 469 30 19 ett
338 467 157 27 sedeltryckeri
510 467 34 21 för
558 467 104 20 Bankens
678 466 101 27 räkning.
809 466 66 21 Detta

133 501 84 28 förslag
232 501 128 21 föranledde
375 501 69 21 likväl
460 501 50 22 icke
526 501 28 21 då
568 501 34 21 till
615 501 73 27 någon
698 501 85 26 åtgärd.
802 500 72 21 Bank-

133 536 107 21 utskottet
260 535 96 22 erkände
374 535 131 28 visserligen
521 536 33 21 till
570 535 54 22 fullo
641 535 27 22 de
683 537 59 20 stora
757 534 118 28 olägenhe-

132 573 34 19 ter
182 571 39 21 och
238 570 41 21 den
295 570 53 27 risk,
363 570 76 21 hvilka
454 577 51 14 voro
521 570 104 21 förenade
641 570 49 21 med
703 569 171 27 tillverkningen

133 605 26 21 af
171 605 100 21 bankens
287 605 73 21 sedlar
374 607 59 19 utom
449 605 75 21 landet
540 607 56 19 samt
608 605 116 21 framhöllo
735 604 65 21 äfven
809 603 66 22 önsk-

133 639 97 28 ligheten
247 639 25 21 af
286 645 26 15 en
328 639 129 28 förändring
472 639 140 22 härutinnan.
643 639 49 21 Men
704 639 28 21 då
739 638 77 28 hvarje
824 637 50 22 full-

129 673 131 28 :ständigare
275 673 117 28 utredning
407 673 110 22 saknades
533 680 33 15 om
578 674 56 21 huru
644 673 150 22 kostnaderna
802 672 72 22 skulle

132 708 67 21 ställa
220 708 35 27 sig
278 708 33 21 för
334 710 29 19 ett
379 708 79 21 sådant
473 708 25 21 af
511 708 91 21 Banken
618 708 107 21 inrättadt
739 707 40 22 och
795 707 80 21 drifvet

133 743 164 27 sedeltryckeri,
320 745 55 19 samt
403 743 171 21 Bankutskottet
603 743 110 21 dessutom
743 743 70 26 ansåg
837 741 37 22 det

130 777 147 21 öfverhufvud
292 784 54 15 vara
361 777 24 21 af
398 777 150 22 erfarenheten
566 777 124 22 bekräftadt
704 776 170 23 attindustriela

132 811 154 28 inrättningar,
311 811 33 22 till
367 812 76 21 hvilka
466 812 64 21 äfven
551 814 31 19 ett
597 812 79 21 sådant
693 811 94 28 tryckeri
804 811 69 21 måste

131 846 90 27 räknas,
238 846 28 21 då
281 846 27 21 de
324 846 81 22 drifvas
421 846 40 21 och
477 847 75 21 skötas
568 847 25 20 af
606 848 71 20 staten
690 846 53 21 eller
753 846 68 27 något
830 852 42 15 em-

131 880 110 27 betsverk,
250 881 72 20 sällan
338 881 75 21 kunna
427 881 101 27 tillämpa
543 881 27 21 de
585 881 113 27 billigaste
714 881 39 21 och
769 882 55 19 mest
835 882 38 19 än-

129 915 163 28 damälsenliga
314 915 171 22 arbetsmetoder
508 916 40 21 och
572 915 33 22 för
620 916 42 21 den
678 915 65 22 skuld
758 915 8 21 i
782 915 91 21 allmän-

133 949 36 21 het
184 949 70 22 blifva
269 949 55 28 dyra
339 950 39 21 och
392 950 135 27 opraktiska,
539 951 25 20 så
579 951 71 27 ansåg
661 950 170 21 Bankutskottet
840 949 35 27 sig

131 983 49 22 ieke
203 984 75 21 kunna
293 985 7 20 i
316 985 80 21 sakens
419 985 125 22 dåvarande
565 985 65 22 skick
645 985 88 22 förorda
746 985 74 27 någon
835 984 37 21 be-

128 1019 75 21 stämd
226 1019 84 27 åtgärd.
341 1019 111 22 Utskottet
475 1019 102 22 framhöll
601 1020 56 21 dock
674 1021 38 26 att,
732 1020 69 27 enligt
822 1019 50 21 dess

131 1053 75 27 tanke,
222 1053 42 22 den
288 1053 131 28 lyckligaste
439 1054 89 28 lösning
549 1054 25 21 af
586 1055 79 27 frågan
680 1061 83 15 vunnes
779 1053 94 22 sålunda

131 1089 32 20 att
179 1094 27 15 en
222 1088 62 28 dylik
299 1088 122 28 inrättning
436 1089 72 21 skulle
523 1089 111 22 bedrifvas
650 1089 71 21 såsom
737 1088 89 22 enskild
841 1087 31 22 af-

130 1121 42 28 fär,
195 1129 35 14 om
252 1123 42 21 ock
317 1123 33 21 till
373 1130 27 14 en
415 1123 79 28 början
509 1123 49 22 med
574 1125 147 26 uppmuntran
737 1123 40 22 och
793 1123 78 21 under-

131 1157 50 21 stöd
196 1157 48 21 från
260 1157 100 22 bankens
375 1157 54 22 sida.
460 1158 108 21 Finlands
583 1158 63 21 Bank
662 1158 73 22 kunde
743 1158 129 27 härigenom

128 1191 70 21 vinna
220 1191 124 22 fördelarne
367 1194 32 19 att
413 1192 23 21 få
451 1192 50 21 sina
516 1193 74 21 sedlar
605 1192 130 22 tillverkade
749 1192 60 21 inom
825 1192 46 21 lan-

128 1225 46 27 det,
190 1228 52 19 utan
265 1228 32 19 att
319 1226 94 22 behöfva
435 1227 135 21 underkasta
586 1227 35 27 sig
635 1221 172 34 olägenheterna
822 1225 50 22 med

130 1259 118 22 skötandet
270 1260 25 21 af
315 1262 31 20 ett
366 1261 103 28 tryckeri.
499 1261 43 22 För
564 1261 67 28 öfrigt
653 1261 102 22 framhöll
774 1261 97 21 Bankut-

129 1294 89 28 skottet,
235 1301 45 15 som
296 1296 71 27 ansåg
382 1296 36 21 det
432 1303 53 15 vara
501 1296 26 21 af
539 1298 45 20 stor
598 1296 48 28 vigt
661 1298 31 20 att
707 1296 101 22 bankens
823 1295 48 21 sed-

130 1328 33 21 lar
179 1329 7 21 i
202 1336 27 14 en
244 1329 90 22 framtid
348 1330 73 22 skulle
436 1330 77 22 kunna
525 1331 114 21 tillverkas
654 1331 59 21 inom
728 1331 81 26 landet,
818 1330 53 21 nöd-

129 1363 148 27 vändigheten
296 1364 26 22 af
334 1366 32 20 att
381 1364 160 22 förberedande
556 1365 103 28 åtgärder
674 1366 7 20 i
696 1365 79 21 sådant
791 1365 57 27 syfte
864 1364 7 21 i

127 1397 47 27 god
189 1398 32 21 tid
236 1398 72 22 blefve
323 1398 112 29 vidtagna,
444 1400 25 20 så
485 1401 32 19 att
532 1400 42 21 den
582 1400 34 21 för
624 1400 90 27 frågans
722 1400 105 27 allsidiga
834 1399 37 21 be-

128 1431 110 23 dömande
253 1432 144 28 erforderliga
411 1434 120 28 utredning
539 1434 74 22 kunde
622 1434 124 28 föreläggas
757 1436 50 19 näst
815 1440 56 15 sam-

128 1466 160 22 manträdande
304 1467 101 28 Ständer,
420 1468 40 21 och
476 1469 99 21 uttalade
583 1469 74 21 tillika
669 1469 81 27 hoppet
765 1470 32 20 att
811 1468 61 22 detta

197 1506 155 18 Bankutskottets
364 1507 114 17 betänkande
490 1508 37 17 N:o
539 1509 15 17 5.
