1086 1717
378 166 21 22 U.
415 165 23 22 B.
455 175 30 6 —
501 164 24 22 Il
542 174 29 6 —
588 164 68 22 XXXI.
838 164 27 21 29

140 222 66 22 borde
222 224 68 19 sättas
310 222 6 21 i
338 222 84 21 tillfälle
444 222 33 20 att
491 222 58 26 yttra
564 221 32 27 sig
611 221 19 27 ej
645 221 84 21 mindre
745 227 34 15 om
793 220 102 27 behöflig-

139 256 65 22 heten
218 257 24 21 af
254 257 28 21 de
295 262 42 21 nya
350 256 75 22 fonder
441 262 46 15 som
496 256 92 21 inrättas
597 257 28 19 än
642 255 46 26 ock,
712 255 105 21 huruvida
832 256 63 20 stats-

139 290 86 22 verkets
241 290 111 22 finansiela
373 290 96 22 tillständ
490 289 34 21 för
547 289 136 27 ögonblicket
698 288 117 28 medgifver
830 288 65 22 afsät-

140 325 76 21 tandet
230 324 23 22 af
267 323 254 23 öfverskottsstatsmedel
536 324 32 20 till
584 324 62 20 dessa
660 322 83 22 fonder.

209 360 11 20 I
235 358 151 27 sammanhang
408 358 89 21 härmed
513 358 39 21 har
567 357 112 22 Utskottet
695 358 56 21 velat
766 357 83 27 päpeka
864 358 32 21 ett

141 395 65 20 annat
219 392 140 26 förhällande,
373 392 90 21 hvarvid
478 391 112 22 Utskottet
604 392 43 21 fäst
658 392 33 21 sin
701 392 194 26 uppmärksamhet.

142 427 75 22 Säsom
239 428 23 21 af
283 428 41 20 den
346 426 32 22 till
393 426 61 21 detta
468 426 137 22 betänkande
620 426 111 21 närslutna
746 426 150 27 redogörelsen

143 462 58 21 öfver
230 461 98 27 samtliga
351 461 33 21 uti
408 461 160 21 Statskontoret
592 461 118 21 förvaltade
735 461 76 22 fonder
835 461 62 21 äfven

141 495 100 28 framgår,
261 495 67 22 finnes
347 495 106 27 nämligen
468 501 26 16 en
516 495 78 27 mängd
616 495 23 22 af
652 495 107 22 allmänna
774 495 123 22 statsmedel

142 531 86 20 bildade
243 530 81 26 fonder,
340 529 81 22 hvilkas
437 529 123 28 afkastning
575 530 72 21 städse
663 529 54 22 skall
732 529 28 28 på
773 531 32 20 ett
815 529 82 28 engång

142 565 34 21 för
198 565 42 20 alla
258 564 109 21 faststäldt
383 565 42 20 sätt
441 564 108 21 användas
564 563 33 22 för
612 564 179 27 tillgodoseendet
805 564 24 21 af
841 565 57 20 vissa

142 599 112 22 bestämda
277 598 160 22 statsändamål.
467 599 43 20 Det
529 598 109 21 förefaller
653 599 118 21 emellertid
786 598 111 22 Utskottet

143 633 71 22 såsom
236 633 68 22 skulle
323 633 121 27 derigenom
459 633 89 27 utgifter
563 633 46 22 ofta
623 633 73 22 kunna
710 633 85 21 komma
811 634 32 20 att
858 639 40 21 ega

144 674 53 20 rum,
212 669 53 20 utan
280 669 32 20 att
328 667 99 22 behofvet
442 667 41 22 och
495 667 186 28 nödvändigheten
697 668 22 21 af
733 668 108 21 desamma
850 667 48 21 blif-

144 702 31 21 vit
196 702 117 27 behörigen
334 696 96 33 pröfvad.
460 701 35 22 Då
516 701 116 28 tillgångar
646 701 68 22 finnas
730 702 39 21 och
785 703 65 20 sättet
865 701 33 22 för

144 737 62 21 deras
228 737 135 26 användning
384 736 62 21 äfven
469 737 24 20 är
515 736 143 26 föreskrifvet,
682 736 88 27 uppstår
785 736 46 21 icke
853 741 46 16 mer

144 770 75 27 frågan
241 777 35 14 om
293 772 33 19 att
338 770 90 27 jemföra
447 770 27 21 de
489 770 107 21 särskilda
611 770 128 27 utgifternas
755 770 144 21 önskvärdhet

145 805 53 21 eller
216 806 33 19 att
264 807 45 19 mot
324 805 119 21 hvarandra
457 806 55 25 väga
527 805 26 21 de
569 805 58 20 olika
641 805 111 25 intressen,
769 804 72 21 hvilka
857 805 42 20 alla

143 841 53 25 göra
214 839 93 27 anspråk
322 839 28 27 på
364 840 32 20 att
410 839 132 26 tillgodoses,
564 839 68 21 ehuru
648 839 68 21 denna
729 839 121 27 jemförelse
865 840 34 19 ut-

144 875 39 25 gör
198 879 27 16 en
244 873 120 27 nödvändig
379 873 153 27 förutsättning
546 873 34 21 för
596 875 33 19 att
644 874 26 20 de
685 873 95 27 verkliga
795 873 104 21 behofven

145 907 76 22 främst
236 907 60 21 skola
314 907 172 21 tillfredsställas.
510 907 112 22 Utskottet
644 907 40 22 har
706 907 71 22 derför
799 909 54 19 trott
868 907 31 27 sig

145 941 40 22 här
206 942 54 21 böra
282 941 111 22 framhålla
416 941 172 22 önskvärdheten
604 941 23 22 af
641 947 26 16 en
682 942 119 26 förenkling
817 941 22 22 af
852 941 47 22 vårt

145 982 30 15 nu
188 976 99 27 gällande
304 975 191 28 statsfondsystem.

215 1147 38 22 Uti
268 1147 36 22 det
319 1148 35 21 vid
369 1149 84 20 senaste
467 1147 104 28 landtdag
586 1147 81 28 afgifna
682 1146 219 23 relationsbetänkan-

147 1182 37 21 det
198 1182 99 21 framhöll
313 1182 110 21 Utskottet
446 1182 171 21 önskvärdheten
632 1182 66 26 deraf,
714 1183 32 20 att
761 1182 7 20 i
783 1181 118 22 relationen

147 1215 69 22 skulle
238 1216 109 22 meddelas
369 1216 19 27 ej
410 1216 56 21 blott
483 1217 32 20 ett
530 1217 150 26 sammandrag
694 1216 23 21 af
730 1215 172 27 räkenskaperna

146 1249 34 22 för
194 1250 49 21 hela
258 1250 150 27 tidsperioden,
431 1251 71 21 såsom
517 1251 77 21 dittills
610 1250 140 22 öfverhufvud
764 1250 56 21 varit
834 1249 67 26 fallet,

147 1285 53 20 utan
224 1285 61 21 äfven
300 1285 140 21 summariska
453 1285 116 27 räkningar
584 1285 34 22 för
632 1285 74 26 hvarje
722 1284 30 22 år.
782 1284 66 22 Detta
862 1283 40 22 Ut-

147 1318 93 22 skottets
262 1319 157 27 önskningsmål
440 1319 41 21 har
501 1320 134 26 Regeringen
654 1319 62 22 äfven
730 1318 172 27 tillmötesgått
892 1314 15 37 i

148 1352 42 22 den
212 1352 121 23 Ständerna
347 1354 35 21 vid
398 1354 69 21 denna
482 1354 103 27 landtdag
600 1354 94 27 delgifna
708 1352 193 23 finansrelationen.

216 1528 147 18 Statsutskottets
375 1528 116 18 betänkande
503 1529 38 18 N:o
557 1529 29 17 13.
