1086 1717
206 150 22 15 46
471 148 20 17 U.
504 149 21 17 B.
538 158 21 3 —
572 149 84 16 XXXII.

531 205 12 28 8
558 206 35 21 55.

253 246 100 21 Bankens
368 246 92 21 embets-
475 246 53 21 eller
543 246 129 26 tjenstemän
688 244 34 22 mä
737 244 46 22 icke
799 245 82 21 lemnas
893 246 48 21 kre-

184 280 32 21 dit
231 280 6 20 i
253 280 84 21 banken
354 280 53 21 eller
421 281 90 25 antagas
527 280 70 20 säsom
612 279 115 21 löftesmän
743 279 118 21 derstädes.

531 325 11 27 8
558 325 39 21 56.

253 365 99 21 Ansöker
374 365 91 21 medlem
487 364 24 22 af
531 365 134 21 direktionen
680 371 34 15 om
730 364 163 28 tjenstledighet
907 364 34 22 för

184 406 46 14 mer
253 401 27 19 än
299 399 36 21 tvä
350 399 101 21 mänader
467 399 53 22 eller
534 399 104 21 behöfver
652 399 81 21 vikarie
749 399 53 27 eljes
818 399 33 21 för
866 400 75 26 längre

184 433 31 22 tid
236 433 156 27 tillförordnas,
409 433 125 22 ankommer
549 434 37 21 det
601 433 28 27 pä
644 433 104 22 Senatens
765 434 118 21 Ekonomie
899 433 44 22 De-
961 441 3 4 *

184 469 122 26 partement
320 469 38 25 att,
374 468 55 21 efter
444 469 37 20 det
495 467 204 28 bankfullmäktiges
714 467 83 22 utskott
812 468 49 21 med
877 468 65 21 fram-

185 501 102 27 ställning
309 502 7 21 i
338 503 89 20 ärendet
449 502 117 26 inkommit,
582 502 118 21 detsamma
715 501 76 28 pröfva
805 502 40 21 och
860 501 82 28 afgöra.

253 535 51 22 Men
320 542 34 15 om
369 536 162 27 tjenstledighet
546 536 90 21 ansökes
652 536 53 21 eller
720 536 82 21 vikarie
818 542 79 15 annars
906 537 36 21 be-

184 569 76 22 höfver
275 570 146 21 tillförordnas
437 570 34 21 för
486 577 26 14 en
527 570 31 21 tid
574 570 23 21 af
610 570 36 21 två
657 570 102 21 månader
767 570 53 21 eller
828 571 114 26 derunder,

185 604 125 21 ankommer
324 605 100 20 ärendets
439 605 99 26 pröfning
554 605 38 20 och
608 604 117 27 afgörande
741 604 27 27 pä
783 604 158 21 bankfullmäk-

184 639 57 26 tiges
256 638 89 21 utskott.

253 672 111 22 Utskottet
387 673 130 22 tillkommer
537 673 79 27 jemväl
632 674 38 25 att,
686 672 55 22 efter
757 673 36 21 det
808 673 134 21 direktionen

185 707 49 21 med
249 707 99 26 yttrande
363 707 7 21 i
385 707 90 22 ärendet
485 707 117 26 inkommit,
615 707 75 26 pröfva
697 707 118 26 ansökning
824 713 34 15 om
867 707 75 26 tjenst-

184 741 97 26 ledighet
302 741 34 21 för
354 741 204 21 bankkommissarie
575 743 55 19 samt
646 742 37 25 att,
700 741 38 21 der
753 741 24 20 sä
792 741 91 26 fordras,
899 741 43 21 för-

185 775 68 21 ordna
268 775 81 21 vikarie
365 777 32 19 att
410 775 91 21 förrätta
516 774 332 27 bankkommissariebefattning.

254 809 106 27 Tillfällig
373 809 96 27 ledighet
483 809 34 21 för
532 809 62 26 högst
610 815 26 15 en
650 809 67 21 vecka
732 809 35 20 mä
782 809 55 21 dock
852 809 89 26 beviljas

185 843 60 20 såväl
260 843 155 21 bankdirektör
429 849 46 15 som
491 843 205 21 bankkommissarie
708 842 23 21 af
739 843 140 26 direktionen,
889 843 52 21 hvil-

184 877 42 21 ken
242 877 38 21 det
294 877 130 21 tillkommer
439 879 32 19 att
485 877 6 21 i
507 877 77 21 sädant
599 877 37 21 fall
652 877 108 21 äfvensom
777 877 52 26 eljes
845 877 36 21 vid
896 877 46 20 hin-

185 911 39 20 der
246 911 24 20 af
287 911 86 21 kortare
387 911 136 26 varaktighet
538 911 102 21 förordna
654 911 69 26 nägon
740 911 95 20 bankens
854 911 88 26 tjenste-

184 950 50 15 man
250 946 32 19 att
296 944 147 27 befattningen
459 945 68 21 under
542 945 58 21 tiden
616 945 96 20 förrätta.

254 975 107 25 Behöfver
382 985 69 15 annan
472 979 94 20 bankens
581 979 128 26 tjensteman
725 978 23 21 af
762 985 27 14 en
804 978 53 21 eller
873 985 69 14 annan

185 1013 65 21 orsak
273 1013 95 26 ledighet
390 1013 47 21 från
459 1013 99 26 tjensten,
575 1013 124 21 ankommer
714 1013 36 20 det
765 1012 28 27 pä
807 1012 134 21 direktionen

184 1048 33 19 att
231 1047 7 20 i
254 1047 90 20 ärendet
365 1047 86 21 besluta
471 1049 54 18 samt
541 1048 37 25 att,
593 1047 7 20 i
615 1046 104 21 händelse
734 1046 96 27 ledighet
845 1046 98 27 beviljas,

184 1081 104 20 förordna
303 1081 69 26 någon
389 1081 71 21 dertill
476 1081 88 26 lämplig
578 1087 84 20 person,
678 1080 56 21 helst
749 1081 57 20 inom
821 1080 81 26 verket,
911 1082 32 19 att

184 1115 95 26 tjensten
294 1115 69 21 under
377 1115 121 26 ledigheten
513 1115 102 21 bestrida.

533 1160 11 27 8
559 1160 35 21 57.

254 1193 94 27 Beviljas
363 1194 96 27 ledighet
473 1194 28 27 pä
516 1195 69 26 grund
600 1194 24 21 af
638 1194 70 27 styrkt
722 1193 98 27 sjukdom
838 1193 53 21 eller
906 1199 36 15 an-

184 1229 38 20 nat
237 1227 69 27 dylikt
321 1227 81 27 hinder,
418 1228 64 27 utgär
496 1228 107 21 vikariens
619 1228 80 21 arvode
714 1227 34 21 för
763 1233 26 15 en
804 1227 33 20 tid
847 1227 24 20 af
880 1227 63 26 högst

184 1263 34 20 tre
233 1261 103 22 månader
354 1261 24 21 af
391 1262 96 21 bankens
502 1262 69 21 medel
587 1262 33 21 till
636 1262 85 25 belopp,
737 1267 45 15 som
798 1261 23 20 af
837 1261 106 21 bankfull-

184 1296 108 26 mäktiges
314 1296 83 21 utskott
419 1296 28 27 pä
469 1296 145 21 direktionens
636 1296 158 26 framställning
816 1295 42 21 kan
877 1296 67 20 varda

184 1329 118 22 faststäldt.
333 1330 49 21 Men
405 1330 55 21 efter
479 1330 107 26 förloppet
601 1330 23 20 af
637 1330 92 20 nämnda
745 1329 31 21 tid
791 1329 109 21 äfvensom
916 1329 28 21 dä

184 1363 98 27 ledighet
300 1364 62 20 sökes
378 1364 33 20 för
426 1364 98 21 enskilda
539 1364 186 26 angelägenheter,
742 1363 83 27 äligger
839 1363 104 27 tjenstens

184 1397 140 22 innehafvare
347 1399 32 20 att
401 1397 23 22 af
445 1398 46 21 sina
510 1398 158 21 löneförmoner
682 1397 58 21 afstä
755 1397 24 21 sä
794 1398 91 26 mycket,
897 1403 45 15 som

184 1430 34 22 för
234 1431 106 27 tjenstens
356 1432 102 26 behöriga
473 1432 137 21 bestridande
620 1432 67 21 under
695 1432 124 26 ledigheten
828 1431 115 22 erfordras.

256 1471 139 17 Bankutskottets
406 1472 105 16 betänkande
523 1472 34 16 N:o
570 1472 16 16 3.
