1086 1717
224 156 28 22 10
465 157 22 22 U.
502 156 26 26 B,
542 170 29 3 —
585 154 85 26 XXXIL

194 219 78 22 tralort
288 220 34 21 för
338 220 35 21 det
387 219 103 29 nordliga
504 220 108 22 Karelens
627 220 82 22 handel
724 219 120 22 förmedlar
859 226 27 15 en
899 216 41 25 be-

194 254 98 28 tydande
313 255 196 27 varuomsättning.
539 255 35 21 Då
594 254 70 22 likväl
682 254 73 28 någon
771 256 70 20 större
855 251 83 25 rörelse

194 288 70 21 under
279 288 27 22 de
321 288 68 22 första
404 288 52 22 åren
473 289 26 21 af
511 289 37 21 det
562 296 46 21 nya
616 289 113 21 kontorets
738 288 141 22 verksamhet
888 288 50 22 icke

194 322 45 21 kan
263 322 50 22 med
334 322 81 22 visshet
430 323 120 27 påräknas,
565 323 40 21 bar
620 322 231 28 bankförvaltningen,
867 322 67 28 enligt

194 356 124 22 Utskottets
333 357 94 28 mening,
436 357 88 21 förfarit
539 357 147 22 omtänksamt
701 357 8 21 i
724 359 32 19 att
771 357 34 21 till
820 364 27 14 en
857 357 79 27 början

194 390 62 28 gifva
280 390 101 22 kontoret
405 398 26 14 en
456 391 134 28 provisionel
612 392 105 21 karakter
739 391 40 21 och
805 391 68 21 ställa
888 391 48 21 dess

194 425 136 28 förvaltning
351 425 29 28 på
402 432 26 15 en
452 426 91 22 enklare
567 426 40 22 och
630 426 102 28 billigare
747 425 32 22 fot
795 428 27 19 än
838 426 100 21 bankens

194 459 72 28 öfriga
282 459 211 28 afdelningskontor.

263 493 75 22 Under
361 494 42 21 den
425 495 38 21 vid
481 495 187 27 föredragningen
684 495 25 21 af
721 494 216 27 Bankfullmäktiges

193 527 119 22 berättelse
334 529 8 20 i
365 528 162 29 Ridderskapet
551 529 39 22 och
613 529 71 21 Adeln
702 529 63 21 förda
784 528 152 22 diskussionen

194 562 99 21 uttalade
316 563 70 27 några
408 563 100 22 ståndets
531 563 120 22 ledamöter
673 563 176 22 önskvärdheten
869 563 24 21 af
905 565 32 19 att

193 596 172 22 Bankutskottet
379 597 53 21 ville
447 598 71 21 utläta
533 597 35 28 sig
584 597 114 28 angående
715 597 26 22 de
757 597 118 28 principer,
891 603 47 15 som

193 631 68 20 borde
284 631 66 27 följas
368 631 38 21 vid
421 631 126 22 inrättande
563 632 25 21 af
601 632 100 21 bankens
716 631 86 22 filialer.
831 631 58 22 Utan
905 633 31 20 att

193 664 53 28 ingå
271 665 7 20 i
301 671 27 15 en
350 665 170 28 fullständigare
536 666 118 27 utredning
669 666 25 21 af
707 666 73 21 denna
794 665 71 28 fråga,
880 665 59 22 helst

194 699 72 27 någon
283 699 69 21 sådan
367 699 50 22 icke
432 700 74 21 blifvit
521 701 112 20 Utskottet
649 700 110 21 affordrad
774 700 40 21 och
831 700 20 27 ej
868 699 69 22 heller

193 733 72 28 ligger
287 733 7 21 i
316 733 83 28 planen
421 734 34 21 för
471 734 73 22 denna
557 735 125 26 berättelse,
698 734 38 21 vill
751 734 118 27 Utskottet,
885 736 56 19 enär

194 769 74 19 ämnet
287 767 56 22 dock
359 770 24 19 är
399 769 25 20 af
437 769 131 27 obestridlig
582 769 54 27 vigt,
652 769 131 21 derutinnan
800 768 89 28 angifva
904 768 36 21 åt-

194 801 109 22 minstone
318 802 69 27 några
403 803 113 21 allmänna
531 803 143 28 synpunkter.

262 836 71 21 Innan
348 843 50 14 man
413 837 98 22 besluter
525 837 35 28 sig
575 837 34 22 för
624 837 135 22 inrättandet
774 837 26 21 af
813 839 30 19 ett
858 837 78 22 sådant

194 869 80 22 kontor
296 871 39 20 bör
358 871 68 28 enligt
449 871 123 22 Utskottets
595 872 67 21 tanke
677 872 78 21 främst
770 874 64 25 tagas
849 872 90 27 hänsyn

192 904 35 21 till
241 905 218 28 varuomsättningen
475 906 13 21 &
504 907 68 20 orten.
602 899 31 28 Är
648 912 26 15 en
690 906 51 21 stad
757 905 82 22 blifven
855 908 80 19 etttra-

192 938 130 22 fikeentrum
337 939 25 21 -af
375 939 41 22 den
431 940 114 27 betydelse
560 942 32 19 att
608 942 69 19 större
692 940 117 27 varulager
824 939 111 22 derstädes

192 973 130 28 uppstaplas
337 973 40 22 och
393 976 32 19 ätt
441 974 64 21 äfven
521 974 33 21 för
569 974 178 21 mellanhandeln
763 974 80 27 uppstå
858 974 79 21 tillfäl-

191 1007 37 21 len
242 1007 35 21 till
293 1007 146 28 inbringande
455 1008 70 27 profit,
533 1008 25 21 så
570 1008 130 22 framkallas
716 1008 39 21 hos
772 1008 55 27 dem,
845 1014 45 15 som
907 1008 27 27 på

191 1041 88 29 platsen
294 1041 72 22 drifva
381 1042 80 21 affärer
476 1049 27 15 en
519 1049 57 21 gros,
585 1044 31 19 ett
630 1042 114 28 oafvisligt
759 1042 69 21 behof
835 1044 32 19 att
874 1042 29 28 på
911 1042 24 21 så

192 1077 55 19 nära
253 1075 98 22 hällsom
359 1076 86 28 möjligt
453 1077 71 20 anlita
532 1077 181 25 dekreditmedel,
718 1083 26 14 en
753 1076 187 28 bankinrättning:

191 1109 109 28 erbjuder.
331 1109 39 22 Om
392 1111 77 22 vidare
491 1111 8 20 i
514 1111 77 21 staden
608 1111 53 21 eller
675 1110 172 28 kringliggande
863 1110 72 22 lands-

194 1145 34 20 ort
250 1144 88 21 utöfvas
361 1151 27 14 en
403 1144 94 22 industri
513 1145 26 20 af
550 1145 43 21 den
608 1145 133 27 omfattning
755 1147 33 18 att
802 1145 51 21 dess
868 1145 68 20 alster

190 1177 70 22 vinna
282 1178 122 28 afsättning
425 1179 30 27 på
471 1181 30 19 ett
516 1179 160 21 vidsträcktare
692 1178 94 27 område,
802 1180 64 26 utgör
878 1178 59 28 jem-

190 1212 36 21 väl
250 1212 74 21 denna
346 1213 162 27 omständighet
524 1213 7 20 i
546 1213 139 21 omförmäldt
701 1212 104 21 afseende
821 1214 30 19 ett
867 1212 67 22 beak-

190 1247 115 21 tansvärdt
327 1247 73 21 motiv.
431 1247 49 22 Men
504 1247 13 21 &
539 1247 70 21 andra
624 1247 63 21 sidan
704 1247 39 21 bör
758 1253 51 14 man
825 1246 19 28 ej
863 1247 70 21 lemna

190 1287 26 15 ur
238 1281 57 27 sigte
314 1281 110 22 huruvida
446 1281 65 22 äfven
527 1281 102 22 enskilda
644 1281 85 21 banker
744 1281 67 21 hafva
827 1280 106 22 afdelnin-

189 1322 41 20 gar
248 1316 14 20 å
284 1318 68 19 orten.
382 1316 11 21 I
408 1316 80 21 sådant
505 1316 39 21 fall
559 1316 75 21 kunde
649 1315 112 28 nämligen
777 1315 27 21 de
821 1315 111 27 impulser,

190 1356 45 14 som
257 1356 27 14 en
306 1350 128 27 härigenom
451 1350 166 22 åstadkommen
632 1350 80 21 lättare
726 1349 210 28 penningetillgång

190 1383 163 28 otvifvelaktigt
367 1384 74 22 skulle
456 1384 76 22 utöfva
546 1384 29 28 på
590 1386 74 20 ortens
678 1384 82 21 handel
776 1383 41 21 och
833 1383 101 27 industri,

188 1419 62 19 snart
266 1420 74 18 urarta
355 1418 34 21 till
405 1418 139 28 benägenhet
560 1420 31 20 att
601 1418 126 22 missbruka
736 1417 103 21 krediten
849 1416 41 22 och
900 1417 33 21 in-

188 1451 50 21 föra
261 1453 30 20 ett
314 1454 81 25 system
418 1453 26 21 af
462 1453 230 27 vexelomsättningar,
715 1452 120 27 hinderligt
857 1451 34 22 för
906 1458 27 14 en

259 1491 154 19 Bankutskottets
425 1493 96 17 berättelse
533 1491 127 23 (betänkande
671 1492 37 18 N:o
720 1493 26 20 1).
