1086 1717
231 142 29 22 54

200 205 82 21 nämna
296 204 52 22 eller
363 205 87 28 deltaga
464 206 8 21 i
486 206 160 21 utnämnandet
661 205 25 22 af
698 206 58 22 vissa
783 204 186 29 åklagaresysslor

201 239 50 21 med
266 245 65 15 mera.

269 273 10 21 I
295 274 72 21 denna
389 274 131 27 omfattning
542 274 96 21 infördes
662 274 95 22 embetet
772 274 50 21 med
839 274 33 21 sin
889 273 73 21 förän-

199 308 67 21 drade
281 307 158 30 benämning”)
453 308 8 22 i
476 308 142 28 reglementet
630 308 34 22 för
672 308 227 28 regeringskonseljen
908 307 26 22 af
940 308 26 21 år

201 342 55 22 1809
272 342 40 22 och
328 342 49 25 fick,
394 343 70 21 såsom
479 342 118 27 erinrades,
614 343 24 21 år
655 344 55 21 1812
722 342 33 22 sin
771 342 142 26 instruktion,
930 341 35 22 för

199 376 89 22 hvilken
302 376 8 22 i
325 383 27 15 en
368 376 34 22 del
417 376 94 28 punkter
533 384 60 14 mera
608 378 27 20 de
651 377 61 21 äldre
728 376 190 22 instruktionerna
934 377 29 20 än

202 411 42 21 den
254 418 46 14 som
312 410 63 29 gälde
384 410 35 22 vid
434 410 86 22 landets
531 410 108 29 skiljande
650 411 48 21 från
712 411 90 27 Sverige
819 417 64 22 synes
899 410 67 28 tagits

200 445 34 22 till
250 445 98 22 förebild.

268 480 64 21 Hvad
347 487 30 14 nu
392 479 103 22 särskildt
515 479 135 23 vidkommer
669 479 125 22 kontrollen
809 479 53 22 eller
878 479 85 22 inseen-

200 515 36 20 det
251 514 60 22 öfver
326 516 33 20 att
373 514 36 28 lag
424 514 40 22 och
480 515 44 21 rätt
544 514 26 22 af
588 514 240 28 statsmyndigheterna
852 513 114 28 iakttagas

199 548 41 22 och
262 549 115 28 tillämpas,
393 550 25 20 är
432 549 55 21 först
503 551 32 19 att
549 549 77 22 märka
646 551 33 20 att
702 549 81 21 liksom
809 547 156 28 regeringsfor-

198 589 50 15 men
264 583 25 21 af
303 584 55 21 1772
373 583 41 22 och
430 583 162 22 instruktionen
607 583 34 22 för
660 582 191 29 justitiekanslern
867 582 26 22 af
907 582 56 21 1779

198 617 35 22 för
248 618 73 21 denna
342 617 141 28 befogenhets
498 618 42 21 fria
554 618 101 27 utöfning
670 619 24 20 åt
716 617 198 28 justitiekanslern,
930 617 35 20 så-

198 659 47 14 som
260 651 117 28 konungen
399 659 74 15 ensam
495 653 51 21 redo
569 653 41 21 och
626 652 126 27 räkenskap
775 651 90 29 skyldig,
882 651 40 28 gaf
936 657 27 15 en

200 685 48 22 från
264 686 44 21 alla
323 686 136 23 förvaltande
474 694 92 21 organer
581 687 121 28 oafhängig
718 686 114 27 ställning,
848 693 39 15 var
903 687 62 20 detta

199 719 64 22 äfven
286 720 66 28 syftet
373 722 50 21 med
444 721 194 28 bestämningarna
652 722 8 21 i
675 721 146 28 reglementet
841 720 34 21 för
896 720 68 27 Rege-

199 754 174 29 ringskonseljen
389 756 40 21 och
447 756 162 21 instruktionen
624 756 25 21 af
668 757 63 25 1812,
756 755 141 27 hvarigenom
916 761 48 21 pro-

199 788 107 23 kuratorn
321 789 107 22 förklaras
442 790 48 22 icke
505 797 53 16 vara
573 791 72 27 någon
661 797 74 14 annan
752 791 29 20 än
796 789 168 27 Generalguver-

199 824 69 21 nören
283 825 162 26 underordnad,
458 825 67 22 likväl
545 825 51 21 med
619 825 124 27 skyldighet
760 825 33 20 att
808 823 64 22 äfven
887 823 8 21 i
910 823 54 22 afse-

199 858 56 21 ende
278 858 13 21 å
308 858 132 28 lagligheten
456 859 25 21 af
494 860 82 20 dennes
594 859 102 27 åtgärder
712 858 79 22 utöfva
806 859 42 20 den
863 857 101 27 befogen-

200 891 44 27 het,
261 899 46 14 som
322 893 7 20 i
345 894 11 20 7
373 894 12 26 &
400 893 25 22 af
438 900 83 15 samma
536 893 133 22 instruktion
685 892 146 22 omförmäles.

269 926 112 23 Granskar
402 935 51 14 man
475 929 67 20 sedan
565 929 100 20 närmare
680 928 29 27 på
723 927 61 21 hvad
799 928 44 20 sätt
858 933 51 14 man
925 932 37 21 ge-

198 967 51 16 nom
264 961 160 22 instruktionen
439 962 34 21 för
487 962 147 28 prokuratorn
643 961 49 22 sökt
700 961 135 27 förverkliga
843 960 120 22 omordade

197 995 95 28 uppgift,
314 995 80 22 företer
409 997 32 27 sig
456 997 35 22 väl
514 996 176 28 någon
589 990 11 38 '
603 996 87 28 olikhet
709 996 8 21 i
735 995 106 22 afseende
859 995 14 21 å
891 994 73 21 skilda

198 1029 158 28 myndigheter,
371 1037 49 15 men
436 1033 31 19 ett
481 1033 135 25 gemensamt
632 1031 53 27 drag
700 1032 25 20 är
739 1032 35 19 att
785 1032 32 19 ett
827 1029 135 22 omedelbart

198 1064 130 27 ingripande
345 1071 78 21 genom
438 1065 136 22 föreskrifter
588 1072 36 15 om
639 1065 57 22 hvad
712 1071 48 15 som
776 1064 40 21 bör
831 1065 64 26 göras
910 1063 54 22 eller

197 1097 35 22 för
246 1100 34 19 att
294 1099 60 21 rätta
368 1099 43 26 det,
427 1106 46 15 som
492 1099 110 22 befunnits
624 1099 109 27 felaktigt,
749 1097 50 22 icke
814 1099 25 20 är
855 1097 106 28 prokura-

197 1134 50 19 torn
263 1132 117 27 medgifvet
394 1133 7 21 i
417 1134 102 21 afseende
534 1135 14 20 å
562 1135 68 20 andre
645 1135 29 20 än
690 1149 12 11 ,,
704 1133 99 22 kronans
819 1132 143 21 ombudsmän

198 1166 41 22 och
254 1166 108 27 fiskaler'',
378 1167 85 22 hvilkas
477 1167 230 28 lydnadsförhällande
722 1167 35 22 till
768 1167 145 27 prokuratorn
926 1166 37 21 be-

198 1201 74 27 tingas
293 1203 61 19 utom
369 1201 25 22 af
407 1202 36 21 det
466 1202 103 27 chefskap
590 1202 41 21 och
650 1203 42 20 den
711 1201 190 27 utnämningsrätt
916 1207 48 15 som

198 1236 37 21 det
250 1235 8 21 i
273 1235 102 22 afseende
390 1236 13 21 &
417 1236 58 22 vissa
490 1236 67 22 bland
572 1237 49 21 dem
637 1236 112 22 befunnits
759 1235 100 28 lämpligt
870 1235 93 28 tillägga

198 1269 153 29 prokuratorn,
367 1269 46 23 dels
428 1270 26 22 af
466 1271 42 21 den
529 1271 188 28 omständigheten
733 1272 35 20 att
784 1271 27 21 de
827 1271 38 21 äro
881 1270 80 22 honom

197 1305 168 21 underordnade
380 1311 93 21 organer
483 1306 49 21 med
547 1306 117 21 enahanda
678 1306 95 27 uppgift,
785 1304 45 22 dels
845 1305 41 21 ock
902 1305 65 22 deraf

198 1341 33 20 att
246 1339 157 28 prokuratorns
425 1347 60 15 mera
507 1340 135 22 omfattande
665 1339 140 23 verksamhet
825 1339 48 21 icke
893 1340 70 21 skulle

198 1374 77 21 kunna
289 1376 54 19 utan
358 1374 84 22 sådana
457 1381 103 21 organers
575 1374 85 22 biträde
675 1374 96 22 utöfvas.

268 1425 20 22 *)
304 1424 11 18 I
328 1424 76 18 Calonii
420 1425 75 23 förslag
507 1425 31 18 till
550 1426 135 23 organisation
698 1426 23 17 af
732 1430 26 13 en
771 1424 191 24 Regeringskonselj

197 1453 33 18 för
241 1453 87 18 Finland
340 1453 98 19 bibehölls
450 1456 53 16 ännu
516 1454 38 18 den
566 1454 66 23 gamla
644 1454 153 22 benämningen.
