1086 1717
832 147 25 19 91

132 211 88 27 morial,
242 210 92 22 hvilket
355 210 39 22 vid
415 210 80 28 hvarje
511 210 181 21 sammanträdes
708 210 48 21 slut
771 210 60 21 skall
847 218 42 13 un-

133 246 136 21 dertecknas
292 245 25 22 af
337 245 45 22 alla
404 245 59 28 dem,
479 252 50 14 som
550 244 9 22 i
581 244 181 22 sammanträdet
784 244 105 28 deltagit.

133 280 80 29 Yppas
236 279 169 29 skiljaktighet,
428 287 55 15 vare
503 279 44 21 den
563 279 62 29 åsigt
640 279 115 28 gällande,
779 286 49 14 som
843 286 48 14 om-

134 314 71 23 fattas
228 314 26 22 af
274 314 28 22 de
323 314 67 22 flesta
407 316 112 26 rösterna,
535 314 44 22 och
594 314 46 21 den
655 313 124 23 förefallna
794 315 97 20 omröst-

135 350 88 29 ningen
238 350 60 22 skall
314 349 125 22 antecknas
454 349 9 21 i
478 348 150 22 memorialet.

204 384 47 23 Vid
272 384 78 22 förfall
372 384 56 22 elier
447 383 38 29 jäf
504 383 37 23 för
560 383 135 29 någondera
710 383 26 22 af
748 382 143 23 komiterade

135 420 101 22 inkallas
258 420 9 21 i
289 419 58 22 hans
369 419 68 22 ställe
459 419 130 29 suppleant.
619 413 34 27 Är
668 418 224 23 bankkommissarie

135 455 77 29 jäfvig
234 454 56 22 eller
312 458 25 18 är
352 454 81 22 endast
448 462 30 14 en
493 453 131 22 komiterad
638 453 9 22 i
663 453 94 22 tillfälle
773 455 34 20 att
820 453 73 29 jemte

137 489 75 22 denne
235 489 93 28 deltaga
349 489 8 22 i
378 488 113 29 pröfning
506 488 26 22 af
552 488 90 28 ärende,
666 488 46 22 kan
727 488 128 22 detsamma
870 487 26 22 af

138 525 40 22 två
193 523 99 29 afgöras,
308 531 37 14 om
359 523 28 22 de
403 527 38 18 äro
457 531 38 14 om
509 523 103 22 beslutet
627 530 61 15 ense.

483 601 14 25 s
513 601 33 20 63.

208 639 150 22 Komiterade
371 639 90 29 ätnjuta
477 639 84 22 arvode
577 639 37 22 till
627 639 91 29 belopp,
730 646 50 15 som
791 639 24 22 af
823 638 72 23 bank-

139 674 149 29 fullmäktige
305 675 28 27 pä
348 673 159 23 direktionens
523 673 175 29 framställning
712 673 134 22 fastställes.

449 806 60 33 Kap.
525 807 58 24 VIII.

336 865 37 22 Om
387 865 96 22 revision
499 865 41 22 och
554 865 149 29 inventering.

485 930 14 25 $
515 931 33 20 64.

210 968 154 22 Revisorerne
387 968 175 28 sammanträda,
586 968 30 29 pä
629 968 97 22 kallelse
742 968 27 22 af
781 968 118 22 bankfull-

144 1003 110 28 mäktige,
270 1003 8 21 i
293 1003 149 28 Helsingfors
457 1003 74 22 första
546 1002 101 29 helgfria
662 1003 41 28 dag
718 1003 8 21 i
739 1003 60 29 april
809 1002 89 23 mänad.

211 1037 50 22 Har
271 1037 87 22 revisor
370 1037 83 29 förfall,
469 1037 89 22 anmäle
574 1037 79 22 derom
668 1037 42 22 hos
726 1037 173 22 bankfullmäk-

143 1073 55 28 tige,
215 1079 49 14 som
287 1079 43 22 ega
352 1072 94 29 vidtaga
464 1071 83 29 ätgärd
562 1079 38 15 om
614 1071 135 23 inkallande
764 1072 27 22 af
803 1072 98 28 behörig

144 1107 124 29 suppleant
282 1107 9 21 i
306 1107 57 21 hans
380 1107 73 22 ställe.

211 1141 154 22 Revisorerne
387 1143 52 20 utse
461 1141 64 22 inom
548 1141 36 29 sig
606 1141 138 22 ordförande
763 1141 43 22 och
821 1141 80 22 kunna

144 1176 85 22 mellan
245 1176 37 28 sig
296 1175 89 22 fördela
397 1176 135 29 göromälen
542 1176 76 21 säsom
634 1175 52 22 dem
700 1176 109 29 lämpligt
824 1183 76 22 synes.

144 1211 55 22 Men
214 1218 38 14 om
266 1210 67 29 fräga
347 1211 97 29 uppstär
459 1210 119 29 angäende
592 1211 155 28 anmärkning
757 1211 57 22 eller
824 1218 77 14 annan

145 1245 113 28 anmälan,
282 1245 66 22 skola
370 1245 105 28 samtlige
497 1245 114 22 revisorer
633 1245 12 22 i
662 1245 181 29 öfverläggning
858 1245 44 22 och

144 1280 77 22 beslut
237 1279 79 23 derom
332 1279 98 30 deltaga.

213 1314 105 29 Uppstär
340 1314 163 30 skiljaktighet
522 1315 9 21 i
546 1315 126 28 meningar,
696 1314 61 29 gälle
773 1315 76 21 såsom
863 1314 40 22 be-

146 1350 48 21 slut
215 1348 45 22 den
283 1349 67 28 äsigt,
373 1349 98 22 hvilken
495 1349 108 22 omfattas
626 1348 26 22 af
665 1348 28 22 de
709 1348 67 23 flesta
791 1350 111 21 rösterna.

145 1383 47 23 Vid
206 1384 50 21 lika
271 1384 63 21 antal
349 1385 74 20 röster
438 1384 35 22 för
489 1384 63 22 olika
566 1384 122 28 meningar
698 1383 41 22 har
749 1382 155 24 ordföranden

147 1417 125 30 afgörande
286 1420 56 20 röst.
363 1413 11 38 =
396 1419 2 2 |

217 1452 44 22 Vid
285 1452 156 22 revisorernes
464 1452 186 23 sammanträden
671 1452 61 22 föres
748 1452 118 29 protokoll
881 1451 26 22 af

147 1486 44 22 den
206 1486 145 22 revisorerne
365 1486 80 22 dertill
459 1489 58 20 utse.

825 1530 10 16 6
