1086 1717
198 435 16 25 I.
238 435 46 26 Om
298 435 119 26 Bankens
433 434 126 31 tillstånd,
576 436 96 25 rörelse
688 437 48 24 och
753 418 170 55 förvaltning.

252 505 68 22 Efter
342 505 45 22 den
409 505 58 30 högt
489 506 130 29 uppjagade
641 506 224 29 affärsverksamhet,
890 514 48 14 som

182 540 118 22 utmärkte
314 540 119 23 tidskiftet
453 543 147 26 1872—1876,
619 541 43 22 och
673 541 71 22 sedan
755 541 28 22 de
794 541 67 22 deraf
869 541 69 22 fram-

182 575 92 22 kallade
294 575 151 22 ekonomiska
461 576 147 28 störingarna
623 575 80 23 blifvit
718 576 8 21 i
741 576 78 29 någon
834 583 55 15 mon
904 576 34 22 öf-

181 617 127 21 vervunna,
331 610 41 21 har
394 613 29 19 en
445 611 9 21 i
477 610 126 22 allmänhet
625 611 97 28 lugnare
741 611 82 28 period
843 610 93 27 inträdt,

181 644 132 23 hvarunder
328 645 73 22 likväl
417 645 45 22 den
472 645 147 28 afmattning,
631 653 50 14 som
691 649 25 18 är
727 653 28 14 en
765 646 104 28 naturlig
879 645 59 29 följd

181 679 26 22 af
223 679 131 22 krafternas
375 679 184 30 öfverspänning
578 680 43 21 och
636 679 46 22 den
696 681 180 28 genomgångna
891 680 46 21 kri-

180 722 48 21 sen,
248 714 142 22 fortfarande
410 715 63 28 gjort
493 715 37 28 sig
549 715 107 21 märkbar
675 715 163 28 förnämligast
853 722 84 21 genom

179 749 109 22 minskad
310 749 130 29 afsättning
461 749 64 22 inom
546 750 72 28 några
640 749 93 29 vigtiga
752 749 185 29 industrigrenar

180 783 43 22 och
238 783 68 22 deraf
318 784 123 29 betingadt
455 784 135 29 nedgående
606 784 25 21 af
644 784 168 29 varupriserna.
843 783 35 22 Af
891 787 45 18 sär-

180 818 62 22 skild
258 818 119 29 betydelse
393 818 36 23 för
444 819 52 22 värt
514 819 55 21 land
584 822 39 19 äro
639 819 203 29 konjunkturerna
856 819 30 28 pä
901 820 35 20 ut-

179 853 91 22 landets
286 853 213 28 trävarumarknad,
515 853 28 22 dä
559 853 114 29 skogarne
684 853 42 22 hos
737 861 38 14 oss
787 857 62 18 ännu
859 853 76 22 lemna

179 887 109 29 omkring
306 887 90 22 hälften
417 887 27 22 af
461 888 169 29 exportvärdet.
661 888 35 21 De
715 887 142 22 väldsamma
876 887 58 22 fluk-

179 922 123 29 tuationer,
319 929 48 15 som
383 922 9 21 i
407 922 77 22 denna
499 922 127 29 affärsgren
641 922 74 22 under
731 924 34 19 ett
781 921 104 23 årtionde
896 924 39 26 egt

178 964 58 21 rum,
252 960 39 19 äro
314 957 70 22 också
404 957 34 28 de,
460 964 49 15 som
529 959 81 27 tyngst
628 957 99 22 drabbat
746 957 63 21 såväl
829 956 106 22 enskilda

176 999 112 21 personer
312 999 49 14 som
385 991 235 29 kreditinrättningar
648 991 120 22 härstädes
798 991 43 22 och
866 991 68 21 hvars

177 1026 212 29 olycksbringande
412 1026 142 29 verkningar
575 1026 46 21 fått
644 1034 29 14 en
692 1026 61 21 ökad
771 1026 163 27 utsträckning

177 1061 135 28 derigenom
332 1063 34 20 att
385 1068 117 21 personer,
521 1063 56 20 utan
597 1063 35 19 att
650 1069 43 20 ega
708 1061 29 21 de
752 1060 37 22 för
804 1060 130 22 ändamålet

176 1095 88 29 nödiga
285 1096 105 28 insigter,
414 1103 85 21 genom
521 1095 119 29 tillfälliga
663 1095 111 22 skenbart
799 1102 135 21 gynsamma

176 1130 173 29 konjunkturer
364 1131 91 21 lockats
471 1132 34 20 att
521 1130 49 22 dels
585 1130 150 29 personligen
751 1129 121 29 öfvertaga
887 1129 47 22 led-

176 1165 90 28 ningen
286 1165 25 22 af
328 1165 161 29 skogsaffärer,
509 1165 49 22 dels
578 1165 49 22 deri
647 1165 88 22 insätta
756 1164 115 29 kapitaler
891 1163 42 22 och

176 1199 84 23 kredit.
290 1199 55 22 Men
367 1207 38 14 om
425 1199 160 22 erfarenheten
605 1199 98 22 sålunda
722 1206 69 21 synes
811 1198 66 29 gifva
894 1198 40 22 vid

175 1234 99 28 handen,
298 1236 34 19 att
351 1241 29 14 en
401 1236 73 20 större
493 1234 150 29 försigtighet
662 1233 53 22 från
734 1233 130 22 bankernas
885 1233 49 21 sida

175 1268 40 23 vid
234 1268 145 30 beviljandet
399 1269 25 22 af
441 1269 78 22 kredit
539 1269 35 22 för
588 1269 63 22 vissa
667 1267 162 29 affärsföretag
843 1267 91 22 kunnat

174 1311 56 15 vara
252 1304 27 21 af
298 1303 83 29 nöden,
405 1304 69 22 äfven
497 1304 43 25 der
554 1304 67 22 dessa
638 1303 125 29 uppburits
783 1302 26 22 af
824 1310 110 21 personer

174 1338 53 22 med
248 1338 47 29 god
310 1338 138 22 ekonomisk
464 1338 118 29 ställning,
599 1339 25 21 så
639 1338 43 22 bör
696 1338 14 21 å
725 1337 72 22 andra
813 1336 66 22 sidan
894 1336 40 22 vid

174 1373 156 22 bedömandet
349 1373 26 22 af
391 1374 139 22 hithörande
545 1373 79 29 frågor
639 1373 21 29 ej
676 1372 101 22 förbises
793 1374 34 20 att
842 1371 91 29 prisfal-

173 1408 34 22 let
226 1409 30 28 på
276 1410 105 20 trävaror
396 1408 61 22 varit
473 1410 72 20 större
560 1408 44 22 och
618 1408 170 28 långvarigare,
805 1410 30 18 än
850 1414 83 21 genom

173 1443 80 28 någon
272 1443 131 29 beräkning
422 1444 91 21 kunnat
532 1443 108 28 förutses,
660 1444 35 20 ett
715 1441 152 28 förhållande,
885 1448 48 15 som

174 1477 20 29 ej
211 1478 8 21 i
234 1478 73 28 något
322 1477 41 22 fall
379 1478 91 22 kunnat
485 1478 74 29 aflöpa
574 1479 57 21 utan
646 1484 50 15 mer
710 1476 57 22 eller
777 1476 90 22 mindre
877 1476 56 22 kän-
