1086 1717
232 150 28 20 28
579 148 10 21 I

205 218 71 20 denna
300 217 105 27 landtdag
431 217 24 21 af
478 217 235 27 Finansexpeditionen
739 216 80 22 aflåtna
842 216 91 22 relation
956 216 7 22 i

204 258 82 15 samma
302 253 69 19 ämne.

274 286 58 26 50:0)
363 286 71 21 Sedan
458 286 123 21 Ständerna
604 286 32 20 uti
660 292 25 14 en
710 286 32 20 till
765 285 61 21 Hans
842 286 122 26 Kejserliga

204 320 104 27 Majestät
332 320 79 22 afläten
434 320 75 22 adress
529 320 6 22 i
551 320 174 26 underdänighet
741 320 92 20 anhällit
848 326 34 15 om
898 320 66 26 nädig

204 354 104 22 tillätelse
331 355 34 21 för
388 355 35 21 det
442 355 72 21 finska
529 354 69 22 folket
614 357 32 19 att
662 356 23 20 ät
700 354 84 22 minnet
799 354 24 21 af
836 354 61 21 Hans
912 354 51 27 Kej-

205 389 81 27 serliga
308 389 114 27 Majestäts
445 389 62 27 Höge
530 389 62 21 fader
615 389 40 21 och
677 389 141 25 företrädare,
838 389 125 26 Högstsalig

204 424 61 21 Hans
282 424 103 27 Majestät
400 424 106 27 Kejsaren
523 424 40 21 och
579 423 135 22 Storfursten
730 424 122 21 Alexander
863 424 21 21 II
895 423 7 21 i
912 423 50 21 Fin-

205 459 63 20 lands
286 458 131 22 hufvudstad
432 465 95 20 uppresa
543 465 26 14 en
585 459 147 20 monumental
744 461 65 24 staty,
820 460 57 19 samt
888 459 32 20 att
929 457 34 22 för

206 493 125 21 ändamälet
350 499 76 20 genom
442 499 27 15 en
485 493 23 21 af
522 493 123 21 Ständerna
661 493 79 21 utsedd
756 493 122 26 delegation
894 493 70 20 föran-

206 527 67 22 stalta
292 528 144 21 en*national
455 528 156 27 subskription,
627 528 41 21 har
683 527 61 22 Hans
760 527 123 27 Kejserliga
898 527 66 27 Maje-

206 564 45 19 stät
273 563 50 20 med
346 563 119 26 synnerligt
488 563 105 26 välbehag
611 563 100 26 upptagit
730 563 71 20 denna
817 562 147 27 underdäniga

206 597 102 21 anhällan
325 597 39 21 och
379 597 71 21 täckts
467 597 125 21 densamma
607 597 89 26 nädigst
711 596 81 22 bifalla.

275 631 60 21 Hans
351 631 122 27 Kejserliga
489 632 103 27 Majestät
607 632 40 21 har
663 632 124 21 sedermera
802 631 49 21 lätit
867 631 32 26 sig
908 631 56 21 före-

206 666 80 26 dragas
309 666 133 21 Ständernas
463 667 41 20 den
524 667 12 20 3
552 667 51 20 Juni
621 667 53 21 1882
690 666 34 21 till
740 666 60 21 Hans
815 666 103 27 Majestät
934 665 30 21 af-

205 700 61 21 lätna
289 701 150 26 underdäniga
461 701 119 27 skrifvelse,
604 701 61 21 hvari
689 701 123 21 Ständerna
828 701 87 26 anmält,
932 702 32 19 att

206 734 123 22 Ständerna
351 735 33 21 till
404 736 94 21 nämnda
517 735 121 27 delegation
654 737 69 20 utsett
739 736 36 20 tvä
790 735 118 21 ledamöter
924 735 40 20 och

205 770 37 20 tvä
258 770 139 26 suppleanter
408 769 33 22 för
451 770 75 27 hvarje
538 770 70 26 ständ,
620 772 56 19 samt
687 771 33 20 att
731 769 157 27 delegationen,
900 769 63 21 hvars

206 804 138 21 verksamhet
358 805 91 22 komme
473 807 33 18 att
528 804 91 22 fortfara
642 804 56 21 intill
722 805 50 20 dess
792 804 121 21 Ständerna
928 803 36 21 vid

206 839 72 20 denna
293 839 104 27 landtdag
412 839 93 27 vidtagit
519 839 127 27 ytterligare
662 839 78 26 ätgärd
756 839 6 20 i
779 839 74 26 saken,
868 838 53 27 egde
931 837 33 22 för

206 872 143 29 ofvanantydt
367 874 102 21 ändamäl
489 874 98 21 anordna
602 881 27 14 en
644 873 99 22 nationa]
760 873 147 26 subskription
924 873 38 21 och

206 907 94 22 förvalta
315 909 34 20 för
364 909 121 21 detsamma
500 909 120 21 insamlade
635 909 70 21 medel
722 911 56 18 samt
793 908 87 26 vidtaga
897 907 67 27 öfriga

206 942 104 27 lämpliga
325 943 249 27 förberedelseätgärder
584 943 110 21 äfvensom
706 943 34 21 till
752 942 122 21 Ständerna
885 941 79 28 afgifva

206 977 19 26 ej
242 977 56 21 blott
313 977 137 27 redogörelse
462 978 38 21 och
512 978 117 21 berättelse
640 977 60 22 öfver
711 977 34 21 sin
756 977 144 27 verksamhet,
911 978 52 19 utan

204 1011 81 27 jemväl
308 1011 81 28 förslag
411 1012 33 21 till
463 1012 164 22 bestämmande
643 1012 23 21 af
680 1013 159 20 monumentets
855 1011 54 21 form
925 1011 40 21 och

206 1045 87 27 platsen
308 1046 34 21 för
358 1047 127 21 detsamma.

206 1171 29 22 C.
266 1167 97 32 Ärenden,
384 1172 27 21 uti
428 1173 65 21 hvilka
508 1172 115 22 Ständerna
639 1173 49 21 eller
704 1173 67 21 skilda
787 1172 60 22 stånd
863 1172 28 22 till
908 1173 54 21 Hans

264 1211 113 28 Kejserliga
397 1212 109 27 Majestäts
526 1212 74 28 nådiga
619 1213 137 27 bepröfvande
771 1212 104 22 framstält
891 1213 71 21 under-

263 1251 74 28 dåniga
353 1252 114 27 petitioner.

273 1320 11 22 I
300 1321 117 27 anledning
433 1320 23 22 af
471 1321 136 21 Ständernas
622 1322 127 26 petitioner:

276 1356 60 26 51:0)
352 1362 33 14 om
401 1355 134 22 afskaffande
551 1356 24 21 af
588 1356 92 27 koppar-
695 1356 41 22 och
751 1356 143 21 tennafraden
908 1358 55 20 samt

204 1388 42 22 den
262 1389 193 28 skattskyldighet,
472 1396 53 21 som,
541 1390 68 27 enligt
620 1391 102 27 gällande
733 1390 161 28 författningar,
905 1392 58 20 ännu

203 1422 87 22 hvilade
305 1425 29 25 på
349 1424 168 27 tillverkningen
533 1425 24 21 af
570 1426 69 20 andra
654 1426 65 20 oädla
734 1425 107 27 metaller,
858 1426 24 20 är
897 1426 66 25 nådig

202 1458 137 26 proposition
355 1458 7 21 i
378 1460 73 20 ämnet
467 1458 123 23 Ständerna
604 1460 37 21 vid
656 1460 71 22 denna
738 1460 105 26 landtdag
854 1460 108 26 förelagd;
