1086 1717
205 172 12 20 6
455 172 20 23 U.
491 172 20 23 B.
528 184 24 4 —
570 172 110 24 111—XXXI.

192 228 32 28 sig
245 228 55 22 böra
322 229 69 22 såsom
414 230 32 21 ett
461 229 159 27 önskningsmäl
642 229 116 22 framhålla
772 231 34 20 att
821 230 85 21 landets
922 229 34 22 of-

191 262 77 22 ficiella
290 263 106 27 tidningar
410 264 34 21 till
459 264 33 21 sin
507 264 175 26 redaktionsplan
704 264 132 27 underginge
851 264 42 22 den
907 264 47 22 för-

191 297 91 27 ändring
304 298 32 20 att
358 298 32 26 de,
406 298 7 20 i
429 298 68 21 likhet
518 298 49 21 med
588 298 52 21 flere
663 298 68 21 andra
751 298 86 22 länders
852 298 100 22 officiella

191 331 57 27 blad,
264 332 84 22 komme
363 333 33 21 att
410 332 108 22 innehälla
528 332 76 21 endast
614 332 99 22 officiella
723 332 219 27 tillkännagifvanden
950 348 5 9 ,

192 366 154 22 meddelanden
367 366 40 22 och
422 372 112 20 annonser,
557 366 138 27 hvarigenom
716 366 25 22 de
757 368 61 20 stora
832 366 119 28 utgifterna

190 400 34 21 för
239 400 62 21 dessa
316 400 107 28 tidningar
439 400 72 22 säkert
527 400 68 22 skulle
610 400 66 22 blifva
690 401 7 21 i
713 401 96 27 betydlig
823 407 51 15 mon
887 400 63 22 redu-

192 435 84 21 cerade.

259 469 79 22 Vidare
353 469 40 22 har
408 469 111 22 Utskottet
533 469 66 22 fästat
614 469 33 22 sin
662 469 192 28 uppmärksamhet
863 469 36 22 vid
916 469 41 22 den

191 503 69 21 under
275 509 81 16 samma
370 503 129 22 hufvudtitel
520 503 65 22 bland
602 520 8 9 ,
615 504 83 21 diverse
717 503 88 28 utgifter
820 505 60 20 utom
896 504 60 21 stat"

191 539 110 26 upptagna
316 539 75 26 posten
413 538 82 27 ,Ränta
510 537 13 22 ä
538 538 47 27 Nya
602 538 210 27 teaterhusbolagets
827 538 7 21 i
850 538 101 27 Helsing-

189 571 45 22 fors
257 571 54 26 län*,
327 572 39 21 och
389 572 40 21 har
444 572 112 22 Utskottet
570 572 46 21 icke
632 572 83 21 kunnat
730 572 73 27 undgä
817 573 33 21 att
866 572 90 27 päpeka

192 606 36 21 det
244 607 119 26 oegentliga
378 607 31 21 uti
425 609 32 19 att
473 607 129 20 statsverket
618 606 91 22 sålunda
723 606 85 22 betalar
823 608 64 20 ränta
897 607 12 21 å
920 607 31 21 ett

191 639 38 22 län
245 646 47 15 som
306 640 47 22 frän
375 641 261 22 amortissementsfonden
651 641 96 26 utgifvits
763 641 33 21 till
811 642 32 20 ett
857 641 94 22 enskildt

191 674 73 27 bolag.

256 709 69 21 Bland
340 709 26 22 de
381 709 68 22 under
463 709 78 28 sjunde
556 709 40 22 och
606 709 80 21 nionde
701 709 175 27 hufvudtitlarne
890 709 56 22 före-

190 743 129 22 kommande
334 745 61 20 extra
409 744 113 26 pensioner
537 743 39 22 och
591 743 191 27 nädebevisningar
797 743 51 27 ingä
857 743 97 27 följande

188 777 34 21 till
238 779 70 20 större
324 777 83 28 belopp,
424 778 116 27 nämligen:

188 805 32 27 Är
238 812 65 21 1881:
893 812 42 26 ITF

257 846 69 21 Extra
346 846 89 27 pension
457 845 24 22 ät
503 845 111 27 Senatorn,
630 845 100 22 Friherre
745 845 22 22 S.
783 845 49 22 Gri-

292 880 105 27 penbergs
413 880 113 27 omyndiga
541 880 39 21 och
596 880 121 27 oförsörjda
731 880 55 21 barn
824 895 5 4 .
876 880 70 25 2,000.

257 914 41 22 D:o
314 914 22 22 ät
346 915 15 21 f.
377 915 19 21 d.
408 915 308 25 Ministerstatssekreteraren,
732 914 101 27 Verklige

296 948 169 27 Geheimerädet,
481 949 57 21 Frih.
554 949 25 21 E.
595 948 237 27 Stjernvall-Walleen
828 944 13 35 .
857 944 10 35 =
877 949 69 25 8,000.

188 976 31 27 Är
236 983 66 21 1882:

256 1016 153 22 Gratifikation
424 1012 27 35 ät
461 1012 22 35 f.
499 1017 20 21 d.
542 1012 290 63 Expeditionssekreteraren

293 1051 24 21 F.
333 1051 132 22 Berndtsons
480 1051 55 21 enka
577 1067 5 5 =.
879 1051 63 25 2,800

257 1085 71 22 Priset
351 1085 34 22 för
400 1091 27 16 en
448 1062 169 55 guldsnusdosa
628 1067 26 39 åt
664 1062 169 54 Kammarrådet

292 1119 27 22 K.
343 1119 25 21 E.
392 1120 97 27 Engroos
511 1120 57 20 samt
590 1119 34 21 för
638 1125 27 15 en
689 1119 142 26 briljanterad

292 1153 49 27 ring
356 1153 23 22 ät
393 1153 161 22 Hofrättsrådet
569 1153 25 21 G.
610 1153 19 21 J.
646 1153 113 21 Palmroth
793 1169 6 5 .
829 1168 4 5 .
879 1153 70 26 6,000.

255 1187 68 21 Extra
338 1187 89 27 pension
442 1187 23 22 ät
472 1187 221 22 Landssekreteraren
702 1187 24 21 O.
736 1187 94 22 Idestam
848 1183 16 35 =
875 1187 70 26 2,000.

187 1214 31 27 Är
236 1221 66 22 1883:

258 1255 179 22 Gratifikationer
447 1255 23 22 åt
478 1256 67 21 förste
555 1255 128 22 Arkitekten
694 1255 25 21 G.
730 1255 105 21 Wilenius

294 1289 40 22 och
350 1289 144 28 Sjökaptenen
508 1289 121 22 Jakobsson
645 1305 4 5 .
681 1305 5 5 .
718 1305 4 5 .
884 1290 69 25 7,000.

256 1323 70 22 Priset
340 1324 35 21 för
399 1324 168 27 guldsnusdosor
591 1323 23 22 ät
628 1302 167 53 Eirkobiskopen
804 1302 28 53 E.

292 1358 140 27 Bergenheim
443 1358 39 21 och
492 1358 20 22 d.
523 1364 19 15 v.
552 1358 145 27 Domprosten
707 1358 22 21 T.
743 1358 89 22 Renvall
866 1358 86 24 11,000.

187 1385 32 28 År
236 1392 65 22 1884:

256 1426 154 22 Gratifikation
426 1426 23 22 åt
464 1422 216 32 Öfverstelöjtnanten
699 1426 24 22 L.
740 1426 92 22 Forsten

292 1460 43 22 och
349 1460 219 22 Poliskommissarien
582 1461 20 21 J.
618 1461 74 21 Kärnä
721 1477 4 4 .
758 1477 5 4 .
795 1476 4 4 .
829 1477 5 5 ..
878 1460 73 26 4,450.

254 1494 72 22 Priset
341 1495 33 21 för
389 1501 26 15 en
430 1495 139 27 briljanterad
584 1495 48 27 ring
646 1494 23 22 ät
685 1494 147 22 Senatstrans-

258 1534 153 18 Statsutskottets
423 1534 116 18 betänkande
548 1534 38 18 N:o
596 1534 29 17 13.
