1086 1717
211 156 21 16 10
472 155 55 17 U..B.
539 165 23 3 —
574 156 84 17 XXXII,

255 213 33 21 att
305 212 27 27 på
350 212 149 22 Direktionens
520 212 156 27 framställning
694 212 51 22 eller
764 212 54 21 efter
836 212 47 21 dess
902 211 38 21 hö-

185 252 76 21 rande:

256 291 21 27 1)
297 291 116 22 bestämma
431 291 97 22 bankens
546 293 130 20 räntesatser
699 291 39 22 och
757 290 134 27 kreditafgift
908 290 31 21 äf-

184 336 87 16 vensom
286 331 130 27 provisioner
431 331 33 21 för
479 331 141 27 anvisningar,
632 330 144 28 depositioner
791 330 39 22 och
845 330 93 22 inkasse-

184 370 82 26 ringar;

253 410 23 27 2)
291 410 84 21 besluta
389 416 34 15 om
433 410 171 27 ackordsförslag
614 410 23 21 af
645 410 94 21 bankens
750 410 124 26 gäldenärer
883 410 55 20 samt

184 455 34 15 om
233 449 108 22 lättnader
356 450 39 21 och
410 449 117 27 eftergifter
541 449 33 22 för
588 449 70 26 desse;

252 480 23 35 3)
292 489 73 26 afgöra
380 495 34 15 om
429 489 82 22 inlösen
527 489 22 21 af
562 489 95 21 skadade
671 489 137 26 banksedlar;

252 528 24 27 4)
292 528 73 27 afgöra
379 529 72 26 frågor
465 529 90 21 rörande
570 529 227 26 sedeltillverkningen,
813 534 45 15 som
869 529 36 20 äro
916 527 23 22 af

183 569 68 20 större
266 568 45 27 vigt
326 569 51 20 eller
395 569 38 21 der
451 569 102 21 särskildt
571 569 73 26 anslag
663 568 23 21 af
703 568 96 21 bankens
817 568 69 21 medel
904 573 32 16 er-

182 607 95 27 fordras;

250 647 24 24 5)
290 648 75 26 pröfva
379 648 119 26 ansökning
513 654 34 15 om
562 648 159 27 tjenstledighet
735 647 33 22 för
778 647 157 22 bankkommis-

181 687 56 21 sarie
252 689 56 19 samt
321 687 100 22 förordna
435 687 82 22 vikarie
531 687 33 22 för
579 687 76 26 sådan;

250 728 22 26 6)
287 727 106 22 fastställa
410 727 79 22 arvode
506 734 26 14 ur
550 727 96 21 bankens
664 727 69 21 medel
751 727 33 21 för
801 726 88 26 vikarie,
908 726 27 21 då

181 766 95 27 ledighet
290 766 27 27 på
332 767 68 26 grund
419 766 22 21 af
459 767 69 26 styrkt
546 766 98 27 sjukdom
663 766 98 27 beviljats
779 766 90 21 embets-
885 766 49 21 eller

180 806 128 27 tjenstemän
323 806 7 21 i
345 806 94 27 banken;

249 846 22 26 7)
293 845 78 28 bevilja
392 847 196 26 semesterledighet
609 846 23 21 åt
654 846 90 21 medlem
762 845 23 22 af
801 845 133 22 direktionen

180 884 39 21 och
239 885 210 24 bankkommissarie,
469 887 55 20 samt
542 886 83 21 besluta
644 892 35 15 om
697 885 148 26 fördelningen
863 885 23 21 af
898 885 36 21 det

179 923 28 28 på
221 924 97 21 bankens
336 926 43 20 stat
397 927 109 25 upptagna
524 925 96 27 anslaget
635 925 36 21 för
689 925 121 21 beredande
828 924 23 21 af
867 925 66 20 sådan

178 963 94 26 ledighet
286 964 23 21 åt
323 964 95 22 bankens
433 965 136 26 tjenstemän;

246 1005 56 19 samt
317 1005 32 20 att
363 1004 39 21 hos
418 1003 103 22 Senatens
537 1004 117 21 Ekonomie
669 1005 162 26 Departement:

246 1045 53 24 göra
316 1043 155 27 framställning
490 1049 35 16 om
542 1043 160 27 tjenstledighet
720 1043 33 22 för
771 1043 90 22 medlem
880 1043 6 21 i
901 1043 30 21 di-

177 1082 113 22 rektionen
304 1083 29 27 på
347 1083 73 26 längre
435 1083 30 21 tid
481 1085 27 19 än
523 1083 36 21 två
573 1083 108 22 månader.
696 1095 26 4 —

245 1162 34 21 En
294 1168 70 15 annan
379 1163 23 20 af
414 1163 95 21 komitén
523 1163 120 26 föreslagen
661 1163 111 27 principiel
785 1163 124 26 förändring
923 1163 7 20 i

175 1201 101 22 afseende
290 1201 14 21 å
317 1201 94 22 bankens
427 1203 144 26 organisation
588 1203 68 26 gäller
674 1203 137 21 besättandet
825 1203 24 21 af
861 1203 69 21 direk-

175 1240 160 22 törsembetena
350 1241 39 21 och
403 1241 38 27 går
456 1243 24 20 ut
495 1241 71 27 derpå,
582 1244 32 19 att
629 1243 26 20 de
670 1245 77 18 tvenne
765 1243 144 20 ledamöterne
923 1242 7 21 i

175 1279 135 23 direktionen
333 1281 28 27 på
381 1281 157 27 framställning
556 1281 23 22 af
594 1281 193 27 bankfullmäktige
804 1282 126 21 utnämndes

173 1321 119 25 temporärt
314 1320 28 27 på
364 1326 26 16 en
413 1321 31 21 tid
467 1321 22 21 af
505 1321 42 21 fem
566 1322 30 20 år.
625 1322 70 21 Jemte
714 1322 36 21 det
768 1322 112 21 Utskottet
897 1318 33 25 får

173 1358 90 33 hänvisa
276 1360 34 21 till
325 1360 40 21 den
380 1360 23 22 af
415 1360 96 22 komitén
526 1361 13 21 &
553 1361 55 21 sidd.
622 1362 86 20 46—49
718 1362 7 20 i
736 1362 47 20 dess
794 1361 135 21 betänkande

173 1398 126 24 meddelade
314 1399 91 21 historik
419 1400 60 21 öfver
497 1400 61 22 detta
574 1402 69 25 ämne,
662 1401 39 21 bör
718 1400 123 22 framhällas
855 1402 34 20 att
903 1406 26 16 en

173 1430 34 28 del
226 1438 24 21 af
266 1437 122 23 Utskottets
405 1440 137 21 medlemmar
562 1446 34 16 om
614 1440 121 22 fördelarne
753 1440 24 21 af
793 1440 42 21 den
852 1440 76 26 ifräga-

242 1477 138 18 Bankutskottets
391 1479 104 17 betänkande
507 1479 34 17 N:o
554 1480 17 16 3.
