1086 1717
220 170 13 21 6
461 170 24 22 U.
502 170 24 22 B.
542 183 29 3 —
586 170 38 22 N:o
639 172 19 21 5.

191 232 98 28 lokalen,
304 233 141 28 hvarigenom
469 234 124 21 kontrollen
616 234 7 21 i
648 234 49 22 icke
715 234 64 28 ringa
794 234 55 27 grad
864 234 72 21 skulle

189 266 122 23 försvåras.
341 268 145 22 Direktionen
502 269 76 27 ansåg,
588 270 32 20 att
635 275 34 15 om
685 275 50 15 man
751 268 88 28 engång
854 268 35 22 för
903 275 33 15 er-

193 300 106 23 hållande
316 302 24 21 af
354 309 26 15 en
396 302 162 22 verksammare
574 303 97 28 kontroll
680 303 52 21 ville
741 303 46 21 låta
795 302 74 22 utföra
879 303 57 21 Ban-

192 335 56 22 kens
265 336 125 28 sedeltryck
406 337 58 22 inom
481 337 81 27 landet,
572 338 60 21 detta
648 338 28 20 då
691 337 67 21 borde
774 336 99 28 försiggå
888 336 7 21 i
908 343 28 15 en

192 376 56 21 egen
265 370 75 22 härför
356 371 96 22 inrättad
467 368 60 25 lokal
543 372 7 20 i
566 372 104 21 Bankens
686 372 41 21 hus
743 372 40 21 och
793 371 143 28 ingalunda
920 364 18 40 å

190 407 33 19 ett
238 405 72 27 privat
326 406 102 28 tryckeri,
440 406 39 22 der
494 413 80 21 egaren
591 406 111 22 måhända
714 406 113 27 samtidigt
841 406 4 21 i
853 406 83 21 samma

192 445 47 15 rum
255 439 99 22 önskade
369 440 72 22 utföra
457 443 68 19 annat
541 441 69 27 tryck.

262 473 77 22 Såsom
362 475 25 21 af
399 475 216 27 Bankfullmäktiges
630 474 66 22 ofvan
712 474 93 21 anförda
820 475 115 21 skrifvelse

191 507 105 28 framgår,
305 509 67 21 hafva
387 509 49 22 icke
450 509 69 22 heller
527 509 203 27 Bankfullmäktige
739 511 72 19 ansett
819 509 34 28 sig
861 509 75 21 kunna

192 544 99 26 upptaga
314 543 60 22 detta
393 544 74 21 anbud
482 544 33 21 till
531 543 110 28 pröfning,
657 545 52 20 utan
725 543 77 22 endast
817 543 40 22 hos
873 543 62 22 Stän-

190 576 72 21 derna
284 577 104 22 hemstält
411 585 33 14 om
467 578 177 28 bemyndigande
668 580 32 19 att
723 578 82 21 inrätta
821 580 30 19 ett
866 577 69 22 sedel-

192 611 97 27 tryckeri
305 611 7 22 i
328 613 105 21 samband
449 613 50 21 med
515 613 103 21 Bankens
634 619 54 21 egen
703 612 67 27 lokal.

262 646 171 22 Bankutskottet
456 647 69 21 måste
550 647 34 22 för
603 647 34 21 sin
653 647 35 21 del
705 647 128 27 obetingadt
849 647 86 21 ansluta

192 679 35 28 sig
242 679 34 22 till
292 680 43 21 den
350 681 86 27 åsigten
452 683 38 26 att,
506 681 7 21 i
529 681 107 22 händelse
653 681 106 22 Finlands
776 681 75 21 Banks
863 680 73 22 sedlar

188 713 69 22 skola
272 715 90 27 tryckas
377 715 6 21 i
400 717 49 26 eget
465 716 59 27 land,
541 716 61 21 detta
616 716 40 21 bör
672 716 38 21 ske
720 715 37 22 vid
768 717 31 20 ett
808 715 59 22 inom
877 715 56 21 Ban-

192 748 56 21 kens
275 755 55 21 egen
353 749 60 22 lokal
430 750 106 21 inrättadt
552 750 102 28 tryckeri.
684 750 83 21 Endast
783 750 92 21 sålunda
891 749 45 21 kan

192 782 8 21 i
223 783 105 22 afseende
351 784 14 21 å
386 784 96 21 kontroll
505 785 40 21 och
569 787 111 25 transport
699 787 56 18 samt
770 784 115 27 möjlighet
901 784 34 21 för

192 817 147 22 Direktionen
362 821 31 18 att
415 819 55 28 sjelf
490 819 119 22 öfvervaka
634 819 233 27 sedeltillverkningen
893 818 41 21 den

192 852 106 21 säkerhet
320 853 85 27 vinnas,
421 860 46 15 som
490 856 62 25 utgör
571 853 121 22 förnämsta
707 853 72 22 skälet
794 853 34 21 för
843 853 92 21 Banken

192 888 33 19 att
241 887 59 21 afstå
314 887 49 22 från
379 888 27 21 de
422 887 102 28 fördelar,
534 888 76 21 hvilka
625 888 118 27 onekligen
758 887 119 22 förefinnas
888 887 47 21 der-

190 922 34 21 uti
248 923 32 20 att
302 922 103 22 Bankens
429 923 80 27 sedlar,
531 923 71 21 såsom
626 922 34 22 för
675 921 136 23 närvarande
827 924 24 19 är
867 921 67 27 fallet,

192 956 92 28 tryckas
300 957 13 20 å
329 959 31 19 ett
375 959 53 19 stort
444 957 40 22 och
500 957 44 21 rikt
560 957 109 21 utrustadt
684 956 103 28 tryckeri,
796 956 91 21 stående
897 962 37 15 un-

192 991 38 20 der
246 997 29 15 en
290 991 36 20 väl
342 991 59 21 känd
417 992 41 21 och
473 992 36 21 väl
524 991 96 22 förfaren
633 991 96 27 ledning.
760 990 139 22 Beträffande
909 990 26 21 de

192 1025 80 27 billiga
294 1025 52 28 pris,
369 1032 46 15 som
438 1026 7 21 i
468 1026 77 21 firman
564 1026 81 21 Weilin
661 1026 19 21 &
696 1025 57 22 Göös
769 1025 74 21 anbud
858 1026 77 25 uppta-

190 1066 50 21 gas,
249 1060 40 21 bör
305 1060 110 21 dessutom
431 1061 118 20 anmärkas
565 1063 32 19 att
613 1061 112 21 desamma
740 1065 67 22 synas
822 1059 73 27 åsyfta
906 1060 30 19 ett

193 1094 53 21 vida
262 1094 84 22 mindre
361 1095 160 27 kompliceradt
536 1095 70 28 tryck,
615 1097 29 19 än
656 1095 36 21 det
702 1101 47 15 som
759 1093 32 22 för
800 1093 136 29 närvarande

193 1129 113 21 användes
329 1129 37 21 vid
388 1129 172 28 tillverkningen
583 1129 25 22 af
628 1129 107 22 Finlands
758 1128 75 22 Banks
856 1127 78 22 sedlar.

192 1162 137 28 Härigenom
351 1163 76 22 kunna
442 1163 74 28 prisen
532 1163 129 28 visserligen
676 1163 70 22 blifva
761 1162 110 27 billigare,
886 1168 48 15 men

193 1198 31 19 ett
247 1197 80 22 sådant
350 1197 126 22 förfarande
493 1197 102 28 erbjuder
610 1197 65 22 äfven
690 1197 85 21 mindre
790 1197 73 27 skydd
879 1198 57 19 emot

192 1231 157 28 förfalskning.
379 1232 112 21 Utskottet
513 1232 40 21 har
576 1231 73 22 derför
671 1231 37 22 vid
731 1231 162 26 behandlingen
914 1230 26 21 af

192 1265 62 22 detta
270 1266 81 22 ärende
371 1267 71 27 utgått
458 1266 48 21 från
523 1266 41 21 den
580 1265 158 28 förutsättning
753 1267 38 25 att,
807 1265 8 21 i
830 1265 105 21 händelse

193 1302 31 19 ett
239 1300 159 28 sedeltryckeri
414 1301 59 21 inom
488 1301 75 21 landet
578 1301 59 21 skall
653 1300 168 28 ifrågakomma,
837 1300 60 20 detta
908 1299 28 21 då

192 1334 40 22 bör
247 1334 94 22 inrättas
356 1336 58 21 inom
429 1336 105 21 Bankens
549 1342 56 21 egen
620 1335 66 21 lokal.

263 1369 42 21 För
328 1372 32 19 att
381 1370 77 22 kunna
480 1377 57 21 egna
560 1370 36 21 det
619 1369 153 28 föreliggande
788 1368 106 28 förslaget
909 1375 27 15 en

190 1410 64 14 mera
268 1404 9 20 i
292 1404 68 27 detalj
376 1404 87 27 gående
477 1404 139 28 granskning
630 1404 40 21 har
684 1404 113 21 Utskottet
813 1403 80 21 anlitat
904 1403 32 21 bi-

192 1438 64 21 träde
279 1438 25 21 af
324 1439 143 27 sakkunniga
489 1445 104 21 personer
615 1438 40 22 och
678 1438 29 28 på
729 1437 72 28 grund
821 1437 26 21 af
865 1437 72 21 denna

191 1472 107 28 pröfning
312 1473 91 21 kommit
418 1473 34 21 till
469 1473 97 27 följande
582 1472 98 22 resultat.

262 1512 155 18 Bankutskottets
429 1512 115 18 betänkande
556 1512 36 18 N:o
604 1513 18 17 5.
