1086 1717
808 149 43 21 133

118 213 119 22 måttstock
258 213 94 22 erhållas
374 213 33 21 för
430 213 138 22 bedömande
590 214 26 21 af
635 214 108 21 huruvida
765 214 42 21 den
830 214 49 21 ord-

119 248 59 27 ning,
201 248 88 22 hvilken
311 248 25 22 af
356 248 64 27 lagen
435 249 26 20 är
476 248 102 22 faststäld
594 249 72 21 såsom
680 249 42 20 den
737 248 104 26 normala,
857 247 26 22 af

119 282 165 27 rättsäsigterna
306 282 8 21 i
336 282 75 22 landet
433 282 118 28 uppbäres.
582 282 50 22 Men
650 282 34 22 för
699 284 32 20 att
745 282 135 22 förekomma

118 316 116 28 förvirring
249 316 41 22 och
300 317 77 21 tvister
387 318 50 20 med
448 316 120 28 anledning
578 317 25 21 af
609 316 150 28 ofullständigt
769 317 111 27 uttryckta

122 351 162 27 bestämningar
299 352 8 20 i
322 352 59 27 dylik
396 351 158 28 afhandlingar
568 352 45 21 kan
628 352 37 21 det
681 352 55 21 dock
744 352 25 21 af
776 351 105 27 lagstifta-

119 392 39 15 ren
173 386 47 21 icke
235 386 84 21 lemnas
335 386 22 21 åt
371 386 66 22 hvars
453 386 42 22 och
511 393 37 15 ens
558 386 114 28 godtycke,
684 388 32 19 att
723 385 94 22 uttänka
824 386 54 21 hvil-

118 420 43 22 ken
178 420 149 28 uppställning
344 428 45 14 som
404 420 64 22 helst.
499 421 42 21 Det
556 421 71 22 blefve
643 420 85 22 derföre
746 420 134 28 nödvändigt

119 457 33 20 att
167 455 8 21 i
188 455 64 27 lagen
268 457 78 20 tvenne
361 457 63 26 typer
439 455 35 22 för
490 455 208 28 äktenskapsförord
715 455 105 26 utstakas,
837 456 43 21 den

119 496 42 15 ena
183 489 112 21 beräknad
321 489 34 22 för
370 490 83 21 sådana
469 489 46 26 fall,
531 491 29 20 då
574 490 56 21 blott
644 491 44 21 viss
702 491 107 26 egendom
824 489 57 22 skall

119 523 49 22 från
191 531 122 14 mannnens
336 523 133 28 förvaltning
493 525 143 27 undantagas,
654 525 42 21 den
710 525 69 21 andra
794 526 33 19 att
842 531 39 14 an-

120 559 84 20 vändas
227 559 28 20 då
270 557 97 22 hvarken
383 559 252 27 egendomsgemenskap
652 559 52 21 eller
718 559 163 21 målsmansrätt

119 592 58 21 skall
191 599 78 20 genom
284 592 147 28 äktenskapet
446 593 95 26 inträda,
556 595 54 19 utan
619 593 107 22 hvardera
733 593 78 21 maken
822 593 59 28 sjelf-

120 627 95 27 ständigt
223 626 93 22 förvalta
322 627 58 21 hvad
389 628 127 21 densamma
524 627 90 26 medför,
620 627 72 22 ärfver
698 627 51 22 eller
754 627 126 22 förvärfvar.

120 661 142 27 Naturligtvis
274 661 69 21 måste
350 661 34 21 för
391 661 68 28 begge
468 664 94 25 typerna
570 662 140 27 fullständiga
718 662 163 27 bestämningar

119 695 110 22 meddelas
245 696 114 27 angående
375 696 118 21 makarnes
503 696 146 28 förpligtelser
659 696 101 21 inbördes
771 696 40 21 och
819 698 62 25 gent-

119 732 60 19 emot
200 730 98 27 familjen
323 732 56 19 samt
396 731 94 20 rörande
505 731 35 21 för
555 731 49 21 dem
619 731 176 27 uppkommande
810 731 72 20 skilda

118 764 54 21 eller
192 771 160 20 gemensamma
367 765 198 27 gäldförbindelser
581 766 40 21 och
636 765 40 22 bör
690 766 71 26 någon
777 765 104 21 afvikelse

119 799 48 21 från
183 800 63 20 dessa
261 806 87 15 normer
364 799 48 21 icke
428 800 128 27 medgifvas.
