1086 1717
211 156 12 19 6
556 156 11 20 I

182 222 119 28 ändringar
324 223 7 21 i
354 223 160 22 ofvannämnda
536 223 225 28 författningsförslag
781 223 113 27 vidtagits,
910 222 34 22 till

180 257 75 21 hvilka
271 258 26 20 de
312 257 37 21 vid
364 258 101 21 ärendets
481 258 132 27 behandling
628 258 40 22 hos
680 258 123 22 Ständerna
813 257 132 22 framstälda

181 292 170 26 anmärkningar
367 292 109 22 befunnits
492 292 119 27 föranleda,
628 293 7 21 i
651 293 95 27 enlighet
757 292 88 21 dermed
856 292 87 22 utfärda

180 326 129 27 förordning
325 326 111 28 angående
451 327 89 21 åborätt
555 328 13 20 å
583 328 177 21 kronohemman.

253 362 55 20 13:0.
338 361 11 21 I
372 362 226 22 öfverensstämmelse
621 363 49 21 med
693 362 56 21 hvad
770 361 123 22 Ständerna
908 361 36 21 be-

182 395 64 21 slutit
265 396 37 20 vid
317 396 189 27 handläggningen
522 397 24 21 af
559 397 80 26 nådiga
654 396 164 28 propositionen
834 396 111 26 angående

181 432 65 19 ränta
261 430 36 22 vid
312 430 161 28 försträckning
489 432 29 27 på
533 432 44 21 viss
593 432 51 21 kort
659 432 32 21 tid
707 433 53 20 utan
771 431 102 21 säkerhet
884 430 6 21 i
902 430 44 21 fast

182 465 112 26 egendom,
317 465 41 21 har
379 465 61 22 Hans
464 466 123 27 Kejserliga
610 466 106 27 Majestät
737 466 50 21 låtit
807 465 40 22 den
864 467 12 20 6
891 465 53 21 Juni

184 501 56 20 1883
256 500 88 21 utfärda
359 500 133 27 förordning,
504 501 111 27 angående
626 501 93 26 ändring
722 495 22 37 af
759 501 13 20 6
783 500 12 27 $
804 501 12 20 9
825 500 50 27 kap.
883 500 27 21 H.
920 499 24 22 B.

253 535 53 21 14:0.
337 535 42 21 Vid
403 535 144 21 besvarandet
570 535 23 21 af
614 535 62 22 Hans
692 535 123 27 Kejserliga
830 535 115 26 Majestäts

182 569 80 27 nädiga
286 570 142 26 proposition,
451 570 150 21 innefattande
619 571 83 26 förslag
718 570 33 21 till
767 569 127 26 förordning
910 575 35 15 om

179 604 49 27 jagt
244 604 39 21 och
300 604 106 27 djurfäng,
423 607 24 18 är
463 605 24 21 af
501 605 122 21 Ständerna
637 605 7 21 i
656 604 175 27 underdänighet
841 603 103 26 anmäldt,

182 640 33 20 att
238 638 122 22 Ständerna
382 639 47 21 icke
452 640 57 21 velat
525 641 79 25 antaga
620 640 41 20 den
680 639 79 26 nädiga
774 639 170 26 propositionen.

181 673 43 22 Vid
248 673 70 22 denna
340 673 82 27 utgäng
444 674 23 21 af
485 674 67 21 saken
568 674 41 21 har
625 674 61 21 Hans
702 673 123 27 Kejserliga
841 673 103 26 Majestät

181 707 51 22 lätit
251 707 77 27 frägan
348 714 34 15 om
399 708 193 21 ästadkommande
607 708 23 21 af
644 715 28 20 ny
688 707 130 27 författning
833 707 111 27 angäende

181 743 49 26 jagt
245 743 41 20 och
302 742 101 27 djurfäng
419 743 122 21 tillsvidare
556 743 93 21 förfalla.

254 777 54 21 15:0.
340 777 61 21 Efter
418 777 35 22 det
470 777 122 22 Ständerna
607 777 102 21 besvarat
724 777 80 26 nädiga
815 776 130 27 propositio-

182 817 41 15 nen
244 817 34 15 om
296 811 121 26 antagande
434 811 23 21 af
471 817 27 16 en
513 812 143 26 inmutnings-
672 811 40 22 och
727 811 162 26 grufvestadga,
906 811 39 20 har

182 845 62 21 Hans
268 845 122 28 Kejserliga
412 846 105 27 Majestät
536 847 49 20 lätit
600 847 41 20 den
659 847 26 20 12
700 845 124 22 November
841 846 54 20 1883
911 846 34 19 ut-

183 880 63 21 färda
262 881 60 26 dylik
334 881 77 26 stadga
422 881 23 21 af
454 881 67 21 sädan
534 881 88 27 lydelse,
634 887 46 15 som
692 881 123 21 Ständerna
825 879 119 27 föreslagit.

255 916 55 20 16:0.
340 915 10 20 I
373 915 226 22 öfverensstämmelse
623 916 49 20 med
695 915 57 21 hvad
772 914 121 21 Ständerna
908 914 37 21 be-

182 949 64 21 slutit
262 950 36 20 vid
313 950 188 26 handläggningen
517 950 24 21 af
554 950 80 27 nädiga
649 949 172 28 propositionen,
833 948 112 27 angäende

182 984 98 21 vilkoren
305 983 33 22 för
361 984 18 27 ej
401 984 84 21 mindre
500 984 129 27 försäljning
645 985 32 21 till
694 983 136 26 afhemtning
845 983 24 20 af
882 983 63 20 malt-

183 1018 99 27 drycker,
308 1020 27 19 än
358 1018 148 27 utskänkning
529 1019 63 21 deraf
612 1019 40 21 och
676 1018 69 21 andra
767 1017 178 27 icke-spirituösa

185 1053 99 26 drycker,
304 1053 71 20 säsom
392 1053 40 20 ock
447 1053 94 21 rörande
556 1053 92 26 ändring
664 1053 24 21 af
701 1052 103 27 gällande
819 1051 127 26 förordning

183 1093 35 15 om
241 1087 136 26 näringarne,
400 1087 40 21 har
463 1087 60 21 Hans
547 1087 123 27 Kejserliga
690 1087 105 26 Majestät
811 1086 50 21 lätit
876 1086 41 21 den
932 1087 14 20 2

183 1121 63 27 April
264 1122 55 21 1883
335 1121 88 22 utfärda
438 1121 133 28 förordning,
588 1122 112 27 angäende
716 1121 130 26 försäljning
862 1120 39 21 och
912 1121 34 20 ut-

183 1156 124 26 skänkning
330 1155 24 22 af
375 1156 152 27 maltdrycker,
544 1158 32 19 att
591 1157 58 26 gälla
664 1156 49 21 frän
730 1156 41 21 den
790 1157 8 19 1
815 1155 52 21 Juni
885 1155 61 26 1884,

183 1190 111 21 äfvensom
318 1191 41 20 den
384 1191 25 20 12
432 1191 45 26 Maj
497 1197 81 15 samma
594 1191 24 20 är
633 1191 130 25 förordning
779 1196 34 15 om
829 1189 118 21 förändrad

182 1224 84 28 lydelse
289 1224 23 21 af
333 1224 25 27 88
382 1225 26 20 14
428 1225 39 21 och
487 1226 28 20 20
534 1225 7 21 i
556 1225 156 26 förordningen
729 1231 35 14 om
780 1224 130 26 näringarne
925 1223 23 21 af

183 1259 41 21 den
244 1260 26 20 31
291 1259 60 20 Mars
372 1259 61 24 1879,
456 1261 33 19 att
509 1259 64 21 lända
592 1259 34 21 till
642 1258 149 22 efterrättelse
804 1258 79 27 jemväl
899 1257 48 22 från

184 1294 41 20 den
243 1295 10 19 1
270 1293 52 21 Juni
340 1294 62 20 1884.

252 1328 11 20 I
284 1327 116 27 anledning
419 1328 24 20 af
461 1327 131 22 Ständernas
613 1328 6 21 i
638 1328 157 26 sammanhang
811 1327 48 21 med
875 1328 73 20 svaret

182 1362 29 26 pä
233 1362 94 21 berörda
350 1362 80 26 nädiga
452 1362 136 27 proposition
611 1363 99 21 uttalade
731 1362 90 25 önskan,
838 1362 32 20 att
885 1360 61 22 Hans

182 1395 124 28 Kejserliga
325 1396 104 27 Majestät
446 1397 51 21 ville
513 1397 33 21 till
562 1397 72 26 nägon
649 1396 97 28 följande
763 1396 104 26 landtdag
882 1394 66 22 afläta

183 1432 32 20 ett
238 1430 126 27 lagförslag,
387 1430 84 22 hvilket
493 1431 108 21 innehölle
624 1438 26 14 en
674 1430 194 26 sammanfattning
884 1430 22 20 af
920 1430 28 21 de

183 1464 171 28 bestämningar,
378 1471 47 15 som
445 1466 127 26 betingades
588 1466 23 21 af
624 1466 28 20 de
666 1466 8 20 i
690 1466 12 20 6
719 1465 98 27 punkten
833 1464 23 21 af
871 1465 26 20 14
912 1464 12 28 $
940 1464 8 21 i
