1086 1717
835 148 27 20 93

478 213 13 26 8
508 214 33 20 67.

203 252 68 22 Efter
286 252 99 22 slutförd
399 252 102 22 revision
517 251 66 22 skola
602 251 146 22 revisorerne
767 251 38 22 till
819 251 73 23 bank-

135 287 147 28 fullmäktige
304 286 143 23 öfverlemna
462 286 42 22 sitt
519 286 118 29 protokoll
652 286 121 22 äfvensom
789 286 104 29 skriftlig

135 322 123 22 berättelse
281 329 37 14 om
340 322 144 21 revisionens
506 320 99 30 förlopp.
636 321 12 21 I
670 320 77 22 denna
768 321 125 22 berättelse

135 356 66 22 skola
216 356 133 22 framhållas
366 356 85 22 sådana
467 356 205 28 omständigheter,
690 363 49 15 som
755 358 66 26 synts
833 356 60 22 revi-

135 398 92 16 sorerne
250 398 55 15 vara
327 390 25 23 af
371 390 162 22 beskaffenhet
550 392 34 20 att
601 390 34 28 de,
651 392 57 20 utan
723 392 36 20 att
773 390 120 22 föranleda

135 426 159 29 anmärkning,
309 426 73 22 likväl
397 425 130 30 förtjenade
542 425 221 29 uppmärksammas,
773 428 60 19 samt
846 429 47 18 sär-

135 461 73 22 skildt
230 461 122 22 anmärkas
375 461 71 21 sådan
469 460 83 29 åtgärd
574 461 57 21 eller
646 460 162 22 försummelse
822 461 9 21 i
846 460 47 23 för-

135 496 143 29 valtningen,
302 503 50 14 som
374 495 145 22 revisorerne
542 503 55 14 anse
617 495 95 29 påkalla
726 495 95 22 rättelse
836 495 56 22 eller

135 530 95 29 beifran,
261 530 119 22 äfvensom
405 530 143 22 revisorerne
573 530 8 21 i
607 530 167 29 sammanhang
798 530 95 22 härmed

135 565 67 22 skola
216 565 75 22 utlåta
306 565 36 29 sig
358 573 37 14 om
409 565 44 22 och
467 565 9 21 i
491 565 81 22 hvilka
588 565 64 22 delar
666 565 114 29 decharge
791 565 36 22 för
837 565 56 22 ban-

135 600 58 22 kens
208 599 146 30 förvaltning
368 599 74 23 under
457 599 215 29 redovisningsåret
687 600 46 21 kan
744 600 148 22 direktionen

135 635 159 22 tillerkännas.

187 669 167 23 Revisorernes
362 669 123 22 berättelse
495 669 65 22 skola
569 669 212 30 bankfullmäktige
789 669 104 30 delgifva

135 704 105 23 bankens
256 704 115 23 direktion
387 707 59 19 samt
461 704 78 22 tillika
554 704 104 22 infordra
674 705 159 22 direktionens
849 705 44 22 och

136 739 75 28 öfriga
226 739 183 22 vederbörandes
424 739 130 29 förklaring
570 739 20 29 ej
606 739 91 22 mindre
712 739 8 22 i
730 739 129 29 anledning
869 739 26 22 af

135 773 29 22 de
179 773 186 29 anmärkningar,
382 781 49 14 som
447 774 26 21 af
484 774 144 22 revisorerne
644 773 159 30 tilläfventyrs
823 774 70 22 fram-

136 809 74 27 stälts,
226 812 30 18 än
272 808 69 23 äfven
356 809 9 21 i
379 808 28 22 de
423 808 133 29 afseenden,
580 805 86 26 sådant
678 817 82 14 annars
776 809 47 22 kan
838 816 55 15 vara

136 843 90 28 nödigt,
245 844 103 27 hvarefter
371 845 13 20 &
407 845 184 27 bankfullmäktige
614 844 134 22 ankommer
763 846 35 19 att
813 843 80 30 afgöra

136 877 116 22 huruvida
275 877 42 22 och
340 878 8 21 i
363 878 81 22 hvilka
459 878 64 22 delar
539 878 113 29 decharge
669 879 60 22 skall
745 879 147 22 direktionen

136 912 104 29 beviljas.

480 961 13 26 8
509 962 33 20 68.

204 999 100 22 Revisor
319 999 89 30 uppbär
423 999 79 22 trettio
518 1000 66 22 mark
598 1000 9 22 i
623 1000 200 29 dagtraktamente
834 1002 59 20 samt

137 1033 296 30 resekostnadsersättning
448 1035 37 21 till
501 1042 87 15 samma
597 1029 91 36 belopp,
701 1043 49 14 som
761 1035 28 22 de
799 1035 9 22 i
819 1035 74 29 fjerde

137 1069 93 22 klassen
246 1069 26 21 af
285 1069 106 28 gällande
407 1069 192 29 resereglemente
612 1072 121 27 upptagna
743 1070 149 22 embetsmän.

205 1103 166 22 Revisorernes
387 1104 142 21 sekreterare
544 1103 104 30 åtnjuter
658 1105 84 22 arvode
753 1105 37 21 till
800 1104 92 29 belopp,

137 1145 49 15 som
202 1137 26 23 af
240 1138 143 23 revisorerne
398 1138 146 23 bestämmes,

479 1215 13 26 S
509 1217 33 20 69.

206 1253 155 23 Kassörernes
384 1253 40 23 vid
439 1254 201 23 hufvudkontoret
655 1254 144 23 handkassor
815 1254 79 22 äfven-

137 1295 49 15 som
200 1287 175 23 handkassorna
390 1289 43 21 och
448 1289 112 22 hvalfven
575 1289 41 22 vid
630 1289 105 22 bankens
751 1289 143 29 afdelnings-

136 1322 85 23 kontor
244 1323 43 22 och
310 1325 123 27 agenturer
455 1324 66 22 skola
543 1324 133 22 inventeras
699 1324 72 22 minst
786 1332 30 14 en
831 1324 63 28 gäng

136 1357 80 29 hvarje
238 1358 90 28 mänad,
350 1358 175 22 handkassorna
547 1358 41 22 vid
606 1358 201 23 hufvudkontoret
823 1358 26 22 af
861 1358 32 22 di-

135 1392 135 22 rektionens
286 1392 138 22 ordförande
445 1393 56 21 eller
516 1393 45 21 den
578 1393 26 22 af
615 1393 164 29 ledamöterne,
796 1400 49 15 som
861 1392 32 23 di-

135 1426 123 22 rektionen
273 1426 79 22 dertill
366 1429 71 27 utser,
459 1427 113 23 kassorna
588 1428 41 22 vid
644 1428 249 28 afdelningskontoren

135 1461 56 21 eller
206 1463 154 26 agenturerna
375 1461 26 23 af
414 1462 143 22 komiterade
573 1462 57 22 eller
640 1462 72 22 andra
721 1462 172 29 inventerings-

135 1498 59 25 män,
211 1502 49 15 som
276 1496 26 22 af
315 1496 210 30 bankfullmäktige
541 1497 177 23 tillförordnats.
