1086 1717
312 212 40 24 23.
389 203 45 36 Åbo
454 212 53 27 läns
527 211 204 34 besparingsfond.

212 279 88 22 Jemlikt
325 280 59 21 Hans
409 279 122 27 Kejserliga
560 280 112 27 Majestäts
701 280 78 27 nådiga
807 279 93 28 reskript

141 313 24 21 af
179 314 40 20 den
236 315 25 20 12
277 313 96 22 Oktober
389 314 53 21 1881
460 315 25 19 är
501 314 41 21 den
556 320 76 21 genom
647 314 98 27 utlåning
759 314 68 21 under
849 314 51 22 åren

147 348 54 21 1813
224 348 39 21 och
281 348 55 21 1814
350 348 23 21 af
386 348 101 21 Kronans
503 348 206 27 spanmålsförråder
723 348 86 22 bildade
825 348 40 22 och
879 348 24 22 af

143 382 140 22 Guvernören
301 382 7 21 i
323 376 47 28 Åbo
393 382 40 22 och
448 382 146 28 Björneborgs
616 383 36 21 län
674 383 34 21 till
730 382 105 22 särskilda
857 382 44 22 väl-

144 416 94 28 görande
260 416 99 22 ändamål
378 417 99 21 använda
490 416 52 23 fond
558 417 145 22 öfverlemnad
717 418 33 21 till
765 417 136 22 Statskonto-

143 452 45 21 rets
202 451 139 27 förvaltning;
363 451 41 22 och
419 451 55 22 skall
489 453 79 20 räntan
582 452 24 21 af
617 452 91 21 fondens
721 452 70 21 medel
805 451 44 22 tills
870 451 31 22 vi-

143 485 51 22 dare
216 485 108 22 användas
346 485 97 26 sålunda,
466 487 33 20 att
521 492 41 15 ena
583 486 82 21 hälften
687 486 72 22 anslås
781 486 22 21 åt
825 486 41 21 den
888 485 13 22 å

144 520 73 27 Käyrä
238 519 99 22 hemman
359 520 7 21 i
388 520 111 22 Brunkala
521 521 72 27 kapell
614 521 108 22 inrättade
747 520 155 28 uppfostrings-

143 554 81 21 anstalt
244 554 34 21 för
299 555 112 26 vanartiga
433 555 54 21 barn
503 555 40 21 och
558 555 41 21 den
614 555 68 22 andra
696 555 82 22 hälften
793 554 109 22 användas

144 588 35 21 till
201 587 83 23 förmån
306 588 34 22 för
361 589 78 27 fattiga
464 589 55 21 barn
543 589 33 22 uti
597 589 143 22 Tammerfors
765 589 58 22 stads
848 588 54 23 folk-

144 623 79 21 skolor.

316 727 39 23 24.
393 725 338 35 Slöjdundervisningsfonden.

213 793 82 22 Genom
317 793 71 28 Nådig
412 793 130 28 kungörelse
566 794 23 21 af
612 794 41 21 den
678 794 13 21 8
713 793 51 22 Juni
788 793 54 22 1883
864 793 40 22 har

145 828 60 21 Hans
220 827 119 28 Kejserliga
354 828 101 27 Majestät
477 827 113 23 förordnat
612 829 32 20 att
666 828 32 21 till
713 828 71 21 minne
799 827 23 22 af
835 828 69 21 Deras

146 862 136 27 Majestäters
304 862 145 27 kröningsdag
471 863 32 21 ett
526 863 78 26 belopp
626 862 24 21 af
666 863 93 25 500,000
773 862 61 21 mark
849 861 55 22 skall

145 902 27 15 ur
186 896 113 21 Allmänna
314 896 150 21 Statsfondens
479 896 117 27 tillgångar
610 897 90 20 afsättas
716 896 34 22 för
771 897 33 21 att
825 898 79 19 använ-

147 931 37 20 das
199 930 34 21 till
248 930 92 27 höjande
355 931 24 20 af
391 930 204 27 slöjdkunnigheten
609 931 8 20 i
631 931 79 26 landet,
732 930 108 22 hvarefter
855 930 50 27 Kej-

147 965 77 26 serliga
240 964 92 22 Senaten
354 965 8 20 i
379 965 111 22 skrifvelse
505 965 49 21 från
568 965 245 27 Finans-Expeditionen
828 965 23 21 af
865 965 40 21 den

147 999 25 21 21
197 999 120 21 November
344 999 54 22 1883
423 999 96 22 anbefalt
544 999 102 21 Finlands
669 999 137 22 Statskontor
830 1000 33 20 att
884 998 23 22 af

148 1033 149 22 Statsfondens
319 1034 69 21 medel
411 1034 33 21 till
462 1040 27 15 en
505 1034 93 21 särskild
612 1034 52 21 fond
680 1033 107 22 öfverföra
801 1033 105 27 ifrägava-

147 1067 66 22 rande
228 1067 78 28 belopp
322 1070 55 19 samt
393 1068 70 21 tillika
478 1068 114 21 förordnat
606 1069 33 20 att
662 1069 79 20 största
763 1068 61 21 delen
847 1067 61 22 deraf

147 1101 56 22 skall
218 1108 76 21 genom
309 1102 65 27 inköp
389 1102 25 38 af
427 1102 144 27 obligationer
584 1104 65 25 göras
664 1102 161 22 räntebärande.

397 1205 40 24 25.
476 1205 186 34 Ladogafonden.

216 1273 11 21 I
242 1272 80 28 Nädigt
337 1273 101 27 Reskript
461 1273 24 21 af
508 1273 42 21 den
575 1274 8 20 1
601 1273 103 22 Februari
721 1274 54 21 1884
793 1273 40 21 har
847 1273 59 21 Hans

148 1307 119 27 Kejserliga
282 1307 101 27 Majestät
398 1307 75 21 tillåtit
496 1309 34 19 att
552 1308 23 20 af
596 1308 268 21 öfverskottsstatsmedlen
885 1306 22 22 få

149 1342 108 21 användas
282 1342 56 21 ända
362 1342 33 21 till
420 1342 94 26 200,000
538 1342 66 26 mark,
630 1342 72 21 hvilka
724 1342 61 22 skola
806 1341 101 22 särskildt

148 1375 109 27 bokföras,
280 1376 32 21 till
335 1376 158 27 upphjelpande
518 1376 23 21 af
561 1376 148 27 skeppsfarten
731 1376 12 21 å
765 1376 89 27 Ladoga
875 1376 31 26 sjö

149 1410 90 21 sålunda
261 1412 39 24 att,
324 1410 65 21 sedan
409 1410 121 22 kostnaden
544 1410 34 22 för
593 1410 132 27 uppförande
741 1410 23 22 af
777 1417 26 15 en
817 1410 90 27 fartygs-

149 1444 39 27 slip
214 1444 35 21 vid
275 1444 126 22 Sortanlaks
425 1444 66 22 hamn
516 1445 58 21 inom
599 1444 114 28 Pyhäjärvi
737 1445 78 21 socken
843 1444 65 27 jemte

149 1479 81 27 smedja
245 1479 109 27 afdragits,
373 1478 125 22 återstoden
514 1479 56 21 skall
585 1479 33 21 till
634 1479 84 27 belopp,
733 1485 46 15 som
789 1479 119 27 Kejserliga
