<?xml version="1.0" encoding="UTF-8"?>
<alto xmlns="http://www.loc.gov/standards/alto/ns-v3#" xmlns:xlink="http://www.w3.org/1999/xlink" xmlns:xsi="http://www.w3.org/2001/XMLSchema-instance" xsi:schemaLocation="http://www.loc.gov/standards/alto/ns-v3# http://www.loc.gov/alto/v3/alto-3-0.xsd">
	<Description>
		<MeasurementUnit>pixel</MeasurementUnit>
		<sourceImageInformation>
			<fileName>/tmp/tess_b2lodybq_input.PNG</fileName>
		</sourceImageInformation>
		<OCRProcessing ID="OCR_0">
			<ocrProcessingStep>
				<processingSoftware>
					<softwareName>tesseract 5.3.4</softwareName>
				</processingSoftware>
			</ocrProcessingStep>
		</OCRProcessing>
	</Description>
	<Layout>
		<Page WIDTH="1086" HEIGHT="1717" PHYSICAL_IMG_NR="0" ID="page_0">
			<PrintSpace HPOS="0" VPOS="0" WIDTH="1086" HEIGHT="1717">
				<GraphicalElement ID="cblock_0" HPOS="0" VPOS="395" WIDTH="2" HEIGHT="507"></GraphicalElement >
				<ComposedBlock ID="cblock_1" HPOS="228" VPOS="142" WIDTH="28" HEIGHT="22">
					<TextBlock ID="block_0" HPOS="228" VPOS="142" WIDTH="28" HEIGHT="22">
						<TextLine ID="line_0" HPOS="228" VPOS="142" WIDTH="28" HEIGHT="22">
							<String ID="string_0" HPOS="228" VPOS="142" WIDTH="28" HEIGHT="22" WC="0.96" CONTENT="56"/>
						</TextLine>
					</TextBlock>
				</ComposedBlock>
				<ComposedBlock ID="cblock_2" HPOS="196" VPOS="204" WIDTH="762" HEIGHT="1268">
					<TextBlock ID="block_1" HPOS="200" VPOS="204" WIDTH="758" HEIGHT="201">
						<TextLine ID="line_1" HPOS="200" VPOS="204" WIDTH="758" HEIGHT="24">
							<String ID="string_1" HPOS="200" VPOS="204" WIDTH="51" HEIGHT="22" WC="0.96" CONTENT="felet"/><SP WIDTH="16" VPOS="204" HPOS="251"/>
							<String ID="string_2" HPOS="267" VPOS="204" WIDTH="52" HEIGHT="22" WC="0.93" CONTENT="eller"/><SP WIDTH="15" VPOS="204" HPOS="319"/>
							<String ID="string_3" HPOS="334" VPOS="204" WIDTH="163" HEIGHT="22" WC="0.91" CONTENT="försummelsen"/><SP WIDTH="14" VPOS="204" HPOS="497"/>
							<String ID="string_4" HPOS="511" VPOS="205" WIDTH="49" HEIGHT="21" WC="0.96" CONTENT="icke"/><SP WIDTH="15" VPOS="205" HPOS="560"/>
							<String ID="string_5" HPOS="575" VPOS="206" WIDTH="25" HEIGHT="20" WC="0.96" CONTENT="är"/><SP WIDTH="15" VPOS="206" HPOS="600"/>
							<String ID="string_6" HPOS="615" VPOS="206" WIDTH="25" HEIGHT="21" WC="0.96" CONTENT="af"/><SP WIDTH="14" VPOS="206" HPOS="640"/>
							<String ID="string_7" HPOS="654" VPOS="206" WIDTH="42" HEIGHT="21" WC="0.96" CONTENT="den"/><SP WIDTH="16" VPOS="206" HPOS="696"/>
							<String ID="string_8" HPOS="712" VPOS="208" WIDTH="34" HEIGHT="19" WC="0.96" CONTENT="art"/><SP WIDTH="15" VPOS="208" HPOS="746"/>
							<String ID="string_9" HPOS="761" VPOS="207" WIDTH="33" HEIGHT="19" WC="0.96" CONTENT="att"/><SP WIDTH="16" VPOS="207" HPOS="794"/>
							<String ID="string_10" HPOS="810" VPOS="206" WIDTH="88" HEIGHT="22" WC="0.96" CONTENT="rättelse"/><SP WIDTH="15" VPOS="206" HPOS="898"/>
							<String ID="string_11" HPOS="913" VPOS="206" WIDTH="45" HEIGHT="22" WC="0.96" CONTENT="kan"/>
						</TextLine>
						<TextLine ID="line_2" HPOS="200" VPOS="238" WIDTH="757" HEIGHT="30">
							<String ID="string_12" HPOS="200" VPOS="238" WIDTH="134" HEIGHT="22" WC="0.96" CONTENT="omedelbart"/><SP WIDTH="22" VPOS="238" HPOS="334"/>
							<String ID="string_13" HPOS="356" VPOS="239" WIDTH="25" HEIGHT="21" WC="0.96" CONTENT="af"/><SP WIDTH="16" VPOS="239" HPOS="381"/>
							<String ID="string_14" HPOS="397" VPOS="240" WIDTH="42" HEIGHT="21" WC="0.92" CONTENT="den"/><SP WIDTH="14" VPOS="240" HPOS="439"/>
							<String ID="string_15" HPOS="453" VPOS="240" WIDTH="104" HEIGHT="27" WC="0.91" CONTENT="felaktige"/><SP WIDTH="16" VPOS="240" HPOS="557"/>
							<String ID="string_16" HPOS="573" VPOS="240" WIDTH="52" HEIGHT="28" WC="0.96" CONTENT="sjelf"/><SP WIDTH="12" VPOS="240" HPOS="625"/>
							<String ID="string_17" HPOS="637" VPOS="241" WIDTH="64" HEIGHT="27" WC="0.96" CONTENT="göras"/><SP WIDTH="15" VPOS="241" HPOS="701"/>
							<String ID="string_18" HPOS="716" VPOS="240" WIDTH="41" HEIGHT="21" WC="0.96" CONTENT="och"/><SP WIDTH="15" VPOS="240" HPOS="757"/>
							<String ID="string_19" HPOS="772" VPOS="242" WIDTH="77" HEIGHT="25" WC="0.96" CONTENT="genast"/><SP WIDTH="14" VPOS="242" HPOS="849"/>
							<String ID="string_20" HPOS="863" VPOS="241" WIDTH="37" HEIGHT="21" WC="0.93" CONTENT="vid"/><SP WIDTH="14" VPOS="241" HPOS="900"/>
							<String ID="string_21" HPOS="914" VPOS="240" WIDTH="43" HEIGHT="22" WC="0.91" CONTENT="för-"/>
						</TextLine>
						<TextLine ID="line_3" HPOS="201" VPOS="272" WIDTH="756" HEIGHT="30">
							<String ID="string_22" HPOS="201" VPOS="272" WIDTH="114" HEIGHT="28" WC="0.91" CONTENT="klaringen"/><SP WIDTH="22" VPOS="272" HPOS="315"/>
							<String ID="string_23" HPOS="337" VPOS="273" WIDTH="96" HEIGHT="28" WC="0.95" CONTENT="frivilligt"/><SP WIDTH="22" VPOS="273" HPOS="433"/>
							<String ID="string_24" HPOS="455" VPOS="274" WIDTH="107" HEIGHT="28" WC="0.93" CONTENT="erbjudes,"/><SP WIDTH="23" VPOS="274" HPOS="562"/>
							<String ID="string_25" HPOS="585" VPOS="274" WIDTH="146" HEIGHT="28" WC="0.91" CONTENT="prokuratorn"/><SP WIDTH="20" VPOS="274" HPOS="731"/>
							<String ID="string_26" HPOS="751" VPOS="274" WIDTH="49" HEIGHT="22" WC="0.96" CONTENT="icke"/><SP WIDTH="15" VPOS="274" HPOS="800"/>
							<String ID="string_27" HPOS="815" VPOS="281" WIDTH="50" HEIGHT="21" WC="0.96" CONTENT="eger"/><SP WIDTH="15" VPOS="281" HPOS="865"/>
							<String ID="string_28" HPOS="880" VPOS="282" WIDTH="77" HEIGHT="20" WC="0.96" CONTENT="genom"/>
						</TextLine>
						<TextLine ID="line_4" HPOS="202" VPOS="307" WIDTH="756" HEIGHT="29">
							<String ID="string_29" HPOS="202" VPOS="307" WIDTH="34" HEIGHT="21" WC="0.95" CONTENT="sin"/><SP WIDTH="15" VPOS="307" HPOS="236"/>
							<String ID="string_30" HPOS="251" VPOS="307" WIDTH="118" HEIGHT="28" WC="0.95" CONTENT="befallning"/><SP WIDTH="15" VPOS="307" HPOS="369"/>
							<String ID="string_31" HPOS="384" VPOS="308" WIDTH="131" HEIGHT="28" WC="0.96" CONTENT="framtvinga"/><SP WIDTH="15" VPOS="308" HPOS="515"/>
							<String ID="string_32" HPOS="530" VPOS="310" WIDTH="75" HEIGHT="25" WC="0.96" CONTENT="sådan,"/><SP WIDTH="16" VPOS="310" HPOS="605"/>
							<String ID="string_33" HPOS="621" VPOS="312" WIDTH="54" HEIGHT="18" WC="0.96" CONTENT="utan"/><SP WIDTH="15" VPOS="312" HPOS="675"/>
							<String ID="string_34" HPOS="690" VPOS="309" WIDTH="41" HEIGHT="21" WC="0.96" CONTENT="har"/><SP WIDTH="14" VPOS="309" HPOS="731"/>
							<String ID="string_35" HPOS="745" VPOS="311" WIDTH="33" HEIGHT="19" WC="0.96" CONTENT="att"/><SP WIDTH="15" VPOS="311" HPOS="778"/>
							<String ID="string_36" HPOS="793" VPOS="309" WIDTH="111" HEIGHT="27" WC="0.96" CONTENT="antingen,"/><SP WIDTH="16" VPOS="309" HPOS="904"/>
							<String ID="string_37" HPOS="920" VPOS="310" WIDTH="38" HEIGHT="21" WC="0.96" CONTENT="der"/>
						</TextLine>
						<TextLine ID="line_5" HPOS="201" VPOS="341" WIDTH="756" HEIGHT="29">
							<String ID="string_38" HPOS="201" VPOS="341" WIDTH="67" HEIGHT="22" WC="0.95" CONTENT="saken"/><SP WIDTH="16" VPOS="341" HPOS="268"/>
							<String ID="string_39" HPOS="284" VPOS="343" WIDTH="24" HEIGHT="20" WC="0.96" CONTENT="är"/><SP WIDTH="19" VPOS="343" HPOS="308"/>
							<String ID="string_40" HPOS="327" VPOS="342" WIDTH="25" HEIGHT="22" WC="0.93" CONTENT="af"/><SP WIDTH="13" VPOS="342" HPOS="352"/>
							<String ID="string_41" HPOS="365" VPOS="343" WIDTH="124" HEIGHT="27" WC="0.92" CONTENT="disciplinär"/><SP WIDTH="15" VPOS="343" HPOS="489"/>
							<String ID="string_42" HPOS="504" VPOS="342" WIDTH="158" HEIGHT="27" WC="0.96" CONTENT="beskaffenhet,"/><SP WIDTH="16" VPOS="342" HPOS="662"/>
							<String ID="string_43" HPOS="678" VPOS="344" WIDTH="73" HEIGHT="21" WC="0.96" CONTENT="vända"/><SP WIDTH="16" VPOS="344" HPOS="751"/>
							<String ID="string_44" HPOS="767" VPOS="343" WIDTH="32" HEIGHT="27" WC="0.96" CONTENT="sig"/><SP WIDTH="15" VPOS="343" HPOS="799"/>
							<String ID="string_45" HPOS="814" VPOS="343" WIDTH="34" HEIGHT="21" WC="0.96" CONTENT="till"/><SP WIDTH="15" VPOS="343" HPOS="848"/>
							<String ID="string_46" HPOS="863" VPOS="344" WIDTH="41" HEIGHT="20" WC="0.93" CONTENT="den"/><SP WIDTH="15" VPOS="344" HPOS="904"/>
							<String ID="string_47" HPOS="919" VPOS="344" WIDTH="38" HEIGHT="21" WC="0.92" CONTENT="fel-"/>
						</TextLine>
						<TextLine ID="line_6" HPOS="200" VPOS="376" WIDTH="728" HEIGHT="29">
							<String ID="string_48" HPOS="200" VPOS="376" WIDTH="85" HEIGHT="28" WC="0.92" CONTENT="aktiges"/><SP WIDTH="15" VPOS="376" HPOS="285"/>
							<String ID="string_49" HPOS="300" VPOS="377" WIDTH="102" HEIGHT="28" WC="0.91" CONTENT="chefskap"/><SP WIDTH="17" VPOS="377" HPOS="402"/>
							<String ID="string_50" HPOS="419" VPOS="378" WIDTH="51" HEIGHT="21" WC="0.96" CONTENT="eller"/><SP WIDTH="15" VPOS="378" HPOS="470"/>
							<String ID="string_51" HPOS="485" VPOS="378" WIDTH="41" HEIGHT="21" WC="0.96" CONTENT="ock"/><SP WIDTH="15" VPOS="378" HPOS="526"/>
							<String ID="string_52" HPOS="541" VPOS="380" WIDTH="33" HEIGHT="19" WC="0.96" CONTENT="att"/><SP WIDTH="15" VPOS="380" HPOS="574"/>
							<String ID="string_53" HPOS="589" VPOS="378" WIDTH="114" HEIGHT="22" WC="0.96" CONTENT="föranleda"/><SP WIDTH="15" VPOS="378" HPOS="703"/>
							<String ID="string_54" HPOS="718" VPOS="378" WIDTH="45" HEIGHT="21" WC="0.96" CONTENT="åtal"/><SP WIDTH="16" VPOS="378" HPOS="763"/>
							<String ID="string_55" HPOS="779" VPOS="378" WIDTH="36" HEIGHT="22" WC="0.96" CONTENT="vid"/><SP WIDTH="15" VPOS="378" HPOS="815"/>
							<String ID="string_56" HPOS="830" VPOS="378" WIDTH="98" HEIGHT="21" WC="0.96" CONTENT="domstol."/>
						</TextLine>
					</TextBlock>
					<TextBlock ID="block_2" HPOS="200" VPOS="411" WIDTH="756" HEIGHT="92">
						<TextLine ID="line_7" HPOS="268" VPOS="411" WIDTH="685" HEIGHT="29">
							<String ID="string_57" HPOS="268" VPOS="411" WIDTH="96" HEIGHT="23" WC="0.96" CONTENT="Motiven"/><SP WIDTH="21" VPOS="411" HPOS="364"/>
							<String ID="string_58" HPOS="385" VPOS="412" WIDTH="33" HEIGHT="21" WC="0.95" CONTENT="till"/><SP WIDTH="22" VPOS="412" HPOS="418"/>
							<String ID="string_59" HPOS="440" VPOS="414" WIDTH="31" HEIGHT="20" WC="0.96" CONTENT="ett"/><SP WIDTH="20" VPOS="414" HPOS="471"/>
							<String ID="string_60" HPOS="491" VPOS="413" WIDTH="79" HEIGHT="21" WC="0.96" CONTENT="sådant"/><SP WIDTH="15" VPOS="413" HPOS="570"/>
							<String ID="string_61" HPOS="585" VPOS="414" WIDTH="112" HEIGHT="20" WC="0.96" CONTENT="ordnande"/><SP WIDTH="15" VPOS="414" HPOS="697"/>
							<String ID="string_62" HPOS="712" VPOS="412" WIDTH="26" HEIGHT="22" WC="0.93" CONTENT="af"/><SP WIDTH="12" VPOS="412" HPOS="738"/>
							<String ID="string_63" HPOS="750" VPOS="412" WIDTH="156" HEIGHT="28" WC="0.92" CONTENT="prokuratorns"/><SP WIDTH="15" VPOS="412" HPOS="906"/>
							<String ID="string_64" HPOS="921" VPOS="413" WIDTH="32" HEIGHT="22" WC="0.85" CONTENT="be:"/>
						</TextLine>
						<TextLine ID="line_8" HPOS="200" VPOS="446" WIDTH="756" HEIGHT="29">
							<String ID="string_65" HPOS="200" VPOS="446" WIDTH="102" HEIGHT="27" WC="0.92" CONTENT="fogenhet"/><SP WIDTH="23" VPOS="446" HPOS="302"/>
							<String ID="string_66" HPOS="325" VPOS="448" WIDTH="38" HEIGHT="20" WC="0.93" CONTENT="äro"/><SP WIDTH="21" VPOS="448" HPOS="363"/>
							<String ID="string_67" HPOS="384" VPOS="447" WIDTH="97" HEIGHT="22" WC="0.90" CONTENT="hvarken"/><SP WIDTH="23" VPOS="447" HPOS="481"/>
							<String ID="string_68" HPOS="504" VPOS="447" WIDTH="95" HEIGHT="28" WC="0.90" CONTENT="ovigtiga"/><SP WIDTH="23" VPOS="447" HPOS="599"/>
							<String ID="string_69" HPOS="622" VPOS="447" WIDTH="52" HEIGHT="22" WC="0.93" CONTENT="eller"/><SP WIDTH="15" VPOS="447" HPOS="674"/>
							<String ID="string_70" HPOS="689" VPOS="447" WIDTH="82" HEIGHT="28" WC="0.90" CONTENT="fjerran"/><SP WIDTH="16" VPOS="447" HPOS="771"/>
							<String ID="string_71" HPOS="787" VPOS="447" WIDTH="101" HEIGHT="28" WC="0.96" CONTENT="liggande"/><SP WIDTH="16" VPOS="447" HPOS="888"/>
							<String ID="string_72" HPOS="904" VPOS="447" WIDTH="52" HEIGHT="22" WC="0.96" CONTENT="eller"/>
						</TextLine>
						<TextLine ID="line_9" HPOS="200" VPOS="481" WIDTH="189" HEIGHT="22">
							<String ID="string_73" HPOS="200" VPOS="481" WIDTH="64" HEIGHT="21" WC="0.96" CONTENT="svåra"/><SP WIDTH="15" VPOS="481" HPOS="264"/>
							<String ID="string_74" HPOS="279" VPOS="483" WIDTH="32" HEIGHT="19" WC="0.96" CONTENT="att"/><SP WIDTH="15" VPOS="483" HPOS="311"/>
							<String ID="string_75" HPOS="326" VPOS="481" WIDTH="63" HEIGHT="22" WC="0.96" CONTENT="fatta."/>
						</TextLine>
					</TextBlock>
					<TextBlock ID="block_3" HPOS="198" VPOS="509" WIDTH="760" HEIGHT="585">
						<TextLine ID="line_10" HPOS="268" VPOS="509" WIDTH="689" HEIGHT="34">
							<String ID="string_76" HPOS="268" VPOS="509" WIDTH="135" HEIGHT="34" WC="0.91" CONTENT="Åklagarens"/><SP WIDTH="15" VPOS="509" HPOS="403"/>
							<String ID="string_77" HPOS="418" VPOS="516" WIDTH="40" HEIGHT="21" WC="0.96" CONTENT="och"/><SP WIDTH="16" VPOS="516" HPOS="458"/>
							<String ID="string_78" HPOS="474" VPOS="517" WIDTH="114" HEIGHT="20" WC="0.96" CONTENT="domarens"/><SP WIDTH="16" VPOS="517" HPOS="588"/>
							<String ID="string_79" HPOS="604" VPOS="516" WIDTH="46" HEIGHT="21" WC="0.96" CONTENT="kall"/><SP WIDTH="10" VPOS="516" HPOS="650"/>
							<String ID="string_80" HPOS="660" VPOS="517" WIDTH="38" HEIGHT="20" WC="0.96" CONTENT="äro"/><SP WIDTH="10" VPOS="517" HPOS="698"/>
							<String ID="string_81" HPOS="708" VPOS="516" WIDTH="51" HEIGHT="21" WC="0.96" CONTENT="med"/><SP WIDTH="10" VPOS="516" HPOS="759"/>
							<String ID="string_82" HPOS="769" VPOS="515" WIDTH="123" HEIGHT="22" WC="0.93" CONTENT="hvarandra"/><SP WIDTH="11" VPOS="515" HPOS="892"/>
							<String ID="string_83" HPOS="903" VPOS="516" WIDTH="54" HEIGHT="22" WC="0.91" CONTENT="oför-"/>
						</TextLine>
						<TextLine ID="line_11" HPOS="200" VPOS="549" WIDTH="757" HEIGHT="30">
							<String ID="string_84" HPOS="200" VPOS="549" WIDTH="79" HEIGHT="28" WC="0.91" CONTENT="enliga."/><SP WIDTH="30" VPOS="549" HPOS="279"/>
							<String ID="string_85" HPOS="309" VPOS="550" WIDTH="129" HEIGHT="22" WC="0.96" CONTENT="Påståendet"/><SP WIDTH="15" VPOS="550" HPOS="438"/>
							<String ID="string_86" HPOS="453" VPOS="553" WIDTH="32" HEIGHT="18" WC="0.96" CONTENT="att"/><SP WIDTH="16" VPOS="553" HPOS="485"/>
							<String ID="string_87" HPOS="501" VPOS="558" WIDTH="27" HEIGHT="14" WC="0.96" CONTENT="en"/><SP WIDTH="16" VPOS="558" HPOS="528"/>
							<String ID="string_88" HPOS="544" VPOS="553" WIDTH="83" HEIGHT="19" WC="0.96" CONTENT="statens"/><SP WIDTH="16" VPOS="553" HPOS="627"/>
							<String ID="string_89" HPOS="643" VPOS="551" WIDTH="84" HEIGHT="28" WC="0.96" CONTENT="tjenare"/><SP WIDTH="16" VPOS="551" HPOS="727"/>
							<String ID="string_90" HPOS="743" VPOS="550" WIDTH="48" HEIGHT="21" WC="0.96" CONTENT="icke"/><SP WIDTH="16" VPOS="550" HPOS="791"/>
							<String ID="string_91" HPOS="807" VPOS="550" WIDTH="97" HEIGHT="28" WC="0.72" CONTENT="fullgjort"/><SP WIDTH="16" VPOS="550" HPOS="904"/>
							<String ID="string_92" HPOS="920" VPOS="553" WIDTH="37" HEIGHT="19" WC="0.96" CONTENT="sitt"/>
						</TextLine>
						<TextLine ID="line_12" HPOS="200" VPOS="584" WIDTH="756" HEIGHT="29">
							<String ID="string_93" HPOS="200" VPOS="584" WIDTH="115" HEIGHT="27" WC="0.90" CONTENT="åliggande"/><SP WIDTH="15" VPOS="584" HPOS="315"/>
							<String ID="string_94" HPOS="330" VPOS="585" WIDTH="51" HEIGHT="21" WC="0.96" CONTENT="eller"/><SP WIDTH="15" VPOS="585" HPOS="381"/>
							<String ID="string_95" HPOS="396" VPOS="585" WIDTH="97" HEIGHT="28" WC="0.96" CONTENT="fullgjort"/><SP WIDTH="16" VPOS="585" HPOS="493"/>
							<String ID="string_96" HPOS="509" VPOS="585" WIDTH="35" HEIGHT="21" WC="0.96" CONTENT="det"/><SP WIDTH="16" VPOS="585" HPOS="544"/>
							<String ID="string_97" HPOS="560" VPOS="585" WIDTH="29" HEIGHT="27" WC="0.96" CONTENT="på"/><SP WIDTH="15" VPOS="585" HPOS="589"/>
							<String ID="string_98" HPOS="604" VPOS="587" WIDTH="31" HEIGHT="19" WC="0.96" CONTENT="ett"/><SP WIDTH="15" VPOS="587" HPOS="635"/>
							<String ID="string_99" HPOS="650" VPOS="586" WIDTH="44" HEIGHT="20" WC="0.96" CONTENT="sätt"/><SP WIDTH="16" VPOS="586" HPOS="694"/>
							<String ID="string_100" HPOS="710" VPOS="591" WIDTH="46" HEIGHT="15" WC="0.96" CONTENT="som"/><SP WIDTH="16" VPOS="591" HPOS="756"/>
							<String ID="string_101" HPOS="772" VPOS="585" WIDTH="78" HEIGHT="21" WC="0.96" CONTENT="strider"/><SP WIDTH="10" VPOS="585" HPOS="850"/>
							<String ID="string_102" HPOS="860" VPOS="587" WIDTH="44" HEIGHT="19" WC="0.96" CONTENT="mot"/><SP WIDTH="10" VPOS="587" HPOS="904"/>
							<String ID="string_103" HPOS="914" VPOS="585" WIDTH="42" HEIGHT="28" WC="0.96" CONTENT="lag,"/>
						</TextLine>
						<TextLine ID="line_13" HPOS="200" VPOS="619" WIDTH="756" HEIGHT="28">
							<String ID="string_104" HPOS="200" VPOS="619" WIDTH="119" HEIGHT="21" WC="0.96" CONTENT="innefattar"/><SP WIDTH="23" VPOS="619" HPOS="319"/>
							<String ID="string_105" HPOS="342" VPOS="619" WIDTH="61" HEIGHT="21" WC="0.93" CONTENT="alltid"/><SP WIDTH="20" VPOS="619" HPOS="403"/>
							<String ID="string_106" HPOS="423" VPOS="619" WIDTH="139" HEIGHT="28" WC="0.91" CONTENT="påbördande"/><SP WIDTH="16" VPOS="619" HPOS="562"/>
							<String ID="string_107" HPOS="578" VPOS="619" WIDTH="25" HEIGHT="22" WC="0.95" CONTENT="af"/><SP WIDTH="13" VPOS="619" HPOS="603"/>
							<String ID="string_108" HPOS="616" VPOS="626" WIDTH="27" HEIGHT="14" WC="0.95" CONTENT="en"/><SP WIDTH="16" VPOS="626" HPOS="643"/>
							<String ID="string_109" HPOS="659" VPOS="619" WIDTH="103" HEIGHT="22" WC="0.96" CONTENT="förseelse"/><SP WIDTH="16" VPOS="619" HPOS="762"/>
							<String ID="string_110" HPOS="778" VPOS="619" WIDTH="53" HEIGHT="21" WC="0.96" CONTENT="eller"/><SP WIDTH="14" VPOS="619" HPOS="831"/>
							<String ID="string_111" HPOS="845" VPOS="622" WIDTH="32" HEIGHT="19" WC="0.97" CONTENT="ett"/><SP WIDTH="16" VPOS="622" HPOS="877"/>
							<String ID="string_112" HPOS="893" VPOS="620" WIDTH="63" HEIGHT="26" WC="0.96" CONTENT="brott,"/>
						</TextLine>
						<TextLine ID="line_14" HPOS="200" VPOS="653" WIDTH="756" HEIGHT="26">
							<String ID="string_113" HPOS="200" VPOS="659" WIDTH="51" HEIGHT="20" WC="0.96" CONTENT="som,"/><SP WIDTH="24" VPOS="659" HPOS="251"/>
							<String ID="string_114" HPOS="275" VPOS="653" WIDTH="7" HEIGHT="21" WC="0.96" CONTENT="i"/><SP WIDTH="15" VPOS="653" HPOS="282"/>
							<String ID="string_115" HPOS="297" VPOS="653" WIDTH="102" HEIGHT="22" WC="0.96" CONTENT="händelse"/><SP WIDTH="16" VPOS="653" HPOS="399"/>
							<String ID="string_116" HPOS="415" VPOS="655" WIDTH="36" HEIGHT="20" WC="0.90" CONTENT="det"/><SP WIDTH="15" VPOS="655" HPOS="451"/>
							<String ID="string_117" HPOS="466" VPOS="653" WIDTH="113" HEIGHT="26" WC="0.90" CONTENT="bestrides,"/><SP WIDTH="23" VPOS="653" HPOS="579"/>
							<String ID="string_118" HPOS="602" VPOS="655" WIDTH="68" HEIGHT="20" WC="0.96" CONTENT="måste"/><SP WIDTH="17" VPOS="655" HPOS="670"/>
							<String ID="string_119" HPOS="687" VPOS="654" WIDTH="89" HEIGHT="21" WC="0.96" CONTENT="utredas"/><SP WIDTH="16" VPOS="654" HPOS="776"/>
							<String ID="string_120" HPOS="792" VPOS="653" WIDTH="41" HEIGHT="22" WC="0.96" CONTENT="och"/><SP WIDTH="15" VPOS="653" HPOS="833"/>
							<String ID="string_121" HPOS="848" VPOS="654" WIDTH="108" HEIGHT="23" WC="0.78" CONTENT="bedömas."/>
						</TextLine>
						<TextLine ID="line_15" HPOS="199" VPOS="683" WIDTH="758" HEIGHT="33">
							<String ID="string_122" HPOS="199" VPOS="683" WIDTH="69" HEIGHT="26" WC="0.95" CONTENT="Äfven"/><SP WIDTH="17" VPOS="683" HPOS="268"/>
							<String ID="string_123" HPOS="285" VPOS="695" WIDTH="34" HEIGHT="14" WC="0.96" CONTENT="om"/><SP WIDTH="15" VPOS="695" HPOS="319"/>
							<String ID="string_124" HPOS="334" VPOS="688" WIDTH="51" HEIGHT="21" WC="0.96" CONTENT="felet"/><SP WIDTH="15" VPOS="688" HPOS="385"/>
							<String ID="string_125" HPOS="400" VPOS="690" WIDTH="24" HEIGHT="19" WC="0.96" CONTENT="är"/><SP WIDTH="15" VPOS="690" HPOS="424"/>
							<String ID="string_126" HPOS="439" VPOS="689" WIDTH="62" HEIGHT="27" WC="0.96" CONTENT="ringa"/><SP WIDTH="15" VPOS="689" HPOS="501"/>
							<String ID="string_127" HPOS="516" VPOS="689" WIDTH="40" HEIGHT="21" WC="0.96" CONTENT="och"/><SP WIDTH="16" VPOS="689" HPOS="556"/>
							<String ID="string_128" HPOS="572" VPOS="689" WIDTH="66" HEIGHT="26" WC="0.96" CONTENT="något"/><SP WIDTH="15" VPOS="689" HPOS="638"/>
							<String ID="string_129" HPOS="653" VPOS="688" WIDTH="96" HEIGHT="27" WC="0.96" CONTENT="specielt,"/><SP WIDTH="13" VPOS="688" HPOS="749"/>
							<String ID="string_130" HPOS="762" VPOS="695" WIDTH="52" HEIGHT="15" WC="0.96" CONTENT="vare"/><SP WIDTH="11" VPOS="695" HPOS="814"/>
							<String ID="string_131" HPOS="825" VPOS="689" WIDTH="32" HEIGHT="26" WC="0.95" CONTENT="sig"/><SP WIDTH="10" VPOS="689" HPOS="857"/>
							<String ID="string_132" HPOS="867" VPOS="689" WIDTH="90" HEIGHT="21" WC="0.96" CONTENT="allmänt"/>
						</TextLine>
						<TextLine ID="line_16" HPOS="200" VPOS="722" WIDTH="758" HEIGHT="28">
							<String ID="string_133" HPOS="200" VPOS="723" WIDTH="53" HEIGHT="20" WC="0.93" CONTENT="eller"/><SP WIDTH="15" VPOS="723" HPOS="253"/>
							<String ID="string_134" HPOS="268" VPOS="723" WIDTH="100" HEIGHT="25" WC="0.92" CONTENT="enskildt,"/><SP WIDTH="9" VPOS="723" HPOS="368"/>
							<String ID="string_135" HPOS="377" VPOS="723" WIDTH="91" HEIGHT="21" WC="0.95" CONTENT="intresse"/><SP WIDTH="15" VPOS="723" HPOS="468"/>
							<String ID="string_136" HPOS="483" VPOS="723" WIDTH="48" HEIGHT="21" WC="0.96" CONTENT="icke"/><SP WIDTH="15" VPOS="723" HPOS="531"/>
							<String ID="string_137" HPOS="546" VPOS="723" WIDTH="45" HEIGHT="21" WC="0.96" CONTENT="kan"/><SP WIDTH="15" VPOS="723" HPOS="591"/>
							<String ID="string_138" HPOS="606" VPOS="723" WIDTH="104" HEIGHT="27" WC="0.96" CONTENT="uppvisas"/><SP WIDTH="15" VPOS="723" HPOS="710"/>
							<String ID="string_139" HPOS="725" VPOS="722" WIDTH="67" HEIGHT="22" WC="0.96" CONTENT="hafva"/><SP WIDTH="10" VPOS="722" HPOS="792"/>
							<String ID="string_140" HPOS="802" VPOS="729" WIDTH="78" HEIGHT="20" WC="0.93" CONTENT="genom"/><SP WIDTH="10" VPOS="729" HPOS="880"/>
							<String ID="string_141" HPOS="890" VPOS="723" WIDTH="68" HEIGHT="22" WC="0.92" CONTENT="hand-"/>
						</TextLine>
						<TextLine ID="line_17" HPOS="199" VPOS="757" WIDTH="758" HEIGHT="28">
							<String ID="string_142" HPOS="199" VPOS="757" WIDTH="123" HEIGHT="27" WC="0.92" CONTENT="lingssättet"/><SP WIDTH="15" VPOS="757" HPOS="322"/>
							<String ID="string_143" HPOS="337" VPOS="757" WIDTH="54" HEIGHT="28" WC="0.96" CONTENT="lidit,"/><SP WIDTH="15" VPOS="757" HPOS="391"/>
							<String ID="string_144" HPOS="406" VPOS="757" WIDTH="119" HEIGHT="22" WC="0.96" CONTENT="innefattar"/><SP WIDTH="16" VPOS="757" HPOS="525"/>
							<String ID="string_145" HPOS="541" VPOS="758" WIDTH="36" HEIGHT="21" WC="0.96" CONTENT="det"/><SP WIDTH="16" VPOS="758" HPOS="577"/>
							<String ID="string_146" HPOS="593" VPOS="757" WIDTH="67" HEIGHT="22" WC="0.96" CONTENT="likväl"/><SP WIDTH="16" VPOS="757" HPOS="660"/>
							<String ID="string_147" HPOS="676" VPOS="758" WIDTH="66" HEIGHT="26" WC="0.96" CONTENT="något"/><SP WIDTH="15" VPOS="758" HPOS="742"/>
							<String ID="string_148" HPOS="757" VPOS="757" WIDTH="35" HEIGHT="21" WC="0.96" CONTENT="för"/><SP WIDTH="11" VPOS="757" HPOS="792"/>
							<String ID="string_149" HPOS="803" VPOS="758" WIDTH="42" HEIGHT="20" WC="0.93" CONTENT="den"/><SP WIDTH="11" VPOS="758" HPOS="845"/>
							<String ID="string_150" HPOS="856" VPOS="757" WIDTH="101" HEIGHT="28" WC="0.91" CONTENT="beskylde"/>
						</TextLine>
						<TextLine ID="line_18" HPOS="199" VPOS="791" WIDTH="759" HEIGHT="28">
							<String ID="string_151" HPOS="199" VPOS="791" WIDTH="128" HEIGHT="22" WC="0.96" CONTENT="kränkande"/><SP WIDTH="9" VPOS="791" HPOS="327"/>
							<String ID="string_152" HPOS="336" VPOS="792" WIDTH="40" HEIGHT="21" WC="0.96" CONTENT="och"/><SP WIDTH="9" VPOS="792" HPOS="376"/>
							<String ID="string_153" HPOS="385" VPOS="799" WIDTH="44" HEIGHT="14" WC="0.96" CONTENT="som"/><SP WIDTH="12" VPOS="799" HPOS="429"/>
							<String ID="string_154" HPOS="441" VPOS="793" WIDTH="70" HEIGHT="20" WC="0.96" CONTENT="denne"/><SP WIDTH="16" VPOS="793" HPOS="511"/>
							<String ID="string_155" HPOS="527" VPOS="791" WIDTH="47" HEIGHT="22" WC="0.93" CONTENT="icke"/><SP WIDTH="17" VPOS="791" HPOS="574"/>
							<String ID="string_156" HPOS="591" VPOS="792" WIDTH="103" HEIGHT="21" WC="0.91" CONTENT="behöfver"/><SP WIDTH="15" VPOS="792" HPOS="694"/>
							<String ID="string_157" HPOS="709" VPOS="791" WIDTH="135" HEIGHT="22" WC="0.96" CONTENT="underkasta"/><SP WIDTH="15" VPOS="791" HPOS="844"/>
							<String ID="string_158" HPOS="859" VPOS="792" WIDTH="37" HEIGHT="27" WC="0.96" CONTENT="sig,"/><SP WIDTH="16" VPOS="792" HPOS="896"/>
							<String ID="string_159" HPOS="912" VPOS="792" WIDTH="46" HEIGHT="21" WC="0.96" CONTENT="ifall"/>
						</TextLine>
						<TextLine ID="line_19" HPOS="200" VPOS="826" WIDTH="757" HEIGHT="27">
							<String ID="string_160" HPOS="200" VPOS="826" WIDTH="43" HEIGHT="21" WC="0.96" CONTENT="han"/><SP WIDTH="23" VPOS="826" HPOS="243"/>
							<String ID="string_161" HPOS="266" VPOS="826" WIDTH="48" HEIGHT="21" WC="0.96" CONTENT="icke"/><SP WIDTH="22" VPOS="826" HPOS="314"/>
							<String ID="string_162" HPOS="336" VPOS="833" WIDTH="77" HEIGHT="20" WC="0.96" CONTENT="genom"/><SP WIDTH="22" VPOS="833" HPOS="413"/>
							<String ID="string_163" HPOS="435" VPOS="826" WIDTH="36" HEIGHT="27" WC="0.96" CONTENT="lag"/><SP WIDTH="22" VPOS="826" HPOS="471"/>
							<String ID="string_164" HPOS="493" VPOS="828" WIDTH="24" HEIGHT="19" WC="0.93" CONTENT="är"/><SP WIDTH="20" VPOS="828" HPOS="517"/>
							<String ID="string_165" HPOS="537" VPOS="826" WIDTH="57" HEIGHT="21" WC="0.92" CONTENT="stäld"/><SP WIDTH="15" VPOS="826" HPOS="594"/>
							<String ID="string_166" HPOS="609" VPOS="826" WIDTH="7" HEIGHT="21" WC="0.95" CONTENT="i"/><SP WIDTH="16" VPOS="826" HPOS="616"/>
							<String ID="string_167" HPOS="632" VPOS="828" WIDTH="31" HEIGHT="19" WC="0.95" CONTENT="ett"/><SP WIDTH="15" VPOS="828" HPOS="663"/>
							<String ID="string_168" HPOS="678" VPOS="827" WIDTH="80" HEIGHT="20" WC="0.96" CONTENT="sådant"/><SP WIDTH="15" VPOS="827" HPOS="758"/>
							<String ID="string_169" HPOS="773" VPOS="826" WIDTH="136" HEIGHT="21" WC="0.96" CONTENT="förhållande"/><SP WIDTH="15" VPOS="826" HPOS="909"/>
							<String ID="string_170" HPOS="924" VPOS="826" WIDTH="33" HEIGHT="21" WC="0.96" CONTENT="till"/>
						</TextLine>
						<TextLine ID="line_20" HPOS="200" VPOS="860" WIDTH="756" HEIGHT="28">
							<String ID="string_171" HPOS="200" VPOS="861" WIDTH="42" HEIGHT="21" WC="0.93" CONTENT="den"/><SP WIDTH="25" VPOS="861" HPOS="242"/>
							<String ID="string_172" HPOS="267" VPOS="861" WIDTH="148" HEIGHT="21" WC="0.91" CONTENT="anmärkande"/><SP WIDTH="23" VPOS="861" HPOS="415"/>
							<String ID="string_173" HPOS="438" VPOS="863" WIDTH="33" HEIGHT="22" WC="0.96" CONTENT="att"/><SP WIDTH="16" VPOS="863" HPOS="471"/>
							<String ID="string_174" HPOS="487" VPOS="861" WIDTH="69" HEIGHT="20" WC="0.96" CONTENT="denne"/><SP WIDTH="17" VPOS="861" HPOS="556"/>
							<String ID="string_175" HPOS="573" VPOS="861" WIDTH="60" HEIGHT="21" WC="0.96" CONTENT="öfver"/><SP WIDTH="15" VPOS="861" HPOS="633"/>
							<String ID="string_176" HPOS="648" VPOS="861" WIDTH="79" HEIGHT="21" WC="0.95" CONTENT="honom"/><SP WIDTH="17" VPOS="861" HPOS="727"/>
							<String ID="string_177" HPOS="744" VPOS="867" WIDTH="51" HEIGHT="20" WC="0.93" CONTENT="eger"/><SP WIDTH="15" VPOS="867" HPOS="795"/>
							<String ID="string_178" HPOS="810" VPOS="867" WIDTH="17" HEIGHT="14" WC="0.89" CONTENT="s."/><SP WIDTH="15" VPOS="867" HPOS="827"/>
							<String ID="string_179" HPOS="842" VPOS="860" WIDTH="21" HEIGHT="21" WC="0.89" CONTENT="k."/><SP WIDTH="16" VPOS="860" HPOS="863"/>
							<String ID="string_180" HPOS="879" VPOS="861" WIDTH="77" HEIGHT="27" WC="0.92" CONTENT="discip-"/>
						</TextLine>
						<TextLine ID="line_21" HPOS="198" VPOS="894" WIDTH="760" HEIGHT="29">
							<String ID="string_181" HPOS="198" VPOS="895" WIDTH="57" HEIGHT="21" WC="0.92" CONTENT="linär"/><SP WIDTH="15" VPOS="895" HPOS="255"/>
							<String ID="string_182" HPOS="270" VPOS="895" WIDTH="125" HEIGHT="28" WC="0.96" CONTENT="myndighet"/><SP WIDTH="14" VPOS="895" HPOS="395"/>
							<String ID="string_183" HPOS="409" VPOS="897" WIDTH="56" HEIGHT="19" WC="0.96" CONTENT="samt"/><SP WIDTH="16" VPOS="897" HPOS="465"/>
							<String ID="string_184" HPOS="481" VPOS="895" WIDTH="83" HEIGHT="21" WC="0.96" CONTENT="således"/><SP WIDTH="15" VPOS="895" HPOS="564"/>
							<String ID="string_185" HPOS="579" VPOS="895" WIDTH="8" HEIGHT="20" WC="0.96" CONTENT="i"/><SP WIDTH="15" VPOS="895" HPOS="587"/>
							<String ID="string_186" HPOS="602" VPOS="895" WIDTH="42" HEIGHT="21" WC="0.96" CONTENT="viss"/><SP WIDTH="16" VPOS="895" HPOS="644"/>
							<String ID="string_187" HPOS="660" VPOS="895" WIDTH="50" HEIGHT="21" WC="0.96" CONTENT="mån"/><SP WIDTH="16" VPOS="895" HPOS="710"/>
							<String ID="string_188" HPOS="726" VPOS="894" WIDTH="40" HEIGHT="21" WC="0.93" CONTENT="bär"/><SP WIDTH="11" VPOS="894" HPOS="766"/>
							<String ID="string_189" HPOS="777" VPOS="895" WIDTH="138" HEIGHT="27" WC="0.92" CONTENT="ansvarighet"/><SP WIDTH="10" VPOS="895" HPOS="915"/>
							<String ID="string_190" HPOS="925" VPOS="895" WIDTH="33" HEIGHT="21" WC="0.96" CONTENT="för"/>
						</TextLine>
						<TextLine ID="line_22" HPOS="199" VPOS="929" WIDTH="757" HEIGHT="28">
							<String ID="string_191" HPOS="199" VPOS="929" WIDTH="55" HEIGHT="22" WC="0.93" CONTENT="hans"/><SP WIDTH="22" VPOS="929" HPOS="254"/>
							<String ID="string_192" HPOS="276" VPOS="929" WIDTH="190" HEIGHT="28" WC="0.90" CONTENT="pligtuppfyllelse."/><SP WIDTH="30" VPOS="929" HPOS="466"/>
							<String ID="string_193" HPOS="496" VPOS="929" WIDTH="76" HEIGHT="21" WC="0.96" CONTENT="Redan"/><SP WIDTH="22" VPOS="929" HPOS="572"/>
							<String ID="string_194" HPOS="594" VPOS="936" WIDTH="26" HEIGHT="14" WC="0.96" CONTENT="ur"/><SP WIDTH="20" VPOS="936" HPOS="620"/>
							<String ID="string_195" HPOS="640" VPOS="929" WIDTH="140" HEIGHT="28" WC="0.95" CONTENT="synpunkten"/><SP WIDTH="15" VPOS="929" HPOS="780"/>
							<String ID="string_196" HPOS="795" VPOS="929" WIDTH="26" HEIGHT="21" WC="0.93" CONTENT="af"/><SP WIDTH="13" VPOS="929" HPOS="821"/>
							<String ID="string_197" HPOS="834" VPOS="929" WIDTH="122" HEIGHT="28" WC="0.92" CONTENT="statstjena-"/>
						</TextLine>
						<TextLine ID="line_23" HPOS="198" VPOS="963" WIDTH="760" HEIGHT="28">
							<String ID="string_198" HPOS="198" VPOS="971" WIDTH="62" HEIGHT="14" WC="0.91" CONTENT="renes"/><SP WIDTH="24" VPOS="971" HPOS="260"/>
							<String ID="string_199" HPOS="284" VPOS="965" WIDTH="43" HEIGHT="20" WC="0.96" CONTENT="rätt"/><SP WIDTH="22" VPOS="965" HPOS="327"/>
							<String ID="string_200" HPOS="349" VPOS="964" WIDTH="44" HEIGHT="21" WC="0.96" CONTENT="kan"/><SP WIDTH="22" VPOS="964" HPOS="393"/>
							<String ID="string_201" HPOS="415" VPOS="964" WIDTH="84" HEIGHT="21" WC="0.93" CONTENT="således"/><SP WIDTH="22" VPOS="964" HPOS="499"/>
							<String ID="string_202" HPOS="521" VPOS="964" WIDTH="157" HEIGHT="27" WC="0.91" CONTENT="prokuratorns"/><SP WIDTH="22" VPOS="964" HPOS="678"/>
							<String ID="string_203" HPOS="700" VPOS="963" WIDTH="114" HEIGHT="22" WC="0.96" CONTENT="allmänna"/><SP WIDTH="14" VPOS="963" HPOS="814"/>
							<String ID="string_204" HPOS="828" VPOS="963" WIDTH="130" HEIGHT="28" WC="0.96" CONTENT="befogenhet"/>
						</TextLine>
						<TextLine ID="line_24" HPOS="198" VPOS="998" WIDTH="760" HEIGHT="28">
							<String ID="string_205" HPOS="198" VPOS="1001" WIDTH="34" HEIGHT="19" WC="0.93" CONTENT="att"/><SP WIDTH="15" VPOS="1001" HPOS="232"/>
							<String ID="string_206" HPOS="247" VPOS="998" WIDTH="116" HEIGHT="22" WC="0.90" CONTENT="öfvervaka"/><SP WIDTH="16" VPOS="998" HPOS="363"/>
							<String ID="string_207" HPOS="379" VPOS="999" WIDTH="62" HEIGHT="20" WC="0.93" CONTENT="deras"/><SP WIDTH="15" VPOS="999" HPOS="441"/>
							<String ID="string_208" HPOS="456" VPOS="998" WIDTH="186" HEIGHT="28" WC="0.91" CONTENT="pligtuppfyllelse"/><SP WIDTH="16" VPOS="998" HPOS="642"/>
							<String ID="string_209" HPOS="658" VPOS="998" WIDTH="99" HEIGHT="21" WC="0.93" CONTENT="hvarken"/><SP WIDTH="16" VPOS="998" HPOS="757"/>
							<String ID="string_210" HPOS="773" VPOS="1004" WIDTH="64" HEIGHT="15" WC="0.95" CONTENT="anses"/><SP WIDTH="14" VPOS="1004" HPOS="837"/>
							<String ID="string_211" HPOS="851" VPOS="998" WIDTH="107" HEIGHT="21" WC="0.96" CONTENT="innefatta"/>
						</TextLine>
						<TextLine ID="line_25" HPOS="198" VPOS="1031" WIDTH="760" HEIGHT="29">
							<String ID="string_212" HPOS="198" VPOS="1033" WIDTH="104" HEIGHT="27" WC="0.96" CONTENT="rättighet"/><SP WIDTH="12" VPOS="1033" HPOS="302"/>
							<String ID="string_213" HPOS="314" VPOS="1035" WIDTH="32" HEIGHT="18" WC="0.96" CONTENT="att"/><SP WIDTH="15" VPOS="1035" HPOS="346"/>
							<String ID="string_214" HPOS="361" VPOS="1033" WIDTH="89" HEIGHT="21" WC="0.96" CONTENT="kassera"/><SP WIDTH="15" VPOS="1033" HPOS="450"/>
							<String ID="string_215" HPOS="465" VPOS="1034" WIDTH="63" HEIGHT="20" WC="0.96" CONTENT="deras"/><SP WIDTH="16" VPOS="1034" HPOS="528"/>
							<String ID="string_216" HPOS="544" VPOS="1033" WIDTH="101" HEIGHT="26" WC="0.96" CONTENT="åtgärder"/><SP WIDTH="16" VPOS="1033" HPOS="645"/>
							<String ID="string_217" HPOS="661" VPOS="1032" WIDTH="53" HEIGHT="21" WC="0.96" CONTENT="eller"/><SP WIDTH="15" VPOS="1032" HPOS="714"/>
							<String ID="string_218" HPOS="729" VPOS="1032" WIDTH="35" HEIGHT="21" WC="0.96" CONTENT="för"/><SP WIDTH="15" VPOS="1032" HPOS="764"/>
							<String ID="string_219" HPOS="779" VPOS="1031" WIDTH="115" HEIGHT="22" WC="0.93" CONTENT="framtiden"/><SP WIDTH="9" VPOS="1031" HPOS="894"/>
							<String ID="string_220" HPOS="903" VPOS="1032" WIDTH="55" HEIGHT="22" WC="0.91" CONTENT="före-"/>
						</TextLine>
						<TextLine ID="line_26" HPOS="198" VPOS="1067" WIDTH="450" HEIGHT="27">
							<String ID="string_221" HPOS="198" VPOS="1067" WIDTH="82" HEIGHT="22" WC="0.91" CONTENT="skrifva"/><SP WIDTH="15" VPOS="1067" HPOS="280"/>
							<String ID="string_222" HPOS="295" VPOS="1069" WIDTH="31" HEIGHT="19" WC="0.93" CONTENT="ett"/><SP WIDTH="14" VPOS="1069" HPOS="326"/>
							<String ID="string_223" HPOS="340" VPOS="1067" WIDTH="127" HEIGHT="21" WC="0.92" CONTENT="förändradt"/><SP WIDTH="15" VPOS="1067" HPOS="467"/>
							<String ID="string_224" HPOS="482" VPOS="1067" WIDTH="166" HEIGHT="27" WC="0.91" CONTENT="handlingssätt."/>
						</TextLine>
					</TextBlock>
					<TextBlock ID="block_4" HPOS="196" VPOS="1100" WIDTH="762" HEIGHT="372">
						<TextLine ID="line_27" HPOS="267" VPOS="1100" WIDTH="689" HEIGHT="28">
							<String ID="string_225" HPOS="267" VPOS="1101" WIDTH="51" HEIGHT="21" WC="0.96" CONTENT="Men"/><SP WIDTH="23" VPOS="1101" HPOS="318"/>
							<String ID="string_226" HPOS="341" VPOS="1102" WIDTH="36" HEIGHT="20" WC="0.93" CONTENT="det"/><SP WIDTH="21" VPOS="1102" HPOS="377"/>
							<String ID="string_227" HPOS="398" VPOS="1101" WIDTH="68" HEIGHT="27" WC="0.92" CONTENT="gifves"/><SP WIDTH="23" VPOS="1101" HPOS="466"/>
							<String ID="string_228" HPOS="489" VPOS="1102" WIDTH="28" HEIGHT="20" WC="0.93" CONTENT="än"/><SP WIDTH="18" VPOS="1102" HPOS="517"/>
							<String ID="string_229" HPOS="535" VPOS="1101" WIDTH="106" HEIGHT="27" WC="0.92" CONTENT="vigtigare"/><SP WIDTH="16" VPOS="1101" HPOS="641"/>
							<String ID="string_230" HPOS="657" VPOS="1101" WIDTH="66" HEIGHT="22" WC="0.96" CONTENT="motiv"/><SP WIDTH="16" VPOS="1101" HPOS="723"/>
							<String ID="string_231" HPOS="739" VPOS="1100" WIDTH="26" HEIGHT="22" WC="0.96" CONTENT="af"/><SP WIDTH="13" VPOS="1100" HPOS="765"/>
							<String ID="string_232" HPOS="778" VPOS="1100" WIDTH="110" HEIGHT="27" WC="0.93" CONTENT="offentligt"/><SP WIDTH="16" VPOS="1100" HPOS="888"/>
							<String ID="string_233" HPOS="904" VPOS="1103" WIDTH="52" HEIGHT="19" WC="0.92" CONTENT="rätt-"/>
						</TextLine>
						<TextLine ID="line_28" HPOS="198" VPOS="1135" WIDTH="759" HEIGHT="28">
							<String ID="string_234" HPOS="198" VPOS="1136" WIDTH="41" HEIGHT="27" WC="0.93" CONTENT="slig"/><SP WIDTH="22" VPOS="1136" HPOS="239"/>
							<String ID="string_235" HPOS="261" VPOS="1138" WIDTH="71" HEIGHT="19" WC="0.93" CONTENT="natur."/><SP WIDTH="30" VPOS="1138" HPOS="332"/>
							<String ID="string_236" HPOS="362" VPOS="1135" WIDTH="80" HEIGHT="28" WC="0.90" CONTENT="Hvarje"/><SP WIDTH="22" VPOS="1135" HPOS="442"/>
							<String ID="string_237" HPOS="464" VPOS="1135" WIDTH="160" HEIGHT="28" WC="0.92" CONTENT="embetsåtgärd"/><SP WIDTH="23" VPOS="1135" HPOS="624"/>
							<String ID="string_238" HPOS="647" VPOS="1137" WIDTH="25" HEIGHT="20" WC="0.96" CONTENT="är"/><SP WIDTH="23" VPOS="1137" HPOS="672"/>
							<String ID="string_239" HPOS="695" VPOS="1135" WIDTH="72" HEIGHT="22" WC="0.95" CONTENT="tillika"/><SP WIDTH="22" VPOS="1135" HPOS="767"/>
							<String ID="string_240" HPOS="789" VPOS="1135" WIDTH="8" HEIGHT="21" WC="0.96" CONTENT="i"/><SP WIDTH="19" VPOS="1135" HPOS="797"/>
							<String ID="string_241" HPOS="816" VPOS="1136" WIDTH="99" HEIGHT="26" WC="0.96" CONTENT="grunden"/><SP WIDTH="15" VPOS="1136" HPOS="915"/>
							<String ID="string_242" HPOS="930" VPOS="1143" WIDTH="27" HEIGHT="14" WC="0.96" CONTENT="en"/>
						</TextLine>
						<TextLine ID="line_29" HPOS="197" VPOS="1169" WIDTH="760" HEIGHT="28">
							<String ID="string_243" HPOS="197" VPOS="1170" WIDTH="180" HEIGHT="27" WC="0.91" CONTENT="lagtillämpning,"/><SP WIDTH="16" VPOS="1170" HPOS="377"/>
							<String ID="string_244" HPOS="393" VPOS="1169" WIDTH="132" HEIGHT="22" WC="0.92" CONTENT="hänförande"/><SP WIDTH="16" VPOS="1169" HPOS="525"/>
							<String ID="string_245" HPOS="541" VPOS="1170" WIDTH="32" HEIGHT="27" WC="0.96" CONTENT="sig"/><SP WIDTH="15" VPOS="1170" HPOS="573"/>
							<String ID="string_246" HPOS="588" VPOS="1170" WIDTH="105" HEIGHT="27" WC="0.95" CONTENT="antingen"/><SP WIDTH="11" VPOS="1170" HPOS="693"/>
							<String ID="string_247" HPOS="704" VPOS="1169" WIDTH="33" HEIGHT="21" WC="0.95" CONTENT="till"/><SP WIDTH="16" VPOS="1169" HPOS="737"/>
							<String ID="string_248" HPOS="753" VPOS="1169" WIDTH="100" HEIGHT="27" WC="0.95" CONTENT="reglerna"/><SP WIDTH="15" VPOS="1169" HPOS="853"/>
							<String ID="string_249" HPOS="868" VPOS="1169" WIDTH="33" HEIGHT="22" WC="0.93" CONTENT="för"/><SP WIDTH="15" VPOS="1169" HPOS="901"/>
							<String ID="string_250" HPOS="916" VPOS="1169" WIDTH="41" HEIGHT="22" WC="0.93" CONTENT="för-"/>
						</TextLine>
						<TextLine ID="line_30" HPOS="197" VPOS="1203" WIDTH="759" HEIGHT="28">
							<String ID="string_251" HPOS="197" VPOS="1205" WIDTH="101" HEIGHT="20" WC="0.92" CONTENT="farandet"/><SP WIDTH="23" VPOS="1205" HPOS="298"/>
							<String ID="string_252" HPOS="321" VPOS="1204" WIDTH="51" HEIGHT="21" WC="0.95" CONTENT="eller"/><SP WIDTH="22" VPOS="1204" HPOS="372"/>
							<String ID="string_253" HPOS="394" VPOS="1204" WIDTH="33" HEIGHT="21" WC="0.93" CONTENT="till"/><SP WIDTH="22" VPOS="1204" HPOS="427"/>
							<String ID="string_254" HPOS="449" VPOS="1205" WIDTH="170" HEIGHT="20" WC="0.91" CONTENT="rättsnormerna"/><SP WIDTH="21" VPOS="1205" HPOS="619"/>
							<String ID="string_255" HPOS="640" VPOS="1204" WIDTH="35" HEIGHT="21" WC="0.96" CONTENT="för"/><SP WIDTH="26" VPOS="1204" HPOS="675"/>
							<String ID="string_256" HPOS="701" VPOS="1203" WIDTH="79" HEIGHT="28" WC="0.92" CONTENT="sjelfva"/><SP WIDTH="19" VPOS="1203" HPOS="780"/>
							<String ID="string_257" HPOS="799" VPOS="1203" WIDTH="78" HEIGHT="22" WC="0.93" CONTENT="sakens"/><SP WIDTH="15" VPOS="1203" HPOS="877"/>
							<String ID="string_258" HPOS="892" VPOS="1203" WIDTH="64" HEIGHT="22" WC="0.92" CONTENT="bedö-"/>
						</TextLine>
						<TextLine ID="line_31" HPOS="198" VPOS="1238" WIDTH="758" HEIGHT="28">
							<String ID="string_259" HPOS="198" VPOS="1240" WIDTH="86" HEIGHT="20" WC="0.95" CONTENT="mande."/><SP WIDTH="29" VPOS="1240" HPOS="284"/>
							<String ID="string_260" HPOS="313" VPOS="1239" WIDTH="10" HEIGHT="20" WC="0.95" CONTENT="I"/><SP WIDTH="25" VPOS="1239" HPOS="323"/>
							<String ID="string_261" HPOS="348" VPOS="1238" WIDTH="100" HEIGHT="21" WC="0.93" CONTENT="afseende"/><SP WIDTH="16" VPOS="1238" HPOS="448"/>
							<String ID="string_262" HPOS="464" VPOS="1239" WIDTH="13" HEIGHT="20" WC="0.92" CONTENT="å"/><SP WIDTH="15" VPOS="1239" HPOS="477"/>
							<String ID="string_263" HPOS="492" VPOS="1239" WIDTH="72" HEIGHT="20" WC="0.93" CONTENT="denna"/><SP WIDTH="15" VPOS="1239" HPOS="564"/>
							<String ID="string_264" HPOS="579" VPOS="1238" WIDTH="176" HEIGHT="28" WC="0.92" CONTENT="lagtillämpning"/><SP WIDTH="16" VPOS="1238" HPOS="755"/>
							<String ID="string_265" HPOS="771" VPOS="1239" WIDTH="25" HEIGHT="19" WC="0.93" CONTENT="är"/><SP WIDTH="16" VPOS="1239" HPOS="796"/>
							<String ID="string_266" HPOS="812" VPOS="1238" WIDTH="144" HEIGHT="21" WC="0.92" CONTENT="embetsman-"/>
						</TextLine>
						<TextLine ID="line_32" HPOS="199" VPOS="1272" WIDTH="758" HEIGHT="28">
							<String ID="string_267" HPOS="199" VPOS="1280" WIDTH="42" HEIGHT="15" WC="0.95" CONTENT="nen"/><SP WIDTH="16" VPOS="1280" HPOS="241"/>
							<String ID="string_268" HPOS="257" VPOS="1273" WIDTH="25" HEIGHT="21" WC="0.95" CONTENT="af"/><SP WIDTH="12" VPOS="1273" HPOS="282"/>
							<String ID="string_269" HPOS="294" VPOS="1273" WIDTH="36" HEIGHT="27" WC="0.96" CONTENT="lag"/><SP WIDTH="16" VPOS="1273" HPOS="330"/>
							<String ID="string_270" HPOS="346" VPOS="1273" WIDTH="40" HEIGHT="21" WC="0.93" CONTENT="och"/><SP WIDTH="15" VPOS="1273" HPOS="386"/>
							<String ID="string_271" HPOS="401" VPOS="1272" WIDTH="110" HEIGHT="22" WC="0.90" CONTENT="embetsed"/><SP WIDTH="15" VPOS="1272" HPOS="511"/>
							<String ID="string_272" HPOS="526" VPOS="1272" WIDTH="118" HEIGHT="28" WC="0.92" CONTENT="förpligtad"/><SP WIDTH="15" VPOS="1272" HPOS="644"/>
							<String ID="string_273" HPOS="659" VPOS="1275" WIDTH="33" HEIGHT="19" WC="0.96" CONTENT="att"/><SP WIDTH="15" VPOS="1275" HPOS="692"/>
							<String ID="string_274" HPOS="707" VPOS="1275" WIDTH="54" HEIGHT="25" WC="0.96" CONTENT="taga"/><SP WIDTH="15" VPOS="1275" HPOS="761"/>
							<String ID="string_275" HPOS="776" VPOS="1272" WIDTH="89" HEIGHT="27" WC="0.96" CONTENT="ledning"/><SP WIDTH="16" VPOS="1272" HPOS="865"/>
							<String ID="string_276" HPOS="881" VPOS="1273" WIDTH="76" HEIGHT="21" WC="0.96" CONTENT="endast"/>
						</TextLine>
						<TextLine ID="line_33" HPOS="197" VPOS="1306" WIDTH="760" HEIGHT="29">
							<String ID="string_277" HPOS="197" VPOS="1308" WIDTH="25" HEIGHT="21" WC="0.96" CONTENT="af"/><SP WIDTH="20" VPOS="1308" HPOS="222"/>
							<String ID="string_278" HPOS="242" VPOS="1308" WIDTH="33" HEIGHT="21" WC="0.93" CONTENT="sin"/><SP WIDTH="23" VPOS="1308" HPOS="275"/>
							<String ID="string_279" HPOS="298" VPOS="1308" WIDTH="141" HEIGHT="27" WC="0.88" CONTENT="öfvertygelse"/><SP WIDTH="24" VPOS="1308" HPOS="439"/>
							<String ID="string_280" HPOS="463" VPOS="1315" WIDTH="34" HEIGHT="13" WC="0.96" CONTENT="om"/><SP WIDTH="22" VPOS="1315" HPOS="497"/>
							<String ID="string_281" HPOS="519" VPOS="1308" WIDTH="58" HEIGHT="21" WC="0.95" CONTENT="hvad"/><SP WIDTH="22" VPOS="1308" HPOS="577"/>
							<String ID="string_282" HPOS="599" VPOS="1308" WIDTH="65" HEIGHT="27" WC="0.96" CONTENT="lagen"/><SP WIDTH="22" VPOS="1308" HPOS="664"/>
							<String ID="string_283" HPOS="686" VPOS="1306" WIDTH="126" HEIGHT="22" WC="0.95" CONTENT="innehåller"/><SP WIDTH="15" VPOS="1306" HPOS="812"/>
							<String ID="string_284" HPOS="827" VPOS="1307" WIDTH="40" HEIGHT="21" WC="0.96" CONTENT="och"/><SP WIDTH="16" VPOS="1307" HPOS="867"/>
							<String ID="string_285" HPOS="883" VPOS="1307" WIDTH="25" HEIGHT="21" WC="0.96" CONTENT="af"/><SP WIDTH="12" VPOS="1307" HPOS="908"/>
							<String ID="string_286" HPOS="920" VPOS="1308" WIDTH="37" HEIGHT="21" WC="0.96" CONTENT="sitt"/>
						</TextLine>
						<TextLine ID="line_34" HPOS="196" VPOS="1340" WIDTH="762" HEIGHT="29">
							<String ID="string_287" HPOS="196" VPOS="1344" WIDTH="104" HEIGHT="20" WC="0.95" CONTENT="samvete."/><SP WIDTH="29" VPOS="1344" HPOS="300"/>
							<String ID="string_288" HPOS="329" VPOS="1342" WIDTH="64" HEIGHT="21" WC="0.96" CONTENT="Emot"/><SP WIDTH="22" VPOS="1342" HPOS="393"/>
							<String ID="string_289" HPOS="415" VPOS="1342" WIDTH="55" HEIGHT="21" WC="0.91" CONTENT="hans"/><SP WIDTH="22" VPOS="1342" HPOS="470"/>
							<String ID="string_290" HPOS="492" VPOS="1342" WIDTH="113" HEIGHT="21" WC="0.91" CONTENT="oförstånd"/><SP WIDTH="22" VPOS="1342" HPOS="605"/>
							<String ID="string_291" HPOS="627" VPOS="1342" WIDTH="52" HEIGHT="21" WC="0.96" CONTENT="eller"/><SP WIDTH="20" VPOS="1342" HPOS="679"/>
							<String ID="string_292" HPOS="699" VPOS="1342" WIDTH="56" HEIGHT="21" WC="0.96" CONTENT="hans"/><SP WIDTH="17" VPOS="1342" HPOS="755"/>
							<String ID="string_293" HPOS="772" VPOS="1340" WIDTH="73" HEIGHT="28" WC="0.96" CONTENT="dåliga"/><SP WIDTH="14" VPOS="1340" HPOS="845"/>
							<String ID="string_294" HPOS="859" VPOS="1342" WIDTH="51" HEIGHT="27" WC="0.93" CONTENT="vilja"/><SP WIDTH="16" VPOS="1342" HPOS="910"/>
							<String ID="string_295" HPOS="926" VPOS="1349" WIDTH="32" HEIGHT="14" WC="0.92" CONTENT="er-"/>
						</TextLine>
						<TextLine ID="line_35" HPOS="198" VPOS="1375" WIDTH="760" HEIGHT="29">
							<String ID="string_296" HPOS="198" VPOS="1376" WIDTH="77" HEIGHT="28" WC="0.96" CONTENT="bjuder"/><SP WIDTH="23" VPOS="1376" HPOS="275"/>
							<String ID="string_297" HPOS="298" VPOS="1376" WIDTH="120" HEIGHT="27" WC="0.54" CONTENT="samhället,"/><SP WIDTH="23" VPOS="1376" HPOS="418"/>
							<String ID="string_298" HPOS="441" VPOS="1377" WIDTH="70" HEIGHT="21" WC="0.92" CONTENT="såvidt"/><SP WIDTH="23" VPOS="1377" HPOS="511"/>
							<String ID="string_299" HPOS="534" VPOS="1377" WIDTH="49" HEIGHT="21" WC="0.93" CONTENT="med"/><SP WIDTH="21" VPOS="1377" HPOS="583"/>
							<String ID="string_300" HPOS="604" VPOS="1376" WIDTH="121" HEIGHT="27" WC="0.92" CONTENT="menskliga"/><SP WIDTH="16" VPOS="1376" HPOS="725"/>
							<String ID="string_301" HPOS="741" VPOS="1375" WIDTH="148" HEIGHT="27" WC="0.96" CONTENT="inrättningar"/><SP WIDTH="15" VPOS="1375" HPOS="889"/>
							<String ID="string_302" HPOS="904" VPOS="1376" WIDTH="54" HEIGHT="22" WC="0.96" CONTENT="låter"/>
						</TextLine>
						<TextLine ID="line_36" HPOS="198" VPOS="1410" WIDTH="758" HEIGHT="28">
							<String ID="string_303" HPOS="198" VPOS="1410" WIDTH="32" HEIGHT="27" WC="0.96" CONTENT="sig"/><SP WIDTH="8" VPOS="1410" HPOS="230"/>
							<String ID="string_304" HPOS="238" VPOS="1410" WIDTH="93" HEIGHT="27" WC="0.95" CONTENT="förenas,"/><SP WIDTH="10" VPOS="1410" HPOS="331"/>
							<String ID="string_305" HPOS="341" VPOS="1412" WIDTH="31" HEIGHT="20" WC="0.96" CONTENT="ett"/><SP WIDTH="15" VPOS="1412" HPOS="372"/>
							<String ID="string_306" HPOS="387" VPOS="1410" WIDTH="70" HEIGHT="28" WC="0.96" CONTENT="skydd"/><SP WIDTH="15" VPOS="1410" HPOS="457"/>
							<String ID="string_307" HPOS="472" VPOS="1411" WIDTH="7" HEIGHT="21" WC="0.96" CONTENT="i"/><SP WIDTH="16" VPOS="1411" HPOS="479"/>
							<String ID="string_308" HPOS="495" VPOS="1412" WIDTH="26" HEIGHT="20" WC="0.96" CONTENT="de"/><SP WIDTH="16" VPOS="1412" HPOS="521"/>
							<String ID="string_309" HPOS="537" VPOS="1418" WIDTH="16" HEIGHT="14" WC="0.96" CONTENT="s."/><SP WIDTH="16" VPOS="1418" HPOS="553"/>
							<String ID="string_310" HPOS="569" VPOS="1411" WIDTH="20" HEIGHT="21" WC="0.93" CONTENT="k."/><SP WIDTH="17" VPOS="1411" HPOS="589"/>
							<String ID="string_311" HPOS="606" VPOS="1410" WIDTH="143" HEIGHT="22" WC="0.91" CONTENT="rättsmedlen"/><SP WIDTH="16" VPOS="1410" HPOS="749"/>
							<String ID="string_312" HPOS="765" VPOS="1410" WIDTH="42" HEIGHT="21" WC="0.96" CONTENT="och"/><SP WIDTH="15" VPOS="1410" HPOS="807"/>
							<String ID="string_313" HPOS="822" VPOS="1410" WIDTH="33" HEIGHT="20" WC="0.76" CONTENT="uti"/><SP WIDTH="9" VPOS="1410" HPOS="855"/>
							<String ID="string_314" HPOS="864" VPOS="1410" WIDTH="92" HEIGHT="22" WC="0.88" CONTENT="instans-"/>
						</TextLine>
						<TextLine ID="line_37" HPOS="196" VPOS="1444" WIDTH="762" HEIGHT="28">
							<String ID="string_315" HPOS="196" VPOS="1445" WIDTH="128" HEIGHT="27" WC="0.96" CONTENT="ordningen,"/><SP WIDTH="24" VPOS="1445" HPOS="324"/>
							<String ID="string_316" HPOS="348" VPOS="1452" WIDTH="52" HEIGHT="18" WC="0.96" CONTENT="som,"/><SP WIDTH="24" VPOS="1452" HPOS="400"/>
							<String ID="string_317" HPOS="424" VPOS="1452" WIDTH="35" HEIGHT="14" WC="0.96" CONTENT="om"/><SP WIDTH="23" VPOS="1452" HPOS="459"/>
							<String ID="string_318" HPOS="482" VPOS="1445" WIDTH="40" HEIGHT="21" WC="0.96" CONTENT="ock"/><SP WIDTH="16" VPOS="1445" HPOS="522"/>
							<String ID="string_319" HPOS="538" VPOS="1444" WIDTH="58" HEIGHT="22" WC="0.96" CONTENT="olika"/><SP WIDTH="15" VPOS="1444" HPOS="596"/>
							<String ID="string_320" HPOS="611" VPOS="1445" WIDTH="34" HEIGHT="21" WC="0.96" CONTENT="för"/><SP WIDTH="15" VPOS="1445" HPOS="645"/>
							<String ID="string_321" HPOS="660" VPOS="1452" WIDTH="54" HEIGHT="14" WC="0.93" CONTENT="rena"/><SP WIDTH="16" VPOS="1452" HPOS="714"/>
							<String ID="string_322" HPOS="730" VPOS="1444" WIDTH="173" HEIGHT="27" WC="0.91" CONTENT="rättegångsmål"/><SP WIDTH="15" VPOS="1444" HPOS="903"/>
							<String ID="string_323" HPOS="918" VPOS="1445" WIDTH="40" HEIGHT="21" WC="0.96" CONTENT="och"/>
						</TextLine>
					</TextBlock>
				</ComposedBlock>
			</PrintSpace>
		</Page>
	</Layout>
</alto>
