1086 1717
341 150 33 22 St.
390 150 55 22 Skr.
460 161 27 5 —
503 150 26 22 U.
546 150 26 22 B.
588 150 40 22 N:o
642 150 22 22 5.

387 452 96 22 Finlands
505 452 97 23 Ständers
625 453 108 22 skrifvelse
751 453 30 22 till
798 453 63 22 Bank-

319 493 124 27 fullmäktige
459 498 32 17 om
509 493 123 22 inrättandet
645 494 21 21 af
677 494 28 22 ett
716 494 145 27 sedeltryckeri

317 533 32 22 för
364 533 94 22 Finlands
474 533 65 22 banks
554 534 91 27 räkning.

182 595 47 24 Till
245 595 115 24 Finländs
375 595 112 24 Ständers
503 596 227 30 Bankfullmäktige.

182 660 43 23 Uti
244 660 122 23 skrifvelse
381 660 37 23 till
433 660 144 23 Ständernas
593 660 162 23 Bankutskott
770 661 40 23 vid
826 662 35 22 in-

115 695 133 23 nevarande
269 695 115 28 landtdag
405 695 72 22 hafva
499 695 230 31 Bankfullmäktige,
752 697 31 28 pä
803 703 59 22 upp-

115 732 71 26 tagna
204 730 60 29 skäl,
283 729 110 23 hemstält
408 737 37 15 om
461 729 133 24 inrättande
609 730 25 22 af
648 732 31 20 ett
694 729 168 30 sedeltryckeri

114 765 33 22 för
162 764 116 23 Finlands
293 764 80 23 Banks
389 765 108 28 räkning.

183 799 48 22 Vid
253 799 212 29 handläggningen
489 799 24 23 af
527 799 62 23 detta
605 799 85 23 ärende
706 799 71 22 hafva
792 799 69 22 Stän-

114 833 72 23 derna
205 834 85 30 funnit,
313 834 113 23 hurusom
442 834 73 23 redan
530 834 40 23 vid
586 836 92 21 senaste
693 833 116 29 landtdag
824 833 37 23 till

113 868 184 23 Bankutskottet
316 869 25 22 af
358 868 133 23 dävarande
507 868 224 29 Bankfullmäktige
746 868 115 23 inlemna-

115 902 40 23 des
180 905 32 20 ett
234 903 86 28 förslag
343 911 37 14 om
396 903 133 23 inrättande
543 903 34 23 för
592 903 113 23 Bankens
721 903 103 28 räkning
840 903 24 22 af

113 939 31 20 ett
166 937 172 29 sedeltryckeri.
368 938 69 22 Detta
459 937 89 29 förslag
566 937 136 24 föranledde
717 937 77 23 likväl
809 937 52 23 icke

112 971 31 23 dä
164 972 38 22 till
225 973 78 28 nägon
322 973 87 28 ätgärd.
439 972 184 23 Bankutskottet
640 972 103 23 erkände
759 972 102 23 visserli-

112 1013 46 21 gen
173 1006 37 23 till
226 1007 58 22 fullo
300 1007 28 22 de
343 1009 61 21 stora
419 1007 150 28 olägenheter
584 1007 44 22 och
644 1007 46 22 den
705 1007 56 26 risk,
777 1007 85 22 hvilka

111 1048 55 15 voro
177 1041 108 23 förenade
297 1041 54 23 med
364 1041 188 29 tillverkningen
560 1042 25 22 af
590 1041 110 24 bankens
710 1041 77 23 sedlar
795 1043 64 21 utom

111 1075 87 31 landet,
208 1078 60 21 samt
279 1075 110 24 framhöll
398 1076 69 23 äfven
479 1076 166 29 önskligheten
656 1077 26 22 af
688 1084 28 15 en
724 1075 137 29 förändring

112 1111 149 22 härutinnan.
296 1111 55 22 Men
373 1111 30 23 dä
425 1111 83 30 hvarje
530 1111 181 28 fullständigare
734 1110 127 28 utredning

111 1145 116 23 saknadds
250 1153 37 15 om
311 1145 61 23 huru
394 1145 160 23 kostnaderna
575 1145 79 23 skulle
678 1145 70 23 ställa
771 1146 36 27 sig
827 1145 34 22 för

111 1181 32 21 ett
157 1180 85 22 sädant
256 1180 24 22 af
294 1179 99 24 Banken
407 1179 114 24 inrättadt
537 1180 43 23 och
591 1179 85 24 drifvet
686 1179 175 30 sedeltryckeri,

109 1217 62 19 samt
191 1214 183 23 Bankutskottet
396 1214 120 23 dessutom
539 1215 75 28 ansäg
638 1214 38 23 det
700 1213 158 24 öfverhufvud

110 1255 57 16 vara
181 1249 25 22 af
219 1249 157 22 erfarenheten
392 1249 135 23 bekräftadt
542 1252 34 19 att
585 1249 140 23 industriela
734 1249 127 22 inrättnin-

109 1290 49 22 gar,
177 1283 38 23 till
234 1283 85 23 hvilka
334 1284 67 22 äfven
417 1286 33 20 ett
464 1283 86 23 sådant
564 1283 104 29 tryckeri
682 1283 75 23 måste
765 1282 96 31 räknas,

110 1317 31 23 då
163 1318 28 22 de
211 1318 87 23 drifvas
316 1319 44 22 och
375 1318 79 23 skötas
470 1318 25 22 af
508 1320 76 21 staten
600 1318 57 23 eller
673 1319 71 27 något
760 1318 101 23 embets-

110 1352 65 31 verk,
189 1352 78 24 sällan
282 1353 82 22 kunna
378 1353 110 29 tillämpa
503 1353 30 23 de
547 1352 121 29 billigaste
684 1353 44 22 och
743 1355 60 21 mest
819 1354 42 20 än-

110 1386 172 29 damålsenliga
296 1388 180 22 arbetsmetoder
491 1388 45 22 och
551 1388 34 22 för
600 1387 46 23 den
661 1386 66 24 skull
738 1388 7 21 i
756 1387 105 22 allmän-

111 1423 40 21 het
165 1422 75 22 blifva
256 1422 58 28 dyra
328 1422 43 22 och
387 1422 145 29 opraktiska,
547 1422 26 22 så
588 1422 81 22 trodde
677 1421 184 23 Bankutskottet

110 1457 37 27 sig
162 1456 51 23 icke
229 1456 83 22 kunna
326 1458 7 20 i
349 1456 85 22 sakens
450 1456 135 22 dåvarande
600 1456 69 22 skick
680 1455 91 23 förorda
782 1456 78 27 någon
