1086 1717
27 526 11 33 rm

202 117 38 29 U.
259 117 37 28 B.
316 117 62 29 N:o
393 118 30 28 7.
443 133 26 3 —
489 116 274 30 Ständerhuset.

314 511 174 24 Statsutskottets
513 512 82 29 förslag
618 512 30 23 till
673 512 117 23 förändrad
815 517 43 18 om-

246 545 236 30 röstningsproposition
510 546 30 23 till
566 546 103 23 förstärkt
691 546 139 24 Statsutskott
853 546 5 22 i

246 579 76 30 frägan
345 586 32 17 om
400 579 120 30 beviljande
543 581 22 22 af
586 581 76 28 anslag
678 580 34 23 för
727 580 131 30 uppförande

246 614 22 23 af
284 616 29 21 ett
328 614 135 25 ständerhus,

178 683 69 22 Sedan
262 683 98 26 samtliga
374 683 89 21 stånden
478 683 76 22 bifallit
569 684 32 21 till
612 683 177 22 Statsutskottets
799 683 58 22 hem-

109 717 77 22 ställan
201 723 34 16 om
250 717 69 21 denna
332 717 72 26 frägas
419 717 116 27 afgörande
550 718 24 21 af
587 718 104 21 förstärkt
707 717 151 26 Statsutskott,

109 757 48 16 men
171 751 155 28 Ridderskapet
340 751 40 21 och
394 751 68 21 Adeln
477 753 55 20 samt
546 752 85 21 Preste-
643 752 40 21 och
693 751 165 22 Bondeständen

109 785 105 22 förkastat
235 785 121 22 Utskottets
375 785 3 21 i
396 786 153 27 sammanhang
564 787 87 21 dermed
666 786 135 21 framställda
814 786 44 21 för-

109 820 45 27 slag
169 820 32 21 till
216 820 279 27 omröstningsproposition,
510 820 33 21 fär
558 820 112 22 Utskottet
684 821 110 20 vördsamt
808 820 50 21 här-

109 855 82 26 igenom
210 854 32 21 till
256 854 100 21 ständens
370 854 129 27 granskning
514 855 39 21 och
568 855 154 26 godkännande
737 854 119 22 framställa

108 888 98 27 följande,
229 888 7 21 i
256 888 64 27 enligt
342 889 48 20 med
412 889 140 21 nästnämnda
573 890 33 20 tre
628 889 74 21 ständs
718 889 71 21 beslut
803 894 52 21 upp-

108 922 74 27 gjorda
196 923 80 26 förslag
289 923 33 21 till
336 924 76 20 tvenne
423 923 160 27 propositioner.

196 995 112 23 Första
322 996 446 29 omröstningspropositionen.

314 1059 130 21 Godkänner
453 1059 126 27 förstärkta
593 1059 161 22 Statsutskottet
772 1059 84 22 Utskot-

244 1095 38 19 tets
296 1093 306 29 sammanjemkningsförslag
618 1097 38 24 att,
672 1094 37 23 för
718 1094 139 28 uppförande

243 1127 29 27 af
291 1129 28 19 ett
336 1128 134 25 ständerhus,
486 1128 84 27 utöfver
584 1129 148 26 härförinnan
747 1129 109 28 anslagna

242 1163 117 26 1,200,000
374 1163 69 26 mark,
458 1165 29 19 ett
497 1164 125 27 ytterligare
632 1164 79 27 anslag
720 1163 29 27 af
755 1164 98 27 800,000

242 1196 62 21 mark
325 1197 65 21 mätte
411 1197 78 22 ställas
511 1198 35 21 till
562 1198 294 28 Ständerhusdelegationens

235 1230 149 29 förfogande?

307 1265 49 21 Den
370 1265 35 22 det
419 1267 40 27 gör
473 1267 73 20 röstar
560 1265 30 30 ja.

308 1299 49 21 Den
372 1300 35 21 det
421 1300 46 21 icke
481 1302 40 26 gör
535 1302 71 20 röstar
623 1300 41 29 nej.

314 1333 85 27 Utfalla
423 1334 44 21 icke
491 1335 66 21 minst
573 1336 35 20 två
626 1335 131 27 tredjedelar
772 1335 30 27 af
813 1336 34 20 rö-

240 1370 69 19 sterne
326 1368 35 21 till
369 1368 92 26 förmon
474 1368 39 26 för
522 1369 333 28 sammanjemkningsförslaget,

242 1409 60 15 anses
324 1402 117 22 detsamma
461 1402 68 26 hafva
542 1403 107 28 förfallit,
664 1404 39 20 och
717 1404 68 21 sedan
799 1403 56 21 skri-

242 1436 36 22 des
293 1436 35 21 till
342 1443 29 21 ny
385 1438 134 27 omröstning
534 1438 67 28 enligt
615 1445 26 14 en
655 1438 120 28 sälydande

174 1481 146 19 Statsutskottets
328 1482 81 23 förslag.
