1086 1717
423 156 21 16 U.
458 156 21 16 B.
491 165 22 3 —
526 156 81 16 XXXII.
849 157 22 16 29

136 213 128 26 tjensteman
289 213 7 20 i
319 212 208 27 hypoteksförening.
561 214 66 20 Detta
652 212 24 22 sä
702 213 85 27 mycket
813 213 81 21 mindre

137 258 45 15 som
194 258 50 15 man
257 252 45 27 just
317 252 39 21 hos
371 252 48 21 dem
433 252 72 21 kunde
520 252 64 21 hafva
599 254 32 19 att
645 252 96 28 päräkna
756 252 138 26 erforderliga

135 291 111 22 finansiela
272 292 51 21 eller
349 292 140 21 affärsmanna
514 292 93 26 insigter.
638 292 50 21 Man
711 292 41 21 kan
771 292 123 27 visserligen

135 332 93 21 invända
246 334 32 19 att
296 332 37 21 det
347 332 35 21 vid
397 332 141 27 tilläfventyrs
553 332 196 27 ifrägakommande
764 332 129 21 transaktio-

136 378 38 15 ner
192 372 77 21 mellan
287 372 84 20 banken
387 372 39 20 och
441 372 129 21 statsverket
584 378 51 15 vore
650 372 83 21 mindre
747 372 97 27 lämpligt
859 378 34 15 om

136 418 26 15 en
177 412 95 21 direktör
292 412 7 20 i
318 412 155 21 statskontoret
488 412 103 21 innehade
607 418 26 15 en
648 412 56 27 plats
718 412 7 21 i
740 412 95 22 bankens
850 414 43 25 sty-

135 453 61 20 relse.
227 452 33 21 Då
283 452 64 21 likväl
362 452 53 21 intet
433 452 93 25 hindrar,
546 454 32 19 att
596 452 41 21 han
652 453 8 20 i
675 454 31 19 ett
721 452 76 21 sådant
811 453 82 20 undan-

135 492 85 26 tagsfall
238 492 42 21 läte
299 492 32 26 sig
352 492 118 21 företrädas
492 492 23 21 af
537 492 117 27 suppleant,
672 492 40 21 och
731 493 36 20 det
789 492 18 27 ej
827 492 66 21 heller

135 531 43 21 kan
200 532 48 20 med
270 531 36 26 fog
321 531 76 27 pästäs,
417 534 31 19 att
464 538 49 15 vare
529 532 31 26 sig
574 532 165 21 statskontorets
758 532 51 21 eller
827 532 66 27 hypo-

135 571 184 26 teksföreningens
334 571 104 21 intressen
453 572 6 20 i
475 571 116 22 allmänhet
606 571 104 21 kollidera
725 572 48 21 med
788 571 103 26 bankens,

135 617 62 20 synes
205 611 36 21 det
248 611 47 21 icke
303 617 51 15 vara
361 611 47 21 skäl
416 613 32 19 att
456 611 108 21 bibehälla
571 611 320 27 sagdarestriktivastadgande.

205 651 10 20 I
230 653 90 19 motsats
342 651 32 21 till
392 651 96 21 komitén
503 657 62 15 anser
581 651 111 21 Utskottet
708 651 184 26 bankfullmäktig,

136 691 61 21 äfven
220 697 34 15 om
277 691 43 20 han
339 693 23 18 är
380 691 73 20 bosatt
471 691 6 20 i
497 691 137 26 Helsingfors,
650 691 54 21 böra
719 691 82 27 ätnjuta
817 693 74 19 ersätt-

136 731 50 26 ning
208 731 33 20 för
260 731 163 25 sammanträde,
439 731 67 21 ehuru
521 731 134 26 naturligtvis
670 731 33 21 till
718 731 81 21 mindre
814 731 77 26 belopp

136 773 27 18 än
179 771 25 20 de
220 777 46 15 som
282 773 36 18 äro
334 771 46 21 frän
396 777 70 14 annan
482 773 39 24 ort,
534 771 71 21 hvilka
620 771 131 21 sistnämnda
764 771 79 26 jemväl
855 777 37 14 an-

136 813 80 18 ansetts
239 811 53 20 böra
308 811 137 20 tillerkännas
468 813 30 18 ett
517 811 65 26 något
598 811 64 26 högre
678 811 83 26 arvode,
777 813 27 18 än
820 811 36 20 det
871 810 23 21 af

135 851 95 20 komiten
246 851 125 26 föreslagna.

204 891 102 20 Deremot
329 891 38 20 har
389 897 25 14 en
433 891 136 26 nedsättning
587 891 23 20 af
625 891 89 20 arvodet
728 891 33 20 för
776 890 115 21 ledamot
876 886 19 35 i

135 930 201 26 bankfullmäktiges
358 930 83 21 utskott
464 932 81 19 ansetts
567 931 63 20 hafva
649 930 47 21 skäl
711 931 32 20 för
761 931 38 26 sig.
830 929 61 22 Dock

135 970 93 25 skulle,
224 965 9 36 i
244 970 217 21 öfverensstämmelse
477 970 48 21 med
541 970 105 21 komitens
662 970 84 27 förslag,
755 970 89 21 arvodet
859 969 32 21 för

134 1010 100 25 ledamot,
250 1016 46 15 som
319 1010 45 21 från
387 1016 70 15 annan
475 1012 34 19 ort
528 1009 93 28 inflyttat
643 1010 32 21 till
698 1009 138 27 Helsingfors,
852 1016 39 14 un-

135 1050 37 21 der
187 1050 27 21 de
228 1052 33 19 tre
276 1050 67 21 första
358 1050 50 21 ären
423 1050 52 26 utgä
489 1050 50 21 med
554 1051 56 20 8000
624 1050 62 21 mark
701 1050 86 26 ärligen.

203 1090 49 21 Med
275 1090 36 21 det
330 1090 22 21 af
367 1090 106 21 utskottet
489 1090 120 26 föreslagna
628 1090 88 21 arvodet
731 1090 32 21 för
778 1089 113 27 suppleant

134 1135 50 20 eger
201 1130 124 26 visserligen
343 1130 36 21 det
399 1130 134 20 förhällande
554 1136 46 14 rum
623 1132 32 19 att
677 1135 26 16 en
725 1129 47 21 frän
795 1129 95 21 landsor-

133 1172 37 18 ten
188 1169 95 22 inkallad
302 1170 111 26 suppleant
437 1169 42 21 kan
502 1169 81 21 erhälla
603 1169 65 27 nägot
687 1169 64 26 högre
769 1169 78 20 arvode
862 1171 27 18 än

134 1209 106 21 ordinarie
263 1209 188 27 bankfullmäktig;
472 1209 80 21 hvilket
568 1209 39 21 ock
625 1209 39 20 har
679 1209 33 20 sin
726 1208 117 26 förklaring
858 1208 31 21 uti

133 1249 26 20 de
182 1249 49 21 med
253 1256 25 14 en
301 1249 91 26 tillfällig
414 1249 121 26 inflyttning
556 1249 102 20 förenade
680 1250 67 19 större
766 1247 123 21 kostnader.

133 1288 61 22 Dock
216 1289 39 21 har
273 1289 33 21 för
330 1289 36 21 det
387 1289 125 21 förutsedda
530 1288 37 22 fall
582 1290 32 19 att
628 1288 113 27 suppleant
755 1287 85 21 komme
857 1289 31 19 att

132 1329 119 26 tjenstgöra
274 1330 73 26 längre
369 1329 36 25 tid,
421 1329 8 20 i
448 1329 59 21 detta
531 1330 93 19 moment
646 1328 76 21 införts
744 1330 31 18 ett
793 1327 95 26 tillägg
877 1323 15 37 i

132 1369 54 26 syfte
208 1371 32 19 att
262 1370 123 26 suppleants
407 1369 79 21 arvode
503 1368 34 21 för
556 1370 30 19 ett
605 1368 23 20 år
643 1368 47 20 icke
705 1367 55 27 finge
775 1367 114 26 öfverstiga

132 1408 42 26 det,
190 1414 46 15 som
251 1409 128 21 tillkommer
393 1409 100 21 ledamot.

200 1488 139 18 Bankutskottets
350 1488 103 17 betänkande
466 1488 34 16 N:o
513 1488 18 16 3.

910 653 11 24 $
932 652 24 19 10
969 651 45 26 (11)

907 679 65 20 Mom.
989 681 8 19 1

907 895 63 21 Mom.
986 896 13 19 2

907 1094 63 20 Mom.
985 1095 13 20 3
