1086 1717
839 149 21 17 13

247 209 24 23 2.
308 207 457 34 Bränvinstillverkningsmedelsfonden.

196 276 73 22 Under
291 276 71 21 denna
383 275 52 22 fond
457 275 104 21 bokföras
580 274 40 22 och
634 274 109 22 redovisas
757 274 34 22 för
806 274 41 21 den
863 273 22 21 af

128 310 121 22 Ständerna
270 310 107 27 beviljade
391 310 196 26 bränvinsskatten,
610 309 41 21 och
666 309 124 27 disponeras
805 308 26 21 de
853 308 32 21 in-

128 344 68 22 flutna
216 344 86 22 medlen
324 344 67 27 enligt
405 344 121 27 Kejserliga
541 344 104 21 Senatens
666 343 74 22 derom
761 342 34 22 för
812 342 73 27 hvarje

127 378 56 28 gång
197 378 126 22 meddelade
338 380 99 20 närmare
451 378 139 22 förordnade.
618 378 77 21 Denna
709 377 52 22 fond
775 379 24 19 är
813 377 72 27 egent-

127 414 57 27 ligen
206 415 33 24 att
260 419 51 16 anse
334 413 77 22 endast
427 412 72 23 såsom
514 414 32 21 ett
560 412 67 23 konto
642 412 8 21 i
665 411 171 23 Statskontorets
851 413 34 20 rä-

128 447 126 28 kenskaper.

326 552 23 23 3.
386 550 302 28 Kommunikationsfonden.

198 619 90 22 Jemlikt
302 619 119 27 Kejserliga
439 619 144 27 kungörelsen
598 619 24 22 af
635 619 42 22 den
692 619 13 20 2
720 618 96 21 Oktober
831 617 56 22 1873

131 654 60 21 skola
206 653 58 22 såväl
278 653 148 22 inkomsterna
440 653 48 22 från
503 653 28 22 de
545 653 49 22 med
609 653 24 22 af
646 653 120 22 Ständerna
784 651 103 28 beviljade

130 688 70 21 medel
214 688 108 21 inrättade
336 687 308 27 kommunikationsanstalter,
661 694 46 15 som
722 687 40 22 ock
777 687 26 21 de
814 686 74 27 anslag

131 722 121 21 Ständerna
266 722 66 21 redan
347 722 84 21 anvisat
445 722 53 21 eller
517 722 115 21 framdeles
653 722 86 21 komma
761 722 33 20 att
815 720 74 22 anvisa

130 756 34 22 för
185 756 340 22 kommunikationsanstalternas
540 756 155 26 förbättrande,
718 755 108 22 äfvensom
840 754 49 22 från

131 790 80 22 sådana
220 797 42 21 nya
276 790 302 22 kommunikationsanstalter
592 790 116 27 inflytande
722 789 102 27 intrader,
839 789 50 21 räk-

131 825 53 21 nadt
198 825 48 21 från
261 825 40 21 och
316 825 49 21 med
384 824 25 22 år
431 825 62 26 1872,
517 825 101 21 bokföras
640 825 8 20 i
671 825 69 21 denna
761 824 58 26 fond,
841 823 48 22 från

131 859 86 21 hvilken
230 859 79 27 jemväl
324 859 20 26 ej
359 859 82 21 mindre
457 859 145 21 kostnaderna
617 859 34 21 för
666 859 128 27 anläggning
811 857 24 22 af
847 863 42 22 nya

131 893 24 22 af
168 893 120 22 Ständerna
309 893 100 22 beslutna
430 893 301 22 kommunikationsanstalter
745 893 57 21 samt
814 891 75 22 annui-

131 929 56 20 teter
202 927 14 22 å
234 927 34 22 för
290 927 60 22 detta
371 927 100 22 ändamål
494 927 69 22 under
578 927 132 22 Ständernas
731 926 84 28 garanti
836 932 53 21 upp-

132 963 66 26 tagna
216 961 53 22 eller
283 961 114 22 framdeles
419 962 139 27 upptagande
572 961 43 27 lån,
638 963 28 20 än
680 961 79 28 nödiga
773 960 61 23 drift-
849 960 40 22 och

132 995 201 22 remontkostnader
347 996 54 21 böra
415 996 115 21 bestridas.

227 1093 24 24 4.
288 1092 89 28 Fonden
396 1092 38 28 för
453 1093 89 27 inlösen
562 1092 25 28 af
604 1092 191 34 donationsgods.

202 1161 11 20 I
228 1161 70 21 denna
312 1161 52 21 fond
379 1161 102 21 bokföras
497 1161 26 21 de
539 1161 33 21 för
587 1161 82 21 inlösen
684 1161 23 20 af
723 1159 167 28 donationsgods

133 1195 8 21 i
152 1195 98 27 Wiborgs
264 1195 40 21 och
315 1195 32 21 S:t
361 1195 89 22 Michels
465 1195 36 21 län
516 1196 110 26 upptagna
640 1195 42 26 lån,
699 1194 108 22 äfvensom
823 1193 67 28 öfriga

133 1229 88 26 utgifter
236 1229 40 22 och
291 1229 116 22 inkomster
422 1229 7 21 i
444 1229 54 27 följd
513 1229 24 21 af
551 1229 64 27 sagde
630 1229 90 21 inlösen.

289 1333 22 23 5.
349 1331 386 35 Stämpelpappersmedelsfonden.

203 1400 11 20 I
240 1400 69 22 denna
330 1400 51 21 fond
403 1400 104 22 bokföras
530 1400 26 22 de
571 1400 7 21 i
593 1399 298 28 stämpelpappersbevillning

133 1434 116 27 inflytande
259 1434 75 22 medel.
360 1434 88 22 Fonden
465 1436 65 25 utgör
545 1434 113 27 rätteligen
674 1434 77 21 endast
763 1435 34 20 ett
808 1433 65 21 konto
884 1433 7 21 i

135 1468 171 22 Statskontorets
321 1468 151 27 räkenskaper.
