<?xml version="1.0" encoding="UTF-8"?>
<alto xmlns="http://www.loc.gov/standards/alto/ns-v3#" xmlns:xlink="http://www.w3.org/1999/xlink" xmlns:xsi="http://www.w3.org/2001/XMLSchema-instance" xsi:schemaLocation="http://www.loc.gov/standards/alto/ns-v3# http://www.loc.gov/alto/v3/alto-3-0.xsd">
	<Description>
		<MeasurementUnit>pixel</MeasurementUnit>
		<sourceImageInformation>
			<fileName>/tmp/tess_rwezvkz7_input.PNG</fileName>
		</sourceImageInformation>
		<OCRProcessing ID="OCR_0">
			<ocrProcessingStep>
				<processingSoftware>
					<softwareName>tesseract 5.3.4</softwareName>
				</processingSoftware>
			</ocrProcessingStep>
		</OCRProcessing>
	</Description>
	<Layout>
		<Page WIDTH="1086" HEIGHT="1717" PHYSICAL_IMG_NR="0" ID="page_0">
			<PrintSpace HPOS="0" VPOS="0" WIDTH="1086" HEIGHT="1717">
				<ComposedBlock ID="cblock_0" HPOS="377" VPOS="156" WIDTH="467" HEIGHT="25">
					<TextBlock ID="block_0" HPOS="377" VPOS="156" WIDTH="467" HEIGHT="25">
						<TextLine ID="line_0" HPOS="377" VPOS="156" WIDTH="467" HEIGHT="25">
							<String ID="string_0" HPOS="377" VPOS="158" WIDTH="19" HEIGHT="23" WC="0.94" CONTENT="U."/><SP WIDTH="16" VPOS="158" HPOS="396"/>
							<String ID="string_1" HPOS="412" VPOS="157" WIDTH="20" HEIGHT="24" WC="0.68" CONTENT="8."/><SP WIDTH="17" VPOS="157" HPOS="432"/>
							<String ID="string_2" HPOS="449" VPOS="169" WIDTH="28" HEIGHT="3" WC="0.92" CONTENT="—"/><SP WIDTH="16" VPOS="169" HPOS="477"/>
							<String ID="string_3" HPOS="493" VPOS="156" WIDTH="109" HEIGHT="24" WC="0.54" CONTENT="111—XXXI."/><SP WIDTH="230" VPOS="156" HPOS="602"/>
							<String ID="string_4" HPOS="832" VPOS="158" WIDTH="12" HEIGHT="20" WC="0.93" CONTENT="7"/>
						</TextLine>
					</TextBlock>
				</ComposedBlock>
				<ComposedBlock ID="cblock_1" HPOS="181" VPOS="214" WIDTH="693" HEIGHT="197">
					<TextBlock ID="block_1" HPOS="219" VPOS="214" WIDTH="543" HEIGHT="27">
						<TextLine ID="line_1" HPOS="219" VPOS="214" WIDTH="543" HEIGHT="27">
							<String ID="string_5" HPOS="219" VPOS="215" WIDTH="71" HEIGHT="21" WC="0.93" CONTENT="latorn"/><SP WIDTH="8" VPOS="215" HPOS="290"/>
							<String ID="string_6" HPOS="298" VPOS="214" WIDTH="26" HEIGHT="22" WC="0.96" CONTENT="R."/><SP WIDTH="6" VPOS="214" HPOS="324"/>
							<String ID="string_7" HPOS="330" VPOS="214" WIDTH="114" HEIGHT="27" WC="0.96" CONTENT="Hernberg"/><SP WIDTH="8" VPOS="214" HPOS="444"/>
							<String ID="string_8" HPOS="452" VPOS="214" WIDTH="41" HEIGHT="22" WC="0.96" CONTENT="och"/><SP WIDTH="11" VPOS="214" HPOS="493"/>
							<String ID="string_9" HPOS="504" VPOS="215" WIDTH="32" HEIGHT="20" WC="0.92" CONTENT="ett"/><SP WIDTH="10" VPOS="215" HPOS="536"/>
							<String ID="string_10" HPOS="546" VPOS="214" WIDTH="150" HEIGHT="27" WC="0.87" CONTENT="briljanteradt"/><SP WIDTH="10" VPOS="214" HPOS="696"/>
							<String ID="string_11" HPOS="706" VPOS="220" WIDTH="56" HEIGHT="16" WC="0.92" CONTENT="arm-"/>
						</TextLine>
					</TextBlock>
					<TextBlock ID="block_2" HPOS="185" VPOS="248" WIDTH="688" HEIGHT="61">
						<TextLine ID="line_2" HPOS="219" VPOS="248" WIDTH="654" HEIGHT="31">
							<String ID="string_12" HPOS="219" VPOS="248" WIDTH="58" HEIGHT="22" WC="0.96" CONTENT="band"/><SP WIDTH="15" VPOS="248" HPOS="277"/>
							<String ID="string_13" HPOS="292" VPOS="248" WIDTH="22" HEIGHT="22" WC="0.93" CONTENT="ät"/><SP WIDTH="16" VPOS="248" HPOS="314"/>
							<String ID="string_14" HPOS="330" VPOS="248" WIDTH="254" HEIGHT="31" WC="0.92" CONTENT="Skolföreständarinnan"/><SP WIDTH="19" VPOS="248" HPOS="584"/>
							<String ID="string_15" HPOS="603" VPOS="249" WIDTH="24" HEIGHT="21" WC="0.93" CONTENT="E."/><SP WIDTH="16" VPOS="249" HPOS="627"/>
							<String ID="string_16" HPOS="643" VPOS="248" WIDTH="118" HEIGHT="28" WC="0.91" CONTENT="Blomgvist"/><SP WIDTH="19" VPOS="248" HPOS="761"/>
							<String ID="string_17" HPOS="780" VPOS="244" WIDTH="14" HEIGHT="39" WC="0.88" CONTENT="—"/><SP WIDTH="11" VPOS="244" HPOS="794"/>
							<String ID="string_18" HPOS="805" VPOS="248" WIDTH="68" HEIGHT="27" WC="0.96" CONTENT="3,500."/>
						</TextLine>
						<TextLine ID="line_3" HPOS="185" VPOS="282" WIDTH="575" HEIGHT="27">
							<String ID="string_19" HPOS="185" VPOS="283" WIDTH="68" HEIGHT="21" WC="0.96" CONTENT="Extra"/><SP WIDTH="14" VPOS="283" HPOS="253"/>
							<String ID="string_20" HPOS="267" VPOS="283" WIDTH="88" HEIGHT="26" WC="0.96" CONTENT="pension"/><SP WIDTH="15" VPOS="283" HPOS="355"/>
							<String ID="string_21" HPOS="370" VPOS="283" WIDTH="23" HEIGHT="21" WC="0.93" CONTENT="ät"/><SP WIDTH="15" VPOS="283" HPOS="393"/>
							<String ID="string_22" HPOS="408" VPOS="282" WIDTH="79" HEIGHT="22" WC="0.92" CONTENT="aflidne"/><SP WIDTH="8" VPOS="282" HPOS="487"/>
							<String ID="string_23" HPOS="495" VPOS="282" WIDTH="126" HEIGHT="26" WC="0.91" CONTENT="Generalen,"/><SP WIDTH="8" VPOS="282" HPOS="621"/>
							<String ID="string_24" HPOS="629" VPOS="282" WIDTH="100" HEIGHT="22" WC="0.92" CONTENT="Friherre"/><SP WIDTH="8" VPOS="282" HPOS="729"/>
							<String ID="string_25" HPOS="737" VPOS="283" WIDTH="23" HEIGHT="21" WC="0.88" CONTENT="B."/>
						</TextLine>
					</TextBlock>
					<TextBlock ID="block_3" HPOS="181" VPOS="316" WIDTH="692" HEIGHT="62">
						<TextLine ID="line_4" HPOS="221" VPOS="316" WIDTH="652" HEIGHT="27">
							<String ID="string_26" HPOS="221" VPOS="317" WIDTH="118" HEIGHT="22" WC="0.81" CONTENT="Indrenius&#39;"/><SP WIDTH="16" VPOS="317" HPOS="339"/>
							<String ID="string_27" HPOS="355" VPOS="317" WIDTH="55" HEIGHT="21" WC="0.91" CONTENT="enka"/><SP WIDTH="16" VPOS="317" HPOS="410"/>
							<String ID="string_28" HPOS="426" VPOS="317" WIDTH="40" HEIGHT="21" WC="0.96" CONTENT="och"/><SP WIDTH="16" VPOS="317" HPOS="466"/>
							<String ID="string_29" HPOS="482" VPOS="316" WIDTH="55" HEIGHT="22" WC="0.73" CONTENT="barn"/><SP WIDTH="39" VPOS="316" HPOS="537"/>
							<String ID="string_30" HPOS="576" VPOS="333" WIDTH="4" HEIGHT="5" WC="0.73" CONTENT="."/><SP WIDTH="32" VPOS="333" HPOS="580"/>
							<String ID="string_31" HPOS="612" VPOS="334" WIDTH="4" HEIGHT="4" WC="0.83" CONTENT="."/><SP WIDTH="32" VPOS="334" HPOS="616"/>
							<String ID="string_32" HPOS="648" VPOS="332" WIDTH="5" HEIGHT="6" WC="0.86" CONTENT="."/><SP WIDTH="102" VPOS="332" HPOS="653"/>
							<String ID="string_33" HPOS="755" VPOS="333" WIDTH="4" HEIGHT="5" WC="0.88" CONTENT="."/><SP WIDTH="45" VPOS="333" HPOS="759"/>
							<String ID="string_34" HPOS="804" VPOS="316" WIDTH="69" HEIGHT="27" WC="0.88" CONTENT="8,000."/>
						</TextLine>
						<TextLine ID="line_5" HPOS="181" VPOS="332" WIDTH="581" HEIGHT="46">
							<String ID="string_35" HPOS="181" VPOS="351" WIDTH="40" HEIGHT="21" WC="0.93" CONTENT="D:o"/><SP WIDTH="16" VPOS="351" HPOS="221"/>
							<String ID="string_36" HPOS="237" VPOS="351" WIDTH="23" HEIGHT="21" WC="0.93" CONTENT="ät"/><SP WIDTH="14" VPOS="351" HPOS="260"/>
							<String ID="string_37" HPOS="274" VPOS="350" WIDTH="76" HEIGHT="22" WC="0.92" CONTENT="aflidne"/><SP WIDTH="15" VPOS="350" HPOS="350"/>
							<String ID="string_38" HPOS="365" VPOS="351" WIDTH="209" HEIGHT="21" WC="0.92" CONTENT="Viceordförandens"/><SP WIDTH="15" VPOS="351" HPOS="574"/>
							<String ID="string_39" HPOS="589" VPOS="351" WIDTH="7" HEIGHT="21" WC="0.95" CONTENT="i"/><SP WIDTH="15" VPOS="351" HPOS="596"/>
							<String ID="string_40" HPOS="611" VPOS="332" WIDTH="99" HEIGHT="46" WC="0.96" CONTENT="Senaten,"/><SP WIDTH="9" VPOS="332" HPOS="710"/>
							<String ID="string_41" HPOS="719" VPOS="334" WIDTH="43" HEIGHT="38" WC="0.87" CONTENT="Ge-"/>
						</TextLine>
					</TextBlock>
					<TextBlock ID="block_4" HPOS="220" VPOS="385" WIDTH="654" HEIGHT="26">
						<TextLine ID="line_6" HPOS="220" VPOS="385" WIDTH="654" HEIGHT="26">
							<String ID="string_42" HPOS="220" VPOS="385" WIDTH="93" HEIGHT="26" WC="0.91" CONTENT="neralen,"/><SP WIDTH="15" VPOS="385" HPOS="313"/>
							<String ID="string_43" HPOS="328" VPOS="385" WIDTH="58" HEIGHT="21" WC="0.92" CONTENT="Frih."/><SP WIDTH="16" VPOS="385" HPOS="386"/>
							<String ID="string_44" HPOS="402" VPOS="385" WIDTH="21" HEIGHT="21" WC="0.96" CONTENT="J."/><SP WIDTH="16" VPOS="385" HPOS="423"/>
							<String ID="string_45" HPOS="439" VPOS="385" WIDTH="28" HEIGHT="21" WC="0.93" CONTENT="M."/><SP WIDTH="20" VPOS="385" HPOS="467"/>
							<String ID="string_46" HPOS="487" VPOS="385" WIDTH="155" HEIGHT="22" WC="0.92" CONTENT="Nordenstams"/><SP WIDTH="16" VPOS="385" HPOS="642"/>
							<String ID="string_47" HPOS="658" VPOS="386" WIDTH="55" HEIGHT="20" WC="0.91" CONTENT="enka"/><SP WIDTH="43" VPOS="386" HPOS="713"/>
							<String ID="string_48" HPOS="756" VPOS="401" WIDTH="5" HEIGHT="5" WC="0.46" CONTENT="+."/><SP WIDTH="44" VPOS="401" HPOS="761"/>
							<String ID="string_49" HPOS="805" VPOS="385" WIDTH="69" HEIGHT="26" WC="0.95" CONTENT="2,000."/>
						</TextLine>
					</TextBlock>
				</ComposedBlock>
				<ComposedBlock ID="cblock_2" HPOS="117" VPOS="436" WIDTH="759" HEIGHT="268">
					<TextBlock ID="block_5" HPOS="118" VPOS="436" WIDTH="757" HEIGHT="96">
						<TextLine ID="line_7" HPOS="188" VPOS="436" WIDTH="687" HEIGHT="27">
							<String ID="string_50" HPOS="188" VPOS="437" WIDTH="42" HEIGHT="21" WC="0.96" CONTENT="För"/><SP WIDTH="19" VPOS="437" HPOS="230"/>
							<String ID="string_51" HPOS="249" VPOS="437" WIDTH="79" HEIGHT="21" WC="0.92" CONTENT="lättare"/><SP WIDTH="23" VPOS="437" HPOS="328"/>
							<String ID="string_52" HPOS="351" VPOS="437" WIDTH="103" HEIGHT="26" WC="0.91" CONTENT="öfversigt"/><SP WIDTH="22" VPOS="437" HPOS="454"/>
							<String ID="string_53" HPOS="476" VPOS="437" WIDTH="41" HEIGHT="20" WC="0.93" CONTENT="har"/><SP WIDTH="23" VPOS="437" HPOS="517"/>
							<String ID="string_54" HPOS="540" VPOS="436" WIDTH="167" HEIGHT="22" WC="0.91" CONTENT="Statsusskottet"/><SP WIDTH="22" VPOS="436" HPOS="707"/>
							<String ID="string_55" HPOS="729" VPOS="437" WIDTH="146" HEIGHT="21" WC="0.91" CONTENT="sammanstält"/>
						</TextLine>
						<TextLine ID="line_8" HPOS="118" VPOS="471" WIDTH="757" HEIGHT="27">
							<String ID="string_56" HPOS="118" VPOS="472" WIDTH="108" HEIGHT="21" WC="0.93" CONTENT="allmänna"/><SP WIDTH="15" VPOS="472" HPOS="226"/>
							<String ID="string_57" HPOS="241" VPOS="471" WIDTH="149" HEIGHT="21" WC="0.91" CONTENT="statsmedlens"/><SP WIDTH="15" VPOS="471" HPOS="390"/>
							<String ID="string_58" HPOS="405" VPOS="471" WIDTH="122" HEIGHT="21" WC="0.92" CONTENT="förnämsta"/><SP WIDTH="21" VPOS="471" HPOS="527"/>
							<String ID="string_59" HPOS="548" VPOS="471" WIDTH="118" HEIGHT="21" WC="0.96" CONTENT="inkomster"/><SP WIDTH="16" VPOS="471" HPOS="666"/>
							<String ID="string_60" HPOS="682" VPOS="471" WIDTH="39" HEIGHT="21" WC="0.96" CONTENT="och"/><SP WIDTH="14" VPOS="471" HPOS="721"/>
							<String ID="string_61" HPOS="735" VPOS="471" WIDTH="88" HEIGHT="27" WC="0.93" CONTENT="utgifter"/><SP WIDTH="14" VPOS="471" HPOS="823"/>
							<String ID="string_62" HPOS="837" VPOS="477" WIDTH="38" HEIGHT="15" WC="0.91" CONTENT="un-"/>
						</TextLine>
						<TextLine ID="line_9" HPOS="119" VPOS="505" WIDTH="689" HEIGHT="27">
							<String ID="string_63" HPOS="119" VPOS="507" WIDTH="39" HEIGHT="21" WC="0.92" CONTENT="der"/><SP WIDTH="15" VPOS="507" HPOS="158"/>
							<String ID="string_64" HPOS="173" VPOS="505" WIDTH="51" HEIGHT="22" WC="0.92" CONTENT="åren"/><SP WIDTH="16" VPOS="505" HPOS="224"/>
							<String ID="string_65" HPOS="240" VPOS="505" WIDTH="139" HEIGHT="22" WC="0.92" CONTENT="1880—1882"/><SP WIDTH="16" VPOS="505" HPOS="379"/>
							<String ID="string_66" HPOS="395" VPOS="505" WIDTH="8" HEIGHT="21" WC="0.96" CONTENT="i"/><SP WIDTH="15" VPOS="505" HPOS="403"/>
							<String ID="string_67" HPOS="418" VPOS="511" WIDTH="27" HEIGHT="16" WC="0.93" CONTENT="en"/><SP WIDTH="15" VPOS="511" HPOS="445"/>
							<String ID="string_68" HPOS="460" VPOS="505" WIDTH="81" HEIGHT="21" WC="0.92" CONTENT="härhos"/><SP WIDTH="15" VPOS="505" HPOS="541"/>
							<String ID="string_69" HPOS="556" VPOS="505" WIDTH="72" HEIGHT="27" WC="0.96" CONTENT="bilagd"/><SP WIDTH="14" VPOS="505" HPOS="628"/>
							<String ID="string_70" HPOS="642" VPOS="505" WIDTH="60" HEIGHT="22" WC="0.96" CONTENT="tablå"/><SP WIDTH="15" VPOS="505" HPOS="702"/>
							<String ID="string_71" HPOS="717" VPOS="505" WIDTH="50" HEIGHT="22" WC="0.96" CONTENT="Litt."/><SP WIDTH="16" VPOS="505" HPOS="767"/>
							<String ID="string_72" HPOS="783" VPOS="506" WIDTH="25" HEIGHT="21" WC="0.96" CONTENT="A."/>
						</TextLine>
					</TextBlock>
					<TextBlock ID="block_6" HPOS="117" VPOS="545" WIDTH="759" HEIGHT="96">
						<TextLine ID="line_10" HPOS="187" VPOS="545" WIDTH="689" HEIGHT="28">
							<String ID="string_73" HPOS="187" VPOS="545" WIDTH="46" HEIGHT="22" WC="0.93" CONTENT="Mot"/><SP WIDTH="15" VPOS="545" HPOS="233"/>
							<String ID="string_74" HPOS="248" VPOS="545" WIDTH="142" HEIGHT="27" WC="0.92" CONTENT="räkningarne"/><SP WIDTH="16" VPOS="545" HPOS="390"/>
							<String ID="string_75" HPOS="406" VPOS="545" WIDTH="60" HEIGHT="22" WC="0.93" CONTENT="öfver"/><SP WIDTH="21" VPOS="545" HPOS="466"/>
							<String ID="string_76" HPOS="487" VPOS="545" WIDTH="250" HEIGHT="21" WC="0.90" CONTENT="militieboställskassan"/><SP WIDTH="15" VPOS="545" HPOS="737"/>
							<String ID="string_77" HPOS="752" VPOS="545" WIDTH="39" HEIGHT="22" WC="0.93" CONTENT="och"/><SP WIDTH="16" VPOS="545" HPOS="791"/>
							<String ID="string_78" HPOS="807" VPOS="545" WIDTH="69" HEIGHT="28" WC="0.92" CONTENT="krigs-"/>
						</TextLine>
						<TextLine ID="line_11" HPOS="118" VPOS="579" WIDTH="757" HEIGHT="28">
							<String ID="string_79" HPOS="118" VPOS="579" WIDTH="184" HEIGHT="22" WC="0.91" CONTENT="manshuskassan"/><SP WIDTH="16" VPOS="579" HPOS="302"/>
							<String ID="string_80" HPOS="318" VPOS="579" WIDTH="40" HEIGHT="21" WC="0.93" CONTENT="har"/><SP WIDTH="14" VPOS="579" HPOS="358"/>
							<String ID="string_81" HPOS="372" VPOS="579" WIDTH="115" HEIGHT="22" WC="0.90" CONTENT="Utskottet"/><SP WIDTH="14" VPOS="579" HPOS="487"/>
							<String ID="string_82" HPOS="501" VPOS="579" WIDTH="47" HEIGHT="22" WC="0.91" CONTENT="icke"/><SP WIDTH="15" VPOS="579" HPOS="548"/>
							<String ID="string_83" HPOS="563" VPOS="579" WIDTH="69" HEIGHT="22" WC="0.93" CONTENT="funnit"/><SP WIDTH="16" VPOS="579" HPOS="632"/>
							<String ID="string_84" HPOS="648" VPOS="579" WIDTH="47" HEIGHT="22" WC="0.96" CONTENT="skäl"/><SP WIDTH="15" VPOS="579" HPOS="695"/>
							<String ID="string_85" HPOS="710" VPOS="580" WIDTH="32" HEIGHT="21" WC="0.93" CONTENT="till"/><SP WIDTH="15" VPOS="580" HPOS="742"/>
							<String ID="string_86" HPOS="757" VPOS="579" WIDTH="67" HEIGHT="28" WC="0.92" CONTENT="nägra"/><SP WIDTH="15" VPOS="579" HPOS="824"/>
							<String ID="string_87" HPOS="839" VPOS="585" WIDTH="36" HEIGHT="16" WC="0.93" CONTENT="an-"/>
						</TextLine>
						<TextLine ID="line_12" HPOS="117" VPOS="614" WIDTH="143" HEIGHT="27">
							<String ID="string_88" HPOS="117" VPOS="614" WIDTH="143" HEIGHT="27" WC="0.90" CONTENT="märkningar."/>
						</TextLine>
					</TextBlock>
					<TextBlock ID="block_7" HPOS="118" VPOS="647" WIDTH="758" HEIGHT="57">
						<TextLine ID="line_13" HPOS="187" VPOS="647" WIDTH="689" HEIGHT="28">
							<String ID="string_89" HPOS="187" VPOS="648" WIDTH="69" HEIGHT="22" WC="0.93" CONTENT="Dessa"/><SP WIDTH="14" VPOS="648" HPOS="256"/>
							<String ID="string_90" HPOS="270" VPOS="650" WIDTH="76" HEIGHT="19" WC="0.92" CONTENT="tvenne"/><SP WIDTH="15" VPOS="650" HPOS="346"/>
							<String ID="string_91" HPOS="361" VPOS="648" WIDTH="87" HEIGHT="21" WC="0.91" CONTENT="fonders"/><SP WIDTH="16" VPOS="648" HPOS="448"/>
							<String ID="string_92" HPOS="464" VPOS="648" WIDTH="102" HEIGHT="27" WC="0.93" CONTENT="ställning"/><SP WIDTH="14" VPOS="648" HPOS="566"/>
							<String ID="string_93" HPOS="580" VPOS="647" WIDTH="95" HEIGHT="28" WC="0.92" CONTENT="framgär"/><SP WIDTH="15" VPOS="647" HPOS="675"/>
							<String ID="string_94" HPOS="690" VPOS="654" WIDTH="25" HEIGHT="15" WC="0.92" CONTENT="ur"/><SP WIDTH="8" VPOS="654" HPOS="715"/>
							<String ID="string_95" HPOS="723" VPOS="649" WIDTH="111" HEIGHT="21" WC="0.92" CONTENT="närslutna"/><SP WIDTH="10" VPOS="649" HPOS="834"/>
							<String ID="string_96" HPOS="844" VPOS="650" WIDTH="32" HEIGHT="19" WC="0.93" CONTENT="ta-"/>
						</TextLine>
						<TextLine ID="line_14" HPOS="118" VPOS="682" WIDTH="261" HEIGHT="22">
							<String ID="string_97" HPOS="118" VPOS="682" WIDTH="61" HEIGHT="22" WC="0.92" CONTENT="bläer"/><SP WIDTH="14" VPOS="682" HPOS="179"/>
							<String ID="string_98" HPOS="193" VPOS="683" WIDTH="50" HEIGHT="21" WC="0.93" CONTENT="Litt."/><SP WIDTH="17" VPOS="683" HPOS="243"/>
							<String ID="string_99" HPOS="260" VPOS="683" WIDTH="22" HEIGHT="21" WC="0.92" CONTENT="C."/><SP WIDTH="17" VPOS="683" HPOS="282"/>
							<String ID="string_100" HPOS="299" VPOS="682" WIDTH="39" HEIGHT="22" WC="0.96" CONTENT="och"/><SP WIDTH="16" VPOS="682" HPOS="338"/>
							<String ID="string_101" HPOS="354" VPOS="683" WIDTH="25" HEIGHT="20" WC="0.97" CONTENT="D."/>
						</TextLine>
					</TextBlock>
				</ComposedBlock>
				<ComposedBlock ID="cblock_3" HPOS="166" VPOS="867" WIDTH="663" HEIGHT="32">
					<TextBlock ID="block_8" HPOS="166" VPOS="867" WIDTH="663" HEIGHT="32">
						<TextLine ID="line_15" HPOS="166" VPOS="867" WIDTH="663" HEIGHT="32">
							<String ID="string_102" HPOS="166" VPOS="867" WIDTH="281" HEIGHT="24" WC="0.91" CONTENT="Kommunikations-"/><SP WIDTH="20" VPOS="867" HPOS="447"/>
							<String ID="string_103" HPOS="467" VPOS="867" WIDTH="58" HEIGHT="24" WC="0.93" CONTENT="och"/><SP WIDTH="15" VPOS="867" HPOS="525"/>
							<String ID="string_104" HPOS="540" VPOS="867" WIDTH="289" HEIGHT="32" WC="0.91" CONTENT="Jernvägsfonderna."/>
						</TextLine>
					</TextBlock>
				</ComposedBlock>
				<ComposedBlock ID="cblock_4" HPOS="120" VPOS="933" WIDTH="760" HEIGHT="168">
					<TextBlock ID="block_9" HPOS="120" VPOS="933" WIDTH="760" HEIGHT="168">
						<TextLine ID="line_16" HPOS="191" VPOS="933" WIDTH="688" HEIGHT="28">
							<String ID="string_105" HPOS="191" VPOS="933" WIDTH="37" HEIGHT="22" WC="0.92" CONTENT="Uti"/><SP WIDTH="22" VPOS="933" HPOS="228"/>
							<String ID="string_106" HPOS="250" VPOS="933" WIDTH="126" HEIGHT="22" WC="0.91" CONTENT="Relationen"/><SP WIDTH="22" VPOS="933" HPOS="376"/>
							<String ID="string_107" HPOS="398" VPOS="934" WIDTH="111" HEIGHT="21" WC="0.93" CONTENT="meddelas"/><SP WIDTH="26" VPOS="934" HPOS="509"/>
							<String ID="string_108" HPOS="535" VPOS="935" WIDTH="31" HEIGHT="20" WC="0.96" CONTENT="ett"/><SP WIDTH="26" VPOS="935" HPOS="566"/>
							<String ID="string_109" HPOS="592" VPOS="934" WIDTH="147" HEIGHT="27" WC="0.96" CONTENT="sammandrag"/><SP WIDTH="23" VPOS="934" HPOS="739"/>
							<String ID="string_110" HPOS="762" VPOS="934" WIDTH="23" HEIGHT="21" WC="0.93" CONTENT="af"/><SP WIDTH="18" VPOS="934" HPOS="785"/>
							<String ID="string_111" HPOS="803" VPOS="933" WIDTH="76" HEIGHT="22" WC="0.92" CONTENT="räken-"/>
						</TextLine>
						<TextLine ID="line_17" HPOS="121" VPOS="967" WIDTH="759" HEIGHT="28">
							<String ID="string_112" HPOS="121" VPOS="968" WIDTH="107" HEIGHT="27" WC="0.92" CONTENT="skaperna"/><SP WIDTH="14" VPOS="968" HPOS="228"/>
							<String ID="string_113" HPOS="242" VPOS="967" WIDTH="34" HEIGHT="22" WC="0.92" CONTENT="för"/><SP WIDTH="15" VPOS="967" HPOS="276"/>
							<String ID="string_114" HPOS="291" VPOS="967" WIDTH="276" HEIGHT="22" WC="0.92" CONTENT="kommunikationsfonden"/><SP WIDTH="10" VPOS="967" HPOS="567"/>
							<String ID="string_115" HPOS="577" VPOS="967" WIDTH="34" HEIGHT="22" WC="0.93" CONTENT="för"/><SP WIDTH="10" VPOS="967" HPOS="611"/>
							<String ID="string_116" HPOS="621" VPOS="968" WIDTH="51" HEIGHT="21" WC="0.91" CONTENT="ären"/><SP WIDTH="12" VPOS="968" HPOS="672"/>
							<String ID="string_117" HPOS="684" VPOS="969" WIDTH="146" HEIGHT="21" WC="0.92" CONTENT="1881—1883."/><SP WIDTH="16" VPOS="969" HPOS="830"/>
							<String ID="string_118" HPOS="846" VPOS="967" WIDTH="34" HEIGHT="22" WC="0.92" CONTENT="Dä"/>
						</TextLine>
						<TextLine ID="line_18" HPOS="121" VPOS="1001" WIDTH="758" HEIGHT="28">
							<String ID="string_119" HPOS="121" VPOS="1001" WIDTH="174" HEIGHT="28" WC="0.91" CONTENT="räkenskaperna"/><SP WIDTH="24" VPOS="1001" HPOS="295"/>
							<String ID="string_120" HPOS="319" VPOS="1002" WIDTH="33" HEIGHT="21" WC="0.96" CONTENT="för"/><SP WIDTH="25" VPOS="1002" HPOS="352"/>
							<String ID="string_121" HPOS="377" VPOS="1003" WIDTH="56" HEIGHT="20" WC="0.93" CONTENT="1884"/><SP WIDTH="26" VPOS="1003" HPOS="433"/>
							<String ID="string_122" HPOS="459" VPOS="1009" WIDTH="90" HEIGHT="14" WC="0.91" CONTENT="numera"/><SP WIDTH="23" VPOS="1009" HPOS="549"/>
							<String ID="string_123" HPOS="572" VPOS="1002" WIDTH="78" HEIGHT="27" WC="0.90" CONTENT="jemväl"/><SP WIDTH="23" VPOS="1002" HPOS="650"/>
							<String ID="string_124" HPOS="673" VPOS="1002" WIDTH="70" HEIGHT="22" WC="0.91" CONTENT="blifvit"/><SP WIDTH="24" VPOS="1002" HPOS="743"/>
							<String ID="string_125" HPOS="767" VPOS="1002" WIDTH="112" HEIGHT="26" WC="0.92" CONTENT="afslutade,"/>
						</TextLine>
						<TextLine ID="line_19" HPOS="120" VPOS="1036" WIDTH="759" HEIGHT="27">
							<String ID="string_126" HPOS="120" VPOS="1036" WIDTH="63" HEIGHT="27" WC="0.95" CONTENT="följer"/><SP WIDTH="24" VPOS="1036" HPOS="183"/>
							<String ID="string_127" HPOS="207" VPOS="1036" WIDTH="39" HEIGHT="21" WC="0.96" CONTENT="här"/><SP WIDTH="23" VPOS="1036" HPOS="246"/>
							<String ID="string_128" HPOS="269" VPOS="1043" WIDTH="27" HEIGHT="14" WC="0.93" CONTENT="en"/><SP WIDTH="22" VPOS="1043" HPOS="296"/>
							<String ID="string_129" HPOS="318" VPOS="1036" WIDTH="127" HEIGHT="22" WC="0.92" CONTENT="summarisk"/><SP WIDTH="22" VPOS="1036" HPOS="445"/>
							<String ID="string_130" HPOS="467" VPOS="1037" WIDTH="137" HEIGHT="26" WC="0.92" CONTENT="redogörelse"/><SP WIDTH="23" VPOS="1037" HPOS="604"/>
							<String ID="string_131" HPOS="627" VPOS="1037" WIDTH="33" HEIGHT="21" WC="0.93" CONTENT="för"/><SP WIDTH="24" VPOS="1037" HPOS="660"/>
							<String ID="string_132" HPOS="684" VPOS="1037" WIDTH="108" HEIGHT="21" WC="0.92" CONTENT="desamma"/><SP WIDTH="23" VPOS="1037" HPOS="792"/>
							<String ID="string_133" HPOS="815" VPOS="1037" WIDTH="64" HEIGHT="26" WC="0.96" CONTENT="enligt"/>
						</TextLine>
						<TextLine ID="line_20" HPOS="121" VPOS="1071" WIDTH="476" HEIGHT="30">
							<String ID="string_134" HPOS="121" VPOS="1077" WIDTH="81" HEIGHT="24" WC="0.93" CONTENT="samma"/><SP WIDTH="14" VPOS="1077" HPOS="202"/>
							<String ID="string_135" HPOS="216" VPOS="1071" WIDTH="150" HEIGHT="26" WC="0.92" CONTENT="uppställning,"/><SP WIDTH="17" VPOS="1071" HPOS="366"/>
							<String ID="string_136" HPOS="383" VPOS="1077" WIDTH="45" HEIGHT="15" WC="0.96" CONTENT="som"/><SP WIDTH="15" VPOS="1077" HPOS="428"/>
							<String ID="string_137" HPOS="443" VPOS="1071" WIDTH="8" HEIGHT="21" WC="0.93" CONTENT="i"/><SP WIDTH="16" VPOS="1071" HPOS="451"/>
							<String ID="string_138" HPOS="467" VPOS="1071" WIDTH="130" HEIGHT="22" WC="0.93" CONTENT="relationen:"/>
						</TextLine>
					</TextBlock>
				</ComposedBlock>
				<ComposedBlock ID="cblock_5" HPOS="122" VPOS="1127" WIDTH="758" HEIGHT="141">
					<TextBlock ID="block_10" HPOS="122" VPOS="1127" WIDTH="758" HEIGHT="141">
						<TextLine ID="line_21" HPOS="457" VPOS="1127" WIDTH="93" HEIGHT="30">
							<String ID="string_139" HPOS="457" VPOS="1127" WIDTH="24" HEIGHT="30" WC="0.96" CONTENT="År"/><SP WIDTH="16" VPOS="1127" HPOS="481"/>
							<String ID="string_140" HPOS="497" VPOS="1132" WIDTH="53" HEIGHT="25" WC="0.83" CONTENT="1884."/>
						</TextLine>
						<TextLine ID="line_22" HPOS="463" VPOS="1183" WIDTH="76" HEIGHT="22">
							<String ID="string_141" HPOS="463" VPOS="1183" WIDTH="76" HEIGHT="22" WC="0.86" CONTENT="Debet."/>
						</TextLine>
						<TextLine ID="line_23" HPOS="224" VPOS="1213" WIDTH="586" HEIGHT="25">
							<String ID="string_142" HPOS="224" VPOS="1233" WIDTH="4" HEIGHT="5" WC="0.70" CONTENT="N"/><SP WIDTH="547" VPOS="1233" HPOS="228"/>
							<String ID="string_143" HPOS="775" VPOS="1213" WIDTH="35" HEIGHT="21" WC="0.62" CONTENT="m"/>
						</TextLine>
						<TextLine ID="line_24" HPOS="122" VPOS="1240" WIDTH="758" HEIGHT="28">
							<String ID="string_144" HPOS="122" VPOS="1241" WIDTH="126" HEIGHT="27" WC="0.89" CONTENT="Behällning"/><SP WIDTH="15" VPOS="1241" HPOS="248"/>
							<String ID="string_145" HPOS="263" VPOS="1241" WIDTH="49" HEIGHT="21" WC="0.96" CONTENT="från"/><SP WIDTH="14" VPOS="1241" HPOS="312"/>
							<String ID="string_146" HPOS="326" VPOS="1240" WIDTH="129" HEIGHT="27" WC="0.96" CONTENT="föregående"/><SP WIDTH="16" VPOS="1240" HPOS="455"/>
							<String ID="string_147" HPOS="471" VPOS="1241" WIDTH="25" HEIGHT="21" WC="0.92" CONTENT="är"/><SP WIDTH="20" VPOS="1241" HPOS="496"/>
							<String ID="string_148" HPOS="516" VPOS="1257" WIDTH="4" HEIGHT="4" WC="0.89" CONTENT="."/><SP WIDTH="32" VPOS="1257" HPOS="520"/>
							<String ID="string_149" HPOS="552" VPOS="1257" WIDTH="4" HEIGHT="4" WC="0.90" CONTENT="."/><SP WIDTH="31" VPOS="1257" HPOS="556"/>
							<String ID="string_150" HPOS="587" VPOS="1257" WIDTH="5" HEIGHT="4" WC="0.84" CONTENT="."/><SP WIDTH="31" VPOS="1257" HPOS="592"/>
							<String ID="string_151" HPOS="623" VPOS="1257" WIDTH="4" HEIGHT="4" WC="0.87" CONTENT="."/><SP WIDTH="31" VPOS="1257" HPOS="627"/>
							<String ID="string_152" HPOS="658" VPOS="1257" WIDTH="4" HEIGHT="4" WC="0.89" CONTENT="."/><SP WIDTH="46" VPOS="1257" HPOS="662"/>
							<String ID="string_153" HPOS="708" VPOS="1241" WIDTH="122" HEIGHT="26" WC="0.89" CONTENT="5,205,561:"/><SP WIDTH="17" VPOS="1241" HPOS="830"/>
							<String ID="string_154" HPOS="847" VPOS="1241" WIDTH="33" HEIGHT="22" WC="0.96" CONTENT="63."/>
						</TextLine>
					</TextBlock>
				</ComposedBlock>
				<ComposedBlock ID="cblock_6" HPOS="122" VPOS="1274" WIDTH="761" HEIGHT="269">
					<TextBlock ID="block_11" HPOS="122" VPOS="1274" WIDTH="761" HEIGHT="269">
						<TextLine ID="line_25" HPOS="122" VPOS="1274" WIDTH="751" HEIGHT="28">
							<String ID="string_155" HPOS="122" VPOS="1275" WIDTH="57" HEIGHT="22" WC="0.93" CONTENT="Från"/><SP WIDTH="14" VPOS="1275" HPOS="179"/>
							<String ID="string_156" HPOS="193" VPOS="1275" WIDTH="262" HEIGHT="22" WC="0.92" CONTENT="bränvinsmedelsfonden"/><SP WIDTH="16" VPOS="1275" HPOS="455"/>
							<String ID="string_157" HPOS="471" VPOS="1274" WIDTH="119" HEIGHT="23" WC="0.85" CONTENT="öfverfördt"/><SP WIDTH="34" VPOS="1274" HPOS="590"/>
							<String ID="string_158" HPOS="624" VPOS="1291" WIDTH="5" HEIGHT="5" WC="0.85" CONTENT="."/><SP WIDTH="30" VPOS="1291" HPOS="629"/>
							<String ID="string_159" HPOS="659" VPOS="1291" WIDTH="5" HEIGHT="5" WC="0.85" CONTENT="."/><SP WIDTH="46" VPOS="1291" HPOS="664"/>
							<String ID="string_160" HPOS="710" VPOS="1275" WIDTH="119" HEIGHT="27" WC="0.68" CONTENT="5,500,000:"/><SP WIDTH="15" VPOS="1275" HPOS="829"/>
							<String ID="string_161" HPOS="844" VPOS="1287" WIDTH="29" HEIGHT="4" WC="0.93" CONTENT="—"/>
						</TextLine>
						<TextLine ID="line_26" HPOS="122" VPOS="1304" WIDTH="543" HEIGHT="28">
							<String ID="string_162" HPOS="122" VPOS="1310" WIDTH="160" HEIGHT="22" WC="0.92" CONTENT="Nettoinkomst"/><SP WIDTH="10" VPOS="1310" HPOS="282"/>
							<String ID="string_163" HPOS="292" VPOS="1310" WIDTH="24" HEIGHT="21" WC="0.93" CONTENT="af"/><SP WIDTH="5" VPOS="1310" HPOS="316"/>
							<String ID="string_164" HPOS="321" VPOS="1304" WIDTH="344" HEIGHT="28" WC="0.92" CONTENT="Äbo-Tammerfors-Tavastehus"/>
						</TextLine>
						<TextLine ID="line_27" HPOS="188" VPOS="1344" WIDTH="685" HEIGHT="27">
							<String ID="string_165" HPOS="188" VPOS="1344" WIDTH="89" HEIGHT="27" WC="0.82" CONTENT="jernväg"/><SP WIDTH="25" VPOS="1344" HPOS="277"/>
							<String ID="string_166" HPOS="302" VPOS="1360" WIDTH="4" HEIGHT="4" WC="0.70" CONTENT="."/><SP WIDTH="30" VPOS="1360" HPOS="306"/>
							<String ID="string_167" HPOS="336" VPOS="1360" WIDTH="5" HEIGHT="4" WC="0.76" CONTENT="."/><SP WIDTH="30" VPOS="1360" HPOS="341"/>
							<String ID="string_168" HPOS="371" VPOS="1360" WIDTH="5" HEIGHT="4" WC="0.43" CONTENT="."/><SP WIDTH="31" VPOS="1360" HPOS="376"/>
							<String ID="string_169" HPOS="407" VPOS="1360" WIDTH="5" HEIGHT="4" WC="0.9" CONTENT="k"/><SP WIDTH="31" VPOS="1360" HPOS="412"/>
							<String ID="string_170" HPOS="443" VPOS="1360" WIDTH="220" HEIGHT="6" WC="0.13" CONTENT="kN."/><SP WIDTH="69" VPOS="1360" HPOS="663"/>
							<String ID="string_171" HPOS="732" VPOS="1344" WIDTH="98" HEIGHT="26" WC="0.26" CONTENT="722,434:"/><SP WIDTH="17" VPOS="1344" HPOS="830"/>
							<String ID="string_172" HPOS="847" VPOS="1344" WIDTH="26" HEIGHT="22" WC="0.95" CONTENT="67"/>
						</TextLine>
						<TextLine ID="line_28" HPOS="122" VPOS="1378" WIDTH="543" HEIGHT="22">
							<String ID="string_173" HPOS="122" VPOS="1378" WIDTH="100" HEIGHT="22" WC="0.92" CONTENT="Fondens"/><SP WIDTH="28" VPOS="1378" HPOS="222"/>
							<String ID="string_174" HPOS="250" VPOS="1378" WIDTH="64" HEIGHT="22" WC="0.94" CONTENT="andel"/><SP WIDTH="36" VPOS="1378" HPOS="314"/>
							<String ID="string_175" HPOS="350" VPOS="1378" WIDTH="23" HEIGHT="22" WC="0.93" CONTENT="af"/><SP WIDTH="26" VPOS="1378" HPOS="373"/>
							<String ID="string_176" HPOS="399" VPOS="1378" WIDTH="185" HEIGHT="22" WC="0.87" CONTENT="nettoinkomsten"/><SP WIDTH="33" VPOS="1378" HPOS="584"/>
							<String ID="string_177" HPOS="617" VPOS="1378" WIDTH="48" HEIGHT="22" WC="0.90" CONTENT="frän"/>
						</TextLine>
						<TextLine ID="line_29" HPOS="189" VPOS="1412" WIDTH="476" HEIGHT="27">
							<String ID="string_178" HPOS="189" VPOS="1412" WIDTH="326" HEIGHT="27" WC="0.92" CONTENT="Helsingfors-Tavastehus-S:t"/><SP WIDTH="10" VPOS="1412" HPOS="515"/>
							<String ID="string_179" HPOS="525" VPOS="1412" WIDTH="140" HEIGHT="27" WC="0.92" CONTENT="Petersburgs"/>
						</TextLine>
						<TextLine ID="line_30" HPOS="189" VPOS="1446" WIDTH="693" HEIGHT="28">
							<String ID="string_180" HPOS="189" VPOS="1446" WIDTH="89" HEIGHT="28" WC="0.74" CONTENT="jernväg"/><SP WIDTH="22" VPOS="1446" HPOS="278"/>
							<String ID="string_181" HPOS="300" VPOS="1462" WIDTH="5" HEIGHT="5" WC="0.86" CONTENT="."/><SP WIDTH="30" VPOS="1462" HPOS="305"/>
							<String ID="string_182" HPOS="335" VPOS="1462" WIDTH="5" HEIGHT="4" WC="0.68" CONTENT="."/><SP WIDTH="31" VPOS="1462" HPOS="340"/>
							<String ID="string_183" HPOS="371" VPOS="1462" WIDTH="4" HEIGHT="5" WC="0.57" CONTENT="so"/><SP WIDTH="32" VPOS="1462" HPOS="375"/>
							<String ID="string_184" HPOS="407" VPOS="1462" WIDTH="151" HEIGHT="7" WC="0.10" CONTENT="sk"/><SP WIDTH="155" VPOS="1462" HPOS="558"/>
							<String ID="string_185" HPOS="713" VPOS="1447" WIDTH="119" HEIGHT="25" WC="0.43" CONTENT="1,130,498:"/><SP WIDTH="16" VPOS="1447" HPOS="832"/>
							<String ID="string_186" HPOS="848" VPOS="1446" WIDTH="34" HEIGHT="21" WC="0.92" CONTENT="34."/>
						</TextLine>
						<TextLine ID="line_31" HPOS="542" VPOS="1486" WIDTH="341" HEIGHT="28">
							<String ID="string_187" HPOS="542" VPOS="1486" WIDTH="118" HEIGHT="28" WC="0.84" CONTENT="Transport"/><SP WIDTH="39" VPOS="1486" HPOS="660"/>
							<String ID="string_188" HPOS="699" VPOS="1487" WIDTH="131" HEIGHT="26" WC="0.59" CONTENT="—12,558,494:"/><SP WIDTH="19" VPOS="1487" HPOS="830"/>
							<String ID="string_189" HPOS="849" VPOS="1487" WIDTH="34" HEIGHT="20" WC="0.96" CONTENT="64."/>
						</TextLine>
						<TextLine ID="line_32" HPOS="192" VPOS="1524" WIDTH="376" HEIGHT="19">
							<String ID="string_190" HPOS="192" VPOS="1524" WIDTH="150" HEIGHT="18" WC="0.90" CONTENT="Statsutskottets"/><SP WIDTH="12" VPOS="1524" HPOS="342"/>
							<String ID="string_191" HPOS="354" VPOS="1524" WIDTH="119" HEIGHT="19" WC="0.90" CONTENT="betänkande"/><SP WIDTH="12" VPOS="1524" HPOS="473"/>
							<String ID="string_192" HPOS="485" VPOS="1526" WIDTH="38" HEIGHT="17" WC="0.96" CONTENT="N:o"/><SP WIDTH="15" VPOS="1526" HPOS="523"/>
							<String ID="string_193" HPOS="538" VPOS="1526" WIDTH="30" HEIGHT="16" WC="0.96" CONTENT="13."/>
						</TextLine>
					</TextBlock>
				</ComposedBlock>
				<GraphicalElement ID="cblock_7" HPOS="1078" VPOS="30" WIDTH="8" HEIGHT="427"></GraphicalElement >
				<GraphicalElement ID="cblock_8" HPOS="1080" VPOS="845" WIDTH="6" HEIGHT="330"></GraphicalElement >
			</PrintSpace>
		</Page>
	</Layout>
</alto>
