1086 1717
221 151 13 19 2

192 214 37 22 des
244 216 35 20 att
292 221 45 15 som
351 215 136 22 sekreterare
499 215 93 22 biträda.
622 215 101 22 Derefter
737 216 40 22 har
791 216 157 28 Delegationen

191 249 34 22 för
246 249 135 28 fullgörande
403 250 26 21 af
449 250 40 22 sitt
510 250 99 27 uppdrag
629 251 157 21 sammanträdt
805 252 40 21 två
863 252 83 27 gånger

191 284 68 21 under
272 284 66 28 sagde
349 284 31 27 år,
390 284 39 22 två
440 285 85 27 gånger
535 284 47 22 året
593 286 55 20 1883
660 285 39 21 och
709 285 34 27 sju
753 286 85 27 gånger
847 286 26 20 år
884 287 61 21 1884.

189 318 12 22 I
220 318 64 22 dessa
305 319 173 21 sammanträden
500 318 66 22 hafva
586 318 94 28 deltagit
698 319 174 23 undertecknade
891 320 57 22 dele-

190 352 114 28 gationens
318 352 129 22 ordförande
463 353 38 21 och
516 353 119 21 ledamöter
649 355 63 25 samt,
727 353 57 22 efter
798 354 91 22 friherre
904 360 41 16 von

190 387 69 22 Troils
274 387 42 22 den
329 388 28 20 24
371 387 92 22 Januari
479 389 56 20 1884
548 387 84 22 skedda
647 387 128 28 utnämning
789 388 34 22 till
838 390 107 26 guvernör

189 422 8 21 i
216 421 34 22 S:t
268 421 90 22 Michels
379 422 43 27 län,
445 422 162 22 undertecknad
630 422 119 22 Schauman
767 422 8 21 i
794 423 109 27 egenskap
922 422 25 23 af

189 456 67 21 förste
264 456 115 27 suppleant
388 456 35 22 för
431 456 152 27 ridderskapet
593 456 39 22 och
643 456 71 27 adeln,
722 456 146 22 hvarförutom
875 457 70 22 direk.

189 493 48 19 torn
259 490 35 22 för
314 491 124 22 statistiska
459 491 70 27 byrån
550 491 77 22 doktor
648 491 27 21 K.
695 491 26 21 E.
741 491 25 21 F.
785 491 106 28 Ignatius,
906 491 38 23 vid

188 525 74 22 förfall
284 525 34 22 för
339 525 126 28 någondera
487 525 26 22 af
532 525 148 22 ledamöterna
702 525 33 22 för
757 526 186 27 borgareståndet,

188 560 70 21 såsom
278 559 67 23 förste
363 560 115 27 suppleant
493 559 34 22 för
541 560 94 21 nämnda
650 560 65 21 stånd
729 559 95 23 bevistat
837 561 107 21 särskilda

188 594 180 22 sammanträden.

256 627 35 22 Då
305 628 158 27 Delegationen
477 628 69 22 under
560 628 42 22 den
617 630 28 19 25
662 629 39 21 och
716 629 27 21 28
758 628 119 22 November
888 629 54 22 1882

187 662 33 23 till
242 662 168 29 öfverläggning
432 664 82 27 upptog
536 662 79 28 frågan
629 663 56 21 huru
701 662 68 22 medel
784 663 34 21 till
831 663 111 22 förverkli-

186 697 72 28 gande
273 696 25 22 af
310 697 133 22 Ständernas
453 697 71 22 beslut
533 697 127 28 lämpligast
671 697 71 22 kunde
752 698 189 27 sammanbringas,

185 733 74 26 syntes
275 732 37 21 det
326 732 159 27 Delegationen
500 732 86 21 enklast
600 733 35 20 att
651 731 76 28 hvarje
742 734 34 19 ort
790 731 34 22 för
837 732 35 27 sig
885 733 57 27 finge

186 766 82 27 afgöra,
285 767 28 26 på
328 766 58 22 hvad
401 768 45 20 sätt
461 768 62 20 orten
537 766 72 21 kunde
625 766 39 21 och
677 766 50 22 ville
737 766 98 21 anskaffa
845 768 32 20 ett
887 767 55 21 efter

186 801 48 21 dess
254 797 153 25 förhållanden
425 800 78 28 värdig
521 800 77 27 belopp
613 800 35 21 till
664 800 37 22 det
715 799 159 23 fosterländska
888 800 55 23 före-

185 836 68 27 taget.
277 835 12 21 I
303 835 80 21 sådant
397 835 102 22 afseende
514 834 136 28 uppmanade
667 834 157 27 Delegationen
838 835 8 21 i
861 835 81 22 aflåtna

184 869 126 22 skrifvelser
324 869 25 22 af
362 869 118 28 nästsagde
491 869 44 28 dag
544 868 211 28 stadsfullmäktiges
765 869 39 22 och
814 869 128 22 kommunal-

183 903 145 23 nämndernas
347 903 131 22 ordförande
491 906 35 19 att
541 903 37 22 vid
592 903 201 22 sammankallande
807 905 72 20 möten
893 903 49 22 med

183 938 34 22 för
237 938 69 22 saken
327 937 146 23 intresserade
493 944 104 21 personer
612 937 128 28 öfverlägga
755 937 39 22 och
808 937 85 22 besluta
907 945 34 14 om

184 973 26 21 de
232 972 110 28 åtgärder,
365 979 46 15 som
425 972 36 22 för
476 973 76 27 hvarje
567 974 35 19 ort
616 972 50 21 bäst
681 971 71 22 kunde
767 971 100 22 befordra
882 972 58 21 teck-

182 1007 53 28 ning
258 1007 38 22 och
318 1007 85 28 bidrag.
433 1007 110 28 Derjemte
563 1007 73 21 anhöll
652 1005 163 28 Delegationen,
831 1007 33 20 att
879 1006 61 22 desse

181 1041 151 22 funktionärer
345 1041 52 22 ville
411 1041 47 22 före
469 1041 41 22 den
521 1043 12 19 1
544 1041 52 22 Juni
606 1042 56 20 1883
674 1040 34 21 till
718 1040 121 21 densamma
849 1039 91 22 insända

182 1076 86 27 uppgift
288 1082 34 15 om
337 1076 26 22 de
378 1076 111 27 åtgärder,
505 1081 44 16 som
564 1075 110 27 vidtagits
689 1075 34 21 för
737 1073 147 28 insamlingen,
901 1075 38 20 och

181 1117 33 14 om
230 1110 28 21 de
272 1110 75 27 medel,
362 1117 46 14 som
423 1111 84 20 kunnat
521 1109 194 27 sammanbringas,
730 1109 57 21 samt
801 1110 34 19 att
849 1108 89 22 berörde

180 1145 70 22 medel
264 1146 74 20 senast
352 1144 49 23 före
416 1145 42 21 den
475 1147 8 19 1
499 1144 52 22 Juni
563 1145 55 20 1884
627 1143 72 22 skulle
708 1142 102 22 insändas
820 1142 33 22 till
864 1143 75 21 under-

180 1179 95 22 tecknad
282 1179 113 22 Sanmark.
414 1179 70 22 Dessa
493 1178 126 22 skrifvelser
628 1177 104 28 åtföljdes
742 1177 26 22 af
773 1179 33 19 ett
812 1177 125 27 sälydande,

180 1219 77 21 genom
272 1213 86 22 landets
372 1213 113 28 tidningar
497 1213 80 28 jemväl
592 1211 172 28 offentliggjordt
778 1217 91 21 upprop:

419 1340 13 9 »
434 1320 47 24 Till
496 1320 120 24 Finlands
632 1320 70 24 Folk.

248 1383 112 22 Tolkande
374 1384 115 22 nationens
505 1384 109 27 enhälliga
629 1384 90 26 önskan,
735 1382 67 22 hafva
811 1383 75 21 senast
894 1382 43 22 för-

179 1418 95 22 samlade
298 1417 95 23 Ständer
414 1418 58 22 inför
493 1419 99 21 Thronen
613 1418 117 22 framburit
751 1421 28 18 em
800 1416 136 28 underdänig

179 1452 103 22 anhållan
306 1458 34 16 om
363 1452 101 22 tillstånd
488 1453 34 21 för
545 1452 106 22 Finlands
676 1452 45 22 folk
746 1453 40 25 att,
811 1450 124 23 förmedelst
