1086 1717
833 150 26 20 23

129 216 88 28 ningen
232 216 25 21 af
270 215 40 21 det
325 214 145 22 återstående
486 214 150 28 öfverflödiga
652 214 171 28 silfvermyntet
838 213 50 22 icke

130 250 146 23 förefunnits.

487 308 13 25 8
517 309 18 19 6.
901 308 119 17 Bestämnin-

383 352 4 4 N
893 336 35 17 gar
937 330 97 23 angäende

200 352 149 23 Beträffande
360 352 113 22 Finlands
481 352 80 22 Banks
570 351 155 22 affärsrörelse
733 350 70 23 hafva
810 350 77 22 Bank-
920 354 88 17 Bankens

131 388 147 28 fullmäktige
299 386 122 28 meddelat,
437 386 72 22 bland
525 388 77 26 annat,
617 385 103 29 följande
734 385 153 23 föreskrifter:
906 376 116 42 ner

202 423 21 28 a)
246 422 12 21 I
282 421 239 23 öfverensstämmelse
540 420 52 23 med
607 420 227 22 Bankdirektionens
849 419 68 25 vida)
933 423 101 18 Räntesat-

133 459 143 26 gemensamt
305 456 168 22 sammanträde
500 455 53 22 med
576 455 215 28 Bankfullmäktige
811 455 46 21 den
877 458 12 19 6
936 451 61 13 *"%

131 491 68 29 April
224 493 54 20 1882
302 491 43 22 och
367 491 100 22 derefter
489 491 36 21 uti
548 490 122 22 skrifvelse
693 490 25 21 af
735 489 45 22 den
796 493 12 19 8
823 489 68 29 April

132 525 135 22 framstälda
290 525 87 28 förslag
399 525 70 22 hafva
489 525 217 27 Bankfullmäktige
722 524 45 22 den
784 526 25 20 12
825 524 68 28 April

133 560 119 23 förordnat
267 562 35 20 att
316 562 173 19 räntesatserna
503 559 36 22 för
553 559 39 22 lån
608 567 28 13 ur
647 559 112 22 Finlands
772 558 69 22 Bank
849 557 43 22 och

136 595 35 22 för
187 595 188 28 diskonteringar
390 595 8 21 i
414 594 98 22 Banken
529 594 75 21 skulle
620 593 111 29 förhöjas:
747 594 36 21 för
797 601 48 20 nya
859 593 33 22 in-

134 629 98 22 hemska
256 629 80 22 vexiar
358 629 53 21 med
431 629 80 28 längre
527 628 141 29 omloppstid
683 632 29 17 än
728 631 26 19 90
771 627 70 29 dagar
856 627 37 22 till

135 665 47 26 51/,
206 664 51 21 från
281 667 11 18 5
313 665 106 27 procent:
441 663 36 22 för
493 663 157 28 hypotekslän
664 664 50 20 mot
728 664 57 27 pant
800 662 25 22 af
836 661 57 29 guld

135 698 42 21 och
201 698 80 22 silfver
302 700 60 19 samt
385 697 154 29 obligationer
561 697 37 22 till
618 701 12 18 5
652 697 52 22 frän
722 698 46 26 4'/,
785 698 106 30 procent;

134 733 35 22 för
184 733 158 28 hypotekslän
356 735 49 19 mot
420 734 57 27 pant
493 732 24 21 af
526 732 74 21 aktier
610 731 44 22 och
666 731 139 22 intecknade
814 731 79 21 skuld-

135 767 74 22 sedlar
232 767 37 22 till
292 769 48 24 51/,
364 767 52 21 frän
439 770 11 18 5
471 768 103 26 procent,
594 767 60 20 samt
672 766 36 21 för
722 765 171 22 kassakreditiv

134 803 50 20 mot
201 803 58 26 pant
275 801 25 22 af
313 801 154 28 obligationer
481 801 38 22 till
535 805 11 18 5
562 801 51 21 från
629 804 12 18 4
652 802 25 25 !/,
693 802 102 27 procent.
823 800 70 21 Dere-

134 838 49 19 mot
201 835 130 23 bibehöllos
346 835 28 22 de
390 843 84 21 genom
489 835 229 28 Bankfullmäktiges
734 835 121 22 skrifvelse
871 834 24 21 af

133 870 46 21 den
202 873 26 19 29
252 870 131 22 November
407 873 53 19 1881
481 870 120 21 bestämda
618 872 172 19 räntesatserna
804 869 36 22 för
854 869 39 21 län

135 907 48 19 mot
201 912 77 14 annan
294 905 62 28 slags
372 905 105 28 antaglig
492 907 58 26 pant
564 904 40 22 vid
620 907 10 20 6
647 907 102 26 procent,
765 904 35 21 för
815 904 78 21 kassa-

134 939 101 22 kreditiv
257 941 49 19 mot
327 941 56 26 pant
407 939 23 22 af
449 939 72 22 andra
542 939 52 28 slag
608 943 30 17 än
656 939 154 28 obligationer
825 938 40 21 vid
881 941 12 19 5

134 976 102 26 procent,
260 974 35 21 för
317 975 35 20 tre
374 973 122 22 mänaders
517 973 56 22 eller
589 974 94 21 kortare
698 973 47 22 tids
760 973 80 22 vexlar
853 972 41 22 vid

136 1011 11 19 4
158 1009 24 26 1/,
206 1010 97 26 procent
325 1010 59 19 samt
406 1008 37 21 för
464 1007 29 22 de
511 1008 48 27 fall
580 1008 29 21 dä
628 1008 143 28 omsättning
790 1008 24 21 af
827 1007 67 22 vexel

135 1042 133 29 beviljades,
291 1042 40 22 vid
354 1045 11 20 6
388 1044 103 27 procent,
515 1043 159 21 hvarförutom
693 1041 202 29 inträdesafgiften

135 1077 36 21 för
192 1076 171 22 kassakreditiv
386 1076 113 22 kontrakt
521 1076 143 23 fortfarande
687 1077 74 21 skulle
780 1076 113 22 beräknas

135 1111 58 21 efter
210 1112 21 25 14
248 1113 102 26 procent.

203 1145 74 21 Dessa
299 1147 141 20 räntesatser
459 1145 113 22 förblefvo
589 1145 150 22 oförändrade
754 1145 36 22 till
807 1145 44 22 den
867 1147 26 20 23

135 1179 67 28 April
221 1182 60 25 1883,
298 1179 28 21 dä
341 1179 224 28 Bankfullmäktige,
580 1179 53 22 med
647 1179 247 22 afseende
770 1175 14 36 å
797 1179 97 22 Bankens

136 1213 119 28 ställning,
274 1214 50 21 äter
338 1213 139 22 förordnade
493 1221 38 14 om
546 1213 154 29 nedsättning
715 1215 24 21 af
751 1215 94 20 räntan:
861 1213 35 22 för

136 1247 157 29 hypotekslän
306 1250 50 19 mot
369 1250 58 26 pant
443 1248 24 22 af
480 1247 59 29 guld
554 1248 44 21 och
614 1248 80 22 silfver
704 1250 61 27 samt
775 1248 121 28 obligatio-

135 1289 42 14 ner
199 1282 37 22 till
255 1284 49 25 41/,
322 1284 103 27 procent,
441 1282 36 22 för
493 1282 81 29 dylika
588 1283 40 21 län
644 1285 50 19 mot
708 1285 57 26 pant
783 1283 24 21 af
821 1282 76 22 aktier

137 1316 43 22 och
200 1316 138 22 intecknade
354 1316 147 22 skuldsedlar
516 1317 38 21 till
570 1320 11 19 5
598 1319 96 27 procent
710 1317 44 22 och
767 1318 37 22 för
819 1317 78 22 kassa-

136 1350 103 23 kreditiv
254 1353 50 19 mot
318 1353 57 27 pant
391 1352 24 21 af
429 1351 155 28 obligationer
599 1352 37 22 till
651 1354 12 20 4
674 1353 24 26 !/,
715 1354 102 26 procent,
830 1352 67 22 hvar-

136 1385 58 22 efter
215 1386 143 28 ytterligare,
377 1386 8 21 i
401 1386 106 28 enlighet
521 1386 53 22 med
590 1387 169 28 Fullmäktiges
775 1386 122 22 skrifvelse

137 1420 24 21 af
181 1419 45 22 den
251 1423 11 19 9
281 1420 109 29 Augusti,
410 1420 181 23 diskonträntan
606 1422 35 22 för
654 1422 80 21 vexlar
748 1421 53 22 med
815 1421 82 28 längre

137 1454 143 28 omloppstid
296 1458 28 18 än
340 1457 35 19 tre
390 1455 110 22 mänader
515 1456 119 22 nedsattes
649 1456 37 22 till
700 1459 12 19 5
727 1457 103 27 procent.

206 1488 35 22 De
258 1489 97 22 sälunda
369 1490 109 28 gällande
489 1492 173 20 räntesatserna
670 1491 132 21 faststäldes
811 1497 86 21 genom
