1086 1717
475 148 26 28 U.
515 148 24 22 B.
843 148 14 22 5

135 212 73 22 förrän
229 213 75 28 längre
318 213 22 22 in
355 214 30 27 på
399 214 147 23 innevarande
561 214 25 22 år
600 214 77 22 hinner
690 214 30 27 på
734 214 153 22 Prokurators-

135 247 150 28 expeditionen
304 248 122 28 uppsamlas
449 249 39 22 och
506 248 162 28 tillgodogöras.
698 249 30 21 Så
742 248 144 23 tillfredsstäl-

135 282 63 22 lande
220 282 71 22 denna
312 282 119 28 förklaring
453 285 28 20 än
495 285 25 20 är
535 282 57 23 hvad
607 283 142 22 berättelsens
764 283 123 22 statistiska

137 316 34 22 del
191 316 137 26 vidkommer,
351 323 63 22 synes
429 318 123 22 densamma
567 318 55 21 dock
636 317 48 22 icke
698 324 54 16 vara
767 318 71 27 egnad
852 319 35 20 att

136 350 110 28 upphäfva
266 351 133 28 rigtigheten
421 352 24 22 af
463 353 40 21 vår
517 352 57 22 inom
589 352 107 22 utskottet
710 352 128 22 framstälda
852 358 37 15 an-

137 386 113 28 märkning
272 386 70 22 derom
364 388 34 20 att
415 386 126 23 förberörda
556 386 160 28 omständighet
730 386 49 22 icke
793 387 49 21 bort
856 386 31 22 af-

137 421 59 22 hålla
214 420 131 23 Prokurator
366 423 34 20 att
420 422 107 27 redogöra
541 421 34 22 för
590 422 48 21 sina
653 428 53 21 egna
722 421 99 28 åtgärder
835 421 8 22 i
857 420 31 23 af-

137 456 78 22 seende
230 456 14 21 å
258 456 111 22 inseendet
383 456 60 22 öfver
457 456 187 28 rättsskipningen
658 457 40 21 och
712 456 103 27 lagarnas
824 456 66 21 hand-

138 490 108 23 hafvande
261 491 67 22 under
341 491 49 22 hela
405 491 42 22 den
460 491 159 28 mellanperiod,
634 497 45 16 som
694 491 92 22 förflutit
800 491 49 21 från
858 497 32 16 se-

138 527 62 20 naste
214 525 105 28 landtdag
333 525 33 22 till
379 532 28 15 nu
421 526 116 27 pågående
550 525 154 22 ständermöte.

206 559 36 22 Då
266 559 186 28 ofvanåberopade
476 560 126 27 förordning
626 560 148 27 uttryckligen
799 560 90 27 ålägger

139 594 132 22 Prokurator
293 596 34 20 att
348 594 121 22 Ständerna
491 594 34 22 till
539 594 120 22 kännedom
674 594 85 28 afgifva
774 594 117 22 berättelse

139 635 34 16 om
190 629 166 28 lagskipningen
375 628 8 22 i
397 629 74 22 landet
486 629 39 22 och
540 629 101 28 lagarnes
656 629 167 22 handhafvande
837 629 8 21 i
860 628 30 22 öf-

139 663 50 28 rigt,
211 663 61 22 torde
295 663 37 22 det
352 663 48 22 icke
421 664 74 21 kunna
516 663 143 28 ifrågasättas
682 665 34 20 att
737 663 153 28 förordningen

140 697 89 22 framför
247 698 39 21 allt
304 697 83 28 åsyftar
405 700 33 20 att
452 698 81 22 bereda
547 698 122 22 Ständerna
683 697 86 22 tillfälle
785 699 34 20 att
833 697 59 22 bilda

141 733 33 27 sig
194 733 30 26 på
245 733 109 27 möjligast
375 733 133 22 omfattande
529 733 117 27 utredning
664 733 110 27 grundadt
796 733 95 21 omdöme

141 773 32 15 om
195 767 37 22 det
253 769 51 26 sätt,
326 767 82 28 hvarpå
427 767 133 23 Prokurator
576 767 107 22 handhaft
698 768 39 21 och
752 767 97 28 fullgjort
864 767 27 21 de

140 803 80 26 ytterst
240 801 86 28 vigtiga
348 801 128 26 funktioner,
499 801 75 23 hvilka
591 801 212 28 författningsenligt
817 801 76 28 åligga

140 837 82 21 honom.
251 837 77 21 Denna
349 836 139 28 uppfattning
507 837 113 27 bestyrkes
636 835 64 23 äfven
716 836 25 21 af
753 836 117 27 ordalagen
885 835 8 22 i

142 871 41 22 den
203 871 25 21 af
249 871 55 22 1872
326 871 36 22 års
383 871 93 22 Ständer
497 870 128 23 framstälda
639 871 150 27 underdåniga
803 870 92 28 petition

142 912 44 15 som
200 905 126 22 föranledde
341 905 163 28 förordningens
514 905 135 22 utfärdande.
679 905 12 22 I
700 905 93 22 nämnda
802 904 92 28 petition

143 941 95 21 anhälles
260 940 105 27 nemligen
388 942 33 20 att
443 940 122 22 Ständerna
586 941 68 21 måtte
673 939 124 28 föreläggas
811 939 83 28 förslag

142 975 34 22 till
197 981 27 16 en
245 975 43 28 lag,
313 975 150 27 ,hvarigenom
485 975 147 21 Prokuratorn
654 974 38 23 vid
713 974 124 28 Kejserliga
858 973 36 22 Se-

142 1011 66 20 naten
229 1009 75 22 älades
326 1011 33 20 att
379 1009 9 22 i
409 1009 76 28 början
508 1009 25 22 af
552 1009 76 27 hvarje
650 1009 106 27 landtdag
775 1009 34 21 till
831 1008 63 21 Stän-

143 1044 67 21 derna
234 1043 84 28 afgifva
338 1044 117 21 berättelse
477 1051 32 14 om
532 1044 38 21 sitt
593 1044 97 21 inseende
712 1043 91 22 emellan
824 1043 71 21 landt-

143 1078 96 27 dagarne
261 1078 60 22 öfver
335 1078 166 28 lagskipningen
516 1078 8 21 i
539 1078 79 27 högsta
632 1078 116 21 domstolen
768 1078 39 21 och
823 1077 71 28 lagar-

143 1119 37 16 nes
195 1113 166 22 handhafvande
381 1113 57 22 inom
454 1113 76 21 landet
548 1112 163 23 öfverhufvud*.
741 1112 153 22 Förevarande

144 1147 116 22 berättelse
286 1150 25 19 är
333 1147 118 22 emellertid
472 1147 220 28 anmärkningsvärdt
712 1146 155 28 knapphändig
888 1146 8 21 i

145 1182 41 22 den
208 1182 34 21 del
264 1182 122 22 densamma
407 1182 92 21 handlar
521 1188 33 15 om
573 1182 143 23 Prokurators
731 1183 51 26 eget
796 1180 101 23 inseende

145 1216 60 23 öfver
218 1216 167 28 lagskipningen
403 1217 39 21 och
457 1217 101 27 lagarnes
573 1209 167 29 handhafvande
755 1215 37 23 vid
807 1215 90 22 domsto-

144 1251 60 22 larne
225 1253 57 20 samt
303 1251 98 27 styrelse-
423 1251 39 22 och
477 1251 169 22 embetsverken.
676 1251 103 21 Deremot
792 1250 40 21 har
845 1250 52 21 Pro-

144 1286 89 22 kurator
252 1287 66 27 egnat
332 1293 26 15 en
372 1286 124 27 betydande
511 1285 35 23 del
560 1285 25 23 af
597 1285 132 23 berättelsen
743 1285 25 22 ät
781 1284 116 22 undersök-

145 1320 77 28 ningar
240 1326 34 15 om
294 1320 41 22 den
349 1320 57 28 gifta
421 1320 106 27 gvinnans
541 1319 263 28 förmögenhetsrättsliga
818 1318 80 22 förhäl-

145 1354 84 28 landen.
258 1354 51 22 Med
330 1354 37 28 fog
388 1354 62 22 torde
472 1354 55 22 dock
545 1355 74 21 kunna
632 1354 144 27 ifrägasättas
791 1352 106 23 huruvida

146 1388 129 22 utredandet
296 1388 25 22 af
340 1388 226 28 lagstiftningsfrägor
588 1388 64 22 faller
673 1388 56 22 inom
751 1387 98 23 omrädet
865 1386 36 23 för

145 1422 169 28 ifrägavarande
328 1423 127 22 berättelses
469 1422 217 28 författningsenliga
701 1424 96 26 gränsor.

212 1456 156 28 Magistratens
391 1457 9 22 i
421 1456 144 24 Tammerfors
585 1456 125 22 förfarande
724 1456 8 22 i
747 1456 42 22 den
803 1456 96 22 bekanta

214 1496 140 23 Lagutskottets
366 1496 116 18 betänkande
494 1497 37 17 N:o
543 1497 27 17 12.
