<?xml version="1.0" encoding="UTF-8"?>
<alto xmlns="http://www.loc.gov/standards/alto/ns-v3#" xmlns:xlink="http://www.w3.org/1999/xlink" xmlns:xsi="http://www.w3.org/2001/XMLSchema-instance" xsi:schemaLocation="http://www.loc.gov/standards/alto/ns-v3# http://www.loc.gov/alto/v3/alto-3-0.xsd">
	<Description>
		<MeasurementUnit>pixel</MeasurementUnit>
		<sourceImageInformation>
			<fileName>/tmp/tess_ovwho8ae_input.PNG</fileName>
		</sourceImageInformation>
		<OCRProcessing ID="OCR_0">
			<ocrProcessingStep>
				<processingSoftware>
					<softwareName>tesseract 5.3.4</softwareName>
				</processingSoftware>
			</ocrProcessingStep>
		</OCRProcessing>
	</Description>
	<Layout>
		<Page WIDTH="1086" HEIGHT="1717" PHYSICAL_IMG_NR="0" ID="page_0">
			<PrintSpace HPOS="0" VPOS="0" WIDTH="1086" HEIGHT="1717">
				<ComposedBlock ID="cblock_0" HPOS="223" VPOS="348" WIDTH="745" HEIGHT="114">
					<TextBlock ID="block_0" HPOS="223" VPOS="348" WIDTH="745" HEIGHT="114">
						<TextLine ID="line_0" HPOS="223" VPOS="348" WIDTH="745" HEIGHT="35">
							<String ID="string_0" HPOS="223" VPOS="348" WIDTH="154" HEIGHT="34" WC="0.96" CONTENT="Redovisning"/><SP WIDTH="19" VPOS="348" HPOS="377"/>
							<String ID="string_1" HPOS="396" VPOS="349" WIDTH="38" HEIGHT="27" WC="0.96" CONTENT="för"/><SP WIDTH="17" VPOS="349" HPOS="434"/>
							<String ID="string_2" HPOS="451" VPOS="349" WIDTH="30" HEIGHT="27" WC="0.93" CONTENT="de"/><SP WIDTH="17" VPOS="349" HPOS="481"/>
							<String ID="string_3" HPOS="498" VPOS="348" WIDTH="15" HEIGHT="28" WC="0.93" CONTENT="å"/><SP WIDTH="26" VPOS="348" HPOS="513"/>
							<String ID="string_4" HPOS="539" VPOS="350" WIDTH="111" HEIGHT="33" WC="0.96" CONTENT="anslaget"/><SP WIDTH="22" VPOS="350" HPOS="650"/>
							<String ID="string_5" HPOS="672" VPOS="350" WIDTH="38" HEIGHT="26" WC="0.96" CONTENT="för"/><SP WIDTH="17" VPOS="350" HPOS="710"/>
							<String ID="string_6" HPOS="727" VPOS="350" WIDTH="145" HEIGHT="33" WC="0.96" CONTENT="uppförande"/><SP WIDTH="18" VPOS="350" HPOS="872"/>
							<String ID="string_7" HPOS="890" VPOS="350" WIDTH="25" HEIGHT="27" WC="0.96" CONTENT="af"/><SP WIDTH="18" VPOS="350" HPOS="915"/>
							<String ID="string_8" HPOS="933" VPOS="350" WIDTH="35" HEIGHT="26" WC="0.96" CONTENT="ett"/>
						</TextLine>
						<TextLine ID="line_1" HPOS="323" VPOS="388" WIDTH="539" HEIGHT="35">
							<String ID="string_9" HPOS="323" VPOS="389" WIDTH="150" HEIGHT="27" WC="0.92" CONTENT="Ständerhus"/><SP WIDTH="18" VPOS="389" HPOS="473"/>
							<String ID="string_10" HPOS="491" VPOS="388" WIDTH="53" HEIGHT="28" WC="0.95" CONTENT="från"/><SP WIDTH="20" VPOS="388" HPOS="544"/>
							<String ID="string_11" HPOS="564" VPOS="390" WIDTH="108" HEIGHT="26" WC="0.95" CONTENT="Finlands"/><SP WIDTH="19" VPOS="390" HPOS="672"/>
							<String ID="string_12" HPOS="691" VPOS="390" WIDTH="64" HEIGHT="26" WC="0.92" CONTENT="Bank"/><SP WIDTH="18" VPOS="390" HPOS="755"/>
							<String ID="string_13" HPOS="773" VPOS="390" WIDTH="89" HEIGHT="33" WC="0.91" CONTENT="lyftade"/>
						</TextLine>
						<TextLine ID="line_2" HPOS="500" VPOS="430" WIDTH="180" HEIGHT="32">
							<String ID="string_14" HPOS="500" VPOS="430" WIDTH="63" HEIGHT="27" WC="0.89" CONTENT="F:mk"/><SP WIDTH="17" VPOS="430" HPOS="563"/>
							<String ID="string_15" HPOS="580" VPOS="430" WIDTH="100" HEIGHT="32" WC="0.89" CONTENT="55,000."/>
						</TextLine>
					</TextBlock>
				</ComposedBlock>
				<ComposedBlock ID="cblock_1" HPOS="220" VPOS="500" WIDTH="753" HEIGHT="581">
					<TextBlock ID="block_1" HPOS="220" VPOS="500" WIDTH="753" HEIGHT="581">
						<TextLine ID="line_3" HPOS="862" VPOS="500" WIDTH="106" HEIGHT="27">
							<String ID="string_16" HPOS="862" VPOS="500" WIDTH="46" HEIGHT="27" WC="0.48" CONTENT="Imp"/><SP WIDTH="29" VPOS="500" HPOS="908"/>
							<String ID="string_17" HPOS="937" VPOS="502" WIDTH="31" HEIGHT="25" WC="0.49" CONTENT="Nä."/>
						</TextLine>
						<TextLine ID="line_4" HPOS="223" VPOS="532" WIDTH="581" HEIGHT="28">
							<String ID="string_18" HPOS="223" VPOS="532" WIDTH="95" HEIGHT="21" WC="0.92" CONTENT="Utbetalt"/><SP WIDTH="17" VPOS="532" HPOS="318"/>
							<String ID="string_19" HPOS="335" VPOS="533" WIDTH="31" HEIGHT="20" WC="0.93" CONTENT="till"/><SP WIDTH="15" VPOS="533" HPOS="366"/>
							<String ID="string_20" HPOS="381" VPOS="534" WIDTH="180" HEIGHT="26" WC="0.91" CONTENT="stadsingeniören"/><SP WIDTH="10" VPOS="534" HPOS="561"/>
							<String ID="string_21" HPOS="571" VPOS="534" WIDTH="107" HEIGHT="20" WC="0.96" CONTENT="Ehrström"/><SP WIDTH="18" VPOS="534" HPOS="678"/>
							<String ID="string_22" HPOS="696" VPOS="534" WIDTH="32" HEIGHT="20" WC="0.93" CONTENT="för"/><SP WIDTH="16" VPOS="534" HPOS="728"/>
							<String ID="string_23" HPOS="744" VPOS="534" WIDTH="60" HEIGHT="26" WC="0.92" CONTENT="höjd-"/>
						</TextLine>
						<TextLine ID="line_5" HPOS="326" VPOS="567" WIDTH="478" HEIGHT="21">
							<String ID="string_24" HPOS="326" VPOS="567" WIDTH="59" HEIGHT="20" WC="0.94" CONTENT="karta"/><SP WIDTH="23" VPOS="567" HPOS="385"/>
							<String ID="string_25" HPOS="408" VPOS="567" WIDTH="59" HEIGHT="20" WC="0.85" CONTENT="öfver"/><SP WIDTH="22" VPOS="567" HPOS="467"/>
							<String ID="string_26" HPOS="489" VPOS="570" WIDTH="56" HEIGHT="18" WC="0.96" CONTENT="östra"/><SP WIDTH="16" VPOS="570" HPOS="545"/>
							<String ID="string_27" HPOS="561" VPOS="568" WIDTH="61" HEIGHT="20" WC="0.96" CONTENT="delen"/><SP WIDTH="21" VPOS="568" HPOS="622"/>
							<String ID="string_28" HPOS="643" VPOS="568" WIDTH="23" HEIGHT="20" WC="0.93" CONTENT="af"/><SP WIDTH="12" VPOS="568" HPOS="666"/>
							<String ID="string_29" HPOS="678" VPOS="568" WIDTH="126" HEIGHT="20" WC="0.91" CONTENT="Observato-"/>
						</TextLine>
						<TextLine ID="line_6" HPOS="324" VPOS="602" WIDTH="479" HEIGHT="26">
							<String ID="string_30" HPOS="324" VPOS="602" WIDTH="99" HEIGHT="26" WC="0.92" CONTENT="riiberget"/><SP WIDTH="16" VPOS="602" HPOS="423"/>
							<String ID="string_31" HPOS="439" VPOS="604" WIDTH="76" HEIGHT="18" WC="0.96" CONTENT="tvänne"/><SP WIDTH="24" VPOS="604" HPOS="515"/>
							<String ID="string_32" HPOS="539" VPOS="602" WIDTH="74" HEIGHT="26" WC="0.96" CONTENT="kopior"/><SP WIDTH="23" VPOS="602" HPOS="613"/>
							<String ID="string_33" HPOS="636" VPOS="603" WIDTH="23" HEIGHT="19" WC="0.92" CONTENT="af"/><SP WIDTH="21" VPOS="603" HPOS="659"/>
							<String ID="string_34" HPOS="680" VPOS="603" WIDTH="70" HEIGHT="19" WC="0.93" CONTENT="kartor"/><SP WIDTH="23" VPOS="603" HPOS="750"/>
							<String ID="string_35" HPOS="773" VPOS="603" WIDTH="30" HEIGHT="20" WC="0.77" CONTENT="öf-"/>
						</TextLine>
						<TextLine ID="line_7" HPOS="324" VPOS="636" WIDTH="479" HEIGHT="21">
							<String ID="string_36" HPOS="324" VPOS="643" WIDTH="36" HEIGHT="13" WC="0.93" CONTENT="ver"/><SP WIDTH="20" VPOS="643" HPOS="360"/>
							<String ID="string_37" HPOS="380" VPOS="639" WIDTH="69" HEIGHT="17" WC="0.92" CONTENT="vestra"/><SP WIDTH="23" VPOS="639" HPOS="449"/>
							<String ID="string_38" HPOS="472" VPOS="636" WIDTH="60" HEIGHT="20" WC="0.96" CONTENT="delen"/><SP WIDTH="24" VPOS="636" HPOS="532"/>
							<String ID="string_39" HPOS="556" VPOS="637" WIDTH="24" HEIGHT="19" WC="0.91" CONTENT="af"/><SP WIDTH="20" VPOS="637" HPOS="580"/>
							<String ID="string_40" HPOS="600" VPOS="636" WIDTH="122" HEIGHT="21" WC="0.91" CONTENT="Skatudden"/><SP WIDTH="28" VPOS="636" HPOS="722"/>
							<String ID="string_41" HPOS="750" VPOS="640" WIDTH="53" HEIGHT="17" WC="0.96" CONTENT="samt"/>
						</TextLine>
						<TextLine ID="line_8" HPOS="325" VPOS="670" WIDTH="477" HEIGHT="26">
							<String ID="string_42" HPOS="325" VPOS="670" WIDTH="190" HEIGHT="26" WC="0.89" CONTENT="mätningsarbeten"/><SP WIDTH="38" VPOS="670" HPOS="515"/>
							<String ID="string_43" HPOS="553" VPOS="671" WIDTH="13" HEIGHT="19" WC="0.80" CONTENT="å"/><SP WIDTH="32" VPOS="671" HPOS="566"/>
							<String ID="string_44" HPOS="598" VPOS="671" WIDTH="204" HEIGHT="20" WC="0.60" CONTENT="ständerhustomten"/>
						</TextLine>
						<TextLine ID="line_9" HPOS="324" VPOS="705" WIDTH="477" HEIGHT="28">
							<String ID="string_45" HPOS="324" VPOS="705" WIDTH="67" HEIGHT="26" WC="0.93" CONTENT="enligt"/><SP WIDTH="15" VPOS="705" HPOS="391"/>
							<String ID="string_46" HPOS="406" VPOS="705" WIDTH="89" HEIGHT="26" WC="0.96" CONTENT="räkning"/><SP WIDTH="16" VPOS="705" HPOS="495"/>
							<String ID="string_47" HPOS="511" VPOS="705" WIDTH="23" HEIGHT="20" WC="0.96" CONTENT="af"/><SP WIDTH="12" VPOS="705" HPOS="534"/>
							<String ID="string_48" HPOS="546" VPOS="705" WIDTH="40" HEIGHT="20" WC="0.93" CONTENT="den"/><SP WIDTH="19" VPOS="705" HPOS="586"/>
							<String ID="string_49" HPOS="605" VPOS="705" WIDTH="22" HEIGHT="28" WC="0.94" CONTENT="25"/><SP WIDTH="22" VPOS="705" HPOS="627"/>
							<String ID="string_50" HPOS="649" VPOS="706" WIDTH="51" HEIGHT="19" WC="0.96" CONTENT="1883"/><SP WIDTH="12" VPOS="706" HPOS="700"/>
							<String ID="string_51" HPOS="712" VPOS="705" WIDTH="38" HEIGHT="20" WC="0.96" CONTENT="och"/><SP WIDTH="12" VPOS="705" HPOS="750"/>
							<String ID="string_52" HPOS="762" VPOS="706" WIDTH="39" HEIGHT="19" WC="0.96" CONTENT="den"/>
						</TextLine>
						<TextLine ID="line_10" HPOS="327" VPOS="739" WIDTH="638" HEIGHT="22">
							<String ID="string_53" HPOS="327" VPOS="740" WIDTH="21" HEIGHT="27" WC="0.92" CONTENT="19"/><SP WIDTH="20" VPOS="740" HPOS="348"/>
							<String ID="string_54" HPOS="368" VPOS="739" WIDTH="52" HEIGHT="20" WC="0.89" CONTENT="1885"/><SP WIDTH="23" VPOS="739" HPOS="420"/>
							<String ID="string_55" HPOS="443" VPOS="755" WIDTH="4" HEIGHT="4" WC="0.82" CONTENT="."/><SP WIDTH="67" VPOS="755" HPOS="447"/>
							<String ID="string_56" HPOS="514" VPOS="755" WIDTH="40" HEIGHT="6" WC="0.15" CONTENT="0.0."/><SP WIDTH="307" VPOS="755" HPOS="554"/>
							<String ID="string_57" HPOS="861" VPOS="741" WIDTH="45" HEIGHT="20" WC="0.95" CONTENT="655:"/><SP WIDTH="26" VPOS="741" HPOS="906"/>
							<String ID="string_58" HPOS="932" VPOS="741" WIDTH="33" HEIGHT="20" WC="0.89" CONTENT="60."/>
						</TextLine>
						<TextLine ID="line_11" HPOS="264" VPOS="754" WIDTH="539" HEIGHT="46">
							<String ID="string_59" HPOS="264" VPOS="788" WIDTH="13" HEIGHT="12" WC="0.24" CONTENT="58"/><SP WIDTH="46" VPOS="788" HPOS="277"/>
							<String ID="string_60" HPOS="323" VPOS="755" WIDTH="31" HEIGHT="38" WC="0.96" CONTENT="till"/><SP WIDTH="23" VPOS="755" HPOS="354"/>
							<String ID="string_61" HPOS="377" VPOS="773" WIDTH="117" HEIGHT="20" WC="0.96" CONTENT="arkitekten"/><SP WIDTH="25" VPOS="773" HPOS="494"/>
							<String ID="string_62" HPOS="519" VPOS="754" WIDTH="106" HEIGHT="46" WC="0.95" CONTENT="Sjöström"/><SP WIDTH="10" VPOS="754" HPOS="625"/>
							<String ID="string_63" HPOS="635" VPOS="755" WIDTH="31" HEIGHT="39" WC="0.96" CONTENT="för"/><SP WIDTH="22" VPOS="755" HPOS="666"/>
							<String ID="string_64" HPOS="688" VPOS="755" WIDTH="115" HEIGHT="39" WC="0.87" CONTENT="hufvudrit-"/>
						</TextLine>
						<TextLine ID="line_12" HPOS="324" VPOS="808" WIDTH="479" HEIGHT="27">
							<String ID="string_65" HPOS="324" VPOS="808" WIDTH="75" HEIGHT="25" WC="0.95" CONTENT="ningen"/><SP WIDTH="25" VPOS="808" HPOS="399"/>
							<String ID="string_66" HPOS="424" VPOS="808" WIDTH="30" HEIGHT="19" WC="0.93" CONTENT="till"/><SP WIDTH="24" VPOS="808" HPOS="454"/>
							<String ID="string_67" HPOS="478" VPOS="808" WIDTH="152" HEIGHT="20" WC="0.91" CONTENT="Ständerhuset"/><SP WIDTH="22" VPOS="808" HPOS="630"/>
							<String ID="string_68" HPOS="652" VPOS="809" WIDTH="65" HEIGHT="26" WC="0.93" CONTENT="enligt"/><SP WIDTH="19" VPOS="809" HPOS="717"/>
							<String ID="string_69" HPOS="736" VPOS="809" WIDTH="67" HEIGHT="26" WC="0.92" CONTENT="qvitto"/>
						</TextLine>
						<TextLine ID="line_13" HPOS="324" VPOS="843" WIDTH="634" HEIGHT="32">
							<String ID="string_70" HPOS="324" VPOS="843" WIDTH="23" HEIGHT="19" WC="0.96" CONTENT="af"/><SP WIDTH="13" VPOS="843" HPOS="347"/>
							<String ID="string_71" HPOS="360" VPOS="843" WIDTH="39" HEIGHT="20" WC="0.96" CONTENT="den"/><SP WIDTH="16" VPOS="843" HPOS="399"/>
							<String ID="string_72" HPOS="415" VPOS="844" WIDTH="29" HEIGHT="31" WC="0.50" CONTENT="35"/><SP WIDTH="16" VPOS="844" HPOS="444"/>
							<String ID="string_73" HPOS="460" VPOS="843" WIDTH="53" HEIGHT="20" WC="0.80" CONTENT="1884"/><SP WIDTH="37" VPOS="843" HPOS="513"/>
							<String ID="string_74" HPOS="550" VPOS="859" WIDTH="4" HEIGHT="4" WC="0.16" CONTENT="Lo"/><SP WIDTH="31" VPOS="859" HPOS="554"/>
							<String ID="string_75" HPOS="585" VPOS="858" WIDTH="40" HEIGHT="5" WC="0.34" CONTENT="vv"/><SP WIDTH="31" VPOS="858" HPOS="625"/>
							<String ID="string_76" HPOS="656" VPOS="857" WIDTH="39" HEIGHT="6" WC="0.40" CONTENT="vs"/><SP WIDTH="65" VPOS="857" HPOS="695"/>
							<String ID="string_77" HPOS="760" VPOS="858" WIDTH="5" HEIGHT="5" WC="0.53" CONTENT="&lt;"/><SP WIDTH="30" VPOS="858" HPOS="765"/>
							<String ID="string_78" HPOS="795" VPOS="859" WIDTH="4" HEIGHT="4" WC="0.69" CONTENT="."/><SP WIDTH="33" VPOS="859" HPOS="799"/>
							<String ID="string_79" HPOS="832" VPOS="844" WIDTH="79" HEIGHT="25" WC="0.85" CONTENT="16,000:"/><SP WIDTH="22" VPOS="844" HPOS="911"/>
							<String ID="string_80" HPOS="933" VPOS="855" WIDTH="25" HEIGHT="3" WC="0.93" CONTENT="—"/>
						</TextLine>
						<TextLine ID="line_14" HPOS="264" VPOS="858" WIDTH="538" HEIGHT="48">
							<String ID="string_81" HPOS="264" VPOS="895" WIDTH="13" HEIGHT="10" WC="0.91" CONTENT="»"/><SP WIDTH="46" VPOS="895" HPOS="277"/>
							<String ID="string_82" HPOS="323" VPOS="880" WIDTH="91" HEIGHT="20" WC="0.56" CONTENT="arvoden"/><SP WIDTH="17" VPOS="880" HPOS="414"/>
							<String ID="string_83" HPOS="431" VPOS="880" WIDTH="21" HEIGHT="19" WC="0.91" CONTENT="ät"/><SP WIDTH="8" VPOS="880" HPOS="452"/>
							<String ID="string_84" HPOS="460" VPOS="858" WIDTH="287" HEIGHT="48" WC="0.35" CONTENT="Ständerhösdelegationens"/><SP WIDTH="9" VPOS="858" HPOS="747"/>
							<String ID="string_85" HPOS="756" VPOS="880" WIDTH="46" HEIGHT="19" WC="0.92" CONTENT="ord-"/>
						</TextLine>
						<TextLine ID="line_15" HPOS="323" VPOS="914" WIDTH="480" HEIGHT="27">
							<String ID="string_86" HPOS="323" VPOS="914" WIDTH="93" HEIGHT="25" WC="0.96" CONTENT="förande,"/><SP WIDTH="12" VPOS="914" HPOS="416"/>
							<String ID="string_87" HPOS="428" VPOS="914" WIDTH="115" HEIGHT="20" WC="0.96" CONTENT="ledamöter"/><SP WIDTH="11" VPOS="914" HPOS="543"/>
							<String ID="string_88" HPOS="554" VPOS="914" WIDTH="38" HEIGHT="19" WC="0.96" CONTENT="och"/><SP WIDTH="10" VPOS="914" HPOS="592"/>
							<String ID="string_89" HPOS="602" VPOS="914" WIDTH="129" HEIGHT="20" WC="0.96" CONTENT="sekreterare"/><SP WIDTH="12" VPOS="914" HPOS="731"/>
							<String ID="string_90" HPOS="743" VPOS="915" WIDTH="60" HEIGHT="26" WC="0.96" CONTENT="jämte"/>
						</TextLine>
						<TextLine ID="line_16" HPOS="323" VPOS="948" WIDTH="480" HEIGHT="27">
							<String ID="string_91" HPOS="323" VPOS="948" WIDTH="92" HEIGHT="27" WC="0.92" CONTENT="aflöning"/><SP WIDTH="24" VPOS="948" HPOS="415"/>
							<String ID="string_92" HPOS="439" VPOS="949" WIDTH="21" HEIGHT="19" WC="0.96" CONTENT="åt"/><SP WIDTH="15" VPOS="949" HPOS="460"/>
							<String ID="string_93" HPOS="475" VPOS="949" WIDTH="148" HEIGHT="24" WC="0.95" CONTENT="vaktmästare,"/><SP WIDTH="24" VPOS="949" HPOS="623"/>
							<String ID="string_94" HPOS="647" VPOS="948" WIDTH="65" HEIGHT="26" WC="0.93" CONTENT="enligt"/><SP WIDTH="19" VPOS="948" HPOS="712"/>
							<String ID="string_95" HPOS="731" VPOS="949" WIDTH="72" HEIGHT="21" WC="0.86" CONTENT="anord."/>
						</TextLine>
						<TextLine ID="line_17" HPOS="323" VPOS="982" WIDTH="635" HEIGHT="33">
							<String ID="string_96" HPOS="323" VPOS="983" WIDTH="23" HEIGHT="19" WC="0.96" CONTENT="af"/><SP WIDTH="14" VPOS="983" HPOS="346"/>
							<String ID="string_97" HPOS="360" VPOS="983" WIDTH="38" HEIGHT="20" WC="0.96" CONTENT="den"/><SP WIDTH="16" VPOS="983" HPOS="398"/>
							<String ID="string_98" HPOS="414" VPOS="983" WIDTH="31" HEIGHT="32" WC="0.89" CONTENT="23"/><SP WIDTH="18" VPOS="983" HPOS="445"/>
							<String ID="string_99" HPOS="463" VPOS="982" WIDTH="50" HEIGHT="20" WC="0.96" CONTENT="1883"/><SP WIDTH="17" VPOS="982" HPOS="513"/>
							<String ID="string_100" HPOS="530" VPOS="983" WIDTH="39" HEIGHT="19" WC="0.95" CONTENT="och"/><SP WIDTH="25" VPOS="983" HPOS="569"/>
							<String ID="string_101" HPOS="594" VPOS="983" WIDTH="39" HEIGHT="19" WC="0.95" CONTENT="den"/><SP WIDTH="16" VPOS="983" HPOS="633"/>
							<String ID="string_102" HPOS="649" VPOS="983" WIDTH="31" HEIGHT="32" WC="0.24" CONTENT="an"/><SP WIDTH="18" VPOS="983" HPOS="680"/>
							<String ID="string_103" HPOS="698" VPOS="983" WIDTH="51" HEIGHT="19" WC="0.89" CONTENT="1884"/><SP WIDTH="48" VPOS="983" HPOS="749"/>
							<String ID="string_104" HPOS="797" VPOS="998" WIDTH="4" HEIGHT="5" WC="0.46" CONTENT="=."/><SP WIDTH="45" VPOS="998" HPOS="801"/>
							<String ID="string_105" HPOS="846" VPOS="983" WIDTH="67" HEIGHT="26" WC="0.80" CONTENT="3,724:"/><SP WIDTH="18" VPOS="983" HPOS="913"/>
							<String ID="string_106" HPOS="931" VPOS="995" WIDTH="27" HEIGHT="3" WC="0.91" CONTENT="—"/>
						</TextLine>
						<TextLine ID="line_18" HPOS="220" VPOS="1019" WIDTH="738" HEIGHT="28">
							<String ID="string_107" HPOS="220" VPOS="1019" WIDTH="88" HEIGHT="20" WC="0.96" CONTENT="Diverse"/><SP WIDTH="15" VPOS="1019" HPOS="308"/>
							<String ID="string_108" HPOS="323" VPOS="1019" WIDTH="84" HEIGHT="27" WC="0.96" CONTENT="utgifter"/><SP WIDTH="14" VPOS="1019" HPOS="407"/>
							<String ID="string_109" HPOS="421" VPOS="1020" WIDTH="67" HEIGHT="27" WC="0.96" CONTENT="enligt"/><SP WIDTH="15" VPOS="1020" HPOS="488"/>
							<String ID="string_110" HPOS="503" VPOS="1020" WIDTH="26" HEIGHT="20" WC="0.92" CONTENT="27"/><SP WIDTH="15" VPOS="1020" HPOS="529"/>
							<String ID="string_111" HPOS="544" VPOS="1021" WIDTH="115" HEIGHT="26" WC="0.91" CONTENT="räkningar"/><SP WIDTH="35" VPOS="1021" HPOS="659"/>
							<String ID="string_112" HPOS="694" VPOS="1035" WIDTH="5" HEIGHT="5" WC="0.81" CONTENT="."/><SP WIDTH="30" VPOS="1035" HPOS="699"/>
							<String ID="string_113" HPOS="729" VPOS="1037" WIDTH="4" HEIGHT="4" WC="0.84" CONTENT="."/><SP WIDTH="31" VPOS="1037" HPOS="733"/>
							<String ID="string_114" HPOS="764" VPOS="1035" WIDTH="5" HEIGHT="5" WC="0.88" CONTENT="."/><SP WIDTH="29" VPOS="1035" HPOS="769"/>
							<String ID="string_115" HPOS="798" VPOS="1036" WIDTH="6" HEIGHT="9" WC="0.59" CONTENT="+"/><SP WIDTH="65" VPOS="1036" HPOS="804"/>
							<String ID="string_116" HPOS="869" VPOS="1021" WIDTH="46" HEIGHT="19" WC="0.90" CONTENT="898:"/><SP WIDTH="15" VPOS="1021" HPOS="915"/>
							<String ID="string_117" HPOS="930" VPOS="1033" WIDTH="28" HEIGHT="2" WC="0.90" CONTENT="—"/>
						</TextLine>
						<TextLine ID="line_19" HPOS="720" VPOS="1055" WIDTH="253" HEIGHT="26">
							<String ID="string_118" HPOS="720" VPOS="1055" WIDTH="84" HEIGHT="20" WC="0.89" CONTENT="Summa"/><SP WIDTH="29" VPOS="1055" HPOS="804"/>
							<String ID="string_119" HPOS="833" VPOS="1056" WIDTH="81" HEIGHT="25" WC="0.73" CONTENT="21,287:"/><SP WIDTH="18" VPOS="1056" HPOS="914"/>
							<String ID="string_120" HPOS="932" VPOS="1056" WIDTH="41" HEIGHT="20" WC="0.91" CONTENT="60.."/>
						</TextLine>
					</TextBlock>
				</ComposedBlock>
				<ComposedBlock ID="cblock_2" HPOS="221" VPOS="1087" WIDTH="743" HEIGHT="96">
					<TextBlock ID="block_2" HPOS="221" VPOS="1087" WIDTH="743" HEIGHT="92">
						<TextLine ID="line_20" HPOS="222" VPOS="1087" WIDTH="742" HEIGHT="27">
							<String ID="string_121" HPOS="222" VPOS="1087" WIDTH="77" HEIGHT="20" WC="0.95" CONTENT="återstå"/><SP WIDTH="15" VPOS="1087" HPOS="299"/>
							<String ID="string_122" HPOS="314" VPOS="1087" WIDTH="81" HEIGHT="21" WC="0.92" CONTENT="således"/><SP WIDTH="30" VPOS="1087" HPOS="395"/>
							<String ID="string_123" HPOS="425" VPOS="1105" WIDTH="5" HEIGHT="4" WC="0.77" CONTENT="."/><SP WIDTH="31" VPOS="1105" HPOS="430"/>
							<String ID="string_124" HPOS="461" VPOS="1103" WIDTH="4" HEIGHT="5" WC="0.84" CONTENT="."/><SP WIDTH="30" VPOS="1103" HPOS="465"/>
							<String ID="string_125" HPOS="495" VPOS="1105" WIDTH="5" HEIGHT="4" WC="0.89" CONTENT="."/><SP WIDTH="31" VPOS="1105" HPOS="500"/>
							<String ID="string_126" HPOS="531" VPOS="1103" WIDTH="5" HEIGHT="6" WC="0.88" CONTENT="."/><SP WIDTH="66" VPOS="1103" HPOS="536"/>
							<String ID="string_127" HPOS="602" VPOS="1104" WIDTH="4" HEIGHT="5" WC="0.53" CONTENT="e"/><SP WIDTH="37" VPOS="1104" HPOS="606"/>
							<String ID="string_128" HPOS="643" VPOS="1105" WIDTH="1" HEIGHT="4" WC="0.41" CONTENT="0"/><SP WIDTH="65" VPOS="1105" HPOS="644"/>
							<String ID="string_129" HPOS="709" VPOS="1105" WIDTH="5" HEIGHT="5" WC="0.43" CONTENT="0."/><SP WIDTH="29" VPOS="1105" HPOS="714"/>
							<String ID="string_130" HPOS="743" VPOS="1089" WIDTH="59" HEIGHT="20" WC="0.71" CONTENT="F:mk"/><SP WIDTH="30" VPOS="1089" HPOS="802"/>
							<String ID="string_131" HPOS="832" VPOS="1089" WIDTH="81" HEIGHT="25" WC="0.62" CONTENT="33,712:"/><SP WIDTH="17" VPOS="1089" HPOS="913"/>
							<String ID="string_132" HPOS="930" VPOS="1090" WIDTH="34" HEIGHT="19" WC="0.94" CONTENT="40."/>
						</TextLine>
						<TextLine ID="line_21" HPOS="221" VPOS="1104" WIDTH="581" HEIGHT="45">
							<String ID="string_133" HPOS="221" VPOS="1121" WIDTH="85" HEIGHT="21" WC="0.91" CONTENT="hvartill"/><SP WIDTH="22" VPOS="1121" HPOS="306"/>
							<String ID="string_134" HPOS="328" VPOS="1122" WIDTH="83" HEIGHT="20" WC="0.93" CONTENT="komma"/><SP WIDTH="16" VPOS="1122" HPOS="411"/>
							<String ID="string_135" HPOS="427" VPOS="1123" WIDTH="90" HEIGHT="26" WC="0.91" CONTENT="löpande"/><SP WIDTH="22" VPOS="1123" HPOS="517"/>
							<String ID="string_136" HPOS="539" VPOS="1104" WIDTH="100" HEIGHT="45" WC="0.90" CONTENT="räknings"/><SP WIDTH="22" VPOS="1104" HPOS="639"/>
							<String ID="string_137" HPOS="661" VPOS="1126" WIDTH="71" HEIGHT="17" WC="0.96" CONTENT="räntor"/><SP WIDTH="15" VPOS="1126" HPOS="732"/>
							<String ID="string_138" HPOS="747" VPOS="1123" WIDTH="55" HEIGHT="20" WC="0.96" CONTENT="intill"/>
						</TextLine>
						<TextLine ID="line_22" HPOS="323" VPOS="1156" WIDTH="641" HEIGHT="27">
							<String ID="string_139" HPOS="323" VPOS="1156" WIDTH="104" HEIGHT="27" WC="0.96" CONTENT="utgången"/><SP WIDTH="16" VPOS="1156" HPOS="427"/>
							<String ID="string_140" HPOS="443" VPOS="1157" WIDTH="44" HEIGHT="20" WC="0.96" CONTENT="af"/><SP WIDTH="-6" VPOS="1157" HPOS="487"/>
							<String ID="string_141" HPOS="481" VPOS="1164" WIDTH="21" HEIGHT="13" WC="0.96" CONTENT="år"/><SP WIDTH="25" VPOS="1164" HPOS="502"/>
							<String ID="string_142" HPOS="527" VPOS="1157" WIDTH="50" HEIGHT="20" WC="0.95" CONTENT="1884"/><SP WIDTH="81" VPOS="1157" HPOS="577"/>
							<String ID="string_143" HPOS="658" VPOS="1173" WIDTH="4" HEIGHT="5" WC="0.22" CONTENT="no."/><SP WIDTH="30" VPOS="1173" HPOS="662"/>
							<String ID="string_144" HPOS="692" VPOS="1173" WIDTH="6" HEIGHT="6" WC="0.42" CONTENT="."/><SP WIDTH="30" VPOS="1173" HPOS="698"/>
							<String ID="string_145" HPOS="728" VPOS="1174" WIDTH="5" HEIGHT="5" WC="0.66" CONTENT="."/><SP WIDTH="30" VPOS="1174" HPOS="733"/>
							<String ID="string_146" HPOS="763" VPOS="1173" WIDTH="5" HEIGHT="5" WC="0.60" CONTENT="."/><SP WIDTH="30" VPOS="1173" HPOS="768"/>
							<String ID="string_147" HPOS="798" VPOS="1173" WIDTH="5" HEIGHT="5" WC="0.43" CONTENT="«"/><SP WIDTH="68" VPOS="1173" HPOS="803"/>
							<String ID="string_148" HPOS="871" VPOS="1158" WIDTH="43" HEIGHT="20" WC="0.96" CONTENT="148:"/><SP WIDTH="18" VPOS="1158" HPOS="914"/>
							<String ID="string_149" HPOS="932" VPOS="1157" WIDTH="32" HEIGHT="20" WC="0.95" CONTENT="37."/>
						</TextLine>
					</TextBlock>
				</ComposedBlock>
				<ComposedBlock ID="cblock_3" HPOS="290" VPOS="1190" WIDTH="413" HEIGHT="27">
					<TextBlock ID="block_3" HPOS="290" VPOS="1190" WIDTH="413" HEIGHT="27">
						<TextLine ID="line_23" HPOS="290" VPOS="1190" WIDTH="413" HEIGHT="27">
							<String ID="string_150" HPOS="290" VPOS="1190" WIDTH="137" HEIGHT="27" WC="0.95" CONTENT="Helsingfors,"/><SP WIDTH="16" VPOS="1190" HPOS="427"/>
							<String ID="string_151" HPOS="443" VPOS="1191" WIDTH="39" HEIGHT="20" WC="0.96" CONTENT="den"/><SP WIDTH="19" VPOS="1191" HPOS="482"/>
							<String ID="string_152" HPOS="501" VPOS="1192" WIDTH="23" HEIGHT="19" WC="0.95" CONTENT="12"/><SP WIDTH="15" VPOS="1192" HPOS="524"/>
							<String ID="string_153" HPOS="539" VPOS="1191" WIDTH="87" HEIGHT="20" WC="0.96" CONTENT="Januari"/><SP WIDTH="17" VPOS="1191" HPOS="626"/>
							<String ID="string_154" HPOS="643" VPOS="1192" WIDTH="60" HEIGHT="20" WC="0.95" CONTENT="1885."/>
						</TextLine>
					</TextBlock>
				</ComposedBlock>
				<ComposedBlock ID="cblock_4" HPOS="509" VPOS="1259" WIDTH="169" HEIGHT="22">
					<TextBlock ID="block_4" HPOS="509" VPOS="1259" WIDTH="169" HEIGHT="22">
						<TextLine ID="line_24" HPOS="509" VPOS="1259" WIDTH="169" HEIGHT="22">
							<String ID="string_155" HPOS="509" VPOS="1259" WIDTH="16" HEIGHT="22" WC="0.94" CONTENT="J."/><SP WIDTH="15" VPOS="1259" HPOS="525"/>
							<String ID="string_156" HPOS="540" VPOS="1259" WIDTH="22" HEIGHT="22" WC="0.83" CONTENT="G."/><SP WIDTH="15" VPOS="1259" HPOS="562"/>
							<String ID="string_157" HPOS="577" VPOS="1260" WIDTH="101" HEIGHT="21" WC="0.95" CONTENT="Sohlman."/>
						</TextLine>
					</TextBlock>
				</ComposedBlock>
				<GraphicalElement ID="cblock_5" HPOS="291" VPOS="1440" WIDTH="535" HEIGHT="5"></GraphicalElement >
				<ComposedBlock ID="cblock_6" HPOS="328" VPOS="1450" WIDTH="533" HEIGHT="26">
					<TextBlock ID="block_5" HPOS="328" VPOS="1450" WIDTH="533" HEIGHT="26">
						<TextLine ID="line_25" HPOS="328" VPOS="1450" WIDTH="533" HEIGHT="26">
							<String ID="string_158" HPOS="328" VPOS="1450" WIDTH="127" HEIGHT="24" WC="0.96" CONTENT="Helsingfors"/><SP WIDTH="12" VPOS="1450" HPOS="455"/>
							<String ID="string_159" HPOS="467" VPOS="1452" WIDTH="18" HEIGHT="18" WC="0.93" CONTENT="J."/><SP WIDTH="13" VPOS="1452" HPOS="485"/>
							<String ID="string_160" HPOS="498" VPOS="1452" WIDTH="74" HEIGHT="18" WC="0.92" CONTENT="Simelii"/><SP WIDTH="12" VPOS="1452" HPOS="572"/>
							<String ID="string_161" HPOS="584" VPOS="1453" WIDTH="112" HEIGHT="23" WC="0.91" CONTENT="arfvingars"/><SP WIDTH="12" VPOS="1453" HPOS="696"/>
							<String ID="string_162" HPOS="708" VPOS="1453" WIDTH="91" HEIGHT="23" WC="0.91" CONTENT="tryckeri,"/><SP WIDTH="12" VPOS="1453" HPOS="799"/>
							<String ID="string_163" HPOS="811" VPOS="1453" WIDTH="50" HEIGHT="18" WC="0.96" CONTENT="1886."/>
						</TextLine>
					</TextBlock>
				</ComposedBlock>
			</PrintSpace>
		</Page>
	</Layout>
</alto>
