1086 1717
210 158 21 15 32
382 177 3 3 N
473 155 21 18 U.
509 156 20 16 B.
541 166 22 2 —
578 156 81 16 XXXIL

257 213 196 27 Bankfullmäktige
469 212 68 28 väljas
548 213 32 26 pä
588 214 43 20 sätt
638 212 241 27 Landtdagsordningen
885 212 57 26 före-

186 247 92 27 skrifver
300 248 33 20 till
354 250 27 19 ett
399 247 58 21 antal
475 247 25 26 af
517 247 39 26 toli
566 247 64 27 jemte
644 247 74 26 nödigt
732 246 57 21 antal
803 246 140 26 suppleanter.

258 281 74 21 Bland
345 282 48 21 sina
408 281 58 21 valde
481 280 188 27 bankfullmäktige
683 282 58 19 utser
755 280 72 27 hvarje
840 280 64 21 stånd
918 287 26 15 en

187 315 89 21 medlem
291 316 9 20 i
313 316 103 25 utskottet,
437 315 114 26 äfvensom,
568 315 64 21 bland
646 314 186 27 bankfullmäktige
840 314 49 21 eller
896 315 47 21 des-

187 356 33 14 ses
234 350 141 26 suppleanter,
391 350 35 20 två
441 349 134 27 suppleanter
589 349 35 26 för
640 349 114 21 ledamoten
768 349 9 20 i
791 348 101 22 utskottet.

542 413 11 26 8
570 412 19 21 7.

257 458 99 21 Bankens
371 458 130 27 förvaltning
517 457 129 22 handhafves
662 457 24 21 af
699 457 139 21 Direktionen
854 457 33 21 för
895 457 49 21 Fin-

189 493 61 20 lands
266 492 66 21 Bank.

258 527 139 20 Direktionen
417 529 86 23 utgöres
519 526 23 21 af
556 533 26 14 en
600 526 129 21 ordförande
745 526 38 21 och
800 526 36 21 två
851 526 93 21 ledamö-

189 565 38 22 ter,
252 561 27 25 af
297 560 68 21 hvilka
388 560 39 21 den
446 567 38 14 ena
500 560 37 21 bör
552 560 63 26 hafva
631 559 112 27 ådagalagt
757 560 66 26 insigt
837 559 36 21 och
888 559 56 26 erfa-

188 594 73 21 renhet
275 595 9 20 i.
298 594 79 21 landets
392 594 60 27 lagar
466 594 36 21 och
516 594 217 27 rättegångsväsende.

258 629 148 20 Ordföranden
423 631 110 18 utnämnes
549 629 23 20 af
586 628 250 27 Kejsaren-Storfursten
845 629 27 26 på
880 627 64 22 fram-

188 663 103 26 ställning
307 663 22 20 af
344 663 103 20 Senatens
462 663 117 21 Ekonomie
594 663 160 26 Departement.

259 697 152 20 Ledamöterna
426 698 114 20 utnämnas
555 697 63 26 äfven
633 697 27 26 af
672 696 62 21 Hans
745 696 120 27 Kejserliga
874 696 68 27 Maje-

188 731 54 25 stät;
262 731 9 20 i
285 730 75 21 hvilket
381 731 97 26 afseende
497 731 39 26 det,
558 731 36 20 vid
614 731 106 26 inträffad
741 730 94 27 ledighet,
853 730 89 21 tillkom-

188 771 45 14 mer
248 764 197 27 Bankfullmäktige
460 767 35 23 att,
512 765 52 26 efter
576 765 109 26 behörigen
693 765 106 26 kungjord
806 764 137 27 ansöknings-

188 799 32 20 tid
235 799 24 26 af
274 799 108 25 femtiosex
397 799 72 26 dagar,
485 801 95 24 uppgöra
592 799 142 26 underdånigt
745 798 81 27 förslag
834 798 35 21 och
878 799 66 26 derpä

188 833 94 27 uppföra
304 835 31 19 tre
357 834 23 25 af
401 833 117 21 sökandene
539 834 9 20 i
567 833 39 21 den
621 833 91 27 ordning
726 833 142 26 Fullmäktige
882 833 60 26 finna

188 867 46 20 dem
249 867 99 26 skicklige
369 867 36 21 och
427 867 85 26 erfarne
533 869 55 19 samt
606 867 32 21 till
654 867 83 21 embetet
752 867 104 26 lämplige.
887 866 54 22 För-

187 901 71 26 slaget,
276 902 57 25 öfver
347 901 75 21 hvilket
440 901 73 22 besvär
529 902 17 27 ej
562 902 26 25 få
604 902 94 26 anföras,
714 901 101 21 insändes
831 901 31 21 till
877 901 65 21 Sena-

188 937 44 19 tens
255 935 115 22 Ekonomie
392 935 155 27 Deparlement,
564 943 44 14 som
624 936 92 27 afgifver
730 935 142 27 underdånigt
886 935 56 21 utlå-

188 969 62 21 tande
265 970 9 20 i
289 971 75 25 ämnet,
380 969 105 26 hvarefter
503 969 61 22 Hans
580 969 119 28 Kejserliga
714 969 103 27 Majestät
831 970 113 20 utnämner

188 1010 26 13 en
229 1004 23 25 af
268 1004 25 20 de
307 1003 124 28 föreslagne.

541 1059 47 26 88.

257 1103 87 21 Banken
367 1104 38 20 har
429 1104 38 21 sitt
488 1104 158 21 hufvudkontor
669 1104 6 20 i
691 1103 136 27 Helsingfors
843 1106 55 18 samt
912 1103 32 21 af-

188 1137 177 27 delningskontor
388 1138 6 20 i
413 1132 54 31 Äbo,
487 1138 95 26 Wiborg,
598 1138 143 25 Nikolaistad,
756 1137 115 26 Uleäborg,
887 1137 57 21 Kuo-

187 1171 42 26 pio,
246 1171 139 27 Björneborg,
401 1171 145 22 Tammerfors
561 1171 38 21 och
616 1171 32 22 S:t
662 1171 138 26 Petersburg.

258 1205 39 20 Om
317 1206 121 20 inrättande
454 1206 53 20 eller
522 1206 127 26 indragning
665 1205 23 21 af
702 1205 199 27 afdelningskontor
912 1205 32 26 pä

186 1239 70 20 andra
278 1240 29 19 än
329 1239 156 25 ofvannämnda
507 1241 55 18 orter
577 1239 115 26 förordnar
708 1239 103 21 Senatens
827 1239 116 22 Ekonomie

186 1272 156 28 Departement
356 1273 27 26 pä
398 1273 202 27 bankfullmäktiges
614 1273 164 27 framställning.

539 1336 11 26 5
566 1336 20 21 9.

256 1375 100 21 Bankens
377 1375 200 26 afdelningskontor
599 1375 93 21 förestäs
708 1374 23 22 af
745 1381 26 15 en
787 1374 157 22 bankkommis-

186 1409 65 21 sarie.

257 1442 327 27 Bankkomnissarietjensterna
604 1443 60 21 skola
683 1443 37 21 vid
735 1442 209 28 inträffad3ledighet

258 1482 138 17 Bankutskottets
408 1482 105 17 betänkande
525 1482 34 17 N:o
571 1482 17 17 3.
