1086 1717
409 153 55 17 U.:B.
477 162 22 3 —
512 153 83 16 XXXII.
837 151 21 17 11

124 212 58 20 satta
196 210 106 22 reformen
317 210 48 28 hyst
375 216 82 16 samma
469 210 137 26 uppfattning
616 216 46 14 som
672 208 95 22 komitön
781 210 55 20 samt
849 210 32 25 yt-

124 250 101 26 terligare
239 250 57 21 velat
311 249 84 27 betona,
411 250 101 20 hurusom
520 249 46 27 just
580 255 27 15 en
618 248 106 22 amovibel
735 248 102 26 ställning
848 247 33 21 för

123 289 89 21 ledaren
228 289 22 21 af
264 295 25 15 en
305 289 176 26 bankinrättning
497 290 63 25 utgör
576 294 26 16 en
620 294 74 21 sporre
712 289 32 19 att
759 287 53 21 söka
826 287 8 21 i
849 287 31 21 sin

124 328 136 22 verksamhet
274 328 52 27 fylla
336 328 26 22 de
372 330 59 19 stora
441 328 98 26 anspräk,
551 327 144 21 allmänheten
705 327 73 21 ställer
790 326 28 28 pä
827 326 53 22 hans

123 368 91 26 insigter
229 368 39 21 och
283 368 102 26 förmäga.
414 367 50 21 Men
483 368 32 20 att
534 366 134 27 oeftergifligt
686 366 69 21 vilkor
770 366 73 21 härför
857 368 24 18 är

125 408 36 21 vid
176 408 76 21 sädant
266 407 131 21 förhällande
411 414 26 14 en
452 407 49 21 vida
516 407 65 26 högre
596 406 93 26 aflöning
704 408 27 19 än
741 406 42 20 den
793 411 45 15 som
848 405 33 21 för

125 447 134 22 närvarande
274 449 24 19 är
312 447 95 21 bankens
425 447 118 21 direktörer
560 447 122 21 tillerkänd.
712 445 112 22 Utskottet
838 445 42 21 kan

125 487 20 27 ej
161 487 55 21 neka
230 489 33 19 att
278 487 160 26 ifrågavarande
453 486 235 27 organisationsförslag
702 486 74 20 vinner
791 485 48 21 stöd
849 485 31 20 uti

125 527 41 21 och
181 528 63 25 utgör
258 532 26 15 en
299 526 165 27 komplettering
482 526 24 21 af
522 526 41 21 den
579 525 79 27 jemväl
676 525 22 21 af
712 525 112 21 Utskottet
838 524 42 21 till-

125 566 85 27 styrkta
224 566 159 27 ombildningen
398 566 23 21 af
429 565 354 26 bankfullmäktigs-institutionen.
813 565 30 26 Ty
854 563 27 22 dä

125 605 202 27 bankfullmäktiges
346 605 83 21 direkta
446 605 100 21 inseende
565 605 59 21 öfver
641 604 155 27 förvaltningen
815 603 65 22 delvis

125 645 69 22 blefve
212 645 132 26 reduceradt,
360 645 67 21 borde
445 645 124 25 detsamma,
588 645 7 20 i
610 645 41 20 den
666 644 101 21 händelse
782 645 32 20 att
829 643 51 22 mel-

123 685 38 21 lan
176 685 26 20 de
217 685 66 26 begge
302 685 175 26 myndigheterna
495 691 27 15 en
541 684 217 21 öfverensstämmelse
776 683 7 21 i
801 683 78 26 grund-

125 726 97 19 satserna
235 724 33 21 för
283 724 96 21 bankens
397 724 86 26 ledning
501 724 18 27 ej
539 723 71 22 kunde
629 723 160 27 åvägabringas,
805 723 28 20 nå
847 722 33 21 sin

123 765 60 26 spets
203 764 33 21 uti
254 769 26 16 en
298 763 221 28 personalförändring
537 764 57 21 inom
613 763 142 21 direktionen.
784 763 50 21 Men
853 761 27 22 då

124 803 102 21 Finlands
246 803 58 21 bank
325 803 47 21 icke
394 805 24 19 är
435 805 32 19 ett
484 805 49 19 rent
550 803 155 26 affärsinstitut,
724 804 51 19 utan
794 803 33 20 till
848 801 32 22 sin

123 843 89 20 främsta
226 842 84 27 uppgift
324 843 39 20 har
377 844 32 19 att
418 842 145 27 upprätthålla
572 843 76 26 stadga
658 843 40 20 och
708 842 100 21 säkerhet
817 842 8 21 i
834 842 45 21 lan-

124 882 49 21 dets
187 882 176 27 penningeväsen,
379 881 107 22 erfordras
501 882 67 27 enligt
577 882 123 21 Utskottets
710 882 54 26 åsigt
774 888 27 15 en
811 883 68 19 större

124 921 130 22 kontinuitet
268 921 8 21 i
290 921 161 27 förvaltningen,
467 924 27 19 än
509 922 41 21 den
566 922 22 21 af
596 921 96 22 komitén
702 921 119 27 föreslagna
831 921 48 20 ord-

124 961 78 26 ningen
224 961 34 21 för
280 961 143 21 direktionens
445 961 132 22 tillsättande
595 962 122 26 antagligen
734 961 69 21 skulle
821 960 58 22 med-

124 1000 53 21 föra.
186 1013 28 2 —
222 1000 34 21 Då
264 1001 26 20 de
297 1001 66 26 begge
371 1001 144 21 ledamöterne
523 1001 66 26 enligt
599 1007 29 15 nu
637 1001 99 26 gällande
746 1000 132 27 stadganden

124 1042 59 19 utses
197 1040 49 21 med
260 1040 82 27 hänsyn
357 1040 62 21 äfven
437 1041 34 20 till
488 1041 62 20 deras
568 1041 124 26 lämplighet
711 1040 38 21 har
767 1039 112 22 Utskottet

124 1086 26 15 ur
165 1079 107 28 praktiskt
286 1080 107 26 synpunkt
407 1080 53 21 känt
475 1081 32 26 sig
521 1081 103 20 tilltaladt
639 1080 23 21 af
674 1080 106 21 komiténs
791 1080 40 21 och
846 1085 32 15 re-

123 1121 124 19 servantens
262 1119 71 21 deruti
347 1120 158 26 samstämmiga
516 1120 54 26 åsigt
585 1121 33 20 att
632 1120 80 26 vanligt
722 1119 157 27 tjensteförslag

104 1168 4 4 +
123 1159 48 21 icke
186 1159 66 21 borde
267 1160 117 25 upprättas,
399 1161 53 19 utan
463 1159 133 27 fullmäktige
606 1159 34 21 till
650 1159 93 21 embetet
752 1159 79 21 föreslå
842 1165 36 15 en-

126 1199 50 21 dast
190 1205 26 14 en
230 1205 83 20 person.
343 1199 61 21 Dock
422 1199 40 21 har
479 1199 113 21 Utskottet
610 1199 18 26 ej
647 1199 58 21 velat
722 1198 107 27 tillstyrka
847 1200 31 19 ett

123 1238 77 21 sådant
214 1238 128 27 förfarande,
360 1239 88 21 emedan
466 1239 118 20 detsamma
601 1238 107 21 måhända
725 1238 72 21 kunde
817 1243 60 16 anses

123 1277 72 22 alltför
209 1277 85 28 mycket
308 1278 83 27 ingripa
400 1278 7 21 i
417 1278 143 27 Regeringens
570 1278 181 26 utnämningsrätt
761 1277 38 22 och
811 1277 67 21 bank-

122 1317 133 27 fullmäktige
270 1318 62 20 äfven
347 1318 65 26 enligt
427 1324 29 14 nu
470 1318 99 26 gällande
583 1318 133 26 stadganden
727 1318 64 20 hafva
801 1319 31 19 ett
841 1319 37 19 vä-

123 1357 87 26 sentligt
223 1356 117 28 inflytande
354 1357 28 27 på
397 1357 62 21 dessa
473 1357 109 22 embetens
592 1357 133 21 besättande.
741 1356 136 22 Hufvudsak-

121 1396 58 27 ligen
194 1396 27 27 på
236 1396 64 22 ofvan
315 1396 88 22 anförda
421 1396 47 22 skäl
485 1397 40 21 har
542 1396 111 22 Utskottet
670 1398 70 20 ansett
758 1397 37 21 det
812 1402 65 15 nuva-

121 1436 67 21 rande
203 1436 202 26 utnämningssättet
420 1436 53 21 böra
487 1436 125 21 bibehållas.

191 1475 138 17 Bankutskottets
341 1476 103 16 betänkande
456 1475 35 17 N'fo
503 1476 18 16 3.
