1086 1717
141 168 80 24 Ständ,
229 169 55 22 und.
297 170 51 23 skr.
357 182 24 4 —
390 170 228 28 Bankfullmäktige
626 176 20 18 o.
655 171 201 23 Bankrevisorer.
878 172 13 20 3

387 245 52 22 inom
457 246 184 26 Borgarestäodet:

209 288 38 22 till
261 290 203 29 Bankfullmäktig:
479 286 209 27 Öfverdirektören
704 291 34 21 för
753 291 139 22 Skolväsen-

140 322 46 27 det,
203 323 137 28 Statsrädet,
354 325 107 22 Doktorn
482 325 9 22 i
506 326 28 21 de
549 326 250 28 fysisk-matematiska
813 327 80 21 veten-

138 357 116 29 skaperna
267 358 101 22 Lorentz
383 359 108 23 Leonard
505 360 120 27 Lindelöf;

208 392 38 22 till
268 393 66 27 förste
356 394 329 30 Bankfullmäktigssuppleant:
707 394 158 24 Handlanden
884 394 9 21 i

143 426 155 30 Helsingfors,
314 428 204 23 Kommerserädet
531 430 109 22 Leonard
655 430 145 29 Borgström;

209 462 39 21 till
270 463 68 22 andre
353 464 331 29 Bankfullmäktigssuppleant:
706 465 159 22 Handlanden
885 465 9 21 i

140 496 149 29 Helsingfors
303 497 74 22 Adolf
389 498 100 22 Fredrik
504 500 135 27 Wasenius;

208 530 38 22 till
267 534 65 27 tredje
351 534 329 29 Bankfullmäktigssuppleant:
694 534 111 22 Filosofie
820 533 73 30 Magi-

141 569 64 20 stern
219 568 59 21 Karl
293 567 91 23 Henrik
398 568 136 28 Lindholm;

209 601 38 22 till
268 603 159 22 Bankrevisor:
449 603 159 22 Handlanden
627 604 9 21 i
652 604 155 29 Björneborg,
823 603 70 22 Kom-

142 637 142 21 merserådet
299 637 112 22 Wilhelm
425 637 134 28 Rosenlew
549 633 12 36 ;

209 671 39 21 till
262 671 66 28 förste
342 672 288 29 Bankrevisorssuppleant:
644 672 159 23 Handlanden
818 673 9 20 i
841 665 52 30 Åbo

141 706 73 21 Ernst
228 705 141 28 Dahlström;

209 740 38 22 till
262 741 68 22 andre
345 741 286 28 Bankrevisorssuppleant:
645 741 161 22 Handlanden
821 741 9 22 i
844 741 50 23 Wi-

141 776 65 28 borg,
222 775 221 30 Konsularagenten
457 775 112 23 Wilhelm
584 776 112 29 Dieppel;

208 809 39 22 till
259 810 65 29 tredje
334 810 284 28 Bankrevisorssuppleant:
628 809 266 30 Folkskolei&spektorn

145 844 9 21 i
168 844 156 29 Helsingfors,
339 845 130 28 Magistern
483 845 9 21 i
507 845 28 21 de
550 844 251 23 historisk-filosofiska
815 846 80 20 veten-

143 879 117 28 skaperna
274 879 81 22 Victor
368 879 113 22 Wilhelm
497 874 105 33 Öhberg;
618 879 45 22 och

405 943 53 22 inom
475 943 163 23 Bondeständet:

211 989 39 22 till
274 989 203 28 Bankfullmäktig:
503 989 157 29 Godsegaren,
686 989 209 22 Kommunalrådet

143 1023 113 30 Agathon
269 1024 128 27 Meurman;

210 1058 39 21 till
271 1058 66 27 förste
359 1057 331 29 Bankfullmäktigssuppleant:
715 1057 152 22 Translatom
887 1057 9 21 i

142 1093 92 21 Eders
257 1092 148 29 Majestäts
429 1092 72 22 Senat
521 1092 35 21 för
570 1092 111 27 Finland,
697 1091 110 22 Filosofie
823 1091 74 29 Magi-

144 1129 64 20 stern
223 1127 81 22 Anton
317 1126 99 23 Fredrik
430 1126 122 29 Almberg;

214 1161 38 22 till
267 1161 69 22 andre
346 1161 331 28 Bankfullmäktigssuppleani:
692 1160 205 29 Justitieborgmä-

141 1197 79 20 staren
234 1195 9 22 i
258 1195 147 29 Helsingfors
419 1195 79 22 Johan
513 1195 89 22 Gustaf
614 1195 123 27 Sohlman;

212 1230 39 21 till
274 1231 65 28 tredje
353 1230 330 29 Bankfullmäktigssuppleant:
698 1229 200 29 Tidningsredak-

144 1266 74 26 tören,
233 1264 111 23 Filosofio
360 1265 143 22 kandidaten
517 1265 53 22 Nils
585 1264 86 23 Viktor
686 1264 83 22 Alfred
785 1263 112 29 Löfgren;

211 1298 39 22 till
260 1299 158 23 Bankrevisor:
429 1299 158 29 Godsegaren,
598 1298 211 22 Kommunalrådet
819 1298 80 22 Edvin

143 1333 113 28 Avellan;

211 1368 38 22 till
271 1368 67 28 förste
358 1368 288 28 Bankrevisorssuppleant:
670 1368 159 28 Godsegaren,
851 1367 48 21 Ma-

143 1402 92 29 gistern
253 1402 9 22 i
280 1402 28 22 de
330 1402 251 29 fysisk-matematiska
603 1402 188 29 vetenskaperna
814 1400 85 23 Daniel

143 1436 97 23 Edvard
254 1437 108 22 Joachim
377 1437 120 27 Duncker;
