1086 1717
345 325 102 23 Finlands
463 326 110 23 Ständers
590 326 213 30 Bankfullmäktiges
819 327 75 23 berät-

310 360 57 22 telse
381 360 32 23 till
425 360 141 24 Ständernas
578 361 157 23 Bankutskott.
752 361 141 24 Omfattande

310 394 54 23 åren
381 394 150 24 1882—1884.

207 498 81 23 Redan
302 499 74 22 under
386 499 81 30 loppet
478 499 26 22 af
513 502 90 20 senaste
614 500 112 29 landtdag
735 500 79 23 blefvo
825 502 36 19 tre
871 500 26 21 af

139 533 141 22 Ständernes
303 533 29 22 då
351 534 176 29 tjenstgörande
545 534 218 29 Bankfullmäktige
783 535 26 22 af
828 535 66 22 Hans

138 567 133 30 Kejserliga
290 568 108 29 Majestät
416 569 9 21 i
443 569 72 22 nåder
529 569 92 22 kallade
636 571 35 20 att
685 569 81 29 intaga
781 569 114 22 särskilda

138 602 62 28 höga
209 602 241 23 förtroendeembeten
461 603 9 22 i
479 604 92 21 landets
582 604 114 28 regering,
708 604 108 22 hvarföre
827 604 68 22 Stän-

139 637 69 22 derne
226 637 53 22 icke
298 637 79 22 vidare
396 638 79 21 kunde
491 638 157 29 tillgodogöra
663 639 37 28 sig
715 639 65 22 deras
796 639 99 28 insigter

139 671 43 22 och
197 672 114 29 mognade
326 672 132 22 erfarenhet
473 672 37 22 för
520 673 126 28 ledningen
657 673 26 22 af
690 674 114 21 Finlands
815 673 80 22 Banks

139 707 195 28 angelägenheter
356 707 43 22 och
422 715 29 14 en
475 709 73 20 större
565 708 247 29 personalförändring
831 709 64 21 inom

139 741 217 30 Bankfullmäktige
371 742 50 21 blef
433 742 143 29 nödvändig,
588 746 29 18 än
628 750 50 15 som
688 743 89 22 kanske
788 743 39 22 väl
838 750 58 15 sam-

139 777 102 21 manstår
260 777 53 21 med
334 784 28 14 en
382 776 118 23 önskvärd
520 777 145 22 kontinuitet
680 777 8 22 i
704 777 139 22 ärendernas
857 777 39 22 be-

139 811 119 29 handling.

208 846 34 21 De
258 846 26 21 af
298 846 103 21 Stånden
416 846 68 22 valde
498 854 47 21 nya
555 846 218 29 Bankfullmäktige
784 854 112 14 samman-

139 880 81 22 trädde
235 880 74 22 första
324 881 92 28 gången
431 881 46 21 den
493 883 11 20 3
521 881 58 22 Juni
596 883 54 20 1882
666 881 44 22 och
724 882 81 28 utsågs
815 881 82 22 dervid

139 915 38 22 till
192 915 139 22 ordförande
346 915 175 22 undertecknad
535 915 73 30 Hjelt.
632 916 124 29 Kaptenen
771 916 28 21 R.
810 916 87 28 Lager-

139 949 65 29 borg,
228 957 49 15 som
299 950 60 22 valts
381 951 38 20 till
441 950 207 29 Bankfullmäktig
669 950 37 22 för
725 950 172 29 Ridderskapet

140 985 44 21 och
198 984 83 29 Adeln,
302 992 40 14 var
358 985 129 22 emellertid
503 992 84 21 genom
603 985 129 29 sjuklighet
747 984 100 23 hindrad
862 986 35 20 att

140 1019 92 28 deltaga
247 1019 9 21 i
270 1025 48 16 mer
334 1023 29 18 än
377 1020 73 28 några
465 1019 24 22 få
505 1019 26 22 af
543 1019 230 29 Bankfullmäktiges
785 1026 113 15 samman-

139 1053 88 28 träden,
244 1053 117 22 hvarefter
376 1054 46 21 han
437 1053 94 30 företog
546 1062 28 14 en
589 1055 90 21 utrikes
694 1062 51 14 resa
760 1054 37 22 för
807 1056 41 26 att,
860 1061 38 14 om

139 1088 99 29 möjligt,
254 1089 118 21 återställa
388 1089 36 21 sin
441 1089 84 22 brutna
541 1089 71 22 helsa.
637 1089 81 22 Redan
732 1089 75 22 under
822 1088 76 22 denna

139 1123 36 21 tid
197 1123 155 29 tjenstgjorde
374 1123 176 22 undertecknad
570 1124 128 29 Stjernvall
717 1124 9 21 i
741 1123 118 29 egenskap
875 1123 26 21 af

139 1157 100 22 nämnde
256 1158 80 21 stånds
351 1157 72 23 förste
443 1158 217 29 Bankfullmäktigs
677 1159 124 28 suppleant
815 1158 9 21 i
839 1157 58 22 hans

141 1192 66 21 ställe
230 1193 75 21 såsom
324 1192 207 29 Bankfullmäktig
551 1193 43 22 och
614 1193 41 21 har
674 1192 59 22 efter
751 1192 146 29 Lagerborgs

139 1227 46 21 den
208 1230 11 19 5
242 1227 131 22 November
397 1227 54 22 1882
474 1227 124 22 inträffade
622 1227 46 22 död
692 1227 205 28 fortsättningsvis

140 1261 64 22 skött
219 1261 76 22 denna
310 1261 140 29 befattning.

209 1296 77 22 Sedan
306 1296 28 22 de
353 1296 164 29 förändringar
537 1297 9 21 i
565 1297 110 22 Bankens
695 1297 143 29 reglemente
855 1296 43 22 och

140 1330 44 22 den
203 1338 47 22 nya
269 1331 145 21 instruktion
433 1332 35 21 för
487 1332 226 28 Bankfullmäktige,
727 1332 82 22 hvilka
824 1330 27 23 af
865 1338 34 14 se-

139 1367 54 20 nast
208 1366 138 22 församlade
363 1366 99 22 Ständer
478 1368 106 27 antogos,
601 1367 44 21 den
662 1368 26 20 22
704 1366 127 22 December
843 1369 55 19 1882

140 1400 43 22 och
198 1400 46 22 den
262 1404 23 19 15
300 1400 98 22 Januari
415 1404 54 19 1883
485 1402 86 21 vunnit
581 1402 72 28 nådig
664 1401 153 28 stadfästelse,
827 1400 72 22 hafva

139 1434 117 22 desamma
271 1434 73 23 under
360 1435 44 21 den
419 1436 147 22 återstående
582 1436 68 22 delen
665 1436 26 22 af
698 1435 200 30 landtdagsperio-

140 1469 44 21 den
200 1468 81 23 blifvit
295 1469 41 23 vid
351 1469 110 23 Bankens
477 1470 147 30 förvaltning
639 1470 140 30 tillämpade.
