1086 1717
415 164 22 16 U.
449 162 21 18 B.
483 173 21 3 —
518 164 82 16 XXXII.
841 164 21 16 37

439 222 75 24 Kap.
533 222 42 19 III.

227 280 34 22 Om
278 280 88 22 bankens
382 280 124 22 länerörelse
521 280 37 22 och
575 280 65 27 öfriga
654 280 134 22 verksamhet.

477 333 12 27 8
504 334 34 21 24.

197 374 45 20 Län
258 374 34 20 mä
307 373 46 21 icke
369 373 90 26 beviljas
475 375 56 19 emot
546 375 52 25 pant
612 373 24 21 af
649 379 69 20 varor,
734 379 45 30 som
795 375 37 19 äro
847 379 38 15 un-

130 408 127 21 derkastade
273 407 146 26 förskämning
435 407 54 21 eller
503 406 96 27 läckage.

198 442 64 21 Emot
280 442 79 25 borgen
375 441 71 21 allena
462 441 88 26 beviljas
566 441 47 21 icke
629 441 35 21 län
680 441 53 22 eller
747 441 138 21 kassakredi-

129 476 37 26 tiv,
189 482 48 15 men
258 475 33 21 till
310 475 150 21 förstärkande
479 475 23 21 af
515 477 51 25 pant
582 475 53 22 eller
650 475 122 27 inteckning
787 475 34 21 mä
836 475 49 22 bor-

130 516 40 21 gen
186 511 92 25 antagas.

477 555 12 27 8
504 555 35 21 25.

198 601 99 20 Pantsatt
318 601 60 26 gods,
399 606 45 15 som
460 600 47 21 icke
522 601 96 21 förvaras
634 601 7 20 i
656 601 89 27 banken,
762 601 55 22 skall
833 607 52 16 vara

129 635 104 27 upplagdt
248 635 6 20 i
271 635 73 21 säkert
358 634 168 27 förvaringsrum
542 635 40 21 och
597 635 67 21 stäldt
678 635 67 21 under
760 635 73 28 tillsyn
845 635 39 22 och

129 669 53 22 vård
198 669 23 22 af
235 675 25 15 en
276 669 72 20 dertill
364 668 116 21 förordnad
497 669 219 26 magistratsledamot
731 670 53 21 eller
799 669 23 21 af
835 669 50 21 kro-
904 682 8 8 -

130 703 92 27 nofogde
245 703 53 21 eller
316 709 69 15 annan
401 702 23 21 af
438 703 84 20 banken
538 703 99 26 godkänd
652 709 84 20 person,
752 703 64 27 bolag
831 703 55 21 eller

130 737 130 28 myndighet,
282 743 46 15 som
350 737 74 20 härom
447 737 109 21 äfvensom
580 737 110 26 angäende
706 738 86 26 godsets
807 737 79 26 mängd

131 772 39 21 och
191 771 148 22 beskaffenhet
358 773 55 19 samt
428 771 225 26 förvaringsrummets
669 771 54 27 läge,
739 771 147 22 beskaffenhet

131 806 40 21 och
186 806 94 26 stängsel
295 805 33 21 till
344 805 82 21 banken
442 805 97 21 utfärdat
553 805 59 21 bevis
626 805 67 27 jemte
708 805 131 22 förbindelse
854 807 33 19 att

130 840 47 21 icke
200 839 132 22 annorlunda
354 841 26 19 än
403 841 58 19 emot
483 839 93 21 bevisets
592 839 173 22 äterkommande
781 840 54 21 eller
850 845 37 15 en-

130 875 40 26 ligt
192 873 145 22 direktionens
360 873 107 21 särskilda
487 873 111 21 föreskrift
613 874 95 20 utlemna
723 874 36 21 det
774 873 90 22 sälunda
879 873 7 21 i

130 908 73 21 förvar
217 910 65 24 tagna
298 907 75 27 godset
388 907 53 21 eller
456 907 71 26 nägon
542 907 35 21 del
593 907 67 22 deraf.
682 907 52 22 Rätt
748 909 33 20 att
788 907 99 21 meddela

131 942 66 21 sädan
220 941 110 22 föreskrift
353 942 41 20 kan
417 941 23 21 af
462 941 133 21 direktionen
612 941 142 22 öfverlemnas
770 941 33 21 till
818 941 69 21 afdel-

131 975 139 28 ningskontor
286 975 53 22 eller
354 977 97 25 agentur.

200 1009 112 26 Trävaror,
328 1015 44 16 som
384 1009 8 21 i
407 1009 84 21 banken
506 1011 126 24 pantsättas,
649 1009 35 21 mä
699 1009 54 22 dock
767 1015 52 16 vara
833 1015 53 21 upp-

131 1044 64 26 lagda
217 1043 7 21 i
247 1044 81 26 staplar
351 1043 53 21 eller
422 1045 71 24 öppna
508 1043 66 27 skjul;
591 1043 49 21 med
654 1043 70 22 vilkor
739 1045 32 20 att
785 1043 101 27 upplags-

131 1078 83 27 platsen
236 1077 34 22 för
292 1077 217 27 pantsättningstiden
533 1077 33 21 till
588 1077 84 22 banken
687 1077 28 27 pä
729 1078 90 21 arrende
834 1083 53 21 upp-

131 1112 54 21 lätes
201 1114 55 19 samt
271 1112 7 21 i
292 1111 129 27 tillämpliga
437 1111 60 21 delar
513 1112 6 20 i
536 1111 64 26 öfrigt
614 1111 107 27 iakttages
736 1112 55 21 hvad
806 1111 7 21 i
829 1113 58 19 näst-

131 1146 131 27 föregäende
278 1147 93 20 moment
386 1147 24 19 är
425 1145 108 26 stadgadt.

204 1179 52 21 Alla
271 1179 27 26 af
308 1181 92 26 pantens
415 1178 153 27 öfvervakande
583 1179 37 20 och
630 1171 124 35 försäkring
762 1179 127 21 föranledda

131 1213 116 22 kostnader
262 1213 82 21 drabba
358 1213 133 27 läntagaren.

478 1275 12 28 8
506 1276 35 21 26.

200 1315 140 22 Direktionen
363 1318 25 19 är
403 1316 122 26 berättigad
541 1317 31 19 att
586 1316 68 20 under
669 1316 107 20 länetiden
791 1315 44 21 låta
850 1316 38 20 un-

131 1349 93 22 dersöka
246 1352 58 24 pant,
329 1356 45 15 som
397 1349 46 21 icke
466 1350 97 20 förvaras
586 1350 7 20 i
612 1350 91 20 banken.
732 1349 99 21 Befinnes
846 1349 44 21 dem

132 1384 73 21 dervid
225 1384 7 20 i
250 1384 72 20 behäll
341 1384 7 20 i
363 1383 141 22 oförändradt
519 1383 66 26 skick,
600 1383 106 21 bestrides
721 1383 118 21 kostnaden
854 1382 35 21 för

132 1417 66 22 sädan
220 1417 159 27 undersökning
403 1417 23 21 af
446 1417 92 26 banken,
557 1423 49 15 men
622 1419 87 19 stannar
723 1416 7 22 i
746 1418 88 20 motsatt
849 1416 39 21 fall

132 1451 125 27 läntagaren
273 1451 33 21 till
322 1452 47 20 last.

200 1490 138 18 Bankutskottets
350 1491 106 17 botänkande
468 1491 35 16 N:o
516 1491 18 16 3.
