1086 1717
830 152 25 20 61

130 216 128 27 anmärkas,
282 217 42 26 att,
340 216 25 21 så
379 216 70 28 länge
463 215 151 29 fullmäktige
628 217 65 20 utses
709 215 83 22 endast
806 223 30 14 en
850 216 37 22 för

130 250 80 29 hvarje
226 250 75 28 stånd,
316 250 168 22 ordförandens
499 252 82 20 votum
590 250 9 22 i
609 250 86 28 frågor,
706 250 67 22 hvari
782 252 106 20 rösterna

130 284 90 22 utfallit
233 285 55 27 lika,
304 292 55 21 eger
374 287 35 19 ett
423 285 9 21 i
446 284 146 22 förhållande
607 284 39 22 till
661 284 28 22 de
704 284 76 29 öfrige
795 284 43 22 allt
851 284 37 22 för

131 321 60 20 stort
212 319 136 29 inflytande.
377 320 47 21 Det
443 327 56 14 vore
519 320 39 21 väl
574 319 105 29 önskligt
694 321 35 20 att
744 319 63 21 detta
822 319 66 21 miss-

131 354 144 22 förhållande
298 354 77 22 blefve
395 354 107 28 afhjelpt,
518 354 44 22 och
577 354 42 22 har
632 354 88 28 jemväl
733 354 9 21 i
758 353 83 22 sådant
855 353 34 22 af-

133 388 83 22 seende
238 388 68 29 fråga
329 388 42 22 hos
393 388 160 29 Fullmäktige
575 388 114 29 uppstått,
708 388 115 22 huruvida
837 388 53 22 icke

132 423 160 29 fullmäktiges
314 423 64 22 antal
401 423 136 29 lämpligast
552 423 72 22 borde
638 422 129 23 fastställas
782 423 38 22 till
834 422 55 29 fem,

134 458 26 22 af
172 458 82 22 hvilka
267 458 52 28 fyra
335 458 76 21 skulle
426 460 71 26 utses,
513 459 76 21 såsom
603 458 126 28 härintills,
745 458 56 21 eller
816 465 29 14 en
853 457 37 22 för

133 493 81 28 hvarje
229 493 75 28 stånd,
320 495 59 19 samt
395 493 46 21 den
456 493 72 21 femte
543 493 74 28 väljas
632 499 86 22 genom
731 492 37 22 för
783 492 107 22 ändamå-

134 527 34 22 let
181 527 98 22 utsedde
294 527 120 22 elektorer.
444 527 37 22 Då
495 527 130 22 emellertid
640 527 65 22 detta
715 527 136 22 förutsätter
861 534 29 14 en

136 561 99 29 ändring
250 561 26 22 af
292 561 199 30 ofvanåberopade
507 563 13 26 $
535 562 9 21 i
558 561 247 29 lantdagsordningen,
820 562 71 21 tveka

136 597 216 28 Bankfullmäktige
367 598 35 20 att
416 596 130 22 framställa
561 596 119 22 definitivt
692 596 88 29 förslag
790 597 8 21 i
808 596 84 29 antydt

137 631 68 29 syfte,
222 631 187 22 öfverlemnande
425 631 60 22 dock
499 631 85 28 frägan
594 631 80 22 härom
684 631 38 22 till
731 631 160 22 Bankutskot-

137 667 45 20 tets
197 665 165 29 bepröfvande.

206 700 148 22 Beträffande
375 700 214 21 bankdirektionen
611 699 98 22 föreslår
730 699 105 22 komiten
857 702 35 19 att

138 734 156 22 ledamöterne
318 735 75 20 skulle
415 736 64 19 utses
502 734 37 22 för
561 742 29 13 en
612 734 36 21 tid
670 733 27 22 af
710 734 81 21 endast
805 734 48 21 fem
867 735 26 21 är

139 771 60 19 samt
220 770 36 20 att
270 769 240 28 kompetensvilkoret
525 768 37 22 för
577 768 45 22 den
638 776 42 13 ene
696 768 26 21 af
734 768 159 22 direktörerne

140 810 38 15 om
191 803 75 28 insigt
280 803 43 22 och
339 803 131 22 erfarenhet
484 803 9 22 i
508 803 92 22 landets
615 803 65 28 lagar
695 803 43 21 och
748 803 146 28 rättegängs-

139 838 101 22 väsende
262 837 70 22 borde
354 837 115 22 bortfalla.
500 838 29 29 Ej
552 838 73 21 heller
643 838 9 21 i
667 837 76 22 denna
762 837 38 22 del
815 837 80 22 kunna

139 872 217 28 Bankfullmäktige
371 872 92 21 biträda
477 872 209 28 komiteförslaget.
708 872 43 22 Uti
761 872 43 27 sin,
815 871 80 22 betän-

140 907 87 22 kandet
241 907 108 28 bifogade
364 907 142 21 reservation
523 907 42 22 har
575 907 141 21 Direktören
727 907 105 21 Fellman
843 907 52 21 sak-

140 941 49 22 rikt
210 941 128 22 framhällit
357 941 28 21 de
401 941 56 26 skäl,
478 948 57 21 som,
551 941 69 21 äfven
636 941 75 28 enligt
725 941 170 28 Fullmäktiges

141 976 67 28 äsigt,
231 976 47 21 tala
300 975 37 22 för
350 975 175 22 bibehällandet
541 975 25 22 af
578 983 33 14 nu
626 975 109 28 gällande
749 975 147 22 föreskrifter

140 1017 38 14 om
199 1010 223 21 hbankdirektionens
443 1009 217 28 sammansättning,
681 1009 43 22 och
739 1009 8 22 i
762 1009 134 22 förberörda

140 1044 120 22 utlåtande
276 1045 65 21 öfver
355 1044 203 29 komitöförslaget
574 1044 41 21 har
630 1044 154 21 Direktionen
794 1043 37 22 för
841 1043 55 22 Fin-

140 1079 67 21 lands
223 1079 74 28 Bank,
313 1079 52 21 med
380 1079 139 28 anslutning
532 1079 38 21 till
585 1078 101 22 nämnda
700 1078 150 27 reservation,
860 1080 37 26 yt-

141 1113 108 28 terligare
272 1113 78 28 tillagt
371 1114 73 27 nägra
467 1113 153 28 synnerligen
644 1112 185 22 beaktansvärda
843 1119 54 22 syn-

141 1148 102 29 punkter
257 1147 37 22 för
309 1147 94 29 frägans
419 1147 151 22 bedömande.
590 1147 218 22 Bankdirektionen
822 1149 76 26 yttrar

141 1183 128 28 nemligen:
292 1182 50 29 ,det
365 1182 57 28 skäl,
446 1189 49 14 som
518 1182 106 21 komitén
646 1181 78 22 anfört
741 1182 38 21 till
795 1181 53 22 stöd
862 1181 37 22 för

142 1217 277 22 bankkommissariernes
435 1216 183 22 inamovibilitet
633 1216 118 28 nemligen
765 1218 35 19 att
814 1216 9 21 i
833 1215 66 22 deras

141 1259 85 21 person
242 1251 75 21 skulle
332 1252 75 21 finnas
419 1253 34 19 ett
466 1251 108 27 element,
585 1257 49 15 som
644 1250 188 29 representerade
843 1250 57 21 kon-

142 1286 97 21 tinuitet
257 1286 9 21 i
288 1285 127 22 kontorens
439 1285 152 29 förvaltning,
616 1285 75 21 skulle
713 1285 9 21 i
744 1288 63 18 ännu
827 1284 72 28 högre

143 1320 57 28 grad
219 1320 52 22 haft
290 1320 41 22 sin
351 1320 152 28 tillämpning
518 1320 30 28 pä
563 1320 110 22 Bankens
689 1319 134 22 direktörer.
853 1319 47 21 Det

143 1362 69 21 synes
228 1354 70 22 också
313 1355 64 27 ligga
391 1355 74 27 något
479 1354 153 28 motsägande
647 1354 44 21 och
705 1354 129 28 onaturligt
843 1353 56 27 deri,

143 1391 36 19 att
192 1389 37 21 för
244 1389 54 21 kort
319 1389 35 21 tid
377 1388 98 22 utsedde
499 1388 130 22 direktörer
652 1388 75 22 skulle
742 1388 159 28 upprätthålla

143 1423 101 29 ordning
266 1424 43 21 och
332 1423 109 29 disciplin
464 1422 73 22 bland
559 1425 35 19 ett
614 1425 60 19 stort
688 1423 63 21 antal
767 1422 134 28 oafsättlige

142 1458 148 29 tjenstemän.
319 1458 46 21 Det
380 1461 25 17 är
420 1456 51 22 fara
485 1457 69 22 värdt
568 1459 36 19 att
618 1459 35 19 ett
666 1457 82 21 sådant
758 1457 144 28 experiment

143 1493 91 21 komme
250 1494 35 20 att
299 1492 148 28 misslyckas;
467 1492 83 21 Fäster
570 1499 54 14 man
644 1492 24 21 så
684 1491 154 23 öfverhöfvan
853 1493 49 19 stor
