1086 1717
219 155 11 20 6

190 217 73 27 bragte
279 218 6 19 i
300 218 36 19 sitt
350 217 99 27 yttrande
465 218 39 19 den
523 216 121 27 utredning,
658 219 30 17 att
704 218 29 18 ett
748 216 37 21 hus
802 216 23 20 af
839 217 38 20 200
894 217 41 20 fots

190 252 57 20 sidor
268 252 5 19 i
290 252 89 26 qvadrat
394 252 70 20 kunde
480 251 81 20 erhålla
576 254 104 24 utrymme
695 252 27 26 på
738 251 39 20 den
791 252 94 26 jemnare
901 251 33 20 del

191 286 23 20 af
234 286 74 26 berget
332 286 51 20 eller
399 286 39 20 den
454 286 61 26 plats,
531 292 43 14 som
592 286 66 26 ligger
674 286 26 26 på
716 288 29 18 ett
761 286 82 20 afstånd
859 286 22 19 af
895 286 42 19 300

190 320 31 20 fot
236 320 45 20 från
304 320 171 20 observatorium.
505 320 43 20 Här
564 320 65 20 borde
646 320 70 20 husets
731 326 62 14 norra
809 320 60 26 facad
885 320 52 20 stäl-

190 355 32 19 las
237 355 7 19 i
260 354 50 20 linie
325 355 47 20 med
388 354 218 27 flygelbyggnaderna
621 354 32 20 till
662 354 165 21 observatorium
836 356 53 18 samt
899 354 37 20 hu-

191 391 41 17 sets
255 388 104 21 sockelfot
379 389 5 19 i
400 396 79 13 samma
494 389 61 25 fagad
571 388 63 20 hafva
650 395 25 13 en
692 389 48 26 höjd
757 388 22 20 af
793 389 25 20 75
834 388 29 21 fot
879 389 61 20 öfver

192 423 110 20 hafsnivån
326 423 51 20 eller
392 423 27 20 20
435 423 30 21 fot
480 424 59 26 lägre
555 426 25 17 än
597 430 79 13 samma
694 423 104 20 sockelfot
813 423 12 20 å
840 423 96 21 observa-

192 457 115 27 toriihuset,
329 457 109 21 hvaremot
460 458 130 21 sockelfoten
616 458 27 27 på
666 458 39 20 den
726 458 65 20 bakre
807 458 50 20 eller
872 458 65 20 södra

192 492 88 25 facaden
296 491 70 21 skulle
379 492 82 20 erhälla
469 499 26 13 en
505 492 48 27 höjd
563 492 44 20 från
618 493 26 18 80
653 492 32 20 till
694 492 26 20 88
729 492 35 21 fot.
773 492 94 20 Framför
877 493 62 19 huset

192 526 69 21 blefve
277 533 25 14 en
319 529 75 18 terrass
410 527 24 20 af
446 527 123 26 förslagsvis
585 527 26 20 50
628 527 40 20 fots
683 527 66 19 bredd
759 527 126 26 nödvändig,
897 527 39 20 och

191 560 76 27 ansågs
283 563 31 18 att
329 561 33 20 till
378 561 69 20 denna
463 563 76 18 terrass
555 561 65 20 borde
636 561 57 20 ledas
710 563 76 18 tvänne
801 563 61 24 gator
877 561 22 20 af
908 561 29 20 äf-

192 595 99 20 venledes
308 596 25 19 50
349 595 40 20 fots
405 595 65 20 bredd
485 595 40 20 och
541 602 25 13 en
583 595 158 26 promenadväg
751 595 22 20 af
781 596 22 19 40
816 595 40 20 fots
864 594 73 21 bredd.

193 629 44 20 Den
254 629 66 20 första
334 632 64 24 gatan
414 629 67 20 skulle
499 630 49 26 utgå
563 629 45 20 från
625 629 145 26 Unionsgatan
781 629 39 20 och
831 630 7 19 i
849 636 25 13 en
883 629 54 26 båge

191 663 61 27 längs
276 663 180 27 bergsslutningen
481 664 70 26 utlöpe
574 664 6 20 i
604 666 110 24 terrassen,
737 664 39 19 den
793 664 65 20 andra
873 666 63 23 gatan

192 698 68 20 skulle
276 698 50 27 utgå
341 698 44 20 från
402 698 75 21 Vestra
493 699 70 25 kajen,
579 698 31 20 till
627 699 31 19 sin
675 698 72 20 halfva
762 698 65 20 bredd
843 698 62 20 skära
916 698 22 19 in

192 733 7 19 i
216 732 110 27 uppfarten
345 733 31 19 till
392 732 194 27 Kronomagasinet,
603 733 49 26 löpa
667 733 89 20 emellan
774 732 57 21 detta
846 731 91 27 magasin

195 767 38 20 och
258 767 235 26 handelsmagasinerna
517 767 31 20 till
564 769 68 18 vester
648 773 33 14 om
698 767 185 26 Brunnshusvägen
899 767 39 20 och

194 801 72 20 vidare
286 807 75 20 genom
377 808 25 13 en
419 801 104 27 krökning
539 801 31 20 till
587 803 68 18 vester
670 801 83 20 förenas
770 801 46 20 med
833 802 39 19 den
888 801 51 20 först

193 835 92 20 nämnda
307 838 74 23 gatan;
404 836 184 25 promenadvägen
611 836 45 19 åter
679 835 74 25 skulle,
774 835 103 26 utgående
894 835 44 19 från

194 870 39 19 den
250 876 74 14 senare
340 869 106 21 beskrifna
461 872 70 24 gatan,
547 870 50 26 löpa
613 870 132 26 temmeligen
762 870 47 19 rakt
825 871 55 18 emot
888 869 50 20 mid-

192 907 35 17 ten
243 904 23 20 af
280 906 102 18 terrassen
399 904 86 20 framför
501 904 67 20 huset.
592 904 149 27 Stigningarne
752 904 12 19 å
772 906 88 24 gatorna
871 903 68 21 blefve

192 939 51 20 1:17
266 937 38 22 och
326 939 50 20 1:18
398 939 39 20 och
459 939 185 26 promenadvägen
671 939 92 26 försåges
784 939 47 19 med
848 941 93 23 trappor.

191 973 112 24 Planerna,
319 979 43 14 som
379 973 74 26 uppstå
468 973 90 20 emellan
574 975 60 24 gator
650 973 38 20 och
705 975 70 24 vägar,
792 973 106 19 äfvensom
908 972 30 19 öf-

192 1007 46 26 riga
253 1007 75 26 planer
343 1007 62 27 kring
419 1007 40 20 och
474 1007 58 20 invid
548 1007 36 20 det
600 1007 108 20 blifvande
716 1007 147 20 ständerhuset
873 1006 67 20 borde

192 1041 98 25 planeras
306 1041 40 20 och
362 1041 114 26 planteras.
506 1041 74 20 Andra
595 1041 163 26 husbyggnader
773 1041 90 20 behöfde
877 1041 19 26 ej
908 1041 30 19 in-

193 1075 57 20 lösas
273 1075 39 20 och
333 1076 100 20 förstöras
448 1079 26 16 än
491 1078 30 18 ett
535 1076 73 19 staden
626 1075 103 26 tillhörigt
744 1075 93 27 magasin
853 1075 39 20 och
908 1077 30 17 ett

193 1110 61 20 uthus
273 1112 54 18 samt
342 1110 26 20 de
383 1110 160 20 Dahlströmska
560 1109 264 27 badstugubyggnaderna.
854 1109 86 20 Utskot-

194 1146 29 18 tet
238 1144 117 20 hänvisade
369 1144 32 20 för
417 1144 62 27 öfrigt
496 1145 30 19 till
544 1145 40 19 den
600 1144 22 20 af
633 1144 181 26 stadsingeniören
823 1143 119 27 uppgjorda

193 1178 68 27 karta,
284 1179 37 19 der
344 1179 35 20 det
399 1179 107 20 beskrifna
522 1179 68 19 blifvit
605 1179 6 18 i
627 1178 81 26 blyerts
724 1178 122 26 uppdraget.
876 1177 64 20 Utom

193 1213 55 20 hvad
271 1213 103 20 utskottet
397 1213 89 20 sålunda
505 1213 75 26 anfört,
595 1213 75 20 funnos
685 1215 56 17 ännu
758 1214 75 18 tvenne
849 1214 89 18 omstän-

194 1247 102 26 digheter,
317 1253 44 14 som
383 1247 70 20 talade
468 1247 32 20 för
515 1247 134 20 merberörda
664 1247 203 24 observatorietomt,
883 1249 57 17 näm-

193 1281 67 27 ligen:
283 1283 31 18 att
337 1281 127 26 densamma,
489 1281 67 26 enligt
580 1281 28 20 all
624 1280 141 28 sannolikhet,
782 1281 69 19 kunde
868 1281 73 19 vinnas

193 1316 47 19 med
264 1316 76 19 minsta
363 1316 87 26 möjliga
473 1316 127 26 tidsutdrägt
624 1315 38 21 och
682 1318 30 17 att
728 1315 47 20 dess
792 1314 147 20 förvärfvande

192 1350 69 20 skulle
277 1350 95 20 medföra
387 1356 25 14 en
426 1350 153 26 jemförelsevis
594 1350 60 26 ringa
670 1350 232 26 penningeuppoffring.
913 1360 27 4 —

192 1395 61 3 ——
278 1384 60 20 Efter
358 1384 61 20 dessa
441 1385 106 25 möjligast
562 1390 122 21 noggranna
700 1384 153 20 förberedelser
868 1384 74 26 vidtog

193 1418 39 20 den
260 1420 8 18 1
285 1418 61 20 Febr.
367 1418 137 28 tomtfr&gans
520 1419 86 27 slutliga
621 1418 39 21 och
676 1418 114 26 afgörande
805 1417 136 27 behandling,

192 1453 86 20 hvilken
296 1453 122 20 föranledde
434 1460 26 14 en
476 1453 130 20 omfattande
622 1453 118 20 diskussion
757 1452 39 20 och
812 1452 75 26 mänga
898 1455 44 17 sär-
