1086 1717
414 172 23 22 U.
453 172 23 22 B.
492 184 28 4 —
535 172 37 22 N:o
589 172 19 24 5.
837 172 14 22 5

133 236 87 21 utföras
244 235 49 21 med
315 235 152 28 koppartryck
482 236 14 20 å
511 242 41 15 ena
570 236 66 21 sidan
652 238 57 19 samt
722 236 157 27 kompletteras

133 270 96 22 medelst
243 270 149 28 konstnärligt
407 270 64 28 tryck
487 270 25 21 af
527 270 188 28 kopparclich&er.
746 270 76 22 Såsom
831 269 49 22 skäl

134 304 37 22 för
190 304 34 22 sin
240 304 127 28 tillstyrkan
383 311 34 15 om
433 305 135 27 antagandet
583 304 25 22 af
620 304 171 28 ifrägavarande
807 304 74 22 anbud

134 339 66 22 anför
222 339 147 21 Direktionen
384 338 55 22 först
457 338 43 22 den
517 339 103 27 billigare
635 339 133 21 kostnaden.
798 338 83 28 Tryck-

134 373 85 29 ningen
235 373 26 21 af
274 373 27 21 de
316 373 7 21 i
339 373 145 27 Köpenhamn
502 367 131 28 tillverkade
645 374 101 21 sedlarne
755 373 56 22 hade
821 376 60 18 näm-

136 407 60 29 ligen
219 408 53 21 stält
294 407 34 28 sig
350 407 101 28 sälunda,
467 409 32 19 att
518 408 13 21 5
548 408 27 21 10
590 408 40 21 och
646 408 29 22 20
690 408 73 22 marks
779 408 102 22 sedlarne

137 442 75 22 kostat
226 443 50 26 3,155
292 442 66 27 penni
374 449 25 21 pr
415 442 77 27 stycke
509 443 41 21 100
564 443 75 21 marks
655 443 76 21 sedeln
748 444 52 26 11,4
815 442 66 29 penni

135 477 44 21 och
194 477 44 21 500
252 476 75 22 marks
343 476 75 22 sedeln
436 477 62 26 15,775
513 477 74 27 penni.
618 477 33 21 En
665 477 126 28 jemförelse
801 477 80 22 mellan

137 511 125 22 kostnaden
283 511 34 21 för
332 511 28 21 de
375 511 80 27 sedlar,
470 511 92 22 Banken
578 511 69 22 sedan
664 511 24 22 är
704 512 53 21 1881
774 512 49 21 lätit
838 511 44 21 till-

138 545 75 27 verka,
229 545 41 21 och
290 545 41 22 den
347 545 96 22 kostnad
457 545 28 22 de
501 546 71 21 skulle
588 546 68 21 hafva
669 546 101 27 betingat
785 545 54 22 efter
855 545 27 21 de

137 580 26 21 af
175 580 51 21 herr
240 580 118 27 Tilgmann
373 580 112 21 utlofvade
500 581 73 27 prisen
588 581 60 21 visar
674 587 26 14 en
716 580 129 27 behållning
860 579 25 21 af

136 614 81 26 44,200
235 614 69 27 mark,
320 614 86 25 säledes
421 615 68 21 redan
505 615 164 28 öfverstigande
685 615 149 21 kostnaderna
848 613 35 22 för

138 648 126 28 tryckeriet.
294 649 144 21 Direktionen
455 649 120 28 tillstyrkte
588 649 58 21 dock
662 649 107 21 anbudets
783 648 98 28 godkän-

137 683 75 21 nande
234 683 186 28 hufvudsakligen
443 683 28 28 pä
493 683 41 22 den
550 683 71 28 grund
637 685 32 19 att
684 683 143 21 Direktionen
844 682 37 28 dy-

138 717 84 21 medels
237 717 72 21 bättre
324 717 73 22 blefve
412 717 7 21 i
435 717 89 22 tillfälle
539 720 31 19 att
581 718 119 21 öfvervaka
711 717 171 27 tillverkningen

137 751 43 22 och
200 751 20 28 ej
242 751 93 22 behöfde
351 754 52 25 taga
418 754 69 19 större
502 752 108 27 upplagor
626 752 26 21 af
664 752 72 27 nägon
753 751 128 26 sedelvalör,

137 788 31 19 än
182 792 46 15 som
244 785 34 22 för
293 786 59 21 tiden
369 786 144 27 erfordrades,
529 788 56 20 samt
596 786 126 28 derigenom
734 786 64 21 äfven
810 785 71 22 bättre

138 820 57 28 följa
218 821 51 21 med
290 820 72 22 tidens
383 821 131 28 fordringar,
527 821 68 27 jemte
612 821 36 21 det
663 821 63 21 faran
741 821 26 21 af
780 819 102 22 förfalsk-

141 854 79 28 ningar
236 855 72 21 skulle
323 855 7 21 i
346 855 44 28 hög
405 855 56 28 grad
475 855 106 22 minskas.
611 855 112 28 Derjemte
738 854 98 22 uttalade
845 854 38 21 Di-

138 889 118 21 rektionen
274 889 42 21 den
332 889 58 28 åsigt
406 892 32 19 att
453 897 50 14 man
518 890 29 27 på
562 890 71 27 grund
650 889 24 22 af
687 889 50 22 herr
752 889 131 28 Tilgmanns

138 923 78 22 kända
230 923 153 28 konstnärliga
394 924 100 27 riktning
502 924 74 22 kunde
585 925 85 27 hoppas
679 926 32 19 att
719 924 84 21 erhålla
811 923 71 22 bättre

139 957 83 28 sedlar,
238 960 29 19 än
282 958 27 21 de
324 965 46 15 som
385 965 30 15 nu
430 959 140 27 förfärdigas.

209 992 55 21 Förr
279 995 28 18 än
323 993 56 21 dock
395 993 74 21 denna
483 993 157 21 Direktionens
656 992 116 22 skrifvelse
787 991 96 28 företogs

138 1026 37 21 till
205 1027 120 27 afgörande
348 1027 39 22 hos
410 1027 211 28 Bankfullmäktige,
640 1027 57 21 hade
720 1027 64 21 äfven
806 1026 77 21 firman

139 1061 84 21 Weilin
238 1062 20 19 &
274 1061 57 21 Göös
347 1061 33 21 till
395 1061 145 22 Direktionen
554 1061 107 22 inlemnat
676 1063 31 20 ett
722 1061 73 21 anbud
807 1067 34 15 om
852 1059 31 22 öf-

139 1095 142 28 vertagande
302 1095 25 21 af
347 1095 104 22 Bankens
475 1095 133 28 sedeltryck.
638 1095 68 22 Detta
729 1095 72 22 skulle
827 1093 58 22 dock

141 1129 49 21 icke
213 1129 40 22 ske
276 1129 7 22 i
305 1129 104 22 Bankens
431 1130 62 21 lokal
513 1132 52 19 utan
581 1130 7 21 i
604 1130 76 21 herrar
694 1129 81 22 Weilin
791 1130 20 20 &
826 1128 58 22 Göös

137 1164 107 27 tryckeri,
264 1164 84 21 hvilket
368 1164 34 21 för
419 1164 63 21 detta
497 1164 103 21 ändamål
616 1164 71 22 skulle
703 1164 109 27 utvidgas.
842 1163 43 21 För

137 1197 77 22 denna
237 1198 131 28 utvidgning
389 1198 120 28 betingade
532 1199 35 28 sig
588 1199 78 20 firman
689 1200 31 20 ett
744 1198 95 21 förskott
862 1197 25 21 af

139 1232 81 27 75,000
235 1233 69 28 mark,
320 1233 84 21 hvilket
418 1233 73 21 skulle
507 1233 133 22 återbetalas
654 1233 51 21 med
720 1232 13 22 5
746 1239 59 21 proc.
821 1233 64 20 ränta

140 1266 43 21 och
207 1267 28 20 10
256 1273 59 21 proc.
338 1267 57 28 årlig
415 1267 141 29 amortering.
586 1267 76 22 Prisen
679 1267 71 21 skulle
765 1266 71 22 blifva
851 1265 33 21 för

138 1301 25 27 5,
180 1302 26 21 10
221 1302 41 21 och
277 1302 29 21 20
320 1302 74 22 marks
408 1302 90 22 valören
513 1302 43 28 2!/,
571 1302 111 27 penni,
660 1296 24 39 50
697 1301 40 21 och
754 1301 42 21 100
811 1300 74 21 marks

142 1336 90 22 valören
255 1336 13 22 8
288 1336 67 28 penni
371 1336 40 22 och
427 1336 131 22 femhundra
573 1336 75 22 marks
663 1336 89 21 valören
769 1336 27 20 12
811 1334 74 28 penni.

138 1369 101 23 Oaktadt
262 1370 37 22 det
318 1370 161 28 jemförelsevis
503 1370 143 28 synnerligen
668 1370 78 28 billiga
768 1370 53 27 pris,
840 1375 46 15 som

141 1404 78 22 firman
248 1405 94 21 sålunda
364 1404 119 28 utlofvade,
507 1405 71 27 ansåg
606 1404 145 22 Direktionen
775 1404 57 22 dock
854 1404 32 20 att

138 1438 64 22 detta
225 1439 75 21 anbud
322 1439 49 21 icke
394 1438 68 22 borde
485 1441 102 26 antagas,
602 1439 188 27 hufvudsakligen
805 1438 29 27 pä
850 1436 37 22 det

139 1472 53 22 skäl
218 1475 32 19 att
274 1473 146 28 tryckningen
444 1473 88 21 komme
556 1475 32 19 att
610 1473 99 27 försiggä
730 1475 60 19 utom
813 1471 73 21 Bank-

210 1512 155 18 Bankutskottets
378 1512 115 18 betänkande
505 1512 37 18 N:o
554 1514 16 16 5.
