1086 1717
231 164 21 16 12
495 154 23 28 U.
529 164 21 16 B.
563 173 22 3 —
599 162 82 17 XXXL

276 220 50 22 Men
341 220 61 22 äfven
417 221 8 21 i
441 222 32 20 ett
487 222 66 20 annat
568 220 100 22 afseende
682 219 119 22 innehåller
810 218 158 23 komitöförsla-

207 262 37 25 get
266 266 26 16 en
311 260 101 22 afvikelse
431 260 48 22 frän
497 260 99 27 gällande
616 260 133 26 stadganden
768 259 110 27 angäende
897 259 70 21 direk-

206 300 155 27 törsplatserna
374 301 8 20 i
396 300 92 27 banken,
499 300 126 26 nämligen
616 295 12 36 i
639 299 61 27 fräga
714 305 34 15 om
764 299 41 21 den
820 299 34 21 för
869 299 41 21 den
925 304 41 16 ena

208 340 22 21 af
250 340 145 22 direktörerne
413 340 78 21 hittills
507 340 115 27 uppstälda
641 339 88 21 fordran
747 338 28 28 pä
789 338 93 28 juridisk
901 338 65 26 insigt

208 380 40 21 och
263 380 126 26 erfarenhet,
405 380 86 21 hvilken
507 380 134 26 bestämning
655 378 96 22 komiten
766 380 71 20 ansett
848 378 53 22 böra
911 384 55 21 upp-

206 419 75 22 häfvas
296 419 40 22 och
351 425 45 16 som
409 419 80 28 jemväl
503 419 67 27 några
581 418 23 22 af
612 418 123 22 Utskottets
746 418 138 22 medlemmar
895 419 71 20 ansett

208 458 129 27 öfverflödig.
352 458 112 22 Utskottet
475 458 98 22 betviflar
583 458 123 27 visserligen
715 458 26 27 ej,
749 459 33 20 att
790 458 103 27 juridiskt
899 457 66 27 qvali-

207 498 91 22 ficerade
305 504 108 21 personer,
421 499 61 20 äfven
490 500 52 19 utan
555 500 32 19 att
598 498 74 21 derom
683 498 142 27 uttryckligen
836 497 128 27 stadgades
952 493 15 37 i

207 538 146 27 reglementet,
361 538 84 21 komme
453 540 33 19 att
493 538 50 26 ingå
550 538 7 21 i
565 537 200 22 bankdirektionen.
781 538 50 21 Men
838 537 66 22 redan
911 537 54 27 möj-

207 578 95 27 ligheten
317 577 23 22 af
353 580 32 19 att
395 578 60 21 detta
466 578 47 21 icke
528 578 69 21 blefve
608 577 62 22 fallet
680 583 62 16 anser
753 577 111 22 Utskottet
875 583 51 15 vara
938 583 25 15 en

208 618 60 21 brist.
284 617 111 22 Utskottet
405 617 44 22 kan
460 618 107 26 nämligen
578 617 47 22 icke
636 617 58 22 finna
705 619 32 19 att
749 620 27 19 de
786 617 33 22 för
827 616 104 22 skötande
942 616 24 21 af

207 657 153 22 bankrörelsen
367 657 138 27 erforderliga
510 657 105 28 juridiska
622 657 123 27 kunskaper
753 659 37 19 äro
799 657 23 21 af
826 657 41 21 den
873 656 92 27 speciela

208 699 40 24 art,
264 699 32 19 att
307 697 26 21 de
348 697 73 21 kunna
435 697 127 21 förutsättas
576 697 40 21 hos
632 697 83 21 erfarne
729 696 108 21 bankmän
853 696 61 21 äfven
929 701 35 16 om

208 737 61 21 desse
280 737 47 21 icke
339 743 39 20 ega
388 737 125 26 fullständig
521 737 92 27 juridisk
621 737 127 26 utbildning.
763 737 101 21 Tvärtom
873 736 73 21 kunna
956 735 7 22 i

207 777 215 26 bankförvaltningen
441 777 131 21 förekomma
587 776 106 27 juridiska
711 776 111 27 spörjsmål
840 775 24 22 af
876 776 41 21 den
932 775 32 21 in-

208 816 102 21 vecklade
324 818 64 19 natur
403 818 32 19 att
449 817 27 20 de
490 816 34 21 för
539 817 32 20 sin
586 816 80 27 riktiga
680 816 83 26 lösning
772 815 75 22 kräfva
857 817 31 19 ett
898 815 66 26 högre

208 856 55 21 mått
278 855 23 22 af
310 856 92 27 juridisk
421 856 102 26 bildning,
542 858 28 19 än
588 862 46 15 som
652 855 44 22 kan
715 855 33 22 stå
763 861 26 15 en
804 861 34 15 om
853 857 27 19 än
895 855 69 26 aldrig

208 895 24 22 så
246 895 111 21 rutinerad
371 895 108 22 bankman
497 896 33 21 till
544 896 62 25 buds,
622 895 40 22 och
680 895 56 21 hvad
754 895 104 26 vigtigare
874 896 33 19 är:
926 894 38 22 det

208 935 43 21 kan
266 935 8 20 i
288 935 76 26 många
379 935 38 21 fall
431 935 34 21 för
480 941 26 15 en
521 935 121 27 icke-jurist
656 941 52 24 vara
723 935 96 27 omöjligt
832 936 32 19 att
873 934 91 21 bedöma

207 976 40 19 när
270 976 30 19 ett
319 974 101 27 juridiskt
442 974 112 27 spörjsmål
575 974 109 27 verkligen
706 974 119 27 föreligger.
855 974 38 21 Ett
913 973 51 22 kor-

207 1014 71 21 rektiv
299 1014 97 21 häremot
421 1014 40 21 har
485 1014 97 21 komitén
608 1014 50 21 sökt
683 1014 70 21 deruti
775 1015 32 20 att
829 1013 134 22 direktionen

207 1054 8 21 i
236 1054 55 21 först
315 1054 89 21 anförda
428 1054 38 21 fall
490 1054 72 21 kunde
587 1054 95 21 inhemta
707 1053 39 22 råd
772 1053 40 22 och
836 1053 128 27 upplysning

208 1093 24 22 af
254 1093 96 22 bankens
376 1093 132 22 sekreterare
534 1093 51 22 eller
610 1093 145 21 ombudsman.
792 1092 51 21 Men
867 1093 98 20 häremot

207 1133 43 21 kan
266 1133 111 22 anmärkas
396 1135 32 20 att
447 1133 134 21 direktionen
599 1133 115 26 ingalunda
731 1132 92 21 behöfde
841 1132 71 21 känna
930 1131 33 27 sig

207 1172 86 21 bunden
308 1173 24 20 af
344 1172 71 27 dylika
430 1173 45 26 råd,
491 1174 51 20 enär
560 1172 26 21 de
600 1171 87 28 utginge
701 1171 48 22 från
764 1177 26 15 en
804 1170 158 27 underordnad,
978 1171 2 2 '

206 1212 87 21 hvilken
307 1212 100 27 möjligen
423 1212 50 27 sjelf
484 1212 47 21 icke
546 1212 53 26 egde
614 1212 37 21 det
661 1211 130 27 bepröfvade
801 1211 103 25 omdöme,
916 1216 46 15 som

206 1251 34 22 för
254 1251 86 27 frågans
358 1253 58 19 rätta
435 1251 114 27 afgörande
564 1251 112 21 erfordras.
712 1251 30 20 På
758 1250 63 21 ofvan
835 1250 128 21 framhållna

206 1292 94 26 grunder
316 1291 40 21 har
373 1290 112 22 Utskottet
503 1291 8 21 i
529 1290 67 22 likhet
614 1290 50 22 med
681 1289 196 27 Bankfullmäktige
892 1290 71 20 ansett

207 1330 26 22 de
251 1337 30 14 nu
299 1330 98 26 gällande
415 1330 146 26 stadgandena
579 1330 7 20 i
604 1331 73 19 ämnet
698 1329 54 21 böra
775 1328 138 22 oförändradt
931 1328 32 21 bi-

206 1370 103 22 behållas.

275 1410 42 20 För
332 1410 32 20 att
378 1409 126 27 möjliggöra
519 1415 26 15 en
560 1410 97 20 närmare
667 1408 127 22 samverkan
804 1408 77 21 mellan
892 1407 70 21 Bank-

205 1448 133 27 fullmäktige
354 1448 39 22 och
410 1448 146 25 Direktionen,
571 1444 101 44 särskildt
686 1448 8 21 i
704 1447 71 27 frågor
791 1452 45 16 som
847 1446 55 27 angå
912 1446 52 22 ban-

277 1489 138 16 Bankutskottets
426 1488 104 17 betänkande
542 1488 35 16 N:o
589 1488 17 16 3.
