1086 1717
225 163 16 21 4
469 163 22 21 U.
508 163 24 23 B.
548 176 26 4 —
590 163 38 22 N:o
644 162 19 24 5.

198 226 198 28 maktpäliggande
412 226 79 22 ärende
508 226 64 22 äfven
588 226 118 22 framdeles
720 226 73 22 blefve
809 226 91 22 föremäl
909 226 34 22 för

197 262 31 20 ett
252 261 68 21 vaket
345 261 92 21 intresse
463 261 48 21 från
534 261 217 27 Bankfullmäktiges
779 261 55 21 sida.
863 262 79 20 Denna

198 294 165 28 framställning
382 296 130 27 godkändes
528 296 7 21 i
552 296 44 21 allo
612 296 25 21 af
650 296 29 21 dä
694 296 133 21 församlade
841 295 100 22 Ständer.

268 330 32 21 Af
320 330 27 21 de
362 330 140 28 handlingar,
518 337 46 15 som
579 330 58 22 varit
652 330 172 22 Bankutskottet
838 330 104 28 tillgäng-

197 363 57 28 liga,
269 364 41 21 har
324 364 111 22 Utskottet
451 365 50 21 icke
516 365 86 21 kunnat
616 365 61 21 finna
692 366 31 20 att
739 364 203 28 Bankfullmäktige

197 398 97 28 vidtagit
310 399 69 27 nägra
394 399 104 28 ätgärder
513 400 8 20 i
537 400 64 21 ofvan
617 400 78 28 antydt
706 399 57 28 syfte
773 399 54 21 eller
837 406 38 14 ens
887 398 55 22 före-

197 432 59 29 tagit
272 433 78 28 frägan
359 434 33 21 till
402 434 137 28 behandling
548 434 46 22 förr
601 437 29 18 än
640 435 41 21 den
691 435 11 20 7
711 434 124 21 November
844 434 60 26 1884,
914 433 28 22 dä

198 467 206 23 Bankdirektionen
423 469 38 21 vid
476 471 136 26 gemensamt
627 470 162 21 sammanträde
804 469 50 21 med
869 468 73 21 Bank-

200 502 140 28 fullmäktige
362 503 103 22 framhöll
483 504 155 28 önskligheten
654 504 26 21 af
692 506 31 19 att
739 506 31 19 ett
785 502 157 29 sedeltryckeri

199 537 60 21 inom
274 537 100 22 bankens
389 538 61 21 lokal
466 539 74 21 kunde
555 539 34 21 fås
604 539 35 21 till
654 539 71 22 stånd.
756 539 11 21 TI
777 538 55 28 följd
841 538 24 21 af
871 537 72 22 denna

199 571 166 29 framställning
379 573 113 28 uppdrogo
507 573 205 28 Bankfullmäktige
723 573 22 21 åt
756 573 144 21 Direktionen
911 573 32 20 att

197 606 67 22 träda
285 607 7 21 i
312 607 178 29 underhandling
512 609 49 20 med
582 608 108 28 lämpliga
711 614 105 21 personer
831 607 7 22 i
853 607 40 21 och
908 606 35 22 för

198 640 161 29 realiseringen
374 642 25 21 af
412 643 61 21 detta
487 643 89 27 förslag.

269 676 31 21 På
322 677 73 27 grund
419 677 67 22 häraf
505 677 123 22 anmodade
651 677 144 21 Direktionen
823 675 119 28 litografen

197 710 53 22 herr
271 711 23 21 F.
311 711 116 28 Tilgmann
444 714 32 19 att
491 714 100 25 uppgöra
606 712 88 27 projekt
706 711 69 28 jemte
791 709 150 23 kostnadsför-

196 745 54 28 slag
272 745 34 22 till
322 747 30 20 ett
367 746 34 21 för
415 746 100 21 bankens
531 746 69 21 behof
616 745 130 28 tillräckligt
761 745 102 28 tryckeri.
893 744 49 21 Den

201 779 27 22 13
243 779 92 22 Januari
353 781 54 20 1885
422 781 93 21 insände
531 781 145 21 Direktionen
692 780 37 21 det
737 780 25 21 af
767 780 51 21 herr
825 779 118 27 Tilgmann

199 815 128 27 uppgjorda
341 814 106 29 förslaget
462 815 34 21 till
511 815 211 27 Bankfullmäktige,
730 814 120 27 hvarjemte
865 813 79 22 Direk-

197 849 80 22 tionen
292 849 120 28 tillstyrkte
427 852 32 19 att
474 850 51 21 herr
540 849 118 28 Tilgmann
673 850 29 27 på
718 849 27 21 de
761 849 24 21 af
798 848 79 21 honom
889 847 55 22 före-

197 884 83 27 slagna
301 884 73 21 vilkor
395 884 73 22 skulle
491 884 109 22 anförtros
618 883 171 28 tillverkningen
805 883 25 22 af
840 883 104 20 Bankens

200 918 82 21 sedlar.
312 918 75 28 Enligt
417 919 60 21 detta
504 919 84 27 förslag
610 919 73 21 skulle
705 918 104 21 Bankens
833 917 110 21 ekonomi-

201 952 93 28 bygnad
315 953 29 27 på
367 953 82 21 midten
472 953 63 28 höjas
557 953 49 22 med
630 959 27 16 en
672 952 89 27 våning,
776 951 84 22 hvilket
875 951 69 27 enligt

199 993 30 15 en
250 987 26 21 af
293 987 126 22 arkitekten
433 987 108 28 Sjöström
556 987 114 28 granskad
685 987 40 22 och
741 985 106 29 godkänd
861 985 84 28 ritning

199 1021 77 22 kunde
300 1024 66 25 göras
389 1021 34 22 för
447 1029 27 14 en
497 1022 96 21 kostnad
616 1022 25 21 af
660 1021 103 28 omkring
782 1020 79 27 35,000
875 1019 69 22 mark.

200 1057 45 20 För
268 1056 172 28 uppsättningen
456 1057 25 21 af
493 1057 120 27 tryckeriet
628 1056 72 21 skulle
714 1055 51 22 herr
779 1055 118 28 Tilgmann
912 1061 32 14 er-

200 1091 64 21 hålla
282 1092 31 20 ett
328 1091 94 21 förskott
437 1091 26 22 af
475 1091 78 27 40,000
568 1091 70 27 mark,
653 1090 85 22 hvilket
752 1089 69 22 borde
835 1088 110 22 utbetalas

199 1125 82 22 endast
310 1127 44 20 mot
382 1125 101 22 fakturor
505 1125 34 22 för
562 1125 33 22 uti
617 1124 188 29 tryckerilokalen
827 1122 119 29 uppstälda

200 1159 120 28 maskiner,
336 1159 41 22 och
400 1160 134 21 återbetalas
549 1166 79 21 genom
643 1159 29 22 20
686 1161 103 26 procents
804 1158 57 27 årlig
876 1164 69 15 amor-

199 1194 83 27 tering.
311 1193 75 22 Under
408 1194 158 29 förutsättning
588 1196 32 19 att
643 1193 93 22 Banken
751 1193 109 21 levererar
875 1191 71 22 sedel-

199 1235 94 21 papper,
309 1229 156 21 kostnadsfritt
480 1229 101 27 upplåter
596 1235 48 21 gas,
659 1230 74 19 värme
748 1227 41 21 och
804 1228 76 20 vatten
889 1227 56 20 samt

200 1263 74 21 håller
295 1263 123 22 kontrollör
441 1263 40 22 och
498 1263 108 22 bestrider
625 1261 151 23 kostnaderna
791 1261 34 21 för
840 1260 106 28 teckning

198 1298 45 21 och
259 1298 119 28 gravering
393 1298 25 21 af
425 1298 175 28 originalplåtar,
608 1297 73 21 skulle
690 1296 51 22 herr
751 1296 118 27 Tilgmann
880 1295 67 27 åtaga

198 1332 39 28 sig
261 1334 32 20 att
310 1332 104 22 tillverka
429 1332 187 22 sedelblanketter
630 1332 8 20 i
653 1330 150 28 konstnärligt
818 1329 65 28 tryck
897 1328 50 22 från

198 1366 193 28 kopparclichéer,
415 1367 35 21 till
479 1366 98 29 följande
608 1366 55 28 pris:
694 1365 50 27 fem,
767 1365 31 21 tio
821 1364 41 22 och
884 1364 63 27 tjugu

200 1401 78 22 marks
296 1401 77 21 sedeln
388 1401 35 22 till
439 1403 31 20 ett
484 1401 47 28 pris
546 1401 24 21 af
583 1401 42 28 21/,
640 1400 68 28 penni
722 1406 27 21 pr
763 1399 84 28 stycke,
863 1398 29 22 50
906 1398 41 22 och

200 1436 46 21 100
261 1436 75 21 marks
351 1436 76 21 sedeln
443 1436 34 21 till
494 1436 27 21 10
535 1435 66 28 penni
618 1435 40 21 och
674 1434 44 22 500
731 1434 76 21 marks
822 1432 75 22 sedeln
913 1432 34 22 till

200 1470 70 28 högst
286 1470 26 22 15
327 1470 74 28 penni.
423 1470 122 21 Valörerna
560 1470 14 20 å
588 1470 35 26 50,
640 1469 42 21 100
696 1468 41 22 och
753 1468 42 22 500
803 1467 63 21 mark
876 1467 72 21 skulle

272 1510 155 18 Bankutskottets
439 1509 115 18 betänkande
566 1509 36 18 N:o
615 1510 17 17 5.
