<?xml version="1.0" encoding="UTF-8"?>
<alto xmlns="http://www.loc.gov/standards/alto/ns-v3#" xmlns:xlink="http://www.w3.org/1999/xlink" xmlns:xsi="http://www.w3.org/2001/XMLSchema-instance" xsi:schemaLocation="http://www.loc.gov/standards/alto/ns-v3# http://www.loc.gov/alto/v3/alto-3-0.xsd">
	<Description>
		<MeasurementUnit>pixel</MeasurementUnit>
		<sourceImageInformation>
			<fileName>/tmp/tess_fbq9v1qv_input.PNG</fileName>
		</sourceImageInformation>
		<OCRProcessing ID="OCR_0">
			<ocrProcessingStep>
				<processingSoftware>
					<softwareName>tesseract 5.3.4</softwareName>
				</processingSoftware>
			</ocrProcessingStep>
		</OCRProcessing>
	</Description>
	<Layout>
		<Page WIDTH="1086" HEIGHT="1717" PHYSICAL_IMG_NR="0" ID="page_0">
			<PrintSpace HPOS="0" VPOS="0" WIDTH="1086" HEIGHT="1717">
				<ComposedBlock ID="cblock_0" HPOS="844" VPOS="161" WIDTH="26" HEIGHT="20">
					<TextBlock ID="block_0" HPOS="844" VPOS="161" WIDTH="26" HEIGHT="20">
						<TextLine ID="line_0" HPOS="844" VPOS="161" WIDTH="26" HEIGHT="20">
							<String ID="string_0" HPOS="844" VPOS="161" WIDTH="26" HEIGHT="20" WC="0.96" CONTENT="95"/>
						</TextLine>
					</TextBlock>
				</ComposedBlock>
				<ComposedBlock ID="cblock_1" HPOS="144" VPOS="224" WIDTH="756" HEIGHT="516">
					<TextBlock ID="block_1" HPOS="144" VPOS="224" WIDTH="756" HEIGHT="377">
						<TextLine ID="line_1" HPOS="145" VPOS="224" WIDTH="755" HEIGHT="30">
							<String ID="string_1" HPOS="145" VPOS="226" WIDTH="36" HEIGHT="28" WC="0.96" CONTENT="sig"/><SP WIDTH="16" VPOS="226" HPOS="181"/>
							<String ID="string_2" HPOS="197" VPOS="225" WIDTH="95" HEIGHT="29" WC="0.96" CONTENT="skyldig"/><SP WIDTH="14" VPOS="225" HPOS="292"/>
							<String ID="string_3" HPOS="306" VPOS="225" WIDTH="38" HEIGHT="22" WC="0.96" CONTENT="till"/><SP WIDTH="16" VPOS="225" HPOS="344"/>
							<String ID="string_4" HPOS="360" VPOS="224" WIDTH="31" HEIGHT="22" WC="0.96" CONTENT="fel"/><SP WIDTH="16" VPOS="224" HPOS="391"/>
							<String ID="string_5" HPOS="407" VPOS="225" WIDTH="56" HEIGHT="21" WC="0.96" CONTENT="eller"/><SP WIDTH="16" VPOS="225" HPOS="463"/>
							<String ID="string_6" HPOS="479" VPOS="224" WIDTH="159" HEIGHT="22" WC="0.96" CONTENT="försummelse"/><SP WIDTH="15" VPOS="224" HPOS="638"/>
							<String ID="string_7" HPOS="653" VPOS="227" WIDTH="8" HEIGHT="19" WC="0.93" CONTENT="i"/><SP WIDTH="16" VPOS="227" HPOS="661"/>
							<String ID="string_8" HPOS="677" VPOS="224" WIDTH="108" HEIGHT="30" WC="0.91" CONTENT="tjensten,"/><SP WIDTH="18" VPOS="224" HPOS="785"/>
							<String ID="string_9" HPOS="803" VPOS="232" WIDTH="54" HEIGHT="21" WC="0.93" CONTENT="eger"/><SP WIDTH="10" VPOS="232" HPOS="857"/>
							<String ID="string_10" HPOS="867" VPOS="224" WIDTH="33" HEIGHT="22" WC="0.92" CONTENT="di-"/>
						</TextLine>
						<TextLine ID="line_2" HPOS="144" VPOS="260" WIDTH="756" HEIGHT="28">
							<String ID="string_11" HPOS="144" VPOS="260" WIDTH="128" HEIGHT="28" WC="0.92" CONTENT="rektionen,"/><SP WIDTH="27" VPOS="260" HPOS="272"/>
							<String ID="string_12" HPOS="299" VPOS="260" WIDTH="60" HEIGHT="22" WC="0.93" CONTENT="efter"/><SP WIDTH="23" VPOS="260" HPOS="359"/>
							<String ID="string_13" HPOS="382" VPOS="260" WIDTH="119" HEIGHT="22" WC="0.91" CONTENT="verkstäld"/><SP WIDTH="22" VPOS="260" HPOS="501"/>
							<String ID="string_14" HPOS="523" VPOS="260" WIDTH="183" HEIGHT="28" WC="0.96" CONTENT="undersökning,"/><SP WIDTH="21" VPOS="260" HPOS="706"/>
							<String ID="string_15" HPOS="727" VPOS="260" WIDTH="112" HEIGHT="28" WC="0.93" CONTENT="antingen"/><SP WIDTH="22" VPOS="260" HPOS="839"/>
							<String ID="string_16" HPOS="861" VPOS="267" WIDTH="39" HEIGHT="14" WC="0.92" CONTENT="en-"/>
						</TextLine>
						<TextLine ID="line_3" HPOS="145" VPOS="294" WIDTH="755" HEIGHT="30">
							<String ID="string_17" HPOS="145" VPOS="294" WIDTH="73" HEIGHT="22" WC="0.92" CONTENT="skildt"/><SP WIDTH="19" VPOS="294" HPOS="218"/>
							<String ID="string_18" HPOS="237" VPOS="302" WIDTH="83" HEIGHT="21" WC="0.96" CONTENT="genom"/><SP WIDTH="16" VPOS="302" HPOS="320"/>
							<String ID="string_19" HPOS="336" VPOS="294" WIDTH="154" HEIGHT="22" WC="0.96" CONTENT="ordföranden"/><SP WIDTH="15" VPOS="294" HPOS="490"/>
							<String ID="string_20" HPOS="505" VPOS="302" WIDTH="72" HEIGHT="14" WC="0.96" CONTENT="varna"/><SP WIDTH="15" VPOS="302" HPOS="577"/>
							<String ID="string_21" HPOS="592" VPOS="294" WIDTH="45" HEIGHT="22" WC="0.91" CONTENT="den"/><SP WIDTH="19" VPOS="294" HPOS="637"/>
							<String ID="string_22" HPOS="656" VPOS="294" WIDTH="113" HEIGHT="30" WC="0.91" CONTENT="felaktige"/><SP WIDTH="15" VPOS="294" HPOS="769"/>
							<String ID="string_23" HPOS="784" VPOS="294" WIDTH="56" HEIGHT="22" WC="0.93" CONTENT="eller"/><SP WIDTH="14" VPOS="294" HPOS="840"/>
							<String ID="string_24" HPOS="854" VPOS="294" WIDTH="46" HEIGHT="22" WC="0.92" CONTENT="för-"/>
						</TextLine>
						<TextLine ID="line_4" HPOS="145" VPOS="328" WIDTH="754" HEIGHT="30">
							<String ID="string_25" HPOS="145" VPOS="330" WIDTH="99" HEIGHT="28" WC="0.91" CONTENT="sumlige"/><SP WIDTH="22" VPOS="330" HPOS="244"/>
							<String ID="string_26" HPOS="266" VPOS="329" WIDTH="56" HEIGHT="22" WC="0.96" CONTENT="eller"/><SP WIDTH="22" VPOS="329" HPOS="322"/>
							<String ID="string_27" HPOS="344" VPOS="328" WIDTH="63" HEIGHT="22" WC="0.91" CONTENT="inför"/><SP WIDTH="22" VPOS="328" HPOS="407"/>
							<String ID="string_28" HPOS="429" VPOS="328" WIDTH="159" HEIGHT="22" WC="0.91" CONTENT="direktionens"/><SP WIDTH="23" VPOS="328" HPOS="588"/>
							<String ID="string_29" HPOS="611" VPOS="329" WIDTH="117" HEIGHT="29" WC="0.96" CONTENT="protokoll"/><SP WIDTH="24" VPOS="329" HPOS="728"/>
							<String ID="string_30" HPOS="752" VPOS="328" WIDTH="90" HEIGHT="22" WC="0.93" CONTENT="tilldela"/><SP WIDTH="17" VPOS="328" HPOS="842"/>
							<String ID="string_31" HPOS="859" VPOS="328" WIDTH="40" HEIGHT="22" WC="0.92" CONTENT="ho-"/>
						</TextLine>
						<TextLine ID="line_5" HPOS="145" VPOS="363" WIDTH="754" HEIGHT="29">
							<String ID="string_32" HPOS="145" VPOS="372" WIDTH="55" HEIGHT="14" WC="0.96" CONTENT="nom"/><SP WIDTH="18" VPOS="372" HPOS="200"/>
							<String ID="string_33" HPOS="218" VPOS="363" WIDTH="164" HEIGHT="29" WC="0.96" CONTENT="föreställning"/><SP WIDTH="15" VPOS="363" HPOS="382"/>
							<String ID="string_34" HPOS="397" VPOS="364" WIDTH="56" HEIGHT="21" WC="0.96" CONTENT="eller"/><SP WIDTH="16" VPOS="364" HPOS="453"/>
							<String ID="string_35" HPOS="469" VPOS="364" WIDTH="70" HEIGHT="28" WC="0.95" CONTENT="skilja"/><SP WIDTH="14" VPOS="364" HPOS="539"/>
							<String ID="string_36" HPOS="553" VPOS="363" WIDTH="86" HEIGHT="22" WC="0.96" CONTENT="honom"/><SP WIDTH="19" VPOS="363" HPOS="639"/>
							<String ID="string_37" HPOS="658" VPOS="363" WIDTH="52" HEIGHT="22" WC="0.91" CONTENT="från"/><SP WIDTH="20" VPOS="363" HPOS="710"/>
							<String ID="string_38" HPOS="730" VPOS="363" WIDTH="114" HEIGHT="29" WC="0.91" CONTENT="tjenstens"/><SP WIDTH="19" VPOS="363" HPOS="844"/>
							<String ID="string_39" HPOS="863" VPOS="365" WIDTH="36" HEIGHT="19" WC="0.93" CONTENT="ut-"/>
						</TextLine>
						<TextLine ID="line_6" HPOS="146" VPOS="398" WIDTH="753" HEIGHT="30">
							<String ID="string_40" HPOS="146" VPOS="398" WIDTH="83" HEIGHT="30" WC="0.90" CONTENT="öfning"/><SP WIDTH="22" VPOS="398" HPOS="229"/>
							<String ID="string_41" HPOS="251" VPOS="400" WIDTH="30" HEIGHT="28" WC="0.96" CONTENT="på"/><SP WIDTH="22" VPOS="400" HPOS="281"/>
							<String ID="string_42" HPOS="303" VPOS="406" WIDTH="29" HEIGHT="14" WC="0.96" CONTENT="en"/><SP WIDTH="22" VPOS="406" HPOS="332"/>
							<String ID="string_43" HPOS="354" VPOS="398" WIDTH="57" HEIGHT="22" WC="0.95" CONTENT="eller"/><SP WIDTH="21" VPOS="398" HPOS="411"/>
							<String ID="string_44" HPOS="432" VPOS="398" WIDTH="71" HEIGHT="29" WC="0.96" CONTENT="högst"/><SP WIDTH="18" VPOS="398" HPOS="503"/>
							<String ID="string_45" HPOS="521" VPOS="399" WIDTH="41" HEIGHT="21" WC="0.96" CONTENT="två"/><SP WIDTH="18" VPOS="399" HPOS="562"/>
							<String ID="string_46" HPOS="580" VPOS="398" WIDTH="110" HEIGHT="22" WC="0.96" CONTENT="månader"/><SP WIDTH="14" VPOS="398" HPOS="690"/>
							<String ID="string_47" HPOS="704" VPOS="398" WIDTH="53" HEIGHT="22" WC="0.95" CONTENT="med"/><SP WIDTH="15" VPOS="398" HPOS="757"/>
							<String ID="string_48" HPOS="772" VPOS="398" WIDTH="56" HEIGHT="22" WC="0.95" CONTENT="eller"/><SP WIDTH="14" VPOS="398" HPOS="828"/>
							<String ID="string_49" HPOS="842" VPOS="400" WIDTH="57" HEIGHT="20" WC="0.96" CONTENT="utan"/>
						</TextLine>
						<TextLine ID="line_7" HPOS="145" VPOS="433" WIDTH="755" HEIGHT="23">
							<String ID="string_50" HPOS="145" VPOS="434" WIDTH="85" HEIGHT="22" WC="0.95" CONTENT="förlust"/><SP WIDTH="22" VPOS="434" HPOS="230"/>
							<String ID="string_51" HPOS="252" VPOS="433" WIDTH="26" HEIGHT="22" WC="0.96" CONTENT="af"/><SP WIDTH="20" VPOS="433" HPOS="278"/>
							<String ID="string_52" HPOS="298" VPOS="433" WIDTH="48" HEIGHT="22" WC="0.96" CONTENT="viss"/><SP WIDTH="16" VPOS="433" HPOS="346"/>
							<String ID="string_53" HPOS="362" VPOS="433" WIDTH="37" HEIGHT="22" WC="0.96" CONTENT="del"/><SP WIDTH="16" VPOS="433" HPOS="399"/>
							<String ID="string_54" HPOS="415" VPOS="433" WIDTH="26" HEIGHT="22" WC="0.96" CONTENT="af"/><SP WIDTH="12" VPOS="433" HPOS="441"/>
							<String ID="string_55" HPOS="453" VPOS="434" WIDTH="70" HEIGHT="21" WC="0.96" CONTENT="lönen"/><SP WIDTH="16" VPOS="434" HPOS="523"/>
							<String ID="string_56" HPOS="539" VPOS="433" WIDTH="35" HEIGHT="22" WC="0.96" CONTENT="för"/><SP WIDTH="16" VPOS="433" HPOS="574"/>
							<String ID="string_57" HPOS="590" VPOS="441" WIDTH="86" HEIGHT="14" WC="0.96" CONTENT="samma"/><SP WIDTH="15" VPOS="441" HPOS="676"/>
							<String ID="string_58" HPOS="691" VPOS="433" WIDTH="41" HEIGHT="22" WC="0.96" CONTENT="tid."/><SP WIDTH="31" VPOS="433" HPOS="732"/>
							<String ID="string_59" HPOS="763" VPOS="434" WIDTH="54" HEIGHT="21" WC="0.95" CONTENT="Men"/><SP WIDTH="16" VPOS="434" HPOS="817"/>
							<String ID="string_60" HPOS="833" VPOS="440" WIDTH="67" HEIGHT="15" WC="0.96" CONTENT="anser"/>
						</TextLine>
						<TextLine ID="line_8" HPOS="146" VPOS="468" WIDTH="753" HEIGHT="28">
							<String ID="string_61" HPOS="146" VPOS="469" WIDTH="146" HEIGHT="22" WC="0.96" CONTENT="direktionen"/><SP WIDTH="15" VPOS="469" HPOS="292"/>
							<String ID="string_62" HPOS="307" VPOS="468" WIDTH="57" HEIGHT="22" WC="0.96" CONTENT="felet"/><SP WIDTH="15" VPOS="468" HPOS="364"/>
							<String ID="string_63" HPOS="379" VPOS="469" WIDTH="56" HEIGHT="21" WC="0.93" CONTENT="eller"/><SP WIDTH="14" VPOS="469" HPOS="435"/>
							<String ID="string_64" HPOS="449" VPOS="468" WIDTH="178" HEIGHT="22" WC="0.92" CONTENT="försummelsen"/><SP WIDTH="15" VPOS="468" HPOS="627"/>
							<String ID="string_65" HPOS="642" VPOS="476" WIDTH="55" HEIGHT="14" WC="0.96" CONTENT="vara"/><SP WIDTH="15" VPOS="476" HPOS="697"/>
							<String ID="string_66" HPOS="712" VPOS="468" WIDTH="26" HEIGHT="22" WC="0.96" CONTENT="af"/><SP WIDTH="13" VPOS="468" HPOS="738"/>
							<String ID="string_67" HPOS="751" VPOS="469" WIDTH="91" HEIGHT="21" WC="0.95" CONTENT="svårare"/><SP WIDTH="15" VPOS="469" HPOS="842"/>
							<String ID="string_68" HPOS="857" VPOS="470" WIDTH="42" HEIGHT="26" WC="0.96" CONTENT="art,"/>
						</TextLine>
						<TextLine ID="line_9" HPOS="147" VPOS="503" WIDTH="752" HEIGHT="29">
							<String ID="string_69" HPOS="147" VPOS="504" WIDTH="59" HEIGHT="22" WC="0.96" CONTENT="skall"/><SP WIDTH="16" VPOS="504" HPOS="206"/>
							<String ID="string_70" HPOS="222" VPOS="503" WIDTH="44" HEIGHT="22" WC="0.96" CONTENT="den"/><SP WIDTH="16" VPOS="503" HPOS="266"/>
							<String ID="string_71" HPOS="282" VPOS="503" WIDTH="107" HEIGHT="29" WC="0.96" CONTENT="skyldige"/><SP WIDTH="15" VPOS="503" HPOS="389"/>
							<String ID="string_72" HPOS="404" VPOS="503" WIDTH="97" HEIGHT="22" WC="0.96" CONTENT="tilltalas"/><SP WIDTH="15" VPOS="503" HPOS="501"/>
							<String ID="string_73" HPOS="516" VPOS="503" WIDTH="63" HEIGHT="22" WC="0.96" CONTENT="inför"/><SP WIDTH="9" VPOS="503" HPOS="579"/>
							<String ID="string_74" HPOS="588" VPOS="503" WIDTH="54" HEIGHT="29" WC="0.96" CONTENT="laga"/><SP WIDTH="10" VPOS="503" HPOS="642"/>
							<String ID="string_75" HPOS="652" VPOS="503" WIDTH="100" HEIGHT="22" WC="0.95" CONTENT="domstol"/><SP WIDTH="11" VPOS="503" HPOS="752"/>
							<String ID="string_76" HPOS="763" VPOS="505" WIDTH="59" HEIGHT="20" WC="0.93" CONTENT="samt"/><SP WIDTH="11" VPOS="505" HPOS="822"/>
							<String ID="string_77" HPOS="833" VPOS="503" WIDTH="66" HEIGHT="22" WC="0.91" CONTENT="emel-"/>
						</TextLine>
						<TextLine ID="line_10" HPOS="145" VPOS="537" WIDTH="755" HEIGHT="30">
							<String ID="string_78" HPOS="145" VPOS="539" WIDTH="76" HEIGHT="28" WC="0.91" CONTENT="lertid,"/><SP WIDTH="23" VPOS="539" HPOS="221"/>
							<String ID="string_79" HPOS="244" VPOS="538" WIDTH="64" HEIGHT="22" WC="0.96" CONTENT="intill"/><SP WIDTH="22" VPOS="538" HPOS="308"/>
							<String ID="string_80" HPOS="330" VPOS="538" WIDTH="52" HEIGHT="22" WC="0.96" CONTENT="dess"/><SP WIDTH="23" VPOS="538" HPOS="382"/>
							<String ID="string_81" HPOS="405" VPOS="538" WIDTH="95" HEIGHT="22" WC="0.96" CONTENT="ärendet"/><SP WIDTH="22" VPOS="538" HPOS="500"/>
							<String ID="string_82" HPOS="522" VPOS="538" WIDTH="80" HEIGHT="22" WC="0.94" CONTENT="blifvit"/><SP WIDTH="16" VPOS="538" HPOS="602"/>
							<String ID="string_83" HPOS="618" VPOS="538" WIDTH="110" HEIGHT="29" WC="0.93" CONTENT="slutligen"/><SP WIDTH="16" VPOS="538" HPOS="728"/>
							<String ID="string_84" HPOS="744" VPOS="538" WIDTH="107" HEIGHT="29" WC="0.92" CONTENT="afgjordt,"/><SP WIDTH="16" VPOS="538" HPOS="851"/>
							<String ID="string_85" HPOS="867" VPOS="537" WIDTH="33" HEIGHT="22" WC="0.92" CONTENT="af-"/>
						</TextLine>
						<TextLine ID="line_11" HPOS="145" VPOS="573" WIDTH="320" HEIGHT="28">
							<String ID="string_86" HPOS="145" VPOS="573" WIDTH="73" HEIGHT="22" WC="0.96" CONTENT="hållas"/><SP WIDTH="16" VPOS="573" HPOS="218"/>
							<String ID="string_87" HPOS="234" VPOS="573" WIDTH="52" HEIGHT="22" WC="0.93" CONTENT="från"/><SP WIDTH="15" VPOS="573" HPOS="286"/>
							<String ID="string_88" HPOS="301" VPOS="573" WIDTH="164" HEIGHT="28" WC="0.91" CONTENT="tjenstgöring."/>
						</TextLine>
					</TextBlock>
					<TextBlock ID="block_2" HPOS="145" VPOS="607" WIDTH="755" HEIGHT="133">
						<TextLine ID="line_12" HPOS="214" VPOS="607" WIDTH="686" HEIGHT="30">
							<String ID="string_89" HPOS="214" VPOS="608" WIDTH="51" HEIGHT="22" WC="0.96" CONTENT="Den"/><SP WIDTH="24" VPOS="608" HPOS="265"/>
							<String ID="string_90" HPOS="289" VPOS="615" WIDTH="49" HEIGHT="14" WC="0.96" CONTENT="som"/><SP WIDTH="22" VPOS="615" HPOS="338"/>
							<String ID="string_91" HPOS="360" VPOS="607" WIDTH="80" HEIGHT="22" WC="0.95" CONTENT="blifvit"/><SP WIDTH="23" VPOS="607" HPOS="440"/>
							<String ID="string_92" HPOS="463" VPOS="607" WIDTH="62" HEIGHT="22" WC="0.96" CONTENT="skild"/><SP WIDTH="23" VPOS="607" HPOS="525"/>
							<String ID="string_93" HPOS="548" VPOS="607" WIDTH="52" HEIGHT="22" WC="0.93" CONTENT="från"/><SP WIDTH="15" VPOS="607" HPOS="600"/>
							<String ID="string_94" HPOS="615" VPOS="607" WIDTH="114" HEIGHT="30" WC="0.92" CONTENT="tjenstens"/><SP WIDTH="16" VPOS="607" HPOS="729"/>
							<String ID="string_95" HPOS="745" VPOS="607" WIDTH="111" HEIGHT="29" WC="0.91" CONTENT="utöfning"/><SP WIDTH="14" VPOS="607" HPOS="856"/>
							<String ID="string_96" HPOS="870" VPOS="608" WIDTH="30" HEIGHT="28" WC="0.96" CONTENT="på"/>
						</TextLine>
						<TextLine ID="line_13" HPOS="145" VPOS="642" WIDTH="755" HEIGHT="29">
							<String ID="string_97" HPOS="145" VPOS="643" WIDTH="48" HEIGHT="22" WC="0.96" CONTENT="viss"/><SP WIDTH="15" VPOS="643" HPOS="193"/>
							<String ID="string_98" HPOS="208" VPOS="642" WIDTH="36" HEIGHT="22" WC="0.96" CONTENT="tid"/><SP WIDTH="22" VPOS="642" HPOS="244"/>
							<String ID="string_99" HPOS="266" VPOS="642" WIDTH="52" HEIGHT="22" WC="0.95" CONTENT="med"/><SP WIDTH="15" VPOS="642" HPOS="318"/>
							<String ID="string_100" HPOS="333" VPOS="642" WIDTH="56" HEIGHT="21" WC="0.95" CONTENT="eller"/><SP WIDTH="22" VPOS="642" HPOS="389"/>
							<String ID="string_101" HPOS="411" VPOS="644" WIDTH="57" HEIGHT="20" WC="0.96" CONTENT="utan"/><SP WIDTH="15" VPOS="644" HPOS="468"/>
							<String ID="string_102" HPOS="483" VPOS="642" WIDTH="85" HEIGHT="22" WC="0.95" CONTENT="förlust"/><SP WIDTH="15" VPOS="642" HPOS="568"/>
							<String ID="string_103" HPOS="583" VPOS="642" WIDTH="26" HEIGHT="22" WC="0.96" CONTENT="af"/><SP WIDTH="12" VPOS="642" HPOS="609"/>
							<String ID="string_104" HPOS="621" VPOS="643" WIDTH="47" HEIGHT="28" WC="0.93" CONTENT="lön,"/><SP WIDTH="16" VPOS="643" HPOS="668"/>
							<String ID="string_105" HPOS="684" VPOS="642" WIDTH="81" HEIGHT="22" WC="0.92" CONTENT="stånde"/><SP WIDTH="16" VPOS="642" HPOS="765"/>
							<String ID="string_106" HPOS="781" VPOS="644" WIDTH="70" HEIGHT="27" WC="0.96" CONTENT="öppet"/><SP WIDTH="14" VPOS="644" HPOS="851"/>
							<String ID="string_107" HPOS="865" VPOS="644" WIDTH="35" HEIGHT="19" WC="0.96" CONTENT="att"/>
						</TextLine>
						<TextLine ID="line_14" HPOS="145" VPOS="677" WIDTH="754" HEIGHT="28">
							<String ID="string_108" HPOS="145" VPOS="678" WIDTH="63" HEIGHT="21" WC="0.95" CONTENT="inom"/><SP WIDTH="16" VPOS="678" HPOS="208"/>
							<String ID="string_109" HPOS="224" VPOS="677" WIDTH="80" HEIGHT="22" WC="0.95" CONTENT="trettio"/><SP WIDTH="16" VPOS="677" HPOS="304"/>
							<String ID="string_110" HPOS="320" VPOS="677" WIDTH="71" HEIGHT="28" WC="0.96" CONTENT="dagar"/><SP WIDTH="15" VPOS="677" HPOS="391"/>
							<String ID="string_111" HPOS="406" VPOS="677" WIDTH="59" HEIGHT="22" WC="0.96" CONTENT="efter"/><SP WIDTH="20" VPOS="677" HPOS="465"/>
							<String ID="string_112" HPOS="485" VPOS="677" WIDTH="39" HEIGHT="22" WC="0.96" CONTENT="det"/><SP WIDTH="14" VPOS="677" HPOS="524"/>
							<String ID="string_113" HPOS="538" VPOS="677" WIDTH="46" HEIGHT="22" WC="0.96" CONTENT="han"/><SP WIDTH="16" VPOS="677" HPOS="584"/>
							<String ID="string_114" HPOS="600" VPOS="677" WIDTH="26" HEIGHT="22" WC="0.96" CONTENT="af"/><SP WIDTH="12" VPOS="677" HPOS="626"/>
							<String ID="string_115" HPOS="638" VPOS="677" WIDTH="101" HEIGHT="22" WC="0.96" CONTENT="beslutet"/><SP WIDTH="15" VPOS="677" HPOS="739"/>
							<String ID="string_116" HPOS="754" VPOS="677" WIDTH="93" HEIGHT="22" WC="0.96" CONTENT="erhållit"/><SP WIDTH="16" VPOS="677" HPOS="847"/>
							<String ID="string_117" HPOS="863" VPOS="677" WIDTH="36" HEIGHT="21" WC="0.96" CONTENT="del"/>
						</TextLine>
						<TextLine ID="line_15" HPOS="145" VPOS="711" WIDTH="370" HEIGHT="29">
							<String ID="string_118" HPOS="145" VPOS="712" WIDTH="49" HEIGHT="22" WC="0.92" CONTENT="deri"/><SP WIDTH="17" VPOS="712" HPOS="194"/>
							<String ID="string_119" HPOS="211" VPOS="712" WIDTH="57" HEIGHT="22" WC="0.95" CONTENT="söka"/><SP WIDTH="14" VPOS="712" HPOS="268"/>
							<String ID="string_120" HPOS="282" VPOS="711" WIDTH="99" HEIGHT="29" WC="0.96" CONTENT="ändring"/><SP WIDTH="15" VPOS="711" HPOS="381"/>
							<String ID="string_121" HPOS="396" VPOS="712" WIDTH="9" HEIGHT="21" WC="0.92" CONTENT="i"/><SP WIDTH="15" VPOS="712" HPOS="405"/>
							<String ID="string_122" HPOS="420" VPOS="711" WIDTH="95" HEIGHT="23" WC="0.91" CONTENT="hofrätt."/>
						</TextLine>
					</TextBlock>
				</ComposedBlock>
				<ComposedBlock ID="cblock_2" HPOS="143" VPOS="806" WIDTH="756" HEIGHT="728">
					<TextBlock ID="block_3" HPOS="490" VPOS="806" WIDTH="62" HEIGHT="25">
						<TextLine ID="line_16" HPOS="490" VPOS="806" WIDTH="62" HEIGHT="25">
							<String ID="string_123" HPOS="490" VPOS="806" WIDTH="13" HEIGHT="25" WC="0.90" CONTENT="8"/><SP WIDTH="16" VPOS="806" HPOS="503"/>
							<String ID="string_124" HPOS="519" VPOS="807" WIDTH="33" HEIGHT="19" WC="0.94" CONTENT="71."/>
						</TextLine>
					</TextBlock>
					<TextBlock ID="block_4" HPOS="144" VPOS="843" WIDTH="755" HEIGHT="163">
						<TextLine ID="line_17" HPOS="214" VPOS="843" WIDTH="685" HEIGHT="30">
							<String ID="string_125" HPOS="214" VPOS="845" WIDTH="65" HEIGHT="21" WC="0.96" CONTENT="Brist"/><SP WIDTH="21" VPOS="845" HPOS="279"/>
							<String ID="string_126" HPOS="300" VPOS="845" WIDTH="9" HEIGHT="21" WC="0.93" CONTENT="i"/><SP WIDTH="22" VPOS="845" HPOS="309"/>
							<String ID="string_127" HPOS="331" VPOS="845" WIDTH="92" HEIGHT="22" WC="0.92" CONTENT="kassörs"/><SP WIDTH="20" VPOS="845" HPOS="423"/>
							<String ID="string_128" HPOS="443" VPOS="844" WIDTH="133" HEIGHT="23" WC="0.92" CONTENT="handkassa"/><SP WIDTH="15" VPOS="844" HPOS="576"/>
							<String ID="string_129" HPOS="591" VPOS="849" WIDTH="25" HEIGHT="18" WC="0.97" CONTENT="är"/><SP WIDTH="15" VPOS="849" HPOS="616"/>
							<String ID="string_130" HPOS="631" VPOS="845" WIDTH="51" HEIGHT="28" WC="0.96" CONTENT="den,"/><SP WIDTH="24" VPOS="845" HPOS="682"/>
							<String ID="string_131" HPOS="706" VPOS="852" WIDTH="49" HEIGHT="15" WC="0.93" CONTENT="som"/><SP WIDTH="15" VPOS="852" HPOS="755"/>
							<String ID="string_132" HPOS="770" VPOS="843" WIDTH="129" HEIGHT="24" WC="0.95" CONTENT="förvaltade"/>
						</TextLine>
						<TextLine ID="line_18" HPOS="145" VPOS="879" WIDTH="754" HEIGHT="30">
							<String ID="string_133" HPOS="145" VPOS="880" WIDTH="91" HEIGHT="28" WC="0.96" CONTENT="kassan,"/><SP WIDTH="24" VPOS="880" HPOS="236"/>
							<String ID="string_134" HPOS="260" VPOS="879" WIDTH="29" HEIGHT="22" WC="0.91" CONTENT="dä"/><SP WIDTH="23" VPOS="879" HPOS="289"/>
							<String ID="string_135" HPOS="312" VPOS="879" WIDTH="87" HEIGHT="22" WC="0.92" CONTENT="bristen"/><SP WIDTH="23" VPOS="879" HPOS="399"/>
							<String ID="string_136" HPOS="422" VPOS="880" WIDTH="144" HEIGHT="29" WC="0.92" CONTENT="upptäcktes,"/><SP WIDTH="17" VPOS="880" HPOS="566"/>
							<String ID="string_137" HPOS="583" VPOS="879" WIDTH="96" HEIGHT="30" WC="0.93" CONTENT="skyldig"/><SP WIDTH="15" VPOS="879" HPOS="679"/>
							<String ID="string_138" HPOS="694" VPOS="881" WIDTH="35" HEIGHT="20" WC="0.93" CONTENT="att"/><SP WIDTH="14" VPOS="881" HPOS="729"/>
							<String ID="string_139" HPOS="743" VPOS="881" WIDTH="86" HEIGHT="20" WC="0.91" CONTENT="ersätta"/><SP WIDTH="14" VPOS="881" HPOS="829"/>
							<String ID="string_140" HPOS="843" VPOS="879" WIDTH="56" HEIGHT="22" WC="0.93" CONTENT="ban-"/>
						</TextLine>
						<TextLine ID="line_19" HPOS="145" VPOS="914" WIDTH="754" HEIGHT="30">
							<String ID="string_141" HPOS="145" VPOS="914" WIDTH="52" HEIGHT="29" WC="0.93" CONTENT="ken,"/><SP WIDTH="21" VPOS="914" HPOS="197"/>
							<String ID="string_142" HPOS="218" VPOS="914" WIDTH="77" HEIGHT="22" WC="0.93" CONTENT="derest"/><SP WIDTH="15" VPOS="914" HPOS="295"/>
							<String ID="string_143" HPOS="310" VPOS="914" WIDTH="38" HEIGHT="22" WC="0.93" CONTENT="det"/><SP WIDTH="15" VPOS="914" HPOS="348"/>
							<String ID="string_144" HPOS="363" VPOS="914" WIDTH="51" HEIGHT="22" WC="0.92" CONTENT="icke"/><SP WIDTH="16" VPOS="914" HPOS="414"/>
							<String ID="string_145" HPOS="430" VPOS="914" WIDTH="154" HEIGHT="29" WC="0.89" CONTENT="ädagalägges"/><SP WIDTH="16" VPOS="914" HPOS="584"/>
							<String ID="string_146" HPOS="600" VPOS="916" WIDTH="35" HEIGHT="21" WC="0.93" CONTENT="att"/><SP WIDTH="14" VPOS="916" HPOS="635"/>
							<String ID="string_147" HPOS="649" VPOS="914" WIDTH="88" HEIGHT="23" WC="0.92" CONTENT="bristen"/><SP WIDTH="16" VPOS="914" HPOS="737"/>
							<String ID="string_148" HPOS="753" VPOS="914" WIDTH="146" HEIGHT="30" WC="0.92" CONTENT="uppkommit"/>
						</TextLine>
						<TextLine ID="line_20" HPOS="145" VPOS="949" WIDTH="754" HEIGHT="30">
							<String ID="string_149" HPOS="145" VPOS="956" WIDTH="85" HEIGHT="21" WC="0.90" CONTENT="genom"/><SP WIDTH="22" VPOS="956" HPOS="230"/>
							<String ID="string_150" HPOS="252" VPOS="949" WIDTH="191" HEIGHT="27" WC="0.92" CONTENT="olyckshändelse"/><SP WIDTH="24" VPOS="949" HPOS="443"/>
							<String ID="string_151" HPOS="467" VPOS="949" WIDTH="56" HEIGHT="22" WC="0.93" CONTENT="eller"/><SP WIDTH="22" VPOS="949" HPOS="523"/>
							<String ID="string_152" HPOS="545" VPOS="950" WIDTH="111" HEIGHT="29" WC="0.96" CONTENT="tillgrepp"/><SP WIDTH="23" VPOS="950" HPOS="656"/>
							<String ID="string_153" HPOS="679" VPOS="951" WIDTH="57" HEIGHT="21" WC="0.93" CONTENT="utan"/><SP WIDTH="17" VPOS="951" HPOS="736"/>
							<String ID="string_154" HPOS="753" VPOS="950" WIDTH="73" HEIGHT="28" WC="0.96" CONTENT="något"/><SP WIDTH="14" VPOS="950" HPOS="826"/>
							<String ID="string_155" HPOS="840" VPOS="949" WIDTH="59" HEIGHT="22" WC="0.96" CONTENT="hans"/>
						</TextLine>
						<TextLine ID="line_21" HPOS="144" VPOS="983" WIDTH="151" HEIGHT="23">
							<String ID="string_156" HPOS="144" VPOS="983" WIDTH="151" HEIGHT="23" WC="0.87" CONTENT="förvällande."/>
						</TextLine>
					</TextBlock>
					<TextBlock ID="block_5" HPOS="144" VPOS="1017" WIDTH="755" HEIGHT="238">
						<TextLine ID="line_22" HPOS="212" VPOS="1017" WIDTH="687" HEIGHT="30">
							<String ID="string_157" HPOS="212" VPOS="1018" WIDTH="163" HEIGHT="22" WC="0.91" CONTENT="Förekommer"/><SP WIDTH="13" VPOS="1018" HPOS="375"/>
							<String ID="string_158" HPOS="388" VPOS="1017" WIDTH="59" HEIGHT="23" WC="0.92" CONTENT="brist"/><SP WIDTH="15" VPOS="1017" HPOS="447"/>
							<String ID="string_159" HPOS="462" VPOS="1019" WIDTH="9" HEIGHT="20" WC="0.93" CONTENT="i"/><SP WIDTH="15" VPOS="1019" HPOS="471"/>
							<String ID="string_160" HPOS="486" VPOS="1018" WIDTH="104" HEIGHT="22" WC="0.93" CONTENT="bankens"/><SP WIDTH="14" VPOS="1018" HPOS="590"/>
							<String ID="string_161" HPOS="604" VPOS="1018" WIDTH="72" HEIGHT="28" WC="0.92" CONTENT="hvalf,"/><SP WIDTH="16" VPOS="1018" HPOS="676"/>
							<String ID="string_162" HPOS="692" VPOS="1022" WIDTH="38" HEIGHT="19" WC="0.93" CONTENT="äro"/><SP WIDTH="16" VPOS="1022" HPOS="730"/>
							<String ID="string_163" HPOS="746" VPOS="1019" WIDTH="35" HEIGHT="28" WC="0.96" CONTENT="de,"/><SP WIDTH="12" VPOS="1019" HPOS="781"/>
							<String ID="string_164" HPOS="793" VPOS="1026" WIDTH="48" HEIGHT="15" WC="0.93" CONTENT="som"/><SP WIDTH="12" VPOS="1026" HPOS="841"/>
							<String ID="string_165" HPOS="853" VPOS="1025" WIDTH="46" HEIGHT="15" WC="0.92" CONTENT="om-"/>
						</TextLine>
						<TextLine ID="line_23" HPOS="144" VPOS="1053" WIDTH="755" HEIGHT="29">
							<String ID="string_166" HPOS="144" VPOS="1053" WIDTH="158" HEIGHT="22" WC="0.92" CONTENT="händerhafva"/><SP WIDTH="15" VPOS="1053" HPOS="302"/>
							<String ID="string_167" HPOS="317" VPOS="1053" WIDTH="132" HEIGHT="29" WC="0.91" CONTENT="nycklarne,"/><SP WIDTH="17" VPOS="1053" HPOS="449"/>
							<String ID="string_168" HPOS="466" VPOS="1055" WIDTH="144" HEIGHT="26" WC="0.93" CONTENT="gemensamt"/><SP WIDTH="10" VPOS="1055" HPOS="610"/>
							<String ID="string_169" HPOS="620" VPOS="1053" WIDTH="122" HEIGHT="29" WC="0.88" CONTENT="ansvarige"/><SP WIDTH="9" VPOS="1053" HPOS="742"/>
							<String ID="string_170" HPOS="751" VPOS="1053" WIDTH="38" HEIGHT="22" WC="0.93" CONTENT="för"/><SP WIDTH="9" VPOS="1053" HPOS="789"/>
							<String ID="string_171" HPOS="798" VPOS="1053" WIDTH="101" HEIGHT="22" WC="0.92" CONTENT="bristens"/>
						</TextLine>
						<TextLine ID="line_24" HPOS="144" VPOS="1087" WIDTH="755" HEIGHT="29">
							<String ID="string_172" HPOS="144" VPOS="1087" WIDTH="56" HEIGHT="22" WC="0.92" CONTENT="eller"/><SP WIDTH="21" VPOS="1087" HPOS="200"/>
							<String ID="string_173" HPOS="221" VPOS="1087" WIDTH="127" HEIGHT="22" WC="0.91" CONTENT="förlustens"/><SP WIDTH="23" VPOS="1087" HPOS="348"/>
							<String ID="string_174" HPOS="371" VPOS="1088" WIDTH="155" HEIGHT="28" WC="0.92" CONTENT="betäckande;"/><SP WIDTH="23" VPOS="1088" HPOS="526"/>
							<String ID="string_175" HPOS="549" VPOS="1088" WIDTH="60" HEIGHT="22" WC="0.93" CONTENT="dock"/><SP WIDTH="20" VPOS="1088" HPOS="609"/>
							<String ID="string_176" HPOS="629" VPOS="1088" WIDTH="96" HEIGHT="22" WC="0.92" CONTENT="sälunda"/><SP WIDTH="15" VPOS="1088" HPOS="725"/>
							<String ID="string_177" HPOS="740" VPOS="1091" WIDTH="35" HEIGHT="19" WC="0.93" CONTENT="att"/><SP WIDTH="14" VPOS="1091" HPOS="775"/>
							<String ID="string_178" HPOS="789" VPOS="1088" WIDTH="110" HEIGHT="23" WC="0.91" CONTENT="vederbö-"/>
						</TextLine>
						<TextLine ID="line_25" HPOS="145" VPOS="1121" WIDTH="754" HEIGHT="31">
							<String ID="string_179" HPOS="145" VPOS="1121" WIDTH="70" HEIGHT="23" WC="0.92" CONTENT="rande"/><SP WIDTH="23" VPOS="1121" HPOS="215"/>
							<String ID="string_180" HPOS="238" VPOS="1122" WIDTH="128" HEIGHT="22" WC="0.92" CONTENT="kamrerare"/><SP WIDTH="20" VPOS="1122" HPOS="366"/>
							<String ID="string_181" HPOS="386" VPOS="1123" WIDTH="56" HEIGHT="21" WC="0.93" CONTENT="eller"/><SP WIDTH="14" VPOS="1123" HPOS="442"/>
							<String ID="string_182" HPOS="456" VPOS="1123" WIDTH="83" HEIGHT="22" WC="0.93" CONTENT="kassör"/><SP WIDTH="14" VPOS="1123" HPOS="539"/>
							<String ID="string_183" HPOS="553" VPOS="1123" WIDTH="89" HEIGHT="29" WC="0.92" CONTENT="äligger"/><SP WIDTH="15" VPOS="1123" HPOS="642"/>
							<String ID="string_184" HPOS="657" VPOS="1131" WIDTH="78" HEIGHT="14" WC="0.92" CONTENT="ensam"/><SP WIDTH="15" VPOS="1131" HPOS="735"/>
							<String ID="string_185" HPOS="750" VPOS="1130" WIDTH="98" HEIGHT="15" WC="0.92" CONTENT="ansvara"/><SP WIDTH="14" VPOS="1130" HPOS="848"/>
							<String ID="string_186" HPOS="862" VPOS="1122" WIDTH="37" HEIGHT="22" WC="0.96" CONTENT="för"/>
						</TextLine>
						<TextLine ID="line_26" HPOS="145" VPOS="1156" WIDTH="754" HEIGHT="31">
							<String ID="string_187" HPOS="145" VPOS="1156" WIDTH="153" HEIGHT="29" WC="0.93" CONTENT="fullständiga"/><SP WIDTH="21" VPOS="1156" HPOS="298"/>
							<String ID="string_188" HPOS="319" VPOS="1157" WIDTH="129" HEIGHT="22" WC="0.91" CONTENT="innehället"/><SP WIDTH="23" VPOS="1157" HPOS="448"/>
							<String ID="string_189" HPOS="471" VPOS="1157" WIDTH="26" HEIGHT="22" WC="0.93" CONTENT="af"/><SP WIDTH="20" VPOS="1157" HPOS="497"/>
							<String ID="string_190" HPOS="517" VPOS="1157" WIDTH="80" HEIGHT="30" WC="0.90" CONTENT="hvarje"/><SP WIDTH="23" VPOS="1157" HPOS="597"/>
							<String ID="string_191" HPOS="620" VPOS="1157" WIDTH="64" HEIGHT="29" WC="0.92" CONTENT="bunt,"/><SP WIDTH="23" VPOS="1157" HPOS="684"/>
							<String ID="string_192" HPOS="707" VPOS="1159" WIDTH="54" HEIGHT="28" WC="0.92" CONTENT="päse"/><SP WIDTH="16" VPOS="1159" HPOS="761"/>
							<String ID="string_193" HPOS="777" VPOS="1158" WIDTH="56" HEIGHT="21" WC="0.93" CONTENT="eller"/><SP WIDTH="15" VPOS="1158" HPOS="833"/>
							<String ID="string_194" HPOS="848" VPOS="1157" WIDTH="51" HEIGHT="22" WC="0.93" CONTENT="kärl"/>
						</TextLine>
						<TextLine ID="line_27" HPOS="145" VPOS="1191" WIDTH="754" HEIGHT="24">
							<String ID="string_195" HPOS="145" VPOS="1193" WIDTH="59" HEIGHT="20" WC="0.92" CONTENT="samt"/><SP WIDTH="15" VPOS="1193" HPOS="204"/>
							<String ID="string_196" HPOS="219" VPOS="1191" WIDTH="261" HEIGHT="22" WC="0.91" CONTENT="direktionsledamoten"/><SP WIDTH="15" VPOS="1191" HPOS="480"/>
							<String ID="string_197" HPOS="495" VPOS="1192" WIDTH="57" HEIGHT="21" WC="0.93" CONTENT="eller"/><SP WIDTH="14" VPOS="1192" HPOS="552"/>
							<String ID="string_198" HPOS="566" VPOS="1192" WIDTH="240" HEIGHT="23" WC="0.89" CONTENT="bankkommissarien"/><SP WIDTH="11" VPOS="1192" HPOS="806"/>
							<String ID="string_199" HPOS="817" VPOS="1192" WIDTH="82" HEIGHT="22" WC="0.96" CONTENT="endast"/>
						</TextLine>
						<TextLine ID="line_28" HPOS="144" VPOS="1225" WIDTH="303" HEIGHT="30">
							<String ID="string_200" HPOS="144" VPOS="1225" WIDTH="37" HEIGHT="22" WC="0.96" CONTENT="för"/><SP WIDTH="14" VPOS="1225" HPOS="181"/>
							<String ID="string_201" HPOS="195" VPOS="1225" WIDTH="66" HEIGHT="23" WC="0.93" CONTENT="deras"/><SP WIDTH="15" VPOS="1225" HPOS="261"/>
							<String ID="string_202" HPOS="276" VPOS="1227" WIDTH="87" HEIGHT="28" WC="0.92" CONTENT="riktiga"/><SP WIDTH="15" VPOS="1227" HPOS="363"/>
							<String ID="string_203" HPOS="378" VPOS="1227" WIDTH="69" HEIGHT="22" WC="0.96" CONTENT="antal."/>
						</TextLine>
					</TextBlock>
					<TextBlock ID="block_6" HPOS="143" VPOS="1261" WIDTH="756" HEIGHT="203">
						<TextLine ID="line_29" HPOS="212" VPOS="1261" WIDTH="687" HEIGHT="29">
							<String ID="string_204" HPOS="212" VPOS="1261" WIDTH="58" HEIGHT="28" WC="0.93" CONTENT="Den,"/><SP WIDTH="16" VPOS="1261" HPOS="270"/>
							<String ID="string_205" HPOS="286" VPOS="1261" WIDTH="95" HEIGHT="22" WC="0.91" CONTENT="hvilken"/><SP WIDTH="23" VPOS="1261" HPOS="381"/>
							<String ID="string_206" HPOS="404" VPOS="1261" WIDTH="40" HEIGHT="22" WC="0.93" CONTENT="det"/><SP WIDTH="21" VPOS="1261" HPOS="444"/>
							<String ID="string_207" HPOS="465" VPOS="1261" WIDTH="91" HEIGHT="29" WC="0.92" CONTENT="äligger"/><SP WIDTH="22" VPOS="1261" HPOS="556"/>
							<String ID="string_208" HPOS="578" VPOS="1261" WIDTH="70" HEIGHT="29" WC="0.92" CONTENT="tillse,"/><SP WIDTH="23" VPOS="1261" HPOS="648"/>
							<String ID="string_209" HPOS="671" VPOS="1263" WIDTH="35" HEIGHT="20" WC="0.93" CONTENT="att"/><SP WIDTH="14" VPOS="1263" HPOS="706"/>
							<String ID="string_210" HPOS="720" VPOS="1261" WIDTH="93" HEIGHT="23" WC="0.91" CONTENT="kassörs"/><SP WIDTH="15" VPOS="1261" HPOS="813"/>
							<String ID="string_211" HPOS="828" VPOS="1261" WIDTH="71" HEIGHT="22" WC="0.91" CONTENT="hand-"/>
						</TextLine>
						<TextLine ID="line_30" HPOS="143" VPOS="1295" WIDTH="755" HEIGHT="31">
							<String ID="string_212" HPOS="143" VPOS="1295" WIDTH="69" HEIGHT="22" WC="0.93" CONTENT="kassa"/><SP WIDTH="21" VPOS="1295" HPOS="212"/>
							<String ID="string_213" HPOS="233" VPOS="1296" WIDTH="52" HEIGHT="21" WC="0.92" CONTENT="icke"/><SP WIDTH="23" VPOS="1296" HPOS="285"/>
							<String ID="string_214" HPOS="308" VPOS="1296" WIDTH="156" HEIGHT="30" WC="0.91" CONTENT="öfverskjuter"/><SP WIDTH="22" VPOS="1296" HPOS="464"/>
							<String ID="string_215" HPOS="486" VPOS="1296" WIDTH="53" HEIGHT="22" WC="0.93" CONTENT="dess"/><SP WIDTH="15" VPOS="1296" HPOS="539"/>
							<String ID="string_216" HPOS="554" VPOS="1296" WIDTH="84" HEIGHT="30" WC="0.91" CONTENT="högsta"/><SP WIDTH="15" VPOS="1296" HPOS="638"/>
							<String ID="string_217" HPOS="653" VPOS="1297" WIDTH="92" HEIGHT="21" WC="0.92" CONTENT="tillätna"/><SP WIDTH="15" VPOS="1297" HPOS="745"/>
							<String ID="string_218" HPOS="760" VPOS="1297" WIDTH="91" HEIGHT="29" WC="0.92" CONTENT="belopp,"/><SP WIDTH="16" VPOS="1297" HPOS="851"/>
							<String ID="string_219" HPOS="867" VPOS="1300" WIDTH="31" HEIGHT="24" WC="0.96" CONTENT="är,"/>
						</TextLine>
						<TextLine ID="line_31" HPOS="144" VPOS="1330" WIDTH="755" HEIGHT="30">
							<String ID="string_220" HPOS="144" VPOS="1330" WIDTH="77" HEIGHT="22" WC="0.92" CONTENT="derest"/><SP WIDTH="22" VPOS="1330" HPOS="221"/>
							<String ID="string_221" HPOS="243" VPOS="1330" WIDTH="46" HEIGHT="22" WC="0.96" CONTENT="han"/><SP WIDTH="23" VPOS="1330" HPOS="289"/>
							<String ID="string_222" HPOS="312" VPOS="1330" WIDTH="63" HEIGHT="22" WC="0.96" CONTENT="detta"/><SP WIDTH="21" VPOS="1330" HPOS="375"/>
							<String ID="string_223" HPOS="396" VPOS="1331" WIDTH="42" HEIGHT="21" WC="0.93" CONTENT="sitt"/><SP WIDTH="23" VPOS="1331" HPOS="438"/>
							<String ID="string_224" HPOS="461" VPOS="1331" WIDTH="124" HEIGHT="29" WC="0.88" CONTENT="äliggande"/><SP WIDTH="23" VPOS="1331" HPOS="585"/>
							<String ID="string_225" HPOS="608" VPOS="1331" WIDTH="112" HEIGHT="22" WC="0.96" CONTENT="åsidosatt"/><SP WIDTH="23" VPOS="1331" HPOS="720"/>
							<String ID="string_226" HPOS="743" VPOS="1334" WIDTH="60" HEIGHT="20" WC="0.92" CONTENT="samt"/><SP WIDTH="14" VPOS="1334" HPOS="803"/>
							<String ID="string_227" HPOS="817" VPOS="1332" WIDTH="82" HEIGHT="22" WC="0.96" CONTENT="brist"/><SP WIDTH="-11" VPOS="1332" HPOS="899"/>
							<String ID="string_228" HPOS="888" VPOS="1326" WIDTH="15" HEIGHT="39" WC="0.96" CONTENT="i"/>
						</TextLine>
						<TextLine ID="line_32" HPOS="143" VPOS="1364" WIDTH="755" HEIGHT="30">
							<String ID="string_229" HPOS="143" VPOS="1364" WIDTH="85" HEIGHT="22" WC="0.92" CONTENT="kassan"/><SP WIDTH="22" VPOS="1364" HPOS="228"/>
							<String ID="string_230" HPOS="250" VPOS="1366" WIDTH="103" HEIGHT="28" WC="0.92" CONTENT="uppstär,"/><SP WIDTH="21" VPOS="1366" HPOS="353"/>
							<String ID="string_231" HPOS="374" VPOS="1365" WIDTH="96" HEIGHT="29" WC="0.92" CONTENT="skyldig"/><SP WIDTH="15" VPOS="1365" HPOS="470"/>
							<String ID="string_232" HPOS="485" VPOS="1367" WIDTH="35" HEIGHT="20" WC="0.93" CONTENT="att"/><SP WIDTH="13" VPOS="1367" HPOS="520"/>
							<String ID="string_233" HPOS="533" VPOS="1366" WIDTH="71" HEIGHT="28" WC="0.92" CONTENT="jemte"/><SP WIDTH="16" VPOS="1366" HPOS="604"/>
							<String ID="string_234" HPOS="620" VPOS="1366" WIDTH="110" HEIGHT="22" WC="0.91" CONTENT="kassören"/><SP WIDTH="15" VPOS="1366" HPOS="730"/>
							<String ID="string_235" HPOS="745" VPOS="1366" WIDTH="37" HEIGHT="22" WC="0.93" CONTENT="för"/><SP WIDTH="15" VPOS="1366" HPOS="782"/>
							<String ID="string_236" HPOS="797" VPOS="1366" WIDTH="101" HEIGHT="22" WC="0.92" CONTENT="bristens"/>
						</TextLine>
						<TextLine ID="line_33" HPOS="144" VPOS="1399" WIDTH="753" HEIGHT="31">
							<String ID="string_237" HPOS="144" VPOS="1399" WIDTH="131" HEIGHT="22" WC="0.91" CONTENT="ersättande"/><SP WIDTH="23" VPOS="1399" HPOS="275"/>
							<String ID="string_238" HPOS="298" VPOS="1407" WIDTH="102" HEIGHT="20" WC="0.91" CONTENT="ansvara,"/><SP WIDTH="24" VPOS="1407" HPOS="400"/>
							<String ID="string_239" HPOS="424" VPOS="1400" WIDTH="60" HEIGHT="22" WC="0.93" CONTENT="dock"/><SP WIDTH="18" VPOS="1400" HPOS="484"/>
							<String ID="string_240" HPOS="502" VPOS="1400" WIDTH="52" HEIGHT="22" WC="0.92" CONTENT="icke"/><SP WIDTH="15" VPOS="1400" HPOS="554"/>
							<String ID="string_241" HPOS="569" VPOS="1401" WIDTH="38" HEIGHT="21" WC="0.96" CONTENT="till"/><SP WIDTH="14" VPOS="1401" HPOS="607"/>
							<String ID="string_242" HPOS="621" VPOS="1400" WIDTH="72" HEIGHT="29" WC="0.93" CONTENT="högre"/><SP WIDTH="15" VPOS="1400" HPOS="693"/>
							<String ID="string_243" HPOS="708" VPOS="1401" WIDTH="83" HEIGHT="29" WC="0.92" CONTENT="belopp"/><SP WIDTH="17" VPOS="1401" HPOS="791"/>
							<String ID="string_244" HPOS="808" VPOS="1405" WIDTH="29" HEIGHT="17" WC="0.96" CONTENT="än"/><SP WIDTH="15" VPOS="1405" HPOS="837"/>
							<String ID="string_245" HPOS="852" VPOS="1400" WIDTH="45" HEIGHT="28" WC="0.96" CONTENT="det,"/>
						</TextLine>
						<TextLine ID="line_34" HPOS="144" VPOS="1434" WIDTH="495" HEIGHT="30">
							<String ID="string_246" HPOS="144" VPOS="1441" WIDTH="49" HEIGHT="15" WC="0.93" CONTENT="som"/><SP WIDTH="16" VPOS="1441" HPOS="193"/>
							<String ID="string_247" HPOS="209" VPOS="1434" WIDTH="154" HEIGHT="22" WC="0.92" CONTENT="öfverskottet"/><SP WIDTH="15" VPOS="1434" HPOS="363"/>
							<String ID="string_248" HPOS="378" VPOS="1434" WIDTH="63" HEIGHT="22" WC="0.92" CONTENT="visas"/><SP WIDTH="16" VPOS="1434" HPOS="441"/>
							<String ID="string_249" HPOS="457" VPOS="1434" WIDTH="71" HEIGHT="23" WC="0.93" CONTENT="hafva"/><SP WIDTH="15" VPOS="1434" HPOS="528"/>
							<String ID="string_250" HPOS="543" VPOS="1435" WIDTH="96" HEIGHT="29" WC="0.93" CONTENT="utgjort."/>
						</TextLine>
					</TextBlock>
					<TextBlock ID="block_7" HPOS="143" VPOS="1468" WIDTH="755" HEIGHT="66">
						<TextLine ID="line_35" HPOS="211" VPOS="1468" WIDTH="685" HEIGHT="30">
							<String ID="string_251" HPOS="211" VPOS="1469" WIDTH="50" HEIGHT="21" WC="0.93" CONTENT="Har"/><SP WIDTH="21" VPOS="1469" HPOS="261"/>
							<String ID="string_252" HPOS="282" VPOS="1468" WIDTH="157" HEIGHT="23" WC="0.62" CONTENT="föreskrifven"/><SP WIDTH="15" VPOS="1468" HPOS="439"/>
							<String ID="string_253" HPOS="454" VPOS="1470" WIDTH="151" HEIGHT="28" WC="0.93" CONTENT="inventering"/><SP WIDTH="14" VPOS="1470" HPOS="605"/>
							<String ID="string_254" HPOS="619" VPOS="1470" WIDTH="140" HEIGHT="27" WC="0.93" CONTENT="uraktlätits,"/><SP WIDTH="16" VPOS="1470" HPOS="759"/>
							<String ID="string_255" HPOS="775" VPOS="1478" WIDTH="54" HEIGHT="14" WC="0.96" CONTENT="vare"/><SP WIDTH="16" VPOS="1478" HPOS="829"/>
							<String ID="string_256" HPOS="845" VPOS="1470" WIDTH="51" HEIGHT="28" WC="0.96" CONTENT="den,"/>
						</TextLine>
						<TextLine ID="line_36" HPOS="143" VPOS="1504" WIDTH="755" HEIGHT="30">
							<String ID="string_257" HPOS="143" VPOS="1510" WIDTH="49" HEIGHT="15" WC="0.96" CONTENT="som"/><SP WIDTH="24" VPOS="1510" HPOS="192"/>
							<String ID="string_258" HPOS="216" VPOS="1504" WIDTH="36" HEIGHT="21" WC="0.93" CONTENT="sin"/><SP WIDTH="22" VPOS="1504" HPOS="252"/>
							<String ID="string_259" HPOS="274" VPOS="1504" WIDTH="300" HEIGHT="29" WC="0.91" CONTENT="inventeringsskyldighet"/><SP WIDTH="22" VPOS="1504" HPOS="574"/>
							<String ID="string_260" HPOS="596" VPOS="1504" WIDTH="252" HEIGHT="30" WC="0.65" CONTENT="försummat,fpligtig"/><SP WIDTH="15" VPOS="1504" HPOS="848"/>
							<String ID="string_261" HPOS="863" VPOS="1507" WIDTH="35" HEIGHT="19" WC="0.96" CONTENT="att"/>
						</TextLine>
					</TextBlock>
				</ComposedBlock>
				<GraphicalElement ID="cblock_3" HPOS="1082" VPOS="474" WIDTH="3" HEIGHT="336"></GraphicalElement >
				<GraphicalElement ID="cblock_4" HPOS="1080" VPOS="474" WIDTH="6" HEIGHT="642"></GraphicalElement >
			</PrintSpace>
		</Page>
	</Layout>
</alto>
