1086 1717
387 155 25 22 U.
427 155 24 25 B.
467 168 28 4 —
511 156 40 21 N:o
566 156 21 22 2.
810 156 16 22 3

183 224 95 23 Föröfrigt
294 224 34 18 och
346 230 38 12 som
401 224 36 18 den
455 224 20 18 af
485 224 83 18 komiten
580 224 30 18 för
621 224 114 22 uppresande
749 224 20 18 af
779 230 23 12 en
814 226 44 16 äre--

116 253 41 18 stod
173 253 29 17 till
219 253 19 18 J.
256 253 22 17 L.
291 252 109 23 Runebergs
412 252 63 18 minne
487 252 72 23 afgifna
571 252 99 18 berättelse
682 252 171 24 vidhandengifver,

116 282 29 17 att
160 281 29 18 för
206 281 121 18 bekostandet
344 281 21 17 af
377 281 51 18 detta
441 281 98 22 äreminne,
552 281 74 18 utöfver
637 281 49 18 hvad
698 286 65 18 genom
775 281 79 23 frivillig

115 310 101 23 insamling
234 309 150 23 sammanbragts,
397 309 110 23 ytterligare
526 309 92 18 erfordras
635 310 85 22 omkring
741 310 50 22 6,000
802 310 52 17 mark

116 338 33 18 och
167 338 31 18 det
215 338 41 18 icke
274 338 51 18 torde
342 343 47 13 vara
400 338 87 23 lämpligt
501 339 29 17 att
541 338 28 18 för
581 337 113 19 betäckande
706 338 21 18 af
737 338 59 18 denna
807 338 48 18 brist

116 369 60 21 öppna
193 372 23 13 en
228 372 24 17 ny
264 367 68 17 allmän
344 366 105 23 insamling,
461 367 57 18 hvars
529 366 78 18 resultat
620 366 17 24 ej
650 366 38 18 läte
701 366 28 23 sig
741 366 24 23 pä
777 366 82 18 förhand:

115 396 95 22 beräknas,
228 395 63 18 tilläta
309 395 29 22 sig
356 386 172 36 Bankfullmäktige
546 396 29 17 att
592 395 31 18 till
640 395 105 18 Ständerna
760 395 93 18 vördsamt

116 424 120 19 Ofverlemna:

183 453 91 18 huruvida
290 453 41 18 icke
348 453 21 17 af
377 453 130 18 meranämnda
518 453 58 18 medel
588 453 7 17 i
607 452 68 18 fonden
686 452 47 18 Litt.
746 453 21 18 B.
779 453 31 17 till
821 453 32 17 ko-

115 481 58 19 miten
191 482 29 17 för
232 481 110 23 Runebergs
355 481 93 18 äreminne
460 481 51 23 finge
523 481 93 18 utbetalas
627 481 32 18 det
672 481 69 22 belopp,
755 487 38 12 som
805 481 56 18 utöf--

115 516 33 13 ver
166 511 21 17 de
205 510 28 18 för
249 510 186 22 Runebergsstodens
447 510 115 22 uppresande
574 510 101 17 insamlade
687 510 59 18 medel
757 510 29 17 för
798 509 61 19 ända--

115 539 57 18 mälet
182 539 110 22 ytterligare
304 538 97 18 erfordras.

184 567 94 23 Slutligen
290 567 19 18 fä
320 567 171 23 Bankfullmäktige
503 567 95 18 vördsamt
610 567 106 18 hemställa:

184 597 28 17 att
224 595 48 19 hvad
284 601 38 12 som
334 595 36 19 kan
383 595 70 18 återstå
465 595 20 18 af
496 595 23 18 de
531 595 141 24 ifrågavarande
684 595 72 18 medlen
768 595 7 18 i
786 595 71 18 fonden:

115 625 49 19 Litt.
180 625 28 22 B.,
226 625 56 18 sedan
300 624 41 19 från
360 624 91 18 desamma
469 624 92 23 afdragits
579 624 120 19 förenämnda
710 624 143 23 utbetalningar,

115 653 48 18 skall
175 659 103 12 reserveras
291 653 59 18 såsom
363 659 22 12 en
398 648 81 23 särskild
490 653 82 24 tillgång
580 655 28 16 att
614 653 21 18 af
640 652 218 20 nästsammanträdande

116 682 79 18 Ständer
206 682 113 22 disponeras.

182 710 110 18 Transsumt
310 715 22 13 ur
348 710 112 23 protokollet
478 710 53 19 öfver
548 710 35 18 den
598 710 34 18 vid
644 710 86 18 ärendets
743 709 117 23 behandling"

116 739 76 18 emellan
214 738 171 24 Bankfullmäktige
406 738 108 22 förekomna
537 738 216 25 meningsskiljaktighet
769 738 91 23 biläggas-

116 767 96 24 härjemte.

183 795 119 24 Helsingfors
315 795 35 19 den
361 796 23 18 19
396 795 89 19 Februari
498 796 50 18 1885.

352 876 35 26 FE.
403 876 54 23 W.
473 876 36 23 G.
526 873 94 42 Hjelt.

171 938 23 22 F.
210 938 124 29 Stjernvall.
417 938 22 23 1.
454 938 107 27 Lindelöf.
637 938 27 22 A.
679 937 118 26 Meurman.

687 1121 19 18 J.
717 1120 22 18 L.
752 1120 112 19 Snellman

182 1486 156 18 Bankutskottets
351 1486 114 22 betänkande
477 1486 37 18 N:o
526 1487 18 17 2.
