1086 1717
838 147 26 19 33

482 214 13 25 8
512 213 32 21 12.

207 246 149 23 Beträffande
373 246 113 22 Finlands
502 246 79 22 Banks
598 245 75 22 sedlar
688 248 38 18 äro
742 244 103 29 följande
860 244 33 21 ät-

138 282 84 29 gärder
237 284 35 20 att
286 281 159 22 omförmälas
434 277 14 38 ;

209 318 21 26 a)
253 316 34 22 Pä
309 315 230 28 Bankfullmäktiges
558 314 36 22 uti
608 313 147 29 underdänig
771 312 122 23 skrifvelse

138 351 39 21 för
198 350 45 22 den
264 353 24 19 31
310 349 126 22 December
453 351 53 20 1881
523 348 79 22 derom
617 348 83 29 gjorda
714 347 179 27 framställning,

140 385 42 22 har
197 392 84 21 genom
296 384 77 28 Nädig
388 384 139 27 kungörelse
542 382 26 22 af
581 382 45 22 den
643 384 25 20 18
679 382 99 22 Januari
788 383 53 21 1882
850 380 45 22 den

140 418 138 23 förändrade
293 418 95 29 lydelse,
402 417 111 22 utseende
527 417 43 22 och
580 417 60 22 form
648 416 38 23 för
693 416 114 22 Finlands
815 416 80 21 Banks

141 454 75 21 sedlar
232 454 13 20 &
260 453 68 28 tjugu
344 453 43 21 och
399 453 33 20 tio
445 452 78 21 marks
537 452 97 27 valörer,
644 459 50 14 som
701 451 36 22 uti
744 450 151 23 förenämnda

142 488 124 22 skrifvelse
281 487 140 28 föreslagits,
437 486 81 22 blifvit
532 486 115 21 faststäld.

209 521 105 22 Emedan
329 523 98 20 emotses
443 521 91 21 kunnat
546 523 34 19 att
592 520 111 22 Bankens
716 520 77 22 förräd
801 519 26 22 af
833 519 64 21 blan-

141 557 77 21 ketter
232 556 38 21 till
285 555 47 22 fem
347 555 77 22 marks
441 555 80 21 sedeln
535 555 64 21 inom
614 555 72 28 några
698 555 108 21 månader
819 553 77 22 blefve

139 590 110 27 uttömdt,
266 589 171 22 öfverlemnade
448 589 217 28 Bankfullmäktige
677 589 36 21 uti
725 588 124 22 skrifvelse
860 587 37 22 för

139 625 47 22 den
209 626 27 21 28
259 625 61 20 Mars
347 626 52 20 1882
422 624 38 21 till
482 623 218 22 Bankdirektionen
720 625 35 20 att
773 623 53 22 med
840 623 57 21 bok-

141 659 124 28 tryckaren
280 658 81 21 Thiele
375 658 9 21 i
399 657 156 29 Köpenhamn
570 658 68 21 träffa
652 657 57 22 aftal
725 665 37 14 om
777 657 120 29 trycknin-

141 700 46 21 gen
203 693 25 22 af
241 700 29 14 en
286 700 32 20 ny
333 692 102 29 upplaga
449 691 47 22 fem
508 692 77 21 marks
599 692 75 21 sedlar
686 692 52 21 med
744 691 152 29 begagnande

140 727 28 21 af
186 727 10 21 i
218 727 110 22 Bankens
348 726 77 22 förvar
444 726 122 28 befintliga
584 727 76 28 plåtar
675 726 43 22 och
732 727 30 28 på
777 727 28 20 de
820 726 77 21 vilkor

142 761 71 28 sagda
228 761 124 21 skrifvelse
367 760 79 21 derom
460 760 136 22 innehåller.

210 795 68 22 Intill
300 795 75 21 denna
397 794 112 29 tidpunkt
529 794 58 22 hade
606 795 126 28 ledningen
748 795 26 21 af
787 794 110 22 sedeltill-

142 830 145 27 verkningen
304 828 188 22 omhänderhafts
509 828 26 22 af
547 829 224 28 Bankfullmäktige.
793 829 56 22 Men
864 836 33 13 se-

140 864 47 21 dan
210 863 46 22 alla
278 863 166 21 förberedande
464 863 108 28 åtgärder
587 863 80 22 blifvit
682 863 26 22 af
720 863 177 22 Bankfullmäk-

141 898 49 28 tige
206 897 118 29 vidtagna,
340 897 121 28 uppdrogo
477 897 159 28 Fullmäktige
651 905 84 20 genom
747 897 150 22 förenämnde

142 931 124 22 skrifvelse
281 932 24 21 åt
320 931 217 22 Bankdirektionen
549 934 35 19 att
596 931 124 29 öfvertaga
729 939 123 21 omsorgen
861 939 36 14 om

142 966 259 28 sedeltillverkningens
415 965 144 22 slutförande
572 968 60 19 samt
640 968 34 19 att
682 967 8 20 i
700 966 81 21 sådant
789 965 108 22 afseende

140 1000 106 21 meddela
251 1000 110 21 Filosofie
368 1000 108 21 Doktorn
484 1000 27 22 E.
521 1000 111 27 Grönvik,
642 1007 50 15 som
700 999 155 23 öfvervakade
864 1007 33 14 se-

140 1034 198 29 deltryckningen
353 1034 9 21 i
372 1034 163 28 Köpenhamn,
548 1034 152 29 erforderliga
710 1034 147 22 föreskrifter
865 1033 32 22 äf-

141 1075 96 15 vensom
236 1063 11 39 i
258 1068 78 28 öfrigt,
343 1067 58 22 efter
409 1071 54 26 eget
471 1068 173 29 godtfinnande,
651 1069 96 28 vidtaga
751 1069 28 21 de
785 1068 112 22 verkstäl-

141 1102 201 29 lighetsätgärder,
350 1109 48 15 som
406 1102 37 22 för
451 1103 151 22 anskaffande
610 1103 26 22 af
642 1103 76 22 sedlar
725 1102 172 23 voreafnöden.

210 1137 84 28 Enligt
308 1136 229 23 Bankdirektionens
552 1137 167 22 meddelanden
733 1138 9 21 i
757 1139 84 25 ämnet,
851 1137 47 20 'har

142 1171 247 28 sedeltillverkningen
404 1171 101 21 derefter
519 1171 100 28 fortgått
628 1171 76 29 jemnt
717 1171 42 22 och
773 1171 124 27 oafbrutet,

142 1205 25 21 så
182 1207 35 19 att
231 1205 158 28 tryckningen
404 1205 26 21 af
443 1205 77 28 öfriga
535 1205 151 29 erforderliga
697 1205 144 27 sedelsorter,
854 1205 44 21 för-

140 1241 66 19 utom
228 1239 26 21 af
274 1239 80 21 femtio
377 1239 77 22 marks
478 1239 86 28 sedeln,
584 1247 95 15 numera
694 1239 80 22 blifvit
790 1239 107 22 slutförd.

141 1273 47 22 Vid
210 1280 132 22 gemensam
361 1273 181 29 öfverläggning
560 1274 52 22 med
626 1273 217 23 Bankdirektionen
859 1281 38 14 an-

141 1307 90 29 gående
239 1308 87 28 nödiga
333 1308 157 28 anordningar
497 1308 38 22 för
542 1308 166 22 tillverkandet
716 1308 26 22 af
744 1308 154 22 nästnämnda

142 1341 136 29 sedelvalör,
294 1342 95 21 väcktes
404 1342 67 28 fråga
486 1342 116 22 huruvida
616 1342 58 28 icke,
691 1342 70 22 sedan
776 1342 121 29 trycknin-

141 1383 46 21 gen
202 1376 26 21 af
241 1376 28 21 de
284 1376 30 21 då
328 1376 73 21 under
417 1376 78 22 arbete
510 1376 101 22 varande
622 1376 209 29 sedelupplagorna
841 1376 57 21 slut-

140 1410 66 27 förts,
227 1410 110 21 Bankens
353 1410 193 28 sedeltryckning
560 1411 42 21 hos
617 1410 53 22 herr
685 1410 80 22 Thiele
780 1411 9 21 i
804 1411 94 27 Köpen-

141 1444 70 21 hamn
233 1444 63 28 finge
316 1444 107 22 afstanna
443 1447 60 19 samt
523 1445 107 28 åtgärder
648 1444 129 22 emellertid
791 1444 108 28 vidtagas

141 1478 88 21 derhän
244 1480 35 19 att
294 1478 81 21 femtio
391 1478 78 22 marks
480 1478 80 22 sedeln
576 1479 43 22 och
630 1480 8 20 i
648 1478 125 22 framtiden
783 1478 117 28 behöfliga

900 213 94 27 Åtgärder
1010 218 27 17 be-

922 240 95 22 träffande

900 263 88 17 Bankens
1000 263 38 17 sed-

955 292 27 12 ar.

905 310 20 20 a)
939 308 93 19 Sedeltill-

906 332 124 23 verkningen.
