1086 1717
815 154 38 20 121

125 217 59 23 öfver
207 217 59 28 dylik
287 216 91 28 tillgång
401 217 36 21 må
458 217 55 21 råda
531 214 51 24 icke
596 216 110 22 innefatta
720 218 67 26 något
809 216 74 22 vidare

123 253 30 20 än
175 253 33 19 att
229 251 44 21 hon
296 258 50 20 eger
367 250 76 28 afgöra
465 250 57 22 huru
538 251 42 21 den
596 250 8 21 i
617 250 69 22 första
700 250 60 22 hand
775 250 55 22 skall
845 257 38 15 an-

125 286 89 23 vändas,
236 292 35 14 om
294 285 40 21 och
356 286 29 26 på
407 284 60 22 hvad
490 286 44 20 sätt
557 286 41 20 den
621 284 40 22 bör
675 284 141 22 konsumeras
831 285 52 21 eller

123 320 109 27 besparas,
256 326 49 14 men
328 321 32 19 att
383 320 48 23 den,
454 319 8 21 i
485 318 39 22 fall
546 319 85 21 medlen
654 319 123 21 förvandlas
797 319 33 21 till
845 326 37 14 an-

125 355 39 20 dra
186 353 162 25 värdeföremål,
370 354 8 20 i
401 353 40 21 och
463 354 52 20 med
538 354 120 20 detsamma
676 354 79 20 varder
770 360 27 14 en
812 353 34 21 del
862 353 25 21 af

125 389 42 20 den
189 395 160 20 gemensamma
371 388 213 27 egendomsmassan,
606 387 114 21 hemfaller
738 388 69 20 under
822 387 62 21 måls-

125 422 129 28 manskapet
270 421 39 22 och
324 422 44 21 kan
384 423 29 26 på
427 429 85 14 samma
527 423 43 20 sätt
586 422 40 21 och
642 422 33 21 till
690 429 83 14 samma
789 422 34 21 del
838 428 47 15 som

125 465 73 14 annan
220 464 124 20 gemensam
367 457 105 27 egendom
496 458 33 20 för
551 457 51 27 gäld
621 459 63 24 tagas
698 457 8 20 i
722 458 50 20 mät.
802 457 38 20 Att
855 457 30 26 på

125 493 77 20 sådant
225 493 43 20 sätt
290 491 91 28 skyddet
403 491 34 21 för
459 491 105 21 hustruns
586 492 44 20 rätt
652 491 8 20 i
680 491 148 27 verkligheten
844 491 41 20 blir

127 527 85 27 mycket
235 526 156 27 ofullständigt,
406 525 105 22 behöfver
525 525 48 22 icke
588 525 74 22 vidare
677 525 132 22 framhållas.
839 525 46 21 Och

126 561 73 21 härtill
221 561 97 21 kommer
340 563 32 18 att
395 560 100 25 hustrun,
511 567 35 14 om
566 560 40 21 ock
620 559 48 22 icke
684 559 67 28 enligt
768 559 117 28 uttrycklig

125 595 36 27 lag
177 595 55 21 dock
248 595 66 26 enligt
330 595 43 25 sed,
391 594 40 21 hos
447 601 34 14 oss
497 594 112 21 allaredan
625 594 40 21 har
674 595 71 20 denna
755 593 130 28 befogenhet

126 629 60 22 öfver
208 630 33 20 sin
251 622 187 34 ”arbetsförtjenst
461 629 41 20 och
522 629 125 26 derigenom
662 629 84 26 knappt
763 629 24 20 är
802 628 83 21 mindre

128 664 97 27 skyddad
241 665 28 20 än
284 670 78 20 genom
377 670 27 14 en
419 663 181 27 lagbestämning,
616 663 88 22 hvilken
719 663 48 21 icke
783 663 49 20 med
854 662 31 21 af-

127 699 78 20 seende
228 699 14 20 å
262 697 82 22 hennes
360 697 193 27 arbetsprodukter
568 698 39 26 gör
622 697 92 27 ändring
729 697 7 21 i
751 697 134 27 giftorätten.

128 733 42 20 Det
192 732 103 21 förhåller
318 732 31 26 sig
371 731 108 27 nemligen
496 732 50 21 med
561 731 103 21 hustruns
679 733 43 19 rätt
738 734 33 18 att
786 731 101 27 uppbära

127 767 41 21 och
190 767 53 21 råda
265 766 59 21 öfver
345 766 32 21 sin
400 765 176 28 arbetsförtjenst
598 765 89 21 alldeles
703 766 28 27 på
746 773 83 14 samma
844 766 43 20 sätt

130 808 45 14 som
190 802 50 20 med
256 801 40 20 den
312 800 190 26 kontraktsfrihet,
518 799 86 22 hvilken
620 799 25 22 af
658 800 103 27 gammalt
769 800 81 27 utgjort
861 806 27 14 en

127 835 54 28 följd
208 835 24 21 af
253 835 81 21 hennes
349 835 87 20 heders-
453 834 42 21 och
509 834 141 21 husfrudöme
666 837 56 18 samt
736 834 103 27 rättighet
855 834 34 21 till

130 870 33 21 läs
186 869 40 22 och
248 869 94 27 nycklar.
372 869 69 27 Ingen
464 870 89 20 domare
575 869 7 20 i
598 870 60 20 detta
673 869 52 20 land
740 869 69 20 skulle
825 869 64 20 döma

132 904 67 27 ogildt
215 906 32 19 ett
262 903 50 28 köp,
328 910 45 14 som
388 903 93 21 hustrun
497 905 49 19 med
554 903 160 22 innehafvande
722 903 107 22 kontanta
837 910 52 20 pen-

130 939 78 26 ningar
229 939 45 26 gör,
290 937 62 22 äfven
371 945 35 14 om
421 937 83 22 affären
521 937 136 22 öfverskrede
672 939 121 25 gränserna
807 937 34 21 för
856 939 33 19 ett

133 973 100 26 torgköp,
256 971 56 22 blott
334 972 42 21 den
399 971 62 22 faller
476 972 59 21 inom
550 971 82 22 hennes
647 971 188 25 verksamhetsfer,
850 971 41 21 och

129 1007 115 21 enahanda
266 1007 24 20 är
319 1005 146 22 förhållandet
487 1007 51 20 med
560 1006 57 21 vissa
639 1006 140 27 föryttringar
799 1013 25 13 ur
838 1005 51 22 boet

130 1041 24 21 af
167 1040 95 26 föremål,
279 1047 46 14 som
340 1041 37 20 äro
393 1041 70 21 under
477 1040 85 21 hennes
576 1041 54 20 vård
646 1041 47 25 och,
708 1040 69 21 ehuru
792 1039 47 22 icke
855 1042 34 19 ut-

129 1076 95 27 görande
244 1075 181 21 handelsartiklar
441 1075 73 27 pläga,
531 1075 53 21 efter
599 1075 57 21 hvad
671 1075 144 26 tillgångarne
831 1075 59 20 med-

129 1109 64 28 gifva,
209 1109 106 27 försäljas.
337 1109 93 27 Sålänge
446 1110 65 20 dessa
525 1109 142 27 föryttringar
676 1109 48 20 icke
732 1109 108 20 innefatta
847 1109 43 20 för-

130 1144 111 27 skingring
257 1143 33 22 till
305 1143 61 21 boets
382 1143 69 21 skada
466 1143 71 21 skulle
554 1144 32 25 de,
598 1143 40 21 och
649 1144 60 20 detta
719 1143 6 20 i
734 1143 40 21 full
783 1143 108 21 öfverens-

132 1178 124 22 stämmelse
278 1179 49 20 med
348 1178 75 27 lagens
441 1179 60 20 anda
517 1177 40 22 och
572 1177 94 27 mening,
682 1177 24 22 af
719 1178 104 21 domaren
838 1184 53 20 upp-

131 1212 120 21 rätthållas.
281 1211 56 22 Lika
360 1213 24 20 så
399 1211 40 22 ock
454 1213 51 20 med
521 1211 91 28 liqvider
630 1211 34 21 till
677 1211 93 22 hustrun
785 1211 34 21 för
833 1211 58 22 hvad

131 1247 44 21 hon
197 1253 79 20 genom
292 1247 41 20 den
348 1246 237 26 förvärfsverksamhet,
602 1253 45 14 som
662 1246 44 21 hon
721 1247 50 20 med
785 1253 106 14 mannens

131 1281 57 27 goda
202 1281 72 21 minne
289 1280 92 26 utöfvar,
397 1280 137 28 införtjenat.
558 1280 106 28 Dagligen
673 1280 219 22 förekomma
809 1276 10 37 i
832 1280 60 22 detta

131 1316 52 21 land
205 1315 133 21 tusendetals
361 1315 92 27 liqvider
475 1316 25 20 af
521 1316 61 20 detta
606 1315 46 27 slag
670 1318 53 18 utan
740 1317 34 19 att
789 1317 31 19 ett
835 1316 58 20 enda

131 1349 93 22 rättsfall
247 1349 89 21 kommit
359 1349 33 21 till
416 1349 43 25 min
482 1349 132 26 kännedom,
637 1350 61 21 hvari
720 1348 172 28 arbetsgifvaren

133 1384 68 21 skulle
217 1383 150 28 skyldigkänts
381 1385 34 19 att
429 1383 34 21 till
481 1390 96 15 mannen
587 1384 29 27 på
626 1384 70 27 grund
706 1383 25 21 af
739 1384 82 20 dennes
829 1383 64 21 måls-

131 1419 107 20 mansrätt
260 1417 34 21 för
316 1418 69 20 andra
407 1418 87 26 gången
519 1418 98 21 utbetala
634 1418 139 21 arbetslönen
788 1417 52 21 eller
854 1417 39 21 hu-

132 1455 61 19 strun
209 1451 92 22 sakfälts
316 1451 34 21 för
364 1451 93 27 bodrägt
472 1452 87 21 derföre
574 1454 34 19 att
622 1452 44 22 hon
684 1452 67 28 enligt
767 1454 48 25 eget
830 1452 62 27 godt-
