1086 1717
829 147 40 21 141

141 216 35 14 ser
191 209 7 21 i
213 211 79 20 tvenne
317 209 131 27 riktningar:
472 208 105 28 antingen
595 208 41 22 har
651 208 180 28 dispenserandet
845 212 53 18 utan

141 243 161 27 nödvändighet
324 243 77 21 vunnit
417 250 26 14 en
459 242 75 22 alltför
556 245 45 19 stor
623 243 153 27 utsträckning
791 243 52 21 eller
859 243 40 22 ock

141 278 41 21 har
196 278 74 27 lagens
286 278 146 27 begränsning
447 278 56 21 varit
518 277 34 21 för
568 269 63 35 Rang
646 277 34 21 för
696 280 33 18 att
744 277 75 22 kunna
829 279 71 20 säsom

143 312 58 27 regel
222 312 167 28 upprätthällas.
419 312 44 20 För
485 312 46 20 min
551 311 34 21 del
601 311 76 22 tvekar
690 312 39 27 jag
744 312 48 21 icke
807 314 32 19 att
857 319 42 14 om-

143 346 56 22 fatta
214 348 41 20 den
270 353 76 15 senare
369 346 117 21 slutsatsen
505 346 40 21 och
560 347 68 20 redan
644 352 26 15 en
686 346 57 21 blick
759 347 29 26 pä
803 346 98 21 kolumn-

143 380 127 22 rubrikerna
293 380 33 22 till
342 381 42 21 den
399 381 13 20 å
427 380 121 28 Kejserliga
572 380 105 22 Senatens
700 380 109 22 allmänna
831 380 70 22 kansli

143 416 122 27 uppgjorda
279 415 95 22 tabellen
389 415 84 22 lemnar
488 414 74 23 härför
577 417 31 19 ett
624 416 24 20 sä
664 414 117 28 afgörande
796 414 59 23 bevis
869 417 32 20 att

144 451 37 20 det
195 450 47 21 icke
257 450 25 21 af
295 451 71 26 nägon
381 451 62 20 torde
457 449 78 28 jäfvas.
566 449 32 22 De
614 449 38 22 fall
669 450 28 21 dä
712 449 121 28 äktenskap
847 457 54 20 upp-

145 485 54 20 lösts
214 485 29 27 pä
257 485 70 26 grund
342 484 24 21 af
379 491 42 14 ena
436 484 91 21 makens
543 484 95 27 obotliga
661 484 173 27 sinnessjukdom
850 485 52 20 eller

145 520 70 20 denne
230 519 34 21 för
278 519 58 27 groft
356 519 59 20 brott
437 519 89 20 ädömdt
548 518 155 21 tukthusstraff
716 519 29 27 pä
760 519 75 26 lifstid,
851 519 51 21 eller

145 554 28 27 pä
188 553 57 22 vissa
260 554 24 20 är
300 553 52 21 eller
366 553 147 21 försändande
529 553 71 21 säsom
615 553 95 21 kolonist
725 553 34 21 till
769 553 92 21 Sibirien
869 556 32 18 ut-

145 589 52 26 göra
212 588 26 20 29
254 589 90 26 procent
359 587 24 22 af
397 588 26 21 de
440 587 154 28 dispenserade
610 587 72 21 fallen.
714 587 48 21 Men
776 588 66 27 nägot
855 587 47 22 tvif-

144 623 34 20 vel
192 622 43 21 kan
251 622 34 21 väl
301 622 47 21 icke
364 629 40 20 ega
420 629 47 14 rum
483 623 73 20 derom
572 624 33 19 att
621 621 73 28 dylika
713 622 188 27 omständigheter,

145 663 77 20 genom
244 656 74 22 hvilka
341 657 117 20 makarnes
483 656 173 21 sammanlefnad
679 656 163 28 omöjliggjorts,
866 657 36 20 det

145 691 117 21 moraliska
282 691 128 21 sambandet
426 691 93 21 emellan
535 692 49 20 dem
598 691 102 27 vanligen
715 691 79 21 brutits
810 691 40 20 och
865 691 37 21 äk-

146 726 126 27 tenskapets
295 725 82 27 sedliga
396 725 103 21 ändamål
514 725 48 21 icke
577 725 74 22 vidare
668 725 44 21 kan
727 725 82 26 vinnas,
825 726 78 26 utgöra

147 760 185 21 skilnadsorsaker
348 767 45 14 som
408 759 67 22 borde
495 760 59 21 inom
574 759 77 28 sjelfva
673 760 75 27 lagens
763 767 46 14 ram
825 761 77 26 uppta-

145 801 45 20 gas.
221 795 62 21 Hvad
299 795 47 20 äter
361 795 41 20 den
423 794 68 27 fjerde
514 794 112 21 rubriken:
648 794 34 21 kif
695 794 40 21 och
751 794 82 27 osämja
849 796 55 19 samt

146 829 122 26 liderlighet
286 829 40 20 hos
344 835 41 14 ena
404 828 80 21 makan
507 828 139 26 vidkommer,
672 828 75 21 kunna
767 828 35 22 väl
822 828 81 21 menin-

147 870 67 20 garna
228 870 53 14 vara
296 863 64 26 olika,
376 863 108 21 huruvida
499 863 83 27 sädana
598 863 145 21 skilnadsskäl
759 869 56 21 egna
830 863 31 27 sig
872 862 33 21 för

147 897 155 22 domstolarnes
318 897 101 28 pröfning
435 897 52 21 eller
502 897 54 22 böra
571 897 131 21 förbehällas
719 897 76 27 högsta
806 897 97 28 styrelse-

147 932 164 27 myndighetens
334 931 139 22 omedelbara
495 932 125 27 afgörande,
644 938 49 15 men
712 934 32 19 att
763 931 63 22 äfven
841 932 63 20 dessa

148 966 48 21 skäl
210 966 66 21 borde
291 966 7 21 i
314 966 62 27 lagen
392 966 146 27 uttryckligen
560 966 129 27 godkännas
704 965 45 22 kan
765 966 35 21 väl
815 973 90 14 numera

148 1001 48 21 icke
211 1002 59 20 möta
281 1001 81 25 tvifvel,
378 1001 28 20 dä
421 1001 36 20 det
473 1001 7 20 i
497 1001 44 20 alla
555 1000 58 27 land,
630 1000 40 21 och
685 1000 64 21 äfven
765 1001 38 20 der
818 1007 51 14 man
877 1000 29 27 pä

149 1035 99 27 religiösa
262 1035 96 27 grunder
373 1035 66 21 ocksä
449 1035 37 20 vid
497 1035 194 26 äktenskapsbrott
699 1035 7 20 i
715 1035 36 20 det
759 1035 85 26 längsta
852 1036 54 19 mot-

149 1072 43 19 satt
201 1070 31 26 sig
241 1072 31 18 ett
282 1069 137 27 fullständigt
427 1069 137 27 upplösande
573 1069 24 21 af
603 1069 150 27 äktenskapet,
759 1069 56 21 visat
821 1069 31 26 sig
857 1069 50 20 leda

148 1104 33 21 till
190 1103 121 28 orimlighet
321 1103 39 22 och
371 1103 120 27 oförnuftig
505 1103 91 22 härdhet
608 1106 32 19 att
651 1105 69 19 under
731 1103 72 28 dylika
814 1104 93 20 omstän-

151 1139 97 26 digheter
263 1137 150 28 upprätthälla
432 1139 90 26 tvänget
537 1138 34 21 till
586 1138 179 21 sammanlefnad.
796 1133 68 26 Äfven
881 1138 26 20 de

150 1173 135 26 handlingar,
309 1173 83 26 hvarpä
414 1172 123 27 Kejserliga
558 1172 106 21 Senatens
685 1173 102 26 ätgärder
801 1172 8 21 i
824 1171 82 22 föreva-

150 1208 67 20 rande
232 1207 43 21 mål
290 1207 111 27 grundats,
414 1207 103 27 bestyrka
532 1207 33 20 till
581 1206 102 21 öfverflöd
696 1207 71 20 denna
778 1206 128 27 erfarenhet,

149 1242 90 21 emedan
256 1242 26 21 de
292 1241 136 27 ädagalägga
438 1243 33 19 att
481 1241 101 27 vanligen
594 1241 43 21 alla
644 1241 8 20 i
660 1241 36 26 lag
705 1241 102 21 anvisade
816 1242 43 20 sätt
867 1240 40 21 och

150 1277 90 26 utvägar
256 1278 32 19 att
305 1275 78 27 bringa
402 1275 105 21 makarne
527 1275 33 21 till
578 1275 118 27 förlikning
713 1275 38 21 och
767 1277 32 19 ett
815 1275 93 27 drägligt

151 1310 73 22 samlif
243 1310 71 22 blifvit
335 1311 100 20 uttömda
454 1310 69 21 innan
543 1311 36 20 det
593 1312 92 25 yttersta
700 1312 68 25 steget
783 1310 42 20 fått
839 1312 69 24 tagas.

152 1345 71 21 Också
244 1344 106 22 tabellens
373 1344 72 21 siffror
465 1344 60 27 gifva
542 1344 36 22 vid
593 1344 87 21 handen
696 1346 32 19 att
743 1345 27 19 de
785 1344 124 26 fordringar

152 1387 46 14 som
213 1379 61 21 stälts
290 1380 28 26 på
334 1378 143 27 utredningen
501 1385 35 14 om
558 1378 115 21 makarnes
696 1378 135 21 förhållande
853 1378 57 21 varit

151 1414 84 27 ganska
258 1414 94 26 stränga,
369 1414 52 20 enär
440 1414 26 19 de
485 1414 28 19 53
532 1412 147 28 ansökningar
699 1420 34 13 om
756 1412 92 26 skilnad,
864 1418 46 15 som

151 1449 69 20 under
243 1448 170 26 tioårsperioden
437 1446 105 28 afslagits,
561 1447 45 27 just
630 1447 55 21 varit
705 1447 90 25 sådana,
813 1446 7 21 i
838 1446 73 22 hvilka
