1086 1717
226 162 22 16 14
490 157 54 22 U.'B.
556 170 24 6 —
592 162 84 17 XXXII.

202 220 66 24 tagna
278 218 47 22 frän
337 218 61 22 dessa
407 218 178 26 sammanträden,
598 219 40 21 och
650 218 61 22 äfven
722 219 116 26 medgifvet
850 221 33 19 att
889 226 27 14 en
923 219 36 21 del

202 258 23 21 af
234 258 27 21 de
272 258 78 26 frägor,
367 264 45 15 som
425 258 22 21 af
455 258 134 27 fullmäktige
602 258 50 22 eller
667 258 62 22 deras
740 258 83 22 utskott
834 259 123 26 behandlas,

202 298 129 21 ätminstone
345 298 118 21 medelbart
478 298 77 21 hänför
569 298 32 26 sig
615 298 34 21 till
664 304 26 15 en
704 298 131 26 granskning
852 298 23 21 af
887 298 71 21 direk-

200 337 86 21 tionens
301 338 147 26 tillgöranden,
463 337 43 21 kan
521 338 34 20 väl
570 337 70 21 denna
659 338 157 26 omständighet
829 338 49 21 icke
891 337 67 21 verka

201 377 101 21 störande
316 377 28 27 pä
361 377 154 26 diskussionen,
531 377 27 21 dä
574 378 25 26 ju
614 377 60 21 detta
688 377 187 21 bedömande:bör
892 377 66 21 hafva

200 416 33 22 till
248 416 89 22 föremål
348 416 137 27 ätgärdernas
497 418 70 20 större
582 417 52 21 eller
648 417 82 21 mindre
745 416 210 27 ändamålsenlighet,

200 456 47 21 icke
262 457 28 20 de
304 456 120 21 handlande
440 462 129 21 personerna
584 456 80 27 sjelfva.
694 455 62 23 Hvad
774 457 47 20 åter
835 457 65 26 angår
914 456 41 21 den

199 496 120 21 tidsförlust
341 502 46 15 som
408 496 161 27 ifrågavarande
591 497 171 20 sammanträden
781 496 69 21 skulle
867 493 93 24 åsamka'

200 536 146 21 direktionens
363 536 124 25 ledamöter,
509 538 25 19 är
552 536 139 27 olägenheten
710 536 61 21 deraf
787 541 58 16 mera
861 535 94 22 skenbar

199 577 28 20 än
242 575 88 27 verklig,
346 577 51 20 enär
412 576 25 26 ju
455 575 201 27 bankfullmäktiges
674 575 171 22 sammanträden
859 575 8 21 i
881 576 73 25 regeln

198 615 47 22 icke
260 617 37 19 äro
314 616 132 26 synnerligen
461 615 122 26 långvariga
598 615 40 21 och
652 615 33 21 för
700 615 63 26 öfrigt
777 615 72 21 kunna
859 615 53 21 efter
922 615 32 21 öf-

197 655 192 21 verenskommelse
404 655 48 21 med
468 655 134 21 direktionen
620 655 68 21 hållas
706 655 28 27 på
753 655 66 20 sådan
833 655 32 21 tid
880 654 23 21 af
915 654 38 21 da-

196 700 48 21 gen,
260 700 46 15 som
320 694 34 21 för
368 695 42 20 alla
425 694 108 27 deltagare
552 696 24 19 är
594 695 95 26 lämplig;
705 694 87 21 hvartill
810 694 95 21 kommer
919 695 34 20 att

196 733 48 22 icke
266 734 49 21 hela
336 734 134 21 direktionen
487 733 103 22 behöfver
607 735 97 24 närvara,
723 736 52 19 utan
793 733 44 22 kan
858 733 44 22 låta
920 733 32 27 sig

196 773 120 21 företrädas
330 773 24 21 af
365 773 70 26 någon
449 773 32 21 sin
496 773 98 22 medlem.

264 891 11 21 I
290 891 114 27 anledning
419 892 23 21 af
451 894 31 19 ett
493 892 218 27 befordringsärende,
723 893 38 20 der
772 893 179 26 meningsolikhet

194 931 40 21 hos
252 931 191 27 bankfullmäktige
461 933 36 25 egt
515 938 53 20 rum,
587 932 107 27 nämligen
712 931 35 22 vid
766 932 142 27 upprättande
928 932 24 21 af

193 970 81 27 förslag
292 971 33 21 till
343 973 31 19 ett
392 971 190 22 direktörsembete
600 972 7 20 i
622 971 92 26 banken,
729 971 64 21 hafva
807 971 143 27 Fullmäktige

193 1009 32 21 uti
239 1010 34 21 sin
287 1010 33 21 till
334 1009 112 22 Utskottet
461 1011 79 26 afgifna
554 1011 114 21 berättelse
687 1011 88 21 anhållit
789 1012 33 19 att
835 1011 113 21 Utskottet

193 1049 49 21 ville
264 1049 33 21 till
320 1049 129 22 Ständernas
467 1050 115 26 afgörande
604 1050 130 21 öfverlemna
751 1050 75 27 frågan
844 1051 105 21 huruvida

192 1088 122 23 kännedom
336 1090 24 21 af
379 1090 84 21 landets
480 1090 68 26 begge
566 1090 112 21 inhemska
696 1089 64 28 språk
783 1090 67 21 borde
871 1092 77 24 utgöra

191 1127 196 28 kompetensvilkor
409 1129 34 21 för
463 1129 114 22 befordran
599 1130 33 21 till
654 1129 98 22 embeten
775 1129 40 22 och
832 1129 89 28 tjenster
938 1130 9 20 i

191 1167 103 22 Finlands
310 1169 63 20 bank.

261 1207 41 21 Till
313 1208 48 21 stöd
371 1207 34 22 för
415 1208 33 21 sin
459 1207 55 27 äsigt
521 1209 33 20 att
561 1208 60 21 detta
631 1208 174 27 kopetensvilkor
810 1214 55 15 vore
872 1208 75 21 behöf-

190 1247 40 26 ligt
245 1247 39 21 har
298 1247 205 27 Bankfullmäktiges
519 1247 23 21 af
554 1247 144 22 ordföranden
713 1247 40 20 och
768 1253 27 15 en
805 1247 94 22 ledamot
909 1248 38 21 be-

190 1286 90 22 stäende
298 1287 107 27 majoritet
422 1287 47 21 icke
487 1287 56 21 blott
560 1287 116 21 framhällit
694 1287 101 22 hurusom
813 1287 132 22 Bankdirek-

190 1326 74 21 tionen
278 1328 71 19 ansett
363 1326 67 22 sädan
448 1326 162 27 spräkkunskap
628 1327 8 20 i
650 1326 96 22 bankens
761 1327 65 27 tjenst
841 1327 104 27 svärligen

189 1365 75 21 kunna
277 1366 112 26 undvaras,
407 1368 53 19 utan
476 1366 78 26 jemväl
573 1366 103 26 åberopat
698 1366 78 26 nädiga
793 1366 152 26 förordningen

189 1404 23 21 af
225 1404 42 22 den
281 1405 30 21 20
324 1405 102 21 Februari
442 1405 61 26 1865,
518 1405 146 21 innefattande
678 1405 152 22 föreskrifter
824 1400 12 36 i
845 1406 100 21 afseende

189 1443 13 21 ä
219 1443 70 21 finska
306 1444 98 26 språkets
422 1445 111 21 införande
550 1444 34 21 till
601 1444 56 22 bruk
674 1445 38 21 vid
729 1446 84 21 landets
827 1446 119 21 domstolar

259 1484 136 17 Bankutskottets
406 1484 104 17 betänkande
523 1484 34 16 N:o
570 1484 17 16 3.
