1086 1717
214 161 27 21 28
429 160 22 22 U.
468 160 22 22 B.
506 171 29 6 —
552 160 23 22 II
592 172 29 5 —
637 160 65 23 XXXI.

185 218 48 20 med
253 218 85 26 ledning
354 217 23 21 af
390 216 48 22 frän
454 217 159 21 Statskontoret
628 216 98 22 lemnade
741 217 153 27 anteckningar
908 216 31 22 lä-

185 252 27 20 tit
227 253 101 25 uppsätta
343 258 26 14 en
384 251 67 22 sädan
461 252 142 26 redogörelse,
619 251 86 21 hvilken
716 250 71 22 säsom
797 252 70 26 bilaga
878 251 61 22 äfven

185 286 87 26 intagits
294 286 8 21 i
324 286 59 21 detta
405 285 136 22 betänkande
563 286 39 21 och
624 285 88 22 hvartill
726 285 112 22 Utskottet
853 286 87 21 härmed

185 320 33 21 får
239 320 93 21 hänvisa.
362 320 73 22 Under
457 320 52 21 Litt.
524 320 23 21 F.
570 320 108 21 meddelas
698 320 104 27 derjemte
824 326 26 16 en
873 320 66 22 tabell

186 354 58 21 öfver
266 354 98 27 samtliga
386 354 23 22 af
427 354 159 22 Statskontoret
603 354 120 22 förvaltade
739 354 87 22 fonders
841 354 99 27 ställning

186 389 74 21 ultimo
275 389 118 21 December
409 389 62 21 1884.

254 423 136 22 Beträffande
414 423 62 22 dessa
498 423 75 22 fonder
588 423 39 21 har
642 422 113 22 Utskottet
769 422 58 22 velat
841 422 99 22 särskildt

186 459 58 26 yttra
259 458 32 26 sig
307 464 34 15 om
357 458 41 21 den
413 458 68 21 under
496 457 128 27 benämning
635 457 156 27 ,Statsverkets
807 457 133 22 reservfond*

186 497 76 21 genom
276 491 74 28 nädigt
364 492 145 21 förordnande
525 491 22 22 af
560 492 41 21 den
617 493 12 20 6
646 491 126 27 September
791 492 54 21 1883
856 491 84 21 bildade

186 525 58 22 fond.
275 525 75 22 Säsom
365 526 22 21 af
409 527 40 20 den
465 526 119 21 Ständerna
603 526 93 27 delgifna
712 526 170 27 approximativa
896 526 44 21 kal-

186 560 63 27 kylen
273 560 58 21 öfver
348 560 143 21 statsfondens
513 560 113 27 tillgänger
650 560 39 21 och
712 560 67 21 behof
800 561 67 20 under
889 560 51 21 åren

188 595 140 20 1886—1888
339 594 60 21 äfven
415 595 99 26 framgär,
530 595 40 20 har
584 595 32 20 till
632 594 94 22 berörda
741 594 51 21 fond
808 595 66 20 under
889 594 52 21 ären

188 629 54 20 1883
265 629 40 20 och
326 629 54 21 1884
403 629 65 22 redan
492 629 112 21 öfverförts
626 629 114 26 3,000,000
755 629 62 21 mark
832 629 39 21 och
887 628 54 21 skall

187 663 69 20 denna
270 663 52 21 fond
337 663 110 22 efterhand
463 663 130 27 uppbringas
608 663 33 21 till
655 663 42 21 fem
713 663 98 27 miljoner
825 663 66 25 mark,
907 662 34 21 för

162 720 2 2 =
186 699 32 19 att
240 697 79 21 bereda
339 697 107 22 allmänna
463 697 132 22 statsfonden
617 695 115 29 tillgångar
755 698 67 21 under
836 697 61 25 tider,
913 696 28 22 dä

186 731 132 27 rubbningar
332 732 7 20 i
354 732 81 21 utrikes
450 732 92 21 handeln
558 732 52 21 eller
625 732 66 21 andra
707 731 86 22 svärare
804 730 138 23 ekonomiska

187 765 114 27 störingar,
327 766 100 21 särskildt
441 772 76 21 genom
533 766 175 21 tullintradernas
723 766 131 25 minskande,
880 765 62 27 bragt

187 799 199 22 statsinkomsterna
401 801 32 20 att
448 800 69 27 nedgä
539 801 67 20 under
630 801 37 20 det
691 800 124 21 beräknade
834 800 106 27 beloppet.

188 833 164 22 Statsutskottet
374 834 42 21 kan
438 835 77 21 endast
537 835 74 21 förena
634 835 32 26 sig
688 840 35 15 om
746 834 41 21 den
810 834 70 26 tanke,
896 840 45 15 som

186 867 58 27 legat
267 868 33 21 till
315 869 70 26 grund
400 868 34 22 för
449 869 109 20 bildandet
573 868 23 22 af
610 875 27 14 en
652 868 131 22 reservfond.
812 868 55 21 Värt
881 868 60 21 lands

187 902 45 21 smä
248 902 138 21 ekonomiska
396 909 107 15 ressurser
514 903 39 21 och
568 903 61 26 ringa
643 903 109 26 naturliga
766 902 127 27 hjelpkällor
908 908 33 21 sy-

187 942 38 15 nas
240 937 49 20 med
296 937 159 26 nödvändighet
465 937 86 27 betinga
558 943 27 15 en
592 937 57 26 fond,
666 943 46 15 som
720 936 62 22 äfven
797 937 68 20 under
879 937 63 26 bryd-

187 976 104 16 sammare
309 971 55 21 tider
379 971 136 22 säkerställer
530 971 128 21 statsverket
672 971 34 22 för
721 972 68 20 större
805 971 137 21 ekonomiska

186 1004 138 27 svärigheter,
348 1005 39 21 och
402 1005 68 22 finner
492 1005 111 22 Utskottet
625 1006 37 21 det
683 1005 63 21 äfven
768 1005 124 21 välbetänkt
910 1006 32 20 att

187 1039 69 20 denna
271 1038 62 22 fonds
348 1039 114 27 tillgängar
476 1040 106 26 placerats
592 1039 136 22 uteslutande
741 1039 33 22 uti
784 1039 85 22 absolut
879 1039 63 21 säkra

186 1073 117 21 utländska
324 1073 147 27 obligationer.
502 1074 49 21 Men
574 1074 95 21 deremot
691 1073 40 22 har
746 1073 111 22 Utskottet
872 1074 70 21 ansett

187 1107 31 26 sig
240 1107 48 21 icke
306 1107 74 31 kunna
395 1107 111 22 underläta
521 1110 32 19 att
568 1108 40 21 här
622 1107 120 27 framhälla,
761 1108 102 21 hurusom
879 1107 26 21 dä
920 1107 23 21 af

188 1141 254 22 öfverskottsstatsmedel
465 1142 120 27 betydande
608 1148 94 15 summor
725 1141 90 22 afsättas
838 1142 8 21 i
867 1141 75 22 fonder

186 1175 40 22 och
242 1175 90 22 sålunda
347 1176 76 21 bindas
438 1175 34 22 för
487 1176 105 21 särskilda
607 1176 106 26 ändamål,
729 1175 62 22 deraf
804 1176 61 21 äfven
879 1175 63 27 följer

187 1211 32 20 att
241 1211 71 20 större
333 1210 78 27 belopp
430 1209 69 22 måste
513 1217 76 20 genom
604 1210 116 27 bevillning
735 1210 159 21 åstadkommas
908 1209 34 22 för

186 1243 138 22 bestridande
342 1244 22 21 af
378 1244 67 27 öfriga
460 1245 125 26 statsbehof,
608 1246 27 19 än
657 1245 57 20 hvad
730 1250 45 15 som
790 1244 55 21 varit
859 1243 61 22 fallet
934 1243 8 21 i

186 1277 102 22 händelse
310 1278 99 27 samtliga
431 1278 172 22 statsinkomster
625 1278 70 22 blifvit
710 1278 34 22 för
759 1279 63 21 dessa
837 1278 105 22 allmänna

188 1312 155 21 statsändamål
359 1313 102 21 använda.
491 1312 35 22 Då
548 1313 36 21 det
606 1313 131 21 tillkommer
751 1313 85 21 landets
851 1312 91 22 Ständer

186 1347 33 20 att
240 1346 75 22 anvisa
337 1346 26 22 de
379 1346 146 28 bevillningar,
548 1347 72 21 hvilka
641 1347 33 22 till
697 1347 144 21 statsfondens
854 1346 88 22 förstär-

186 1380 70 22 kande
276 1380 66 22 blifva
357 1381 139 27 erforderliga
511 1382 45 26 och,
580 1381 71 22 såsom
666 1382 66 21 redan
747 1380 135 27 framhållits,
904 1380 38 22 be-

186 1414 73 27 loppet
274 1414 24 22 af
319 1415 63 21 dessa
403 1415 141 27 bevillningar
566 1416 132 26 väsentligen
713 1415 65 21 beror
793 1414 92 27 derutaf,
908 1420 33 15 om

186 1448 143 22 öfverskottet
343 1449 8 21 i
365 1449 108 22 allmänna
488 1450 132 21 statsfonden
642 1450 133 26 undantages
789 1450 34 21 för
838 1448 105 22 särskilda

186 1482 100 22 ändamål
306 1483 52 21 eller
373 1484 53 25 icke,
443 1490 62 20 synes
520 1484 36 20 det
571 1484 112 22 Utskottet
697 1485 34 20 att
746 1483 121 22 Ständerna
881 1483 61 21 äfven

255 1522 148 18 Statsutskottets
416 1522 116 18 betänkande
543 1522 37 18 N:o
592 1523 30 18 13.
