1086 1717
510 164 11 20 I
842 164 25 20 15

137 233 34 26 sig
186 233 35 21 vid
237 232 137 27 upplånande
392 232 12 21 å
419 232 84 21 utrikes
521 234 33 19 ort
570 232 23 21 af
607 232 57 21 ända
679 232 34 21 till
729 232 74 22 trettio
819 232 77 21 millio-

137 273 39 15 ner
199 266 69 22 finska
290 267 68 25 mark,
381 266 86 22 komme
483 268 33 20 att
532 266 90 22 omfatta
635 267 81 26 jemväl
731 266 164 28 ifrågavarande

138 301 188 27 amorteringslån.

206 337 54 20 32:0.
290 335 61 21 Efter
367 336 36 20 det
418 335 61 21 Hans
495 335 125 27 Kejserliga
632 336 103 26 Majestät
745 335 50 21 låtit
804 336 92 20 medelst

137 370 65 27 nådig
225 370 133 27 proposition
382 370 112 26 förelägga
518 370 122 21 Ständerna
664 372 78 19 tvänne
766 370 81 26 förslag
861 370 34 20 till

137 404 254 28 grundlagsstadganden
416 404 33 21 för
475 404 215 28 Storfurstendömet,
718 404 117 27 angående,
859 404 37 21 det

138 447 41 14 ena
201 440 138 21 motionsrätt
354 439 33 21 för
402 439 105 22 Finlands
525 439 92 22 Ständer
634 440 39 21 och
690 440 36 21 det
741 440 68 21 andra
824 439 71 22 förän-

138 475 54 20 drad
214 475 81 26 lydelse
314 474 22 21 af
350 475 25 20 51
393 474 39 21 och
449 475 26 20 52
492 474 25 27 $$
533 474 7 21 i
556 474 245 27 Landtdagsordningen
818 474 23 21 af
855 474 41 21 den

139 509 25 20 15
180 509 32 26 (3)
228 509 61 26 April
306 509 61 25 1869,
390 508 64 21 hafva
478 508 123 21 Ständerna
624 509 32 20 uti
680 508 175 21 svarsskrifvelse
875 508 23 21 af

139 543 41 21 den
203 544 27 20 28
253 543 58 20 Mars
336 543 53 20 1882
405 543 7 20 i
428 543 176 26 underdånighet
620 543 88 26 anmält,
725 545 33 19 att
774 543 121 21 Ständerna

138 580 52 18 utan
212 577 125 27 förändring
360 577 85 27 antagit
469 577 41 21 den
533 577 24 21 af
577 577 61 22 Hans
654 577 104 27 Majestät
773 577 124 27 föreslagna

137 612 63 27 lagen
224 619 33 14 om
280 612 145 27 motionsrätt,
448 612 122 27 hvarjemte
594 611 123 22 Ständerna
732 612 115 27 meddelat,
864 614 33 19 att

138 646 128 27 Ständerna,
290 648 52 19 enär
361 647 68 25 sagda
444 646 42 27 lag,
504 647 67 20 sedan
588 647 41 20 den
645 647 72 20 blifvit
733 646 22 21 af
768 647 61 20 Hans
845 647 51 26 Kej-

139 681 78 26 serliga
240 681 102 26 Majestät
362 680 87 27 nådigst
465 680 109 27 faststäld,
590 681 85 21 komme
692 683 32 19 att
739 683 78 24 utgöra
833 687 26 15 en
875 680 24 21 af

139 715 218 21 Storfurstendömets
381 715 139 27 grundlagar,
538 715 80 27 jemväl
635 715 103 27 iakttagit
754 715 41 21 den
811 715 36 20 vid
862 715 34 21 så-

140 750 56 20 dana
211 749 71 27 lagars
299 749 102 21 stiftande
417 749 143 22 härförinnan
576 750 134 26 vedertagna
726 750 55 21 form
797 750 39 21 och
848 749 6 21 i
866 749 31 21 öf-

137 784 203 21 verensstämmelse
363 784 87 21 dermed
473 783 79 22 försett
575 784 126 21 densamma
720 785 49 20 med
785 784 112 26 inledning

138 818 40 21 och
200 818 175 21 slutbekräftelse
399 819 153 20 motsvarande
576 819 54 26 dem,
650 819 73 20 hvilka
739 818 106 21 användts
861 818 35 21 vid

138 852 69 27 öfriga
233 853 103 20 särskildt
360 852 114 21 utfärdade
498 853 138 26 grundlagar,
660 855 57 19 samt
740 855 39 25 att,
806 853 90 21 emedan

138 887 128 26 Förenings-
282 887 40 21 och
338 887 199 21 Säkerhetsaktens
554 889 42 19 6:te
612 887 69 27 punkt
697 893 76 21 genom
790 888 41 20 den
841 887 56 21 före-

139 921 76 27 slagna
238 922 63 26 lagen
319 921 107 22 förlorade
443 921 29 22 all
488 922 76 21 vidare
580 922 160 27 tillämplighet,
757 923 30 20 ett
802 921 95 27 formligt

137 955 151 27 upphäfvande
304 955 23 22 af
340 956 93 21 nämnda
449 956 71 27 punkt
535 956 72 21 blifvit
623 957 31 20 uti
671 957 138 26 inledningen
821 958 76 25 uppta-

138 992 42 25 get.
210 991 137 20 Beträffande
370 990 104 27 förslaget
494 991 35 20 till
544 991 36 26 lag
596 997 34 15 om
646 991 117 21 förändrad
778 991 83 26 lydelse
877 990 23 21 af

137 1025 26 20 51
181 1025 39 20 och
236 1026 27 20 52
279 1025 25 27 $$
324 1025 6 20 i
351 1025 249 27 Landtdagsordningen
619 1025 65 21 hafva
700 1025 121 22 Ständerna
836 1025 6 21 i
858 1031 39 14 un-

138 1059 142 26 derdånighet
302 1059 177 27 tillkännagifvit,
505 1061 33 20 att
562 1059 122 22 Ständerna
703 1059 85 28 antagit
803 1059 94 21 nämnda

137 1093 125 27 lagförslag,
287 1094 54 21 dock
363 1095 49 20 med
435 1093 71 22 sådan
531 1094 92 27 ändring
641 1097 33 18 att
694 1094 23 21 af
730 1095 26 20 de
772 1094 7 21 i
795 1095 25 20 51
839 1094 8 27 8
865 1093 32 21 in-

137 1127 83 28 gående
230 1128 66 21 orden
307 1128 151 28 ,,fullständigt
468 1128 98 27 förslag'*
577 1129 62 21 ordet
650 1129 166 27 ,,fullständigt'
828 1128 70 21 blifvit

137 1162 73 27 utbytt
221 1165 44 19 mot
275 1163 110 26 uttrycket
401 1163 21 26 ,,i
433 1163 94 26 lagform
539 1162 127 27 affattadt'';
682 1163 66 22 likväl
759 1163 64 21 hafva
835 1162 62 22 Stän-

138 1197 67 21 derna
220 1197 72 21 tillika
307 1197 105 21 förklarat
428 1199 33 19 att
477 1197 131 28 Ständerna,
625 1197 7 22 i
648 1198 104 21 händelse
769 1198 70 20 denna
855 1197 43 21 för-

137 1232 93 26 ändring
253 1232 18 27 ej
295 1238 69 15 vunne
384 1232 77 27 nådigt
477 1232 166 27 godkännande,
661 1234 78 25 antoge
755 1231 143 28 lagförslaget

137 1265 79 22 sådant
232 1266 36 21 det
284 1267 6 20 i
307 1267 41 20 den
363 1266 80 28 nådiga
458 1267 166 27 propositionen
640 1266 128 22 framstälts.

205 1300 61 22 Hans
289 1301 121 27 Kejserliga
432 1301 105 27 Majestät
559 1302 40 20 har
622 1301 48 21 icke
694 1302 58 20 velat
777 1301 7 21 i
810 1300 41 21 den
877 1300 23 21 af

137 1334 121 22 Ständerna
274 1335 100 21 beslutna
388 1335 55 21 form
459 1336 111 21 stadfästa
584 1336 95 21 nämnda
694 1336 36 26 lag
745 1342 35 15 om
795 1334 103 22 motions-

136 1370 45 20 rätt
203 1369 33 21 för
258 1370 103 21 Finlands
381 1369 100 27 Ständer,
506 1370 7 21 i
535 1370 55 27 följd
610 1370 79 21 hvaraf
706 1370 63 21 äfven
784 1370 63 26 lagen
864 1376 34 14 om

136 1403 118 21 förändrad
276 1404 81 27 lydelse
379 1404 24 21 af
424 1405 25 20 51
472 1404 42 22 och
533 1405 27 21 52
580 1405 24 27 88
624 1404 7 21 i
650 1404 249 27 Landtdagsordningen

136 1437 43 22 fått
193 1438 93 21 förfalla.
316 1438 126 22 Emellertid
458 1438 41 22 har
515 1438 61 22 Hans
592 1439 122 27 Kejserliga
730 1438 103 28 Majestät
849 1438 50 21 låtit
