1086 1717
46 216 128 23 Afskrifning

36 239 25 22 af
72 239 102 23 Hypoteks-

39 262 128 24 föreningens

85 285 38 18 lån.

213 150 25 19 14

538 214 13 26 $
568 216 19 19 3.

251 248 13 21 I
279 248 127 28 anledning
429 247 26 22 af
475 247 66 22 Hans
563 247 134 29 Kejserliga
718 247 122 29 Majestäts
856 247 38 22 till
909 255 34 14 se-

182 284 54 20 nast
258 282 139 22 församlade
417 282 101 22 Ständer
537 282 87 21 aflåtna
640 282 87 28 nådiga
741 282 148 28 proposition
904 289 39 14 an-

182 316 90 29 gående
295 316 143 29 afskrifning
461 316 27 22 af
507 316 279 29 Hypoteksföreningens
809 316 39 22 lån
863 316 9 22 i
887 316 56 22 Fin-

182 351 68 22 lands
273 352 69 21 Bank
363 351 71 22 hafva
455 351 131 22 Ständerna
608 350 103 28 beslutit,
731 352 35 20 att
781 350 102 22 nämnda
897 350 45 28 lån,

182 386 140 28 uppgående
343 386 38 22 till
404 388 92 25 600,000
515 386 73 27 mark,
608 386 64 28 finge
687 386 38 21 till
740 385 91 22 förmån
847 385 95 22 företrä-

183 420 79 22 desvis
284 420 37 23 för
342 420 278 29 Hypoteksföreningens
644 420 108 29 delegare
774 420 9 22 i
806 420 136 29 Uleåborgs,

184 455 95 29 Kuopio
295 455 43 22 och
354 455 34 22 St.
403 455 99 22 Michels
518 455 39 21 län
572 455 136 28 afskrifvas,
724 455 75 22 under
813 455 87 22 vilkor:

253 491 35 20 att
302 489 151 29 föreningens
469 489 145 22 återstående
630 489 86 28 deficit,
732 489 109 29 omkring
852 492 91 25 465,000

184 524 72 28 mark,
282 531 83 22 genom
388 524 151 28 föreningens
562 531 61 21 egna
645 523 161 29 tillgöranden
822 523 85 22 blifver
922 531 23 14 a-

185 558 136 28 morteradt;

253 595 35 20 att
303 593 315 28 förvaltningskostnaderna
633 593 37 22 för
685 593 80 28 hvarje
781 593 26 21 är
821 592 74 22 blifva
906 592 37 21 be-

183 627 81 22 täckta
285 630 57 19 utan
364 628 118 22 anlitande
505 627 26 22 af
550 627 29 22 de
598 627 37 22 för
653 629 67 20 ränta
743 627 44 22 och
803 627 141 28 amortering

186 662 116 28 behöfliga
316 662 92 22 medlen
424 664 61 20 samt

254 699 36 19 att
313 697 39 21 till
376 697 161 28 betryggande
560 696 26 22 af
606 697 153 28 föreningens
782 695 105 29 förmäga
909 697 34 20 att

184 731 55 22 bära
262 731 115 28 förluster,
401 739 50 14 som
469 731 80 22 kunna
574 731 86 28 uppstä
683 730 26 22 af
729 730 71 22 redan
817 730 66 28 gifna
897 730 46 28 län,

184 765 8 21 i
208 765 154 28 reglementet
383 765 88 22 införes
494 773 28 14 en
545 765 156 29 bestämning,
723 772 50 15 som
792 765 95 28 ålägger
901 764 43 21 bil-

183 799 89 22 dandet
287 799 26 22 af
325 807 29 14 en
369 807 79 14 reserv
463 800 57 21 fond
531 800 37 21 till
578 800 111 29 beloppet
699 799 52 22 icke
762 798 181 29 understigande

186 837 10 18 1
213 836 97 26 procent
332 834 26 21 af
378 834 109 29 samtliga
509 834 141 29 utelöpande
673 833 156 23 förbindelser
844 833 43 22 och
903 835 39 25 att,

184 875 39 14 om
244 869 110 25 nämnde
367 869 137 22 reservfond
526 869 88 28 nedgär
637 869 75 21 under
732 869 65 21 detta
816 867 127 27 minimum,

184 903 109 28 åtgärder
315 905 82 26 genast
420 903 107 29 vidtagas
550 903 38 22 till
604 903 146 22 densammas
765 902 179 29 uppbringande

184 937 39 21 till
239 937 72 28 sagda
326 937 91 29 belopp.

254 971 42 22 Uti
312 971 124 22 skrifvelse
452 971 26 22 af
491 971 44 22 den
550 975 12 19 3
579 972 56 22 Juni
652 974 55 20 1882
722 971 71 22 hafva
815 970 129 22 Ständerna

182 1005 120 22 meddelat
317 1005 218 29 Bankfullmäktige
550 1005 153 22 förenämnda
718 1005 84 28 beslut,
821 1007 60 19 samt
895 1004 49 21 der-

181 1039 75 29 jemte
278 1040 153 29 bemyndigat
453 1040 219 29 Bankfullmäktige
695 1042 40 25 att,
760 1040 91 21 säsnart
865 1039 79 28 Hypo-

185 1073 193 30 teksföreningen
400 1074 37 22 för
456 1075 160 28 Fullmäktige
634 1074 88 28 visade,
741 1073 40 22 det
799 1073 145 28 föreningen,

184 1111 59 19 utan
259 1111 35 19 att
309 1109 79 22 skrida
403 1109 38 22 till
456 1109 71 22 sådan
542 1109 85 29 partiel
640 1109 143 28 uttaxering,
793 1107 152 29 hvarigenom

183 1150 31 14 en
235 1143 39 22 del
293 1143 26 22 af
337 1143 52 22 dess
411 1143 106 29 delegare
536 1144 8 21 i
564 1146 73 19 större
659 1143 139 29 proportion
820 1145 30 18 än
873 1142 72 21 andra

183 1177 79 22 skulle
276 1177 24 22 få
315 1178 55 21 bära
385 1178 151 29 föreningens
554 1178 52 22 före
625 1179 26 20 är
672 1181 55 19 1878
749 1177 135 29 uppkomna
900 1176 46 23 för-

182 1212 82 28 luster,
288 1212 118 22 definitivt
427 1213 102 28 vidtagit
552 1213 86 22 sådana
660 1212 115 29 åtgärder,
800 1219 50 14 som
869 1211 77 22 säker-

183 1247 77 21 stälde
282 1247 166 29 uppfyllandet
467 1247 26 22 af
506 1247 147 22 förestående
668 1247 85 28 vilkor,
769 1247 48 22 låta
832 1246 114 22 afskrifva

182 1281 72 28 lånet,
271 1281 91 22 hvilket
377 1282 136 28 emellertid,
539 1282 75 28 enligt
631 1281 142 23 Ständernas
789 1281 79 21 tillika
884 1280 62 22 med-

183 1316 84 21 delade
293 1316 162 29 förordnande,
479 1317 64 21 intill
566 1317 121 28 utgången
710 1316 27 22 af
757 1316 26 21 år
807 1318 54 20 1884
884 1316 61 28 finge

184 1350 43 22 hos
250 1350 140 30 föreningen
413 1351 92 22 innestå
528 1353 57 20 utan
607 1353 68 20 ränta
698 1350 44 22 och
765 1349 98 29 stadgad
888 1350 58 21 åter-

185 1384 131 29 betalning.

254 1419 81 22 Under
350 1419 145 29 åberopande
510 1420 26 21 af
550 1420 142 22 Ständernas
708 1418 153 23 omförmälda
869 1418 78 22 beslut

183 1452 45 22 och
252 1454 219 29 Bankfullmäktige
496 1454 107 22 lemnade
625 1453 195 29 bemyndigande,
847 1454 99 21 anmälte

182 1487 158 23 Direktionen
355 1488 37 22 för
405 1488 114 22 Finlands
530 1488 236 29 Hypoteksförening
776 1488 36 21 uti
823 1487 123 23 skrifvelse
