1086 1717
216 145 22 16 36
479 145 22 16 U.
514 145 20 16 B.
547 154 21 3 —
582 144 83 17 XXXIL

262 201 100 22 Bankens
379 201 121 22 metalliska
515 202 65 21 kassa
590 201 34 21 fär
631 201 47 22 icke
687 201 119 22 bibehällas
814 201 67 21 under
889 201 61 27 tjugu

193 234 107 22 millioner
315 236 66 20 mark.

262 268 44 22 För
321 270 40 20 den
377 269 124 22 metalliska
515 270 90 20 kassans
620 269 150 21 förstärkande
782 270 27 20 är
815 268 81 22 landets
906 268 43 22 Re-

191 302 75 27 gering
289 302 117 28 berättigad
427 305 36 24 att,
483 304 54 21 efter
553 304 74 20 derom
642 303 24 21 af
679 303 192 27 bankfullmäktige
887 303 62 27 gjord

192 336 166 28 framställning,
373 337 28 27 pä
417 337 130 22 Ständernas
562 339 82 25 vägnar
658 340 114 24 garantera
787 337 111 21 utländskt
913 337 36 21 län

193 370 54 22 eller
263 370 71 22 kredit
348 371 28 27 pä
391 372 64 26 högst
469 372 30 21 tio
515 372 107 21 millioner
638 372 67 20 mark.

541 434 12 27 8
568 434 35 21 20.

261 473 89 22 Banken
365 476 24 19 är
404 474 116 27 förpligtad
535 475 33 20 att
582 473 59 22 säväl
656 474 36 21 vid
707 474 181 21 hufvudkontoret
903 479 45 16 som

192 508 36 21 vid
243 507 226 28 afdelningskontoren
483 508 58 21 inom
557 509 73 21 landet
645 508 35 21 vid
696 508 115 21 anfordran
827 508 52 21 med
889 508 60 21 ilan-

192 542 37 21 det
244 542 100 27 gällande
359 544 59 25 mynt
432 543 69 20 inlösa
517 543 46 20 sina
578 543 79 21 sedlar.

261 576 42 21 Vid
319 576 225 27 afdelningskontoren
560 576 35 21 mä
610 577 60 25 dock,
687 577 7 20 i
710 576 101 21 händelse
827 578 69 19 större
912 576 36 21 be-

192 609 50 27 lopp
266 610 109 26 samtidigt
397 610 35 21 till
451 610 82 21 inlösen
549 610 87 27 företes,
652 611 49 21 med
717 611 110 20 sedlarnes
842 610 108 27 invexling

191 644 71 26 anstä,
284 644 106 21 intilldess
413 644 211 27 kassaförstärkning
639 645 6 20 i
661 644 118 21 metalliskt
801 646 60 25 mynt
875 644 75 21 hunnit

192 677 48 26 frän
256 677 181 22 hufvudkontoret
451 678 91 22 inträffa.

539 738 12 27 $
567 739 34 24 21.

261 778 129 26 Banksedel,
413 785 45 14 som
481 780 24 19 är
524 779 94 26 söndrig,
634 778 56 21 skall
706 778 86 25 inlösas,
808 777 91 22 såframt
913 783 36 16 an-

192 811 75 28 tingen
290 812 56 21 bäda
368 812 184 21 underskrifterna
571 812 67 27 jemte
662 813 79 20 endera
763 818 117 19 nummern,
896 811 54 22 eller

192 845 69 27 högra
282 852 111 15 nummern
413 846 66 27 jemte
495 847 69 26 nägon
580 847 34 20 del
632 846 23 21 af
669 845 191 27 underskrifterna,
875 846 74 21 inlem-

193 886 39 15 nas
254 880 209 27 sammanhängande
482 882 55 19 samt
552 880 86 21 sedelns
652 881 62 21 valör
728 880 71 21 tillika
814 880 42 21 kan
871 879 78 22 tillför-

192 913 84 27 litligen
299 914 107 27 urskiljas.
441 913 94 28 Uppstår
556 914 71 26 tvifvel
649 921 33 14 om
704 913 67 22 sedels
791 913 100 27 giltighet,
913 919 37 15 an-

192 947 98 22 kommer
306 948 36 21 det
356 948 28 27 pä
398 948 204 26 bankfullmäktiges
616 948 84 21 utskott
714 949 38 25 att,
768 947 55 22 efter
834 947 116 22 framställ-

193 981 51 27 ning
267 981 23 21 af
312 981 140 27 direktionen,
475 982 75 27 afgöra
572 982 105 21 huruvida
701 982 67 21 sädan
783 981 59 22 sedel
858 981 54 21 skall
928 981 24 21 af

192 1015 86 22 banken
293 1015 86 22 inlösas.

262 1048 107 23 Försliten
391 1049 50 22 eller
458 1049 88 27 söndrig
560 1049 56 22 sedel
630 1049 36 21 mä
681 1049 19 26 ej
715 1049 9 21 i
738 1048 92 22 rörelsen
845 1049 54 26 änyo
914 1051 35 18 ut-

191 1082 87 22 lemnas.

541 1129 11 26 8
568 1129 58 22 22.

262 1167 32 22 Pä
317 1167 133 22 direktionen
468 1168 124 21 ankommer
606 1169 32 20 att
653 1168 87 26 vidtaga
754 1167 79 26 nödiga
849 1167 101 26 ätgärder

191 1201 35 21 för
241 1201 235 27 sedeltillverkningen;
493 1208 48 15 men
555 1202 8 21 i
578 1201 74 27 frägor
666 1201 24 22 af
704 1203 69 19 större
787 1201 46 26 vigt
847 1201 54 21 eller
910 1201 40 21 der

192 1235 34 21 för
248 1235 123 21 ändamälet
394 1236 101 21 särskildt
511 1236 74 26 anslag
600 1236 23 20 af
636 1235 96 22 bankens
747 1235 69 21 medel
833 1235 115 27 erfordras,

190 1269 86 27 åligger
297 1269 37 21 det
356 1269 65 21 likväl
445 1269 133 22 direktionen
600 1271 32 19 att
654 1269 132 22 öfverlemna
808 1269 89 21 ärendet
915 1269 33 21 till

191 1302 205 28 bankfullmäktiges
411 1304 88 21 utskott.

539 1356 11 28 8
566 1357 34 21 23.

260 1396 41 21 Om
324 1396 109 21 sedlarnes
455 1396 66 26 valör,
545 1396 81 27 lydelse
650 1398 56 19 samt
721 1396 53 21 form
791 1395 39 22 och
845 1396 103 21 utseende

190 1431 26 19 är
230 1430 104 20 särskildt
350 1430 105 26 stadgadt.

260 1469 138 17 Bankutskottets
409 1470 104 16 betänkande
525 1469 35 17 N:o
572 1469 18 17 3.
