1086 1717
215 152 21 16 28
478 152 22 16 U.
511 151 22 17 B.
544 161 22 3 —
580 151 83 17 XXXIL

191 208 202 27 bankfullmäktiges
407 208 90 26 utskott,
509 208 85 21 hvilken
610 209 118 26 anordning
743 210 82 19 ansetts
840 214 39 21 ega
893 208 56 22 före-

191 248 61 21 träde
267 248 88 21 framför
369 248 42 21 den
425 248 8 21 i
447 248 195 26 komiteförslagets
652 248 43 21 6:te
711 248 11 27 $
737 248 104 26 ingående
856 248 92 21 bestäm-

191 288 79 26 ningen
288 294 35 15 om
341 290 32 19 att
387 288 108 21 utskottet
509 288 56 26 sjelft
580 288 53 26 egde
648 288 56 27 välja
718 288 61 21 desse
793 288 154 28 funktionärer.

84 327 63 21 Mon.
163 329 12 19 6
260 328 32 20 De
308 328 86 26 spridda
409 328 146 26 stadgandena
571 334 34 15 om
621 328 202 26 protokollföringen
836 334 27 15 m.
872 334 28 14 m.
909 328 39 20 hos

192 368 190 26 bankfullmäktige
405 368 39 21 och
463 368 7 20 i
487 368 113 26 utskottet,
616 368 64 21 hafva
694 368 69 21 blifvit
779 368 169 26 sammanslagna

192 408 6 20 i
218 413 26 15 en
264 408 18 27 &,
298 408 83 20 hvadan
404 408 74 27 sjunde
500 410 117 19 momentet
638 408 7 20 i
664 408 11 27 &
694 410 12 19 2
726 407 140 28 öfverflyttats
884 408 33 20 till
936 407 11 28 $

192 448 13 21 6
222 448 20 27 (8
258 449 12 20 7
285 448 7 20 i
307 447 198 27 komiteförslaget);
522 448 54 21 dock
592 449 48 20 med
656 449 40 20 den
711 448 70 21 tillika
795 448 102 26 vidtagna
910 449 37 19 än-

192 487 61 27 dring
276 489 32 19 att
326 487 146 22 sekreteraren
491 487 68 22 blefve
574 494 120 20 gemensam
709 488 33 21 för
756 487 191 26 bankfullmäktige

192 527 40 21 och
246 527 112 22 utskottet.

261 567 50 22 Som
333 567 106 22 utskottet
456 567 47 22 icke
525 568 84 21 komme
628 571 31 18 att
674 568 66 27 väljas
755 568 23 21 af
791 567 155 22 bankfullmäk-

191 607 49 26 tige,
257 607 39 21 har
311 607 11 27 $
338 608 13 21 3
369 607 7 21 i
395 607 182 27 komiteförslaget
599 609 121 20 utlemnats.
750 607 69 22 Häraf
839 608 26 20 de
887 607 59 21 kom-

189 647 78 21 mande
282 647 161 26 paragrafernas
458 648 133 21 förändrade.
601 648 155 27 nummerföljd.

85 686 12 27 $
112 688 13 19 3
141 687 32 26 (4)
259 687 10 20 I
285 687 69 21 denna
372 687 11 27 $
403 693 46 15 som
464 688 122 27 uppräknar
601 688 115 21 utskottets
731 688 108 21 allmänna
853 687 93 26 äliggan-

190 726 47 26 den,
253 727 39 20 har
307 727 70 20 såsom
392 727 75 26 tillägg
481 728 87 26 intagits
583 734 26 15 en
624 728 133 26 bestämning
773 727 80 26 derom,
869 729 32 19 att
915 727 31 21 äf-

189 772 40 15 ven
252 766 106 21 utskottet
380 767 53 26 egde
451 767 7 20 i
476 767 79 26 vigtiga
573 767 37 21 fall
625 767 114 27 hänskjuta
754 767 77 26 frägor,
848 767 38 20 der
901 767 44 20 det-

189 812 81 15 samma
285 806 39 21 har
338 807 126 21 beslutande
479 809 49 23 rätt,
544 808 32 21 till
591 807 202 26 bankfullmäktiges
809 808 93 25 plenum.

83 848 12 24 $
110 848 14 19 4
140 847 32 27 (5)
259 846 73 22 Skälet
351 847 32 21 för
399 847 199 27 omformuleringen
614 848 23 21 af
650 848 70 21 denna
734 847 11 27 $
761 847 6 20 i
783 847 56 21 hvad
854 847 41 21 den
910 849 35 19 rör

189 887 131 26 procedyren
335 888 7 20 i
357 887 101 21 händelse
473 887 24 21 af
512 888 70 21 förfall
596 888 33 21 för
643 888 113 26 suppleant
772 888 6 20 i
793 887 112 26 utskottet,
921 889 24 19 är

187 926 67 21 redan
270 927 6 20 i
292 927 36 21 det
342 927 128 26 föregående
485 928 81 26 antyät.

83 966 12 25 8
110 967 13 20 5
140 968 31 26 (6)
258 966 49 21 Med
329 967 99 21 afseende
450 967 13 21 å
478 967 170 27 slutstadgandet
666 968 6 21 i
688 968 69 21 denna
773 967 18 27 &,
807 973 46 15 som
867 967 77 21 under-

187 1006 47 26 gätt
245 1013 27 15 en
283 1006 139 23 förenklande
433 1007 251 27 redaktionsförändring,
693 1008 35 21 mä
738 1007 129 26 framhällas,
881 1007 63 20 huru-

187 1051 46 16 som
256 1046 134 22 direktionen
408 1047 48 21 bäst
475 1049 24 19 är
503 1042 13 37 i
535 1047 82 21 tillfälle
632 1050 32 19 att
678 1047 91 21 bedöma
784 1047 160 21 affärsställnin-

186 1091 42 20 gen
243 1086 40 21 hos
301 1086 95 22 bankens
411 1087 130 26 gäldenärer,
558 1087 39 21 och
612 1089 32 19 att
659 1087 95 22 komiten
769 1087 48 21 med
832 1086 66 27 riktig
912 1087 31 20 in-

186 1125 43 27 sigt
250 1126 76 21 härom
344 1127 110 21 tillerkänt
472 1127 69 21 denna
558 1127 122 27 myndighet
699 1129 31 19 ett
745 1129 68 18 större
828 1125 116 28 inflytande

186 1167 28 18 än
237 1165 76 22 hittills
332 1167 6 20 i
355 1167 71 26 frägor
441 1173 34 15 om
491 1167 79 21 ackord
585 1167 40 21 och
640 1167 67 21 andra
722 1166 106 21 likartade
843 1166 99 21 ärenden.

81 1206 12 25 $
110 1207 11 20 7
137 1206 34 27 (8)
256 1206 74 26 Enligt
338 1206 122 21 Utskottets
475 1207 64 21 tanke
554 1207 40 21 har
608 1207 96 21 komiten
718 1207 7 20 i
741 1207 70 20 denna
823 1206 11 27 $
846 1206 27 26 pä
887 1206 56 26 goda

185 1245 95 26 grunder
290 1245 94 27 frängätt
395 1247 66 26 nägra
476 1247 23 20 af
512 1247 27 20 de
553 1247 31 21 uti
599 1253 63 14 mom.
678 1247 23 26 h)
716 1247 7 20 i
737 1247 99 26 gällande
851 1246 92 21 instruk-

185 1285 46 21 tion
254 1285 104 27 ingäende
379 1287 133 26 stadganden
531 1293 33 15 om
584 1287 110 21 valbarhet
712 1287 33 21 till
759 1286 184 27 bankfullmäktig.

186 1325 34 21 Då
230 1326 43 20 den
281 1326 23 20 af
310 1326 112 21 Utskottet
432 1326 114 22 förordade
557 1327 158 27 ombildningen
723 1327 23 21 af
754 1326 188 26 bankfullmäktigs

185 1365 150 22 institutionen
353 1368 52 19 utan
424 1367 73 21 tvifvel
511 1367 97 26 päkallar
623 1369 31 19 ett
667 1367 64 21 friare
750 1367 34 21 val
800 1367 23 21 af
836 1372 106 21 personer,

185 1405 40 21 har
233 1405 113 22 Utskottet
360 1406 47 22 icke
421 1407 58 20 velat
493 1407 93 21 utesluta
600 1407 137 27 möjligheten
749 1408 32 20 att
792 1406 33 21 till
836 1406 107 22 bankfull-

185 1444 84 28 mäktig
293 1446 56 26 välja
373 1446 96 21 direktör
491 1447 7 20 i
520 1446 154 22 statskontoret
696 1448 56 20 samt
774 1446 96 21 direktör
891 1446 52 21 eller

256 1485 138 17 Bankutskottets
405 1486 105 17 betänkande
523 1486 35 16 N:o
570 1486 17 17 3.
