1086 1717
238 158 28 20 30
584 156 11 21 I

209 225 69 21 andra
300 225 99 21 litterära
421 225 74 25 alster,
515 224 89 22 hvarom
620 224 76 27 nådigt
712 224 49 22 bref
775 224 34 21 till
826 224 144 22 Alexanders-

208 259 168 21 Universitetets
387 259 163 21 Konsistorium
561 258 111 22 utfärdats
684 259 40 21 den
735 259 26 21 21
774 258 119 22 December
904 259 64 26 1883;

277 293 58 27 55:0)
352 296 32 18 att
399 294 61 20 Hans
477 293 123 27 Kejserliga
616 293 104 27 Majestät
733 293 7 20 i
752 292 67 22 nåder
829 293 85 21 täcktes
925 293 45 21 låta

207 327 102 22 utarbeta
332 328 39 21 och
395 328 94 21 derefter
507 328 113 26 förelägga
635 327 254 21 nästsammanträdande
906 327 63 22 Stän-

208 363 38 21 der
263 364 32 20 ett
310 362 48 22 hela
373 363 74 21 landet
463 362 135 22 omfattande
614 362 83 26 förslag
708 361 32 21 till
753 361 110 21 ordinarie
879 363 89 20 räntans

208 397 39 21 och
272 397 101 27 samtliga
396 398 7 20 i
427 397 97 27 spanmål
541 396 113 22 bestämda
667 396 148 27 jordskatters
831 396 139 27 förvandling

207 432 33 21 till
262 431 43 22 fixa
327 432 194 27 penningebelopp,
542 431 49 22 med
607 431 106 26 rättighet
728 430 65 21 likväl
810 430 34 22 för
860 430 108 22 skattebe-

207 466 97 21 talarene
319 467 7 20 i
343 467 26 20 de
385 467 130 25 landsorter,
531 466 6 21 i
554 466 74 21 hvilka
644 465 79 22 sådant
738 465 91 26 ansäges
841 466 81 26 nödigt,
935 467 33 20 att

207 501 121 20 tillsvidare
344 501 91 20 afbörda
451 501 33 26 sig
501 501 68 26 nägon
589 500 55 21 efter
660 499 165 22 förhällandena
835 500 87 27 lämpad
933 500 34 21 del

206 535 24 20 af
244 535 41 21 den
301 535 43 21 fixa
359 535 194 27 penningeskatten
570 535 6 20 i
590 534 97 27 spanmäl
699 534 55 21 efter
765 535 32 20 ett
807 534 24 21 af
840 535 127 26 regeringen

207 569 116 27 bestämdt,
341 569 80 27 skäligt
436 570 52 26 pris,
505 569 39 21 har
560 569 62 21 Hans
639 569 123 27 Kejserliga
777 568 105 27 Majestät
897 568 71 22 funnit

208 603 47 22 skäl
270 603 34 22 för
317 604 134 21 närvarande
466 604 18 26 ej
500 603 135 21 förekomma
652 606 32 18 att
699 603 33 21 till
748 603 122 27 petitionen
886 603 80 26 bifalla,

207 644 49 15 men
276 638 97 21 deremot
393 638 49 21 lätit
457 638 113 27 förelägga
586 638 122 21 Ständerna
723 637 36 22 vid
775 637 70 21 denna
865 637 102 27 landtdag

205 673 67 26 nädig
295 673 134 26 proposition
449 679 35 14 om
504 672 118 21 förändrad
639 672 154 26 undervisning
809 672 33 21 för
859 672 107 21 skatteru-

206 707 61 26 beln
257 703 13 35 ;

276 741 58 27 56:0)
351 747 33 15 om
400 741 132 26 vidtagande
548 741 22 21 af
585 741 108 26 ätgärder,
710 741 82 26 egnade
809 742 32 19 att
856 741 28 26 pä
899 741 67 26 lämp-

205 775 41 27 ligt
268 777 45 20 sätt
336 775 112 22 förhindra
464 776 37 21 det
516 775 34 21 för
566 775 120 22 hästafveln
704 776 93 25 menliga
813 776 154 26 utsläppandet

205 809 23 22 af
242 810 74 21 alltför
332 816 57 20 unga
405 810 52 21 eller
473 810 105 26 felaktiga
594 810 98 26 hingstar
706 809 29 28 pä
745 810 79 21 allmän
836 809 130 26 betesmark,

204 846 25 19 är
244 845 65 26 nådig
325 845 135 26 proposition
477 845 123 21 Ständerna
616 845 34 20 vid
662 845 69 20 denna
742 844 105 27 landtdag
858 845 107 26 förelagd;

276 879 58 27 57:0)
358 881 32 19 att
413 879 61 21 Hans
493 879 123 26 Kejserliga
636 879 104 26 Majestät
758 879 91 26 täcktes,
867 879 24 21 sä
906 881 60 19 snart

204 913 215 27 omständigheterna
443 914 37 21 det
502 913 113 27 medgäfve
636 913 40 21 och
691 913 58 21 helst
764 913 67 21 redan
847 913 33 21 till
897 913 69 21 denna

203 948 111 26 landtdag,
331 948 44 21 läta
390 948 113 27 förelägga
519 947 122 22 Ständerna
656 947 67 27 nädig
738 947 136 27 proposition
886 948 32 21 till
930 948 36 26 lag

203 982 112 27 angäende
339 982 128 27 tryckfrihet
482 983 5 20 i
504 982 100 25 Finland,
628 982 40 21 har
683 982 61 21 Hans
760 981 123 27 Kejserliga
898 982 67 27 Maje-

204 1018 42 19 stät
271 1016 71 21 funnit
364 1017 53 26 godt
439 1017 104 26 förklara,
567 1019 33 18 att
616 1016 133 21 Ständernas
765 1017 93 20 nämnda
874 1016 91 27 petition

204 1051 56 20 skall
276 1051 92 23 förfalla,
385 1051 68 26 jemte
469 1051 37 21 det
521 1051 61 20 Hans
598 1051 103 26 Majestät
717 1050 55 21 dock
789 1051 57 20 velat
861 1051 23 20 ät
900 1050 64 21 Sena-

202 1087 38 19 ten
262 1085 133 21 öfverlemna
414 1087 32 19 att
464 1085 134 21 underkasta
614 1085 26 21 de
656 1091 29 15 nu
700 1085 101 27 gällande
817 1085 149 26 stadgandena

202 1120 113 27 angäende
334 1126 89 21 pressen
442 1127 26 14 en
484 1122 99 19 närmare
599 1120 134 27 granskning
749 1121 56 20 samt
822 1120 94 21 derefter
931 1120 34 21 till

202 1154 62 21 Hans
281 1154 122 27 Kejserliga
413 1155 104 26 Majestät
527 1155 110 20 inkomma
648 1155 48 21 med
707 1154 147 27 underdånigt
863 1155 101 26 yttrande

202 1194 35 15 om
253 1189 74 20 hvilka
342 1189 153 26 förändringar
510 1189 134 21 beträffande
661 1189 41 21 den
718 1189 127 27 preventiva
860 1195 103 15 censuren

201 1223 75 21 kunna
298 1229 52 15 vara
373 1223 23 21 af
413 1223 217 27 omständigheterna
645 1224 40 21 och
700 1223 211 21 tidsförhållandena
926 1223 37 27 på-

200 1257 88 21 kallade
311 1257 110 22 äfvensom
445 1258 107 21 huruvida
568 1258 93 21 Senaten
678 1258 80 26 ansåge
774 1258 100 27 lämpligt
889 1260 33 19 att
937 1264 26 15 en

201 1292 61 26 dylik
285 1298 77 15 censur
385 1293 70 21 skulle
475 1293 34 21 för
529 1293 68 26 några
612 1293 47 27 slag
675 1293 23 21 af
712 1293 99 21 litterära
827 1292 68 22 alster
910 1299 52 20 upp-

200 1326 77 22 häfvas
294 1327 39 21 och
349 1327 72 21 hvilka
437 1327 102 27 åtgärder
554 1328 7 20 i
578 1327 78 21 sådant
672 1327 102 21 afseende
786 1327 67 21 borde
864 1327 98 27 vidtagas

200 1362 58 20 emot
274 1361 110 21 missbruk
400 1361 23 21 af
436 1368 103 20 pressen;

269 1396 59 27 58:0)
352 1398 33 18 att
399 1396 61 21 Hans
477 1396 123 26 Kejserliga
615 1395 104 27 Majestät
735 1394 84 22 täcktes
835 1396 52 25 taga
903 1395 6 20 i
925 1394 36 22 nå-

200 1428 48 27 digt
270 1429 159 27 öfvervägande
453 1436 34 15 om
510 1430 48 21 icke
575 1431 26 20 12
617 1430 11 27 8
644 1430 7 20 i
667 1429 102 27 gällande
785 1429 177 26 Landtdagsord-

199 1463 53 27 ning
275 1470 51 14 vore
346 1464 8 20 i
372 1464 67 21 behof
457 1464 24 21 af
493 1464 161 27 förtydligande
670 1464 40 21 och
725 1465 100 19 närmare
841 1463 120 27 förklaring
