1086 1717
224 152 26 20 32
571 150 11 20 I

194 221 118 19 vernörens
329 218 59 21 öfver
405 218 73 22 landet
494 218 122 26 bemedling
631 218 81 21 inledts
723 218 48 21 med
783 218 26 21 de
820 218 66 27 ryska
897 224 61 21 myn-

195 253 128 27 digheterne
339 252 39 21 och
393 253 48 21 haft
456 252 33 22 till
507 252 81 27 påföljd
604 252 48 21 icke
668 252 93 21 allenast
776 254 33 19 att
825 252 133 26 Generalgu-

194 289 107 20 vernören
318 287 40 21 den
375 288 26 20 28
419 287 46 28 (16)
481 287 43 27 Maj
542 288 54 20 1883
612 287 177 27 tillkännagifvit,
802 288 32 20 att
845 281 48 27 Åbo
904 287 54 21 slott

194 322 88 20 komme
306 323 34 19 att
363 322 22 20 af
406 322 66 26 ryska
488 322 187 21 militärväsendet
691 322 33 20 till
740 320 70 22 finska
826 321 134 21 statsverket

196 356 144 21 öfverlemnas
363 356 28 27 på
415 358 44 19 sätt
481 362 90 15 numera
594 356 62 21 äfven
674 356 65 26 skett,
755 358 52 18 utan
825 356 38 20 ock
880 357 32 19 att
927 355 32 21 af-

197 391 117 21 trädandet
339 390 23 21 af
382 390 103 27 Wiborgs
509 390 53 21 slott
584 390 6 21 i
614 392 111 19 närmaste
749 390 88 21 framtid
861 395 50 15 vore
927 391 33 19 att

197 427 89 20 emotse.
317 425 78 21 Medan
415 424 143 22 omförmälda
573 424 199 27 underhandlingar
788 424 111 27 angående
914 423 46 22 Wi-

195 460 67 27 borgs
280 460 54 21 slott
350 460 83 27 pågått,
450 460 39 21 har
506 455 174 32 Öfverstyrelsen
696 459 34 21 för
746 459 109 21 allmänna
865 459 95 27 byggna-

197 495 67 21 derna
282 494 43 21 fått
342 495 6 20 i
365 495 99 26 uppdrag
480 497 32 18 att
523 497 98 24 uppgöra
632 494 189 27 kostnadsförslag
833 495 32 20 till
877 496 83 19 restau-

198 529 73 26 rering
296 529 22 21 af
340 529 84 26 slottet;
449 529 38 21 och
511 535 45 15 som
573 529 49 21 dess
639 529 129 21 afträdande
784 529 111 26 fördröjts,
911 534 49 15 men

198 564 94 26 partiela
314 564 150 26 reparationer
487 563 121 21 emellertid
632 563 110 21 befunnits
763 563 141 26 nödvändiga,
921 562 39 21 har

199 597 95 22 Senaten
310 598 40 21 den
367 599 11 20 9
396 597 97 22 Oktober
511 599 54 20 1883
580 597 97 22 anbefalt
688 598 172 21 verkställandet
870 597 23 21 af
902 599 59 19 näst-

199 633 95 20 nämnda
317 633 148 26 reparationer
481 632 13 21 å
509 633 126 20 detsamma.
670 633 44 20 För
730 632 66 26 öfrigt
812 632 39 21 har
867 631 92 22 Senaten

198 667 50 21 låtit
272 667 132 21 iståndsätta
427 667 61 21 taket
503 667 13 20 å
532 667 36 20 det
584 667 65 21 sedan
668 667 60 20 äldre
744 667 56 20 tider
817 666 143 27 qvarstående

199 703 48 20 torn
273 701 28 27 på
325 702 40 20 den
382 701 83 22 mindre
481 701 23 21 af
519 701 25 22 de
561 701 32 21 till
610 701 118 21 Kexholms
745 701 14 21 f.
775 701 20 20 d.
812 701 95 26 fästning
922 700 39 21 hö-

198 737 68 20 rande
285 736 93 26 holmar;

269 771 58 26 61:0)
344 772 32 19 att
391 777 26 15 en
434 771 128 21 subvention
579 770 23 21 af
617 771 114 25 1,500,000
747 769 61 21 mark
824 769 23 21 af
862 771 99 19 statsme-

200 805 34 21 del
251 805 67 21 måtte
335 805 89 27 beviljas
441 805 23 21 åt
480 805 146 27 Björneborgs
641 805 102 20 kommun
755 804 52 21 eller
819 804 94 21 enskildt
924 804 38 21 bo-

199 839 43 27 lag,
266 845 47 15 som
336 839 72 21 kunde
431 839 82 22 erhålla
537 839 129 21 koncession
689 839 34 21 för
747 838 134 27 anläggande
897 837 23 22 af
934 844 26 15 en

198 873 92 27 jernväg
309 873 48 21 från
376 873 135 27 Björneborg
527 874 33 21 till
576 873 116 27 Loimijoki
710 873 52 22 eller
778 879 70 15 annan
864 872 99 21 närbelä-

200 914 41 21 gen
257 908 70 27 punkt
343 908 13 21 å
371 902 161 33 Åbo—Toijala
546 908 90 26 bandel;

275 944 33 19 att
330 943 112 20 enahanda
466 943 129 21 subvention
612 943 33 20 till
662 942 78 27 belopp
757 942 22 21 af
794 942 92 25 600,000
902 941 61 21 mark

201 977 67 20 måtte
289 977 90 26 beviljas
396 977 73 21 Kotka
485 977 49 21 stad
550 977 52 21 eller
619 977 97 21 enskildt
731 977 70 26 bolag,
818 982 46 15 som
881 975 81 22 erhölle

201 1011 129 21 koncession
351 1011 33 21 för
403 1012 136 26 anläggande
558 1011 23 22 af
595 1018 25 15 en
635 1011 92 27 jernväg
742 1011 48 20 från
806 1011 93 20 nämnda
915 1010 50 21 stad

202 1045 34 21 till
252 1045 100 22 Kouvola
368 1046 90 26 station;
476 1047 56 20 samt

276 1082 33 19 att
324 1086 27 15 en
367 1081 129 20 subvention
511 1080 24 21 af
549 1081 94 24 450,000
653 1080 63 21 mark
726 1079 23 22 af
759 1079 126 22 statsmedel
897 1079 68 20 måtte

202 1114 95 21 tilldelas
314 1115 191 20 Willmanstrands
521 1115 49 20 stad
582 1115 52 20 eller
645 1114 96 22 enskildt
751 1114 71 27 bolag,
835 1120 46 14 som
892 1113 72 21 kunde

202 1149 83 21 erhålla
300 1149 129 21 koncession
445 1149 34 22 för
495 1149 134 26 anläggande
646 1149 22 21 af
683 1155 26 14 en
721 1149 92 26 jernväg
824 1147 48 22 från
884 1147 82 21 Simola

203 1183 82 21 station
301 1183 34 21 till
351 1183 180 22 Willmanstrand
548 1184 39 21 och
604 1183 82 26 Saima;
710 1183 39 20 har
765 1183 61 20 Hans
842 1181 124 28 Kejserliga

201 1217 106 27 Majestät
330 1218 49 20 låtit
401 1218 161 26 framställning
585 1218 51 26 ingå
658 1218 7 20 i
689 1224 26 15 en
739 1217 33 21 till
793 1217 121 21 Ständerna
930 1215 36 22 vid

202 1251 71 22 denna
296 1252 105 26 landtdag
425 1252 78 21 aflåten
527 1253 65 26 nådig
610 1252 137 27 proposition
763 1251 112 27 angående
891 1250 76 26 anslag

203 1286 34 21 till
250 1286 233 27 jernvägsbyggnader
499 1289 55 19 samt
570 1287 58 21 vissa
643 1286 154 27 förändringar
812 1286 7 20 i
835 1284 132 23 bestämnin-

202 1327 70 20 garne
289 1328 33 14 om
339 1321 285 24 kommunikationsfonden,
648 1321 111 21 äfvensom
775 1320 113 26 förelägga
904 1319 62 21 Stän-

202 1355 68 21 derna
294 1356 135 26 proposition
453 1356 112 26 angående
588 1356 127 21 utförandet
734 1355 23 21 af
772 1361 25 15 en
811 1355 91 26 jernväg
917 1354 49 21 från

203 1388 84 22 Simola
310 1390 35 21 till
368 1389 180 23 Willmanstrand
572 1390 70 21 såsom
666 1396 26 14 en
712 1395 53 21 gren
785 1389 22 21 af
822 1389 65 21 södra
902 1390 66 19 stam-

201 1423 85 26 banan;
