1086 1717
203 97 56 21 —58
384 94 24 2 -
481 92 33 2 =
571 90 39 28 OV

720 163 78 24 Litt.
815 164 39 23 A.

203 218 204 26 Förteckning
427 218 56 21 öfver
503 217 133 27 permanenta
651 217 80 27 anslag,
747 222 45 16 som
808 216 53 22 efter
877 217 81 27 upprät-

275 252 70 22 tandet
364 252 21 22 af
403 252 56 22 1884
479 252 36 21 års
533 252 135 26 statsförslag
685 251 64 22 blifvit
764 251 21 22 at
800 252 101 21 allmänna
918 257 41 16 me-

275 287 31 21 del
323 287 107 27 beviljade.

389 407 74 21 Fjerde
475 408 150 17 Hufvudtiteln.

231 453 59 18 Löne-
300 454 34 17 och
343 453 210 23 arvodesförhöjningar
563 453 29 18 för
601 454 49 17 vissa

255 487 91 23 tjensteår
358 487 20 19 åt
391 489 92 17 särskilda
495 489 112 22 tjenstemän
620 488 31 17 vid

255 523 61 17 lands-
329 523 34 18 och
376 523 138 21 forststaterna,
523 523 41 18 med
573 523 77 18 tillsam-
803 521 2 26 I

256 562 52 12 Mans
336 570 25 5 oe
386 571 61 4 see
473 571 32 4 se
531 571 32 4 sr
630 571 20 4 +
686 546 56 42 2400:
761 567 15 2 —
803 550 2 34 |

205 576 1 14 I

205 591 1 14 |
232 601 165 24 Tillskottsanslag
409 602 29 18 till
451 603 82 17 arbetets
545 603 106 22 underhjel-

204 626 2 39 |
255 636 61 23 pande
334 636 31 18 vid
382 636 100 23 Tervajoki
495 637 34 17 och
543 633 107 26 Östermyra

204 666 2 22 |
256 671 171 22 postexpeditioner
448 671 30 17 vid
503 671 148 18 Tammerfors—
803 679 2 11 i

204 710 2 10 H
256 705 56 18 Wasa
328 705 79 22 jernväg
425 707 49 16 samt
487 705 101 18 Riihimäki
601 708 50 20 post-
929 707 2 10 |
958 710 2 12 ot

256 739 68 18 station
343 739 30 18 vid
393 740 169 23 Helsingfors—S:t
579 740 73 17 Peters-
930 742 1 13 I

256 774 47 22 burg
315 774 83 23 jernväg,
411 774 58 23 enligt
481 774 105 23 Kejserliga
596 774 55 18 Sena-

205 808 1 6 |
255 809 42 16 tens
315 807 62 18 beslut
395 807 35 18 den
450 810 18 15 11
489 808 102 18 December
606 809 44 17 1883
930 807 1 22 |

256 842 136 23 sammanlagddt
417 855 3 4 .
445 855 3 4 .
474 855 3 4 ss
503 856 33 4 ss
560 856 4 4 cs
589 856 61 4 ccs
704 843 38 16 700:
756 853 21 1 —

233 887 110 22 Utgiftsstat
348 887 30 18 för
384 888 122 17 Lotsverkets
512 887 68 24 ångbåt
589 883 62 26 Åland,

256 921 58 23 enligt
326 922 107 22 Kejserliga
445 922 91 18 Senatens
544 923 63 17 beslut
616 923 35 17 den

257 957 21 16 15
290 956 91 18 Februari
395 957 55 17 1884.
475 971 4 3 .
504 970 4 4 .
533 970 3 4 .
561 971 3 3 .
590 971 2 3 .
618 971 4 3 .
635 952 3 31 0
646 971 4 4 .
677 957 101 21 13,000:
764 952 17 31 —

232 996 72 23 Anslag
316 996 30 18 för
360 998 90 21 gravören
463 997 30 17 vid
506 997 118 22 myntverket
632 997 18 18 C.
804 1005 1 5 i

255 1031 55 21 Jahn,
330 1029 71 24 årligen
419 1031 52 21 5,000
483 1031 58 21 mark,
555 1031 57 18 under
625 1034 27 20 yt-

256 1065 88 22 terligare
362 1066 10 17 5
391 1064 25 22 år,
435 1065 82 18 räknadt
534 1065 40 18 från
591 1066 35 17 den
642 1067 8 15 1

256 1099 45 18 Juni
315 1100 48 21 1884,
377 1099 58 23 enligt
446 1099 106 23 Kejserliga
561 1099 91 18 Senatens

204 1143 2 9 |
256 1133 62 18 beslut
336 1133 35 18 den
389 1135 24 16 20
431 1133 91 18 Februari
536 1135 50 21 1884;
600 1134 29 17 för
641 1135 10 16 7
804 1130 1 17 |
930 1128 1 5 |

204 1171 2 18 H
256 1167 88 18 månader
357 1168 92 18 utföres
446 1163 12 32 .
476 1182 2 4 .
503 1181 4 4 .
532 1182 3 4 .
560 1181 4 5 .
589 1182 3 4 .
618 1182 3 4 .
647 1183 3 3 .
686 1169 57 21 2,916:
756 1169 27 17 67.
804 1176 1 11 |

232 1207 88 23 Aflöning
338 1207 20 18 åt
375 1208 12 18 f.
407 1208 16 17 d.
439 1207 177 24 gärdsinspektoren
629 1209 22 17 A.

255 1242 78 17 Reiman
354 1242 29 18 för
403 1243 99 22 uppsigten
525 1242 51 18 öfver
595 1242 56 18 Ilmes
930 1258 1 5 |

256 1275 35 19 och
310 1276 130 18 Wahvaniemi
458 1277 130 22 kronoparker
605 1273 7 21 i
626 1277 23 17 Il-

255 1315 39 13 mes
312 1310 69 22 kapell,
400 1310 59 23 enligt
477 1311 105 23 Kejserliga
594 1310 56 19 Sena:

254 1345 42 17 tens
309 1344 62 18 beslut
381 1344 35 18 den
425 1345 11 17 8
445 1344 90 18 Februari
545 1346 49 20 1884,
602 1345 48 17 tills-

255 1377 79 18 vidare
485 1391 135 5 e
646 1392 4 4 L
703 1380 10 16 E
848 1386 62 20 19,516
923 1377 33 33 |67

679 1425 105 22 Transport
801 1411 15 41 |
849 1426 61 20 —19,516
930 1415 26 33 !67
