1086 1717
823 156 43 22 149

136 214 70 28 gifver
228 216 54 21 måls
304 217 141 27 upptagande
468 216 8 22 i
490 216 51 22 hela
556 217 63 22 deras
635 217 51 22 vidd
701 217 32 22 till
749 225 28 21 ny
792 218 104 27 pröfning

137 249 36 21 vid
187 249 67 27 högre
268 250 91 28 instans,
375 257 26 15 en
417 250 163 28 nödvändighet
594 253 33 19 att
642 252 75 27 öppna
725 253 66 26 utväg
801 252 32 21 till
846 252 49 21 full-

135 284 148 27 ständigande
306 284 25 22 af
347 286 36 20 det
399 285 7 21 i
426 285 194 22 underdomstolen
634 285 115 23 tillkomna
765 293 130 21 processma-

137 317 93 22 terialet.
254 318 46 22 Och
315 320 33 20 att
363 319 72 21 dertill
451 320 203 21 underdomstolens
669 320 123 28 bemedling
809 320 39 22 kan
859 321 36 21 be-

137 358 84 20 gagnas
237 352 77 22 strider
330 354 131 21 ätminstone
477 353 50 22 icke
542 356 58 19 emot
616 355 36 20 det
667 354 8 21 i
689 354 95 22 Finland
793 355 102 27 gällande

136 387 178 27 rättegängssätt.
345 388 62 21 Vissa
421 388 133 22 bevismedel
569 389 37 20 äro
623 388 41 22 ock
679 388 25 22 af
718 389 41 21 den
774 388 122 22 beskaffen-

137 420 38 22 het
190 423 33 19 att
238 422 26 21 de
280 422 46 21 dels
341 422 40 21 alls
395 422 48 21 icke
459 422 41 21 och
515 422 47 21 dels
576 422 49 22 icke
640 424 54 20 utan
710 425 58 20 stora
776 423 121 22 materiella

137 455 135 27 svärigheter
286 456 75 21 kunna
376 457 135 21 omedelbart
526 456 92 22 tillföras
634 457 171 22 öfverdomaren.
835 458 10 21 I
865 460 31 19 af-

139 490 78 20 seende
240 491 14 20 &
273 491 69 20 andra
356 491 67 27 gäller
438 493 33 19 att
487 491 121 22 kostnaden
624 491 33 23 för
672 491 151 28 bevisningens
839 499 57 15 ome-

135 523 91 22 delbara
240 523 154 23 föreställande
409 525 7 21 i
431 525 133 21 öfverrätten
579 526 94 27 mängen
688 526 57 27 gäng
760 526 49 21 icke
825 526 70 22 skulle

136 558 37 21 stä
187 558 7 21 i
210 559 66 26 nägot
291 559 80 26 rimligt
386 559 138 22 förhällande
539 559 34 22 till
589 561 36 20 det
641 560 88 27 rättliga
743 561 98 26 intresse,
850 567 47 15 som

139 593 64 26 utgör
224 592 91 22 föremäl
329 593 33 21 för
378 594 149 27 rättegängen.
557 594 50 21 Men
622 594 66 21 häraf
699 594 64 28 följer
777 595 120 27 ingalunda

138 628 35 19 att
194 626 34 22 för
243 628 139 27 mottagande
397 634 78 21 genom
490 629 143 20 underrätten
648 628 25 21 af
686 629 68 21 sädan
769 629 129 28 fyllnadsbe-

137 661 84 28 visning
244 668 27 15 en
294 661 166 28 äterförvisning
487 662 26 21 af
533 662 66 21 mälet
615 662 7 21 i
637 661 51 22 hela
703 663 48 21 dess
767 663 131 28 omfattning

137 695 71 22 skulle
223 703 53 14 vara
291 696 102 27 päkallad
409 696 52 21 eller
479 703 39 14 ens
533 696 8 21 i
555 696 36 27 lag
606 696 92 22 tilläten.

210 730 40 21 Om
273 730 107 27 nemligen
403 731 36 20 det
465 730 55 21 först
539 730 8 21 i
562 730 132 22 öfverrätten
710 731 105 28 erbjudna
829 731 70 22 bevis-

139 765 79 21 medlet
234 765 49 21 bort
299 765 41 20 och
356 764 85 21 kunnat
457 765 68 21 redan
541 765 7 20 i
562 765 192 21 underdomstolen
765 765 134 23 framhafvas

138 806 51 15 men
214 799 33 21 för
265 799 124 21 ändamålet
404 799 93 27 begärdt
512 798 98 28 uppskof
623 799 25 21 af
660 800 173 21 underdomaren
848 801 50 26 väg-

140 835 51 24 rats,
214 833 67 22 borde
304 840 26 15 en
349 833 167 27 äterförvisning
533 833 24 21 af
570 833 163 22 öfverdomaren
748 834 56 21 blott
819 834 33 21 för
867 835 33 20 sä-

140 868 43 21 dan
199 867 65 22 orsak
278 867 49 22 icke
342 868 122 27 egentligen
479 868 77 21 kunna
570 867 86 22 bifallas
671 867 8 21 i
694 870 68 19 annat
777 868 39 21 fall
830 869 69 20 änatt

140 903 174 20 underdomaren
329 904 53 19 utan
398 903 48 20 stöd
462 902 25 21 af
500 902 65 22 ofvan
580 901 123 28 äberopade
718 902 84 27 lagrum
813 902 86 27 afslagit

140 937 74 20 denna
235 936 103 27 begäran.
366 936 102 21 Befinnes
485 937 36 21 det
537 938 33 19 att
584 938 78 25 parten
682 935 96 22 försuttit
794 937 42 21 den
851 937 49 20 här-

141 971 34 21 till
196 971 113 27 förelagda
331 971 60 21 tiden
414 971 40 21 och
479 971 69 27 gifves
571 970 47 21 icke
634 973 68 19 annat
716 971 73 28 giltigt
804 971 47 21 skäl
866 973 34 19 att

140 1005 109 27 medgifva
272 1012 28 21 ny
322 1005 132 27 behandling
479 1005 38 21 vid
531 1005 149 26 underrätten,
695 1005 67 21 borde
777 1005 124 22 äterförvis-

140 1040 54 27 ning
216 1039 48 22 icke
287 1039 23 22 fä
332 1039 44 22 ske.
407 1039 31 28 Ty
461 1040 36 21 det
519 1039 45 21 kan
582 1039 48 21 icke
646 1046 52 15 vara
713 1039 124 22 ändamälet
851 1041 50 20 med

141 1075 28 20 de
190 1073 132 27 rättsmedel,
345 1073 140 28 hvarigenom
508 1073 86 22 tillfälle
610 1075 33 20 att
657 1073 77 28 bringa
749 1073 68 22 saken
831 1075 71 20 under

144 1109 67 26 högre
226 1109 55 20 rätts
296 1108 101 27 pröfning
412 1108 89 26 lemnas,
519 1110 33 19 att
566 1107 101 28 förlänga
674 1107 60 22 tiden
742 1107 34 22 för
783 1108 120 22 bevismed-

141 1143 48 21 Jens
210 1142 165 27 framläggande
390 1143 8 20 i
413 1143 150 26 underrätten,
580 1144 54 19 utän
648 1142 40 21 bör
703 1143 71 21 denne
789 1143 54 20 rätts
859 1142 43 21 för-

142 1177 100 27 fogande,
258 1177 139 27 hvarigenom
412 1177 60 21 tiden
488 1177 73 21 dertill
575 1176 135 28 begränsats,
725 1177 72 21 derest
807 1178 96 20 detsam-

143 1218 36 15 ma
193 1211 97 21 befinnes
305 1218 53 15 vara
372 1211 13 21 ä
399 1211 36 27 lag
451 1211 41 21 och
507 1211 181 21 beskaffenheten
702 1212 116 26 grundadt,
833 1211 26 22 af
871 1211 32 22 öf-

143 1245 160 22 verdomstolen
326 1245 175 22 vidmakthällas.
531 1245 35 21 En
588 1252 73 14 annan
681 1245 61 28 fråga
757 1246 25 21 är
796 1245 107 22 huruvida

142 1279 133 23 Ofverrätten
298 1279 41 21 alls
363 1286 50 20 eger
435 1279 72 22 tillåta
530 1281 33 19 att
588 1279 83 22 sådana
685 1286 78 20 genom
778 1280 125 21 underrätts

143 1314 72 22 beslut
238 1313 160 29 prekluderade
424 1314 48 21 skäl
497 1314 41 21 och
552 1314 60 22 bevis
628 1314 22 21 få
665 1314 8 21 i
688 1314 65 27 högre
768 1314 84 22 instans
866 1315 37 27 gö-

143 1356 36 15 ras
202 1348 109 28 gällande.
341 1348 50 22 Men
414 1349 72 21 denna
507 1348 62 28 fråga
583 1349 63 20 torde
662 1348 18 28 ej
697 1348 75 22 kunna
787 1348 117 22 annorlun-

143 1384 30 21 da
198 1384 28 20 än
247 1382 97 28 jakande
366 1383 107 21 besvaras.
505 1382 32 28 Ty
559 1383 28 21 dä
608 1382 8 21 i
640 1382 34 22 30:
697 1382 26 21 11
746 1382 37 21 RB
806 1383 98 27 stadgas:

144 1418 45 21 Hos
204 1418 122 27 Konungen
348 1417 61 21 skola
424 1417 18 27 ej
463 1417 71 21 andra
548 1416 59 22 bevis
622 1416 75 27 läggas
712 1416 23 21 in
749 1418 28 20 än
793 1417 27 21 de
836 1423 46 15 som
897 1416 7 21 i

145 1452 117 22 Hofrätten
285 1452 51 22 eller
358 1452 39 21 hos
412 1452 176 20 underdomaren
602 1450 121 22 framtedde
739 1450 56 23 varit
811 1453 54 19 utan
879 1451 26 21 sä
