1086 1717
197 149 28 21 68

169 214 33 20 att
224 218 78 21 genom
325 218 27 15 en
374 212 90 28 kraftigt
479 212 130 28 ingripande
624 212 41 21 och
680 210 128 29 insigtsfullt
823 210 51 22 ledd
889 210 41 22 för-

169 246 168 27 undersökning,
361 253 46 15 som
429 246 131 22 tillkommer
576 246 104 27 antingen
696 246 57 21 skild
768 246 88 20 domare
877 245 54 21 eller

169 280 206 28 polismyndigheter
397 281 39 21 och
451 281 163 21 vederbörande
635 280 112 22 allmänna
767 279 109 27 åklagare,
893 280 38 21 det

168 315 134 28 tillgängliga
326 315 181 23 bevismaterialet
530 316 24 22 så
577 316 138 26 fullständigt
741 314 189 28 sammanbringas

168 352 33 19 att
212 350 270 28 domstolsförhandlingen
493 350 44 22 kan
549 351 8 20 i
568 350 124 28 möjligaste
707 350 51 20 mån
773 349 157 21 koncentreras

168 384 33 22 till
216 387 32 19 ett
263 384 54 22 fåtal
332 386 176 20 sammanträden
524 385 41 21 och
580 386 78 20 domen
671 384 65 22 fällas
752 383 134 21 omedelbart
901 383 30 27 på

167 420 71 27 grund
262 419 24 22 af
306 420 42 21 den
370 420 107 27 muntliga
494 420 177 27 förhandlingen,
687 420 80 20 medan
782 418 109 28 intrycket
907 417 29 22 af

168 455 48 20 dess
230 453 92 22 resultat
337 455 59 20 ännu
411 454 64 21 friskt
490 454 41 22 och
546 454 66 28 lifligt
628 454 24 21 af
665 455 27 20 de
708 453 109 22 dömande
831 453 98 22 bevaras.

236 488 50 22 Men
308 489 178 27 genomförandet
509 489 25 21 af
554 489 63 21 dessa
636 488 44 21 och
696 489 71 20 andra
781 488 50 20 med
847 494 29 14 nu
891 494 39 14 an-

168 524 66 27 tydda
260 526 177 25 process-system
465 523 217 27 sammanhängande
708 523 142 27 grundsatser
877 522 51 21 stäl-

167 557 32 22 ler
219 559 47 20 åter
288 559 29 26 på
337 558 253 27 domstolsinrättningen
605 558 130 27 fordringar,
751 557 75 21 hvilka
841 556 24 21 af
878 557 50 20 Fin-

167 591 63 22 lands
248 599 29 14 nu
292 593 94 21 varande
406 593 118 20 domstolar
547 592 34 21 för
598 593 57 21 visso
673 592 49 21 icke
739 593 126 20 motsvaras.
897 591 37 21 De:

167 626 69 21 skulle
259 626 89 27 påkalla
373 626 152 28 förändringar
552 627 8 20 i
588 627 159 21 domstolarnes
777 626 151 21 sammansätt-

167 661 52 26 ning
243 660 40 21 och
305 661 7 20 i
335 661 183 27 appellväsendet,
546 668 52 19 som,
626 662 29 26 på
681 662 44 20 sätt
749 660 39 28 jag
813 659 115 22 framdeles

165 695 42 21 blir
229 695 7 20 i
258 695 86 22 tillfälle
366 695 121 26 framhålla,
504 695 35 22 väl
555 695 41 22 ock
612 695 24 22 af
649 696 70 21 andra
734 695 48 20 skäl
797 701 51 15 vore
864 693 64 22 önsk-

166 729 50 27 liga,
241 736 50 15 men
315 729 33 22 för
370 729 73 22 hvilka
467 731 60 20 ännu
548 730 55 21 intet
631 731 24 20 är
677 729 119 22 förberedt.
833 728 45 21 Och
902 729 26 21 de

166 764 117 21 förutsätta
298 764 100 21 tillvaron
414 764 24 21 af
451 771 26 14 en
493 764 145 27 åklagarekår
660 764 41 21 och
723 766 32 19 ett
779 763 149 22 sakförarevä-

167 799 65 20 sende
256 805 45 14 som
317 799 36 20 det
373 799 93 20 återstår
481 801 32 18 att
530 798 104 27 nyskapa.
664 799 44 20 För
723 798 45 21 alla
784 798 55 25 dem,
855 797 74 21 hvilka

165 833 47 20 inse
227 833 74 26 vigten
312 833 33 20 för
360 833 26 20 de
402 839 42 21 nya
459 833 271 27 straffrättsprincipernas
741 832 138 27 tillämpning
895 833 34 19 att

165 867 230 27 rättegångsväsendet
409 867 8 20 i
432 868 97 27 antydda
544 867 97 27 riktning
649 867 137 26 reformeras,
797 865 137 22 framställer:

164 901 32 28 sig
212 901 84 22 derföre
312 901 127 28 spörsmålet
453 901 108 22 huruvida
576 901 129 22 sambandet
721 901 94 22 emellan
831 901 36 21 det
884 907 44 20 nya

165 935 221 28 straffrättssystemet
409 936 40 21 och
469 943 26 14 en
511 936 79 21 reform
606 936 24 21 af
643 936 194 27 processväsendet
852 935 76 21 härvid

165 977 51 14 vore
239 971 25 20 sä
286 970 122 27 ovilkorligt
428 973 32 18 att
475 971 71 26 nägon
562 970 83 27 verklig
660 971 91 26 vinning
766 969 48 25 icke
829 975 51 16 vore
896 970 33 20 att

165 1004 24 21 af
202 1005 42 20 den
259 1004 124 28 förstsagda
397 1005 106 21 reformen
518 1006 68 20 vänta
599 1007 54 19 utan
668 1007 34 19 att
719 1005 42 20 den
772 1010 77 15 senare
859 1003 68 21 förut-

163 1039 71 27 ginge.
265 1039 77 21 Denna
356 1039 61 26 fråga
432 1039 69 21 måste
516 1039 25 21 af
553 1039 50 27 mig,
620 1040 24 20 sä
658 1041 71 20 varmt
745 1038 128 27 öfvertygad
890 1037 42 28 jag:

165 1074 28 20 än
213 1075 25 19 är
253 1080 35 15 om
304 1073 151 28 önskligheten
471 1073 24 22 af
509 1081 27 14 en
551 1073 168 28 processreform
734 1073 9 20 i
757 1073 50 21 vårt
821 1072 59 26 land,
896 1071 36 22 af-

161 1108 73 27 gjordt
250 1108 100 21 nekande
365 1108 108 21 besvaras.

232 1142 43 22 Det
297 1143 55 21 lider
373 1143 108 26 nemligen
504 1142 48 21 icke
567 1143 67 26 något
649 1142 75 22 tvifvel
740 1143 34 20 att
789 1141 141 21 rättsvärden:

163 1177 29 27 på
214 1177 143 21 förevarande
379 1177 88 21 område
489 1177 127 26 obetingadt
639 1176 55 21 skall
717 1183 80 20 genom
820 1176 42 20 den
885 1181 43 21 nya

162 1211 130 27 strafflagen
313 1211 67 21 blifva
398 1218 59 14 mera
472 1211 200 21 tillfredsställande
687 1212 29 19 än
731 1210 67 26 förut,
814 1209 90 22 oaktadt
919 1209 9 20 i

162 1245 102 21 afseende
281 1245 13 21 å
309 1245 118 21 domstolar
442 1245 40 21 och
497 1246 170 26 rättegängssätt
682 1245 45 20 tills
743 1245 75 20 vidare
833 1243 40 22 allt
883 1243 48 21 för--

162 1279 77 23 blifver
261 1279 36 22 vid
313 1280 37 20 det
364 1279 77 27 gamla.
473 1279 46 22 Och
535 1280 61 20 detta
610 1279 64 21 beror
689 1279 19 28 ej
725 1279 58 21 blott
799 1279 29 27 pä
843 1278 83 21 sådana

163 1314 157 27 förbättringar
342 1321 45 14 som
410 1316 32 19 att
457 1314 122 21 straffarter
594 1314 107 26 bortfalla,
718 1312 77 22 hvilka
809 1312 48 21 icke
871 1319 60 20 upp--

163 1348 64 21 bäras
250 1348 25 21 af
295 1348 118 21 samtidens
435 1349 205 26 rättsmedvetande,
660 1348 53 21 eller
729 1349 34 19 att
777 1346 149 27 likformighet

161 1382 41 22 och
217 1382 159 28 följdriktighet
390 1382 8 21 i
413 1382 166 28 straffsystemet
593 1382 82 22 införas
690 1382 53 21 eller
753 1383 34 19 att
798 1380 133 22 straffrätts--

161 1423 116 15 normerna
285 1416 185 28 förfullständigas
485 1416 53 22 eller
552 1418 33 20 att
600 1417 27 21 de
638 1416 117 27 brottsliga
766 1415 165 27 handlingarna.

160 1451 55 21 efter
238 1450 103 28 riktigare
363 1451 110 27 principer
491 1450 143 22 klassificeras
649 1450 41 22 och
705 1450 34 21 till
756 1450 64 21 deras
835 1449 94 22 relativa
