1086 1717
415 164 21 16 U.
449 164 20 16 B.
482 173 22 3 —
520 164 78 16 AXXII.
842 165 19 15 19

201 222 12 26 8
228 222 34 20 33.
293 221 10 21 I
318 221 11 27 8
344 222 28 20 56
387 221 23 21 af
424 221 98 26 gällande
536 222 129 26 reglemente
675 220 137 22 föreskrifves
823 221 64 21 bland

133 264 71 23 annat,
220 264 32 18 att
267 261 70 27 frägor
356 267 35 15 om
409 261 120 27 beviljande
548 260 23 22 af
587 261 108 21 lättnader
714 261 39 21 och
772 261 117 27 eftergifter

132 301 33 21 för
180 301 96 21 bankens
290 301 125 26 gäldenärer
426 302 55 19 samt
496 306 34 15 om
545 300 171 26 ackordsförslag
728 300 130 27 handläggas
868 300 23 21 af

133 341 191 26 bankfullmäktige
346 340 53 26 efter
417 340 159 26 framställning
599 340 23 26 af
641 340 135 26 direktionen,
799 340 40 21 och
857 346 32 21 sy-

133 387 37 15 nes
185 387 80 15 samma
280 380 153 27 inskränkning
446 381 79 26 jemväl
542 380 53 21 böra
613 380 57 27 gälla
688 380 201 27 bankfullmäktiges

133 421 89 26 utskott,
242 421 32 20 till
296 420 63 21 hvars
381 420 174 27 verkningskrets
578 421 62 20 dessa
662 420 93 21 ärenden
777 420 112 21 framdeles

133 461 83 21 komme
232 462 32 19 att
279 460 136 27 öfverflyttas.
446 461 50 20 Med
511 461 99 20 afseende
625 461 53 20 härä
693 461 39 20 har
751 461 11 26 8
778 461 27 20 33
821 461 69 20 blifvit

133 501 7 20 i
155 501 75 26 antydt
245 501 53 26 syfte
318 500 148 27 omredigerad,
478 500 118 27 Fhvarutom
617 500 131 21 beträffande
764 501 125 26 afskrifning

134 540 23 21 af
170 540 95 21 bankens
282 540 76 21 osäkra
373 540 120 26 fordringar
508 540 108 26 uttrycket
632 540 68 27 ,föras
716 542 58 19 utom
790 540 97 21 kolumn*

134 580 82 26 utbytts
231 581 45 19 mot
291 579 65 21 orden
372 579 43 27 ,till
431 579 36 21 sitt
483 579 105 21 bokförda
602 579 65 21 värde
682 579 143 22 nedskattas*.

203 619 31 21 Pä
248 619 26 21 de
290 619 52 26 skäl,
361 625 46 15 som
426 619 190 26 bankfullmäktige
635 619 108 21 äfvensom
761 620 128 21 bankdirek-

134 660 69 21 tioner
218 659 7 21 i
244 659 38 21 sitt
299 659 110 21 utlätande
429 659 58 21 öfver
506 659 182 26 komiteförslaget
706 659 75 26 anfört,
798 660 39 21 har
851 660 38 21 Ut-

135 700 80 21 skottet
230 701 70 19 ansett
315 699 32 26 sig
362 699 53 20 böra
430 699 72 26 intaga
517 699 128 26 stadgandet
659 699 7 21 i
682 699 11 26 8
710 700 39 20 122
760 699 23 21 af
791 700 98 25 gällande

135 739 128 26 reglemente
279 739 108 26 angäende
402 739 125 26 giltigheten
539 739 22 20 af
570 739 66 26 gvitto
649 739 58 21 öfver
717 739 131 27 inbetalning
858 740 31 21 till

135 779 91 25 banken,
245 779 49 20 med
312 779 37 20 det
367 778 22 21 af
407 781 137 18 reservanten
562 779 7 20 i
587 779 95 21 komitön
701 779 25 20 hr
744 779 96 21 Fellman
858 779 31 21 fö-

136 819 96 26 reslagna
252 819 79 26 tillägg,
352 821 54 18 samt
428 818 57 27 förty
504 819 6 20 i
529 819 228 26 reglementsförslaget
779 819 64 21 infört
865 825 25 14 en

136 865 26 20 ny
178 859 18 26 $.
226 859 31 20 De
276 858 147 27 efterföljande
442 858 25 27 $$
486 858 62 21 hafva
567 858 32 21 till
616 858 54 27 följd
688 858 61 21 häraf
763 859 86 20 erhållit
863 865 27 20 ny

136 898 127 26 numrering.

204 932 96 21 Emedan
315 932 41 21 den
371 931 105 27 juridiske
495 932 120 21 ledamoten
635 932 5 20 i
660 932 133 21 direktionen
813 933 79 26 äligger

136 974 32 19 att
182 972 46 21 föra
247 971 240 27 memorialprotokollet
505 971 36 21 vid
556 971 145 22 direktionens
720 973 171 20 sammanträden

136 1012 39 20 har
192 1011 112 21 Utskottet
326 1013 69 19 ansett
413 1011 175 21 handhafvandet
606 1011 22 21 af
645 1018 25 15 en
689 1012 23 21 af
727 1013 114 26 nycklarne
860 1013 32 20 till

136 1051 192 20 hufvudkontorets
344 1051 172 26 handlingshvalf
531 1051 52 20 böra
601 1051 70 21 säsom
690 1051 75 21 hittills
784 1052 107 21 ombetros

137 1091 40 21 den
188 1091 67 20 andra
265 1091 119 20 ledamoten
395 1091 7 20 i
412 1091 142 26 direktionen,
565 1093 55 19 samt
629 1091 8 20 i
647 1091 93 26 enlighet
750 1092 88 21 härmed
849 1098 43 15 om-

137 1131 106 26 redigerat
258 1131 68 20 denna
342 1130 18 27 $.

205 1171 33 20 Dä
254 1171 51 20 sista
320 1173 125 18 momentets
461 1171 129 26 slutmening
604 1171 115 20 innefattar
729 1171 61 22 äfven
801 1172 36 21 det
847 1178 45 15 som

137 1211 85 26 stadgas
238 1211 6 20 i
259 1211 67 20 första
340 1212 117 19 momentet
472 1211 39 20 och
527 1211 68 20 tillika
610 1213 24 18 är
650 1211 22 20 af
686 1217 57 15 mera
757 1212 84 25 generel
852 1216 39 21 art,

137 1250 39 21 har
191 1250 117 21 detsamma
323 1250 88 26 intagits
425 1250 6 20 i
447 1250 76 26 början
539 1250 23 21 af
575 1251 69 20 denna
660 1251 18 26 $.

206 1289 10 21 I
232 1290 122 26 anslutning
369 1289 32 21 till
416 1289 202 27 bankfullmäktiges
638 1291 180 27 ändringsförslag
833 1292 38 20 har
887 1292 6 20 i

138 1329 66 21 andra
218 1331 117 19 momentet
349 1330 87 26 tillagts,
452 1332 32 18 att
499 1330 157 26 granskningen
667 1330 23 21 af
703 1330 115 22 kontorens
833 1332 61 20 verk-

138 1369 82 21 samhet
242 1369 40 20 bör
300 1369 37 21 ske
360 1369 54 21 efter
436 1370 60 26 gjord
520 1370 98 20 anmälan
636 1370 39 20 hos
694 1370 199 28 bankfullmäktiges

139 1408 89 21 utskott.

207 1443 243 31 Memorialprotokollet
464 1448 36 21 vid
515 1449 145 21 direktionens
675 1450 170 21 sammanträden
856 1451 39 21 bör

208 1487 138 17 Bankutskottets
358 1488 105 16 betänkande
475 1488 35 16 N:o
523 1488 18 16 3.

903 222 10 27 s
929 222 36 21 33.

905 700 11 25 $
931 698 35 21 38.

907 1015 11 27 $
934 1015 27 21 39
980 1014 47 27 (38)

908 1214 12 27 S
939 1210 26 43 44
983 1214 45 27 (43)

910 1451 12 27 S
940 1452 28 20 48
985 1452 46 26 (47)
