1086 1717
412 378 162 28 Approximativ
590 378 73 28 kalkyl
680 377 59 24 öfver
749 378 144 23 statsfondens

345 410 116 31 tillgångar
477 412 38 23 och
533 412 63 24 behof
610 412 65 23 under
685 410 50 26 åren
746 412 147 24 1886—1858.

211 477 61 20 Efter
296 476 72 21 dertill
391 477 118 20 utverkadt
531 477 76 26 nådigt
629 476 99 21 tillstånd
751 477 142 20 öfverlemnas

140 511 106 27 härjemte
262 511 34 21 till
312 511 103 21 Finlands
431 511 102 27 Ständer,
548 511 33 20 för
597 513 33 19 att
644 511 60 26 tjena
719 511 33 21 till
764 511 130 27 upplysning

137 545 39 22 vid
198 545 162 26 handläggning
382 545 23 20 af
423 545 26 21 de
465 544 122 22 finansiella
603 545 115 27 ärendena,
735 552 26 14 en
777 545 23 21 af
813 545 81 21 Finans

140 580 156 27 Expeditionen
313 579 6 21 i
336 579 121 27 Kejserliga
477 579 94 21 Senaten
588 580 105 26 uppgjord
708 580 40 21 och
763 580 21 20 af
801 579 94 22 Senaten

141 614 101 27 godkänd
257 614 73 26 kalkyl
342 614 59 21 öfver
412 614 149 21 statsfondens
573 614 117 27 tillgångar
701 615 39 20 och
751 615 66 21 behof
825 615 70 20 under

141 649 197 20 nästinstundande
354 650 75 19 trenne
445 649 25 20 år
486 649 54 20 eller
555 649 33 20 för
604 649 146 21 1886—1888.

214 683 9 20 I
239 683 68 20 likhet
322 683 48 20 med
386 683 136 20 förfarandet
538 683 34 20 vid
588 683 154 26 upprättandet
757 683 23 21 af
793 684 40 20 den
846 690 50 14 ena-

141 718 73 20 handa
238 717 80 27 kalkyl,
342 723 45 15 som
410 717 75 27 under
501 717 133 27 landtdagen
654 719 24 19 år
696 719 53 20 1882
765 717 130 22 aflemnades

142 751 34 22 till
200 751 128 28 Ständerna,
351 751 39 21 har
413 753 71 19 såsom
508 752 163 26 utgångspunkt
693 752 33 21 för
748 752 149 27 beräkningen

143 787 57 26 lagts
224 788 74 19 senast
320 786 115 21 faststälda
459 786 139 27 statsförslag
620 787 53 20 eller
695 787 104 26 förslaget
821 787 34 20 för
873 787 24 20 år

145 821 61 21 1885.

216 855 50 21 Med
288 855 129 26 hänvisning
439 855 34 21 till
497 855 165 26 ifrågavarande
685 855 142 28 statsförslag,
851 861 46 15 som

144 889 72 22 blifvit
232 889 120 22 Ständerna
367 889 105 21 särskildt
488 890 110 26 delgifvet,
614 890 40 21 och
670 890 26 21 de
712 890 6 20 i
730 890 120 21 relationen
864 896 34 15 om

145 924 144 21 statsverkets
306 924 98 21 tillstånd
424 924 108 26 ingående
547 924 117 27 räkningar
680 924 59 21 öfver
755 924 142 27 statsfonden,

144 960 106 25 upptagas
274 959 40 20 här
336 959 26 20 de
384 958 154 27 förändringar
556 959 7 20 i
579 959 110 20 allmänna
705 959 145 21 statsfondens
867 959 32 20 in-

145 993 97 20 komster
265 993 39 20 och
327 992 95 27 utgifter,
441 993 75 20 hvilka
531 993 49 21 med
595 993 81 21 visshet
692 993 53 21 eller
761 993 138 21 sannolikhet

146 1029 38 19 äro
200 1029 33 19 att
248 1029 82 19 emotse
345 1027 32 21 för
393 1027 146 21 instundande
555 1029 70 19 treårs
641 1028 81 26 period.

360 1090 19 21 A.
409 1090 146 21 Statsfondens
572 1091 116 21 inkomster.

202 1127 3 5 *
219 1130 59 21 Enär
302 1137 25 14 en
350 1130 108 21 successiv
481 1130 123 27 förhöjning
622 1131 23 20 af
660 1131 46 27 den,
720 1131 86 27 jemlikt
821 1130 80 27 nådiga

147 1164 85 21 brefvet
254 1165 41 20 den
319 1165 26 20 25
367 1164 122 21 November
513 1165 61 26 1879,
598 1165 6 20 i
626 1165 97 27 Libelits,
742 1165 103 21 Ilomants
861 1165 39 20 och

148 1199 122 26 Pielisjärvi
286 1199 92 21 härader
394 1199 23 21 af
426 1199 91 28 Kuopio;
528 1199 34 21 län
573 1199 85 22 införda
668 1200 125 21 rubelränta
804 1200 98 26 vidtager

148 1233 49 30 frän
220 1233 39 21 och
282 1233 33 21 för
339 1234 23 20 är
383 1234 61 27 1886,
460 1233 43 21 kan
519 1233 143 28 tillökningen
678 1235 7 20 i
700 1234 101 27 beloppet
816 1234 23 21 af
853 1234 27 21 de
896 1234 7 21 i

149 1267 162 28 statsförslaget
334 1268 67 21 under
424 1268 49 21 titel
489 1267 191 28 ,Grundskatter**
696 1270 109 26 upptagna
820 1268 83 21 inkom-

149 1304 46 19 ster
214 1302 34 21 för
268 1304 52 20 ären
342 1303 52 20 1887
413 1302 40 21 och
471 1303 54 20 1888
541 1302 107 22 beräknas
664 1303 76 21 inalles
755 1303 34 21 till
805 1302 99 27 omkring

151 1338 78 24 66,000
252 1337 67 27 mark,
343 1337 52 21 eller
416 1337 7 21 i
445 1337 104 21 medeltal
566 1337 34 21 för
615 1338 47 20 året
677 1338 68 20 under
760 1337 144 21 instundande

149 1371 145 27 finansperiod
309 1370 78 29 22,000
402 1372 69 20 mark.

223 1406 10 20 I
255 1406 104 21 händelse
382 1406 80 26 nådiga
485 1406 169 26 propositionen,
670 1406 112 26 angående
796 1405 109 27 jordskat-

149 1441 74 20 ternas
246 1440 7 20 i
277 1440 98 26 Wiborgs
397 1440 36 21 län
457 1440 132 26 erläggande
612 1440 55 22 efter
690 1440 40 21 den
748 1446 48 21 nya,
812 1445 90 15 numera
