1086 1717
234 167 12 21 8
481 167 21 23 U.
518 167 24 22 B.
558 180 29 4 —
601 167 38 22 N:o
654 166 21 24 5.

205 230 60 28 köpa
289 230 27 21 de
331 230 80 28 nödiga
426 230 144 22 maskinerna
585 231 53 21 eller
654 237 34 15 om
704 230 65 22 dessa
783 230 80 28 skulle,
878 231 72 21 säsom

205 264 7 22 i
229 264 51 22 herr
298 264 129 28 Tilgmanns
442 265 85 28 förslag
542 265 66 26 afses,
624 265 84 21 inlösas
724 265 25 21 af
763 265 42 22 den
820 272 46 14 som
881 265 70 22 öfver-

205 301 51 25 toge
281 298 216 29 sedeltryckningen.
528 292 19 28 Ä
570 306 42 15 ena
634 299 64 21 sidan
713 299 41 21 har
769 299 84 22 anförts
869 301 30 20 att
914 300 36 21 det

205 340 51 14 vore
278 334 211 27 ändamälsenligare
505 336 57 19 samt
578 334 65 21 äfven
658 334 71 21 stälde
745 334 35 27 sig
794 334 105 28 billigast,
915 340 35 14 om

205 367 93 22 Banken
314 368 49 21 icke
379 368 72 22 skulle
466 368 29 28 pä
510 368 68 28 nägot
594 369 44 21 sätt
652 368 118 22 inblandas
785 368 8 21 i
808 368 79 28 sjelfva
897 368 52 21 affä-

205 408 50 15 rens
278 402 151 28 bedrifvande,
444 405 53 19 utan
518 403 74 21 denna
606 402 46 22 helt
668 402 41 22 och
724 402 69 22 hållet
809 403 140 21 öfverlemna-

206 437 38 21 des
268 437 23 20 ät
314 437 88 22 enskild
424 444 86 21 person,
533 439 57 20 samt
609 439 32 20 att
656 437 92 22 Banken
763 438 94 21 sälunda
871 438 79 20 lättare

204 471 76 21 kunde
304 471 75 28 ätergä
402 472 34 21 till
460 472 36 21 det
511 472 79 21 hittills
606 472 130 28 begagnade
752 473 65 20 sättet
833 472 33 21 för
880 471 70 22 sedel-

205 505 172 28 tillverkningen
400 506 7 21 i
431 506 42 21 den
497 506 105 22 händelse
619 508 31 19 att
667 506 42 22 den
725 513 29 14 nu
769 506 127 28 föreslagna
912 513 38 14 an-

206 539 124 28 ordningen
352 540 50 21 icke
417 541 76 21 visade
509 541 35 27 sig
558 540 214 22 tillfredsställande.
788 533 34 28 *Ä
838 540 68 21 andra
921 541 29 21 si-

205 574 43 21 dan
273 574 47 21 äter
342 574 41 22 har
405 575 132 22 framhällits
553 577 32 20 att
603 575 100 27 Banken,
720 581 33 15 om
769 575 45 21 den
829 575 54 28 sjelf
895 575 57 27 egde

205 609 132 28 tryckeriets
360 609 123 28 inredning,
499 610 79 21 lättare
596 610 75 21 kunde
684 609 91 28 vidtaga
791 609 101 28 önskliga
907 609 45 21 för-

206 643 120 28 ändringar
350 644 59 21 såväl
425 644 7 21 i
448 644 103 21 afseende
568 645 12 20 å
596 644 80 28 sjelfva
692 644 145 27 inredningen
852 651 45 14 som
912 644 37 21 be-

205 677 108 22 träffande
329 678 118 28 ledningen
463 679 25 21 af
500 679 127 27 tryckeriet.
658 679 113 21 Utskottet
784 678 41 22 har
835 679 56 21 dock
901 678 52 21 icke

205 712 59 21 velat
288 712 122 22 framställa
433 713 67 28 något
515 713 109 22 bestämdt
644 713 84 27 förslag
743 713 7 21 i
766 713 60 22 detta
841 712 111 27 afseende,

204 749 55 19 utan
282 749 72 19 ansett
377 747 66 28 detta,
459 748 94 21 likasom
575 747 145 22 öfverbufvud
735 747 44 21 alla
797 749 106 25 närmare,
914 747 36 21 de-

205 781 73 28 taljer,
300 782 55 21 böra
385 782 145 21 öfverlemnas
560 782 33 21 till
616 782 185 27 Bankstyrelsens
824 781 128 28 afgörande.

205 815 113 22 Utskottet
334 816 38 21 vill
388 817 78 21 endast
481 817 89 27 påpeka
586 818 32 19 att
634 816 26 21 de
676 817 7 20 i
699 816 50 21 herr
764 816 128 27 Tilgmanns
908 815 44 22 för-

206 850 49 27 slag
285 851 108 27 uppgifna
419 851 74 27 prisen
519 852 37 20 äro
579 851 128 21 beräknade
729 851 69 21 under
821 850 42 22 den
885 850 67 21 förut-

205 885 106 27 sättning,
335 887 32 19 att
388 885 147 28 inredningen
550 885 105 22 bekostas
671 885 41 22 och
728 891 51 22 eges
795 885 26 21 af
833 885 119 27 sedeltryc-

205 919 77 28 karen,
299 919 88 22 hvarför
408 920 65 21 dessa
493 919 46 28 pris
562 919 111 28 sjelffallet
695 919 54 22 böra
771 919 8 21 i
798 919 155 21 motsvarande

205 953 57 28 grad
291 954 146 27 reduceras,
430 949 14 36 i
460 954 40 21 fall
522 954 93 21 Banken
638 954 91 27 inköpte
753 954 140 21 maskinerna
918 953 35 21 för

206 994 55 21 egen
278 988 100 27 räkning.

276 1022 77 22 Såsom
369 1023 24 21 af
407 1023 36 21 det
459 1023 93 21 anförda
567 1023 104 27 framgår,
680 1022 73 22 skulle
763 1022 86 22 således
861 1021 89 22 banken

204 1057 78 21 kunna
305 1057 22 21 få
351 1057 33 21 till
404 1057 66 22 stånd
485 1059 30 20 ett
532 1057 54 22 efter
601 1057 104 22 behofvet
720 1057 98 27 lämpadt
833 1055 118 28 sedeltryc-

204 1091 49 21 keri
269 1091 34 22 för
318 1098 27 15 en
360 1091 193 22 kostnadssumma
568 1091 26 22 af
606 1092 66 27 högst
684 1091 92 28 100,000
785 1091 70 27 mark,
865 1090 87 27 hvaraf,

204 1125 8 22 i
234 1125 109 22 händelse
361 1126 92 21 Banken
473 1127 50 20 icke
538 1126 52 21 ville
606 1125 34 22 för
656 1133 56 20 egen
727 1125 96 28 räkning
837 1124 115 28 öfvertaga

204 1160 81 27 sjelfva
308 1160 125 28 tryckeriet,
448 1160 79 27 55,000
549 1160 63 21 mark
634 1167 52 15 vore
709 1161 31 20 att
755 1159 102 22 betrakta
873 1158 79 22 endast

204 1201 47 15 som
268 1196 30 20 ett
313 1195 29 27 på
357 1195 70 27 några
442 1195 25 22 år
481 1195 69 28 gifvet
566 1195 95 21 förskott
675 1196 45 19 mot
735 1193 102 22 säkerhet
853 1193 7 21 i
876 1193 27 21 de
918 1193 33 21 in-

204 1229 70 27 köpta
296 1229 148 21 maskinerna.
474 1229 64 22 Hvad
553 1229 47 21 åter
615 1228 124 22 kostnaden
755 1228 33 21 för
803 1227 148 28 tryckningen

204 1263 26 22 af
243 1263 103 22 sedlarne
360 1263 111 28 beträffar,
481 1264 25 21 så
521 1263 73 22 skulle
610 1263 42 21 den
668 1262 175 28 uppenbarligen
857 1262 95 27 gestalta

204 1298 36 28 sig
262 1298 102 27 billigare
389 1298 53 22 eller
465 1298 132 22 åtminstone
620 1298 50 21 icke
685 1297 71 22 blifva
771 1297 86 27 dyrare,
873 1299 28 19 än
916 1303 34 15 om

205 1332 37 22 det
266 1332 78 22 hittills
365 1332 70 28 följda
455 1334 66 20 sättet
536 1332 34 22 för
586 1332 64 22 deras
664 1332 144 27 tillverkning
822 1330 130 22 bibehölles.

274 1367 203 21 Bankdirektionen
488 1367 47 27 har,
547 1367 73 21 såsom
629 1366 70 22 redan
709 1366 94 27 tidigare
815 1365 91 27 anförts,
914 1365 38 22 be-

204 1401 81 21 räknat
300 1403 32 19 att
348 1408 33 14 om
397 1401 27 21 de
439 1401 70 21 under
524 1403 87 20 senaste
626 1401 14 21 4
655 1400 25 22 år
695 1400 33 22 för
742 1400 103 22 Bankens
855 1400 97 27 räkning

204 1436 90 27 tryckta
308 1435 220 22 sedelblanketterna
542 1435 100 21 erhållits
658 1434 34 22 för
703 1434 27 22 de
741 1434 7 22 i
759 1434 51 22 herr
820 1434 130 28 Tilgmanns

204 1470 77 22 anbud
303 1470 118 28 uppstälda
440 1470 81 28 prisen,
537 1470 51 21 hela
606 1468 128 23 kostnaden
749 1468 34 22 för
798 1468 155 28 tillbygnaden

274 1509 154 19 Bankutskottets
441 1509 115 19 betänkande
567 1509 37 18 N:o
617 1510 17 17 5.
