1086 1717
226 146 40 21 138

195 215 41 21 gen
260 208 103 22 framfödt
385 208 54 22 barn
461 209 53 21 eller
537 208 84 22 kunnat
640 216 53 15 vara
707 209 110 22 hafvande
832 209 68 21 innan
915 210 37 20 det

194 244 59 20 förra
276 244 144 27 äktenskapet
439 244 119 27 upplöstes.
584 244 46 21 Och
645 244 68 21 sedan
725 244 88 28 jemlikt
831 244 121 28 Kejserliga

194 278 149 27 Kungörelsen
360 279 40 21 den
416 280 29 19 24
459 278 63 22 Febr.
539 279 56 21 1848
610 278 137 28 deportation
763 278 34 21 till
813 278 91 22 Sibirien
919 278 32 21 äf-

194 319 41 15 ven
258 312 109 28 tillämpas
390 313 29 27 pä
438 313 34 21 till
487 313 117 21 dödsstraff
624 314 79 20 dömda
725 313 99 27 gvinnor,
848 319 49 21 eger
915 312 34 22 för

194 348 130 26 deporterad
346 347 88 21 hustrus
456 354 51 14 man
530 347 115 21 enahanda
668 347 105 27 rättighet
788 347 33 21 till
837 349 47 25 nytt
898 346 52 28 gifte

195 389 46 14 rum
258 388 46 15 som
320 382 34 21 för
369 382 130 27 deporterad
514 389 62 14 mans
590 382 85 21 hustru.

264 416 34 22 Då
313 419 60 18 utom
392 416 136 22 föreskrifter
547 418 92 20 rörande
661 416 162 27 behandlingen
839 416 24 21 af
876 416 76 21 äkten-

194 451 164 28 skapsskilnads
373 451 73 28 frågor
461 451 92 22 emellan
569 451 82 28 makar,
660 451 25 22 af
698 451 74 22 hvilka
782 452 81 20 endera
872 450 80 22 bekän-

193 492 39 15 ner
247 485 33 28 sig
295 486 33 21 till
344 485 162 28 grekisk-ryska
521 486 113 25 troslärau,
643 486 67 27 några
726 486 75 21 vidare
816 486 135 27 stadganden

192 520 8 21 i
215 520 142 21 förevarande
373 522 63 19 ämne
445 521 19 27 ej
479 523 117 22 emanerat,
612 522 25 20 är
652 521 83 20 således
746 520 205 28 ställningen
881 516 13 37 i
904 516 50 37 Fin-

193 554 51 21 land
260 554 133 22 fortfarande
409 555 126 21 densamma
546 562 45 14 som
602 555 41 21 den
655 556 69 20 under
732 555 155 21 århundraden
895 555 55 21 varit

193 592 33 19 att
237 589 125 27 visserligen
377 589 67 28 enligt
459 589 76 28 lagens
549 589 45 21 bud
609 589 55 22 blott
673 592 78 19 tvenne
763 589 51 28 laga
822 589 88 21 orsaker
917 589 34 20 till

192 624 95 27 egentlig
303 623 85 22 skilnad
403 624 8 21 i
426 623 122 29 äktenskap
566 631 39 20 ega
620 631 47 14 rum
683 624 150 29 (deportation
848 623 33 22 till
896 623 54 22 Sibi-

192 658 46 21 rien
254 665 64 14 anses
333 658 45 21 lika
393 665 46 14 som
454 658 103 29 dödsfall)
578 659 39 21 och
638 661 32 19 att
688 658 132 28 pröfningen
843 658 107 21 huruvida

192 693 68 21 sådan
276 694 24 19 är
315 692 34 21 för
364 693 87 21 handen
473 693 131 22 tillkommer
626 694 109 25 domaren,
752 700 50 14 men
818 695 32 19 att
865 692 84 28 Kejser-

191 727 45 28 liga
251 727 101 25 Senaten,
361 727 30 27 på
405 728 71 26 grund
491 727 24 22 af
526 729 41 20 den
579 727 192 28 maktbefogenhet
779 727 104 28 Kejsaren
891 727 58 21 Stor-

191 761 85 22 fursten
292 761 32 21 till
340 761 93 22 Senaten
449 762 115 25 öfverlåtit,
576 769 50 20 eger
642 762 133 21 omedelbart
791 763 69 20 under
875 763 26 20 de
916 761 34 21 för

191 796 175 27 dispensationer
381 796 130 21 föreskrifna
525 797 80 21 former
620 799 97 25 upptaga
732 797 41 21 och
787 797 75 26 afgöra
871 796 78 21 ansök-

192 831 80 26 ningar
287 837 34 14 om
336 830 226 28 äktenskapsskilnad,
579 831 33 21 för
627 831 74 22 hvilka
720 832 70 20 andra
804 831 94 26 grunder
912 831 36 26 gö-

190 871 35 15 ras
241 865 102 26 gällande
359 865 24 21 af
397 865 150 22 beskaffenhet
562 868 33 19 att
618 867 41 20 den
681 865 168 28 äktenskapliga
868 865 80 22 förbin-

191 899 75 21 delsen
282 899 47 21 icke
344 906 63 14 anses
423 900 73 21 vidare
513 900 97 27 uppfylla
625 901 32 20 sin
672 900 159 22 bestämmelse.

259 933 89 21 Liksom
367 933 59 22 olika
444 936 57 19 arter
517 935 25 20 af
555 935 129 27 benådning,
700 934 152 28 återgifvande
867 934 24 21 af
904 933 42 22 för-

190 970 64 18 suten
278 967 37 27 tid,
336 968 153 27 återbrytande
512 969 25 21 af
556 969 50 21 dom
628 976 26 14 m.
672 976 27 14 m.
720 969 120 21 innefattar
863 969 85 27 dispen-

189 1001 72 22 sation
284 1009 26 14 en
332 1002 99 21 befrielse
449 1003 48 21 från
519 1003 73 27 lagens
612 1003 64 27 regel,
700 1010 47 14 som
769 1003 40 21 har
831 1003 33 21 till
879 1003 67 21 ända-

189 1036 43 21 mål
248 1038 33 19 att
296 1036 130 27 förverkliga
441 1038 36 20 det
493 1039 57 20 rätta
565 1038 69 21 under
649 1038 83 21 sådana
742 1037 204 27 undantagsförhål-

188 1070 88 26 landen,
292 1071 28 27 på
335 1070 74 22 hvilka
423 1071 85 27 regelns
529 1073 89 26 stränga
640 1072 141 27 tillämpning
796 1071 69 22 skulle
881 1071 66 22 blifva

189 1111 27 14 en
232 1105 77 27 åtgärd
323 1104 25 22 af
361 1105 109 22 orättvisa.
500 1105 177 28 Dispensationer
692 1106 55 21 böra
763 1106 91 26 derföre,
870 1106 78 21 liksom

189 1139 64 22 äfven
270 1139 68 27 öfriga
358 1139 116 22 enahanda
492 1140 62 21 akter
569 1141 25 20 af
606 1141 131 21 monarkens
752 1140 79 27 högsta
845 1141 101 21 rättsvår-

189 1174 72 21 dande
276 1173 133 28 myndighet,
417 1174 110 27 verkligen
543 1175 63 21 äfven
622 1176 49 20 med
686 1175 85 27 hänsyn
787 1175 34 21 till
832 1175 82 21 antalet
925 1174 24 21 af

188 1207 73 26 fallen,
278 1209 28 20 då
321 1208 27 21 de
362 1207 140 28 förekomma,
519 1208 108 22 bibehålla
642 1209 132 22 karakteren
790 1209 25 22 af
827 1211 119 25 undantag.

188 1242 59 21 Göra
263 1243 27 20 de
304 1242 48 21 icke
367 1243 30 26 så,
407 1245 53 19 utan
475 1243 120 22 framträda
605 1244 7 20 i
622 1243 138 22 förhållande
771 1244 33 21 till
815 1244 73 27 regeln
898 1244 48 21 allt-

187 1276 34 22 för
236 1276 54 27 ofta,
305 1276 80 22 förlora
401 1278 26 20 de
442 1277 48 22 icke
506 1278 54 22 blott
583 1279 72 21 denna
675 1278 112 28 egenskap
807 1281 53 19 utan
876 1279 71 21 utvisa

187 1311 72 21 tillika
274 1313 32 19 att
321 1311 74 27 regeln
409 1312 48 21 icke
473 1314 24 19 är
512 1312 65 28 riktig
593 1313 40 21 och
648 1313 48 21 icke
712 1313 67 21 borde
795 1314 72 20 såsom
877 1314 68 20 sådan

188 1345 168 27 upprätthållas.

256 1380 10 20 I
282 1379 143 23 betraktande
441 1380 65 22 häraf
518 1381 40 21 har
570 1382 39 27 jag
624 1384 72 19 ansett
713 1382 37 21 det
765 1382 48 21 icke
829 1382 68 22 sakna
912 1382 32 21 in-

186 1416 69 18 tresse
274 1416 32 19 att
324 1415 49 20 med
395 1414 40 21 full
457 1415 101 22 säkerhet
572 1415 23 21 få
610 1417 79 25 utredt,
705 1416 8 21 i
728 1416 83 22 hvilket
826 1417 119 21 numeriskt

186 1448 136 21 förhållande
338 1448 33 21 för
386 1450 135 20 närvarande
537 1451 27 20 de
579 1450 45 26 fall,
639 1450 7 21 i
662 1450 75 22 hvilka
752 1451 123 28 äktenskap
890 1459 55 20 upp-
