1086 1717
214 149 21 17 16
477 149 20 17 U.
510 150 22 17 B.
544 159 18 3 —
580 150 82 17 XXXII.

189 205 56 21 varit
270 205 75 21 dervid
369 206 115 27 tillämplig
507 206 52 22 eller
584 206 78 22 ändrat
687 206 12 28 $
723 206 29 22 65
776 206 8 21 i
809 206 139 26 reglementet

188 244 35 22 för
243 245 106 22 Finlands
378 246 62 21 Bank
471 246 23 21 af
518 246 41 22 den
585 246 28 22 27
638 246 52 21 Juni
720 246 63 26 1878,
812 251 46 16 som
882 245 66 21 bland

190 284 26 22 de
241 285 115 27 uppstälda
380 285 151 27 fordringarna
556 285 34 22 för
614 285 127 28 kompetens
765 285 35 21 till
822 285 82 21 embete
926 284 23 22 af

188 323 163 27 ifrågavarande
375 324 148 22 beskaffenhet
547 324 47 22 icke
619 327 106 25 upptager
749 324 107 27 färdighet
879 324 8 21 i
908 323 39 22 fin-

189 363 39 21 ska
249 364 95 26 språket.
372 364 73 27 Några
466 364 134 22 föreskrifter
617 365 8 21 i
647 365 99 27 gällande
764 364 41 28 lag,
824 364 72 22 hvilka
913 363 34 22 för

188 402 127 28 kompetens
330 404 33 21 till
377 404 124 22 erhållande
515 404 24 22 af
552 404 84 21 embete
651 404 40 22 och
706 404 65 27 tjenst
789 405 4 20 i
807 403 85 22 banken
909 402 38 28 på-

188 443 66 26 hjöde
275 443 120 22 kännedom
412 443 25 22 af
454 444 84 21 landets
555 444 67 27 begge
640 444 71 27 språk,
726 443 121 22 -förefinnas
865 443 82 22 således

189 482 53 21 icke.
273 483 135 22 Beträffande
423 483 78 22 sakens
515 483 111 28 praktiska
641 483 47 22 sida
702 483 68 22 håller
784 483 107 21 utskottet
905 483 41 21 vis-

189 522 91 27 serligen
294 522 40 27 för,
350 525 31 20 att
397 529 26 16 en
438 523 67 22 sådan
523 523 164 28 språkkunskap
705 523 33 22 för
756 523 92 22 flertalet
862 522 23 21 af
899 522 25 21 de
939 523 7 20 i

189 562 97 22 bankens
307 563 65 26 tjenst
394 563 97 21 anstälde
516 569 101 21 personer
636 565 25 19 är
687 562 97 27 behöflig.
815 563 49 20 Men
887 562 60 21 detta

188 601 50 22 kraf
255 603 69 21 måste
338 609 63 15 anses
419 603 49 21 fullt
485 603 139 27 tillgodosedt
642 609 77 20 genom
737 603 162 26 bestämningen
914 604 32 19 att

189 641 110 22 sökanden
316 642 41 21 bör
374 649 52 15 vara
443 643 34 21 till
493 643 93 27 tjensten
604 643 87 27 lämplig
708 643 41 21 och
767 642 13 21 å
799 643 66 20 andra
884 642 60 21 sidan

188 681 41 21 bör
239 681 163 28 -bankstyrelsen
416 682 48 22 icke
475 682 122 21 förhindras
606 684 39 25 att,
656 683 8 20 i
674 682 175 22 förekommande
859 682 43 26 fall,
916 681 29 28 på

189 721 27 21 de
230 721 80 27 platser
328 721 37 22 der
383 722 78 27 speciel
479 721 128 28 skicklighet
624 722 8 21 i
649 722 58 21 vissa
725 721 97 28 detaljer,
841 727 48 16 men
906 722 39 21 all-

189 760 59 21 deles
262 761 48 21 icke
326 761 71 26 någon
415 761 98 27 kunskap
533 762 7 21 i
557 761 57 22 båda
632 761 52 22 eller
702 767 37 16 ens
756 761 8 21 i
779 763 32 19 ett
830 761 23 21 af
869 761 26 21 de
912 761 32 21 in-

188 799 90 22 hemska
292 800 91 27 språken
401 803 24 19 är
443 801 71 27 nödig,
533 801 33 21 för
584 801 123 21 ändamålet
724 801 99 21 använda
837 801 26 21 de
877 801 67 26 lämp-

188 839 77 27 ligaste
280 845 101 22 personer
399 846 46 15 som
463 841 73 21 kunna
553 840 99 21 erhållas.
682 840 123 21 Utskottets
822 839 69 22 flertal
905 840 40 21 har

188 879 74 21 derför
282 881 72 20 ansett
373 880 66 27 något
461 880 103 21 särskildt
581 880 125 26 stadgande
727 886 35 15 om
784 879 161 27 ifrågavarande

188 917 196 29 kompetensvilkor
398 919 47 22 icke
462 919 51 22 böra
527 920 8 21 i
550 919 139 27 reglementet
701 921 112 26 upptagas.

257 1037 42 22 Vid
320 1038 224 27 detaljgranskningen
565 1038 24 21 af
612 1038 107 21 komiténs
741 1037 80 27 förslag
842 1037 33 22 till
897 1039 48 26 nytt

188 1076 187 27 bankreglemente
389 1077 39 21 har
443 1077 111 22 Utskottet
568 1077 8 21 i
590 1078 26 21 de
631 1077 63 22 flesta
711 1077 60 22 delar
789 1077 96 27 godkänt
899 1077 45 21 det-

188 1121 82 16 samma
284 1117 40 20 och
339 1117 71 21 funnit
424 1117 42 21 den
479 1117 24 21 af
516 1117 96 21 komitén
631 1117 123 21 verkstälda
769 1117 175 26 omarbetningen

187 1155 8 21 i
209 1155 117 22 allmänhet
340 1162 52 15 vara
405 1156 63 27 gjord
483 1157 49 20 med
544 1156 89 27 mycken
642 1156 121 26 urskilning
773 1157 56 20 samt
839 1155 106 22 öfverhuf-

187 1195 43 22 vud
244 1196 102 21 utmärka
360 1196 32 26 sig
406 1196 33 21 för
457 1202 27 15 en
503 1196 85 21 klarare
605 1196 120 27 anordning
743 1195 24 22 af
783 1196 36 21 det
837 1195 49 22 hela
904 1195 40 22 och

188 1241 26 15 en
229 1235 113 22 -koncisare
355 1235 113 27 affattning
482 1235 24 21 af
523 1236 25 21 de
564 1235 56 22 olika
637 1235 158 28 paragraferna,
815 1237 27 19 än
857 1241 29 14 nu
900 1235 44 27 gäl-

187 1274 64 22 lande
267 1275 134 26 reglemente.
425 1275 34 21 Då
474 1275 111 21 Utskottet
599 1275 63 21 äfven
680 1275 62 27 gillat
756 1275 41 21 den
812 1275 24 21 af
848 1274 96 22 komitén

187 1314 115 22 förordade
324 1315 160 26 ombildningen
501 1315 24 21 af
541 1314 345 27 bankfullmäktig-institutionen,
905 1314 39 22 har

186 1352 185 28 komitéförslaget
385 1354 56 28 lagts
455 1354 33 22 till
498 1354 69 27 grund
576 1354 33 21 för
619 1354 37 22 det
665 1353 222 27 författningsförslag,
899 1359 45 16 som

186 1388 120 39 Utskottet.
320 1388 82 39 härmed
421 1394 141 22 öfverlemnar
580 1394 34 21 till
629 1394 132 29 Ständernas
775 1393 106 27 pröfning.
911 1394 33 20 De

186 1432 118 27 ändringar
322 1433 112 21 Utskottet
454 1434 102 26 företagit
581 1434 3 20 i
604 1433 109 22 komitens
730 1433 81 26 förslag
828 1434 38 22 äro
889 1432 55 22 dock

257 1472 138 18 Bankutskottets
406 1474 105 16 betänkande
522 1474 34 16 N:o
569 1474 17 16 3.
