1086 1717
221 139 27 21 60

192 204 68 20 annat
275 202 115 22 öfvervaka
405 204 37 20 det
460 202 96 23 kronans
571 202 144 22 ombudsmän
730 201 40 22 och
785 201 87 23 fiskaler
887 198 62 30 ,,icke

192 236 136 26 »Mmissbruka
350 237 48 21 sina
420 238 98 21 embeten
541 237 33 21 till
590 238 181 21 undersätarenes
786 236 163 28 förolämpande

192 286 4 10 ,
200 271 56 25 med
264 271 82 27 otidiga
353 271 105 27 aktioner,
468 278 46 15 som
522 272 72 27 någon
602 272 84 21 beifran
694 272 48 21 icke
753 271 116 28 förtjena'*,
884 271 64 21 fram-

190 305 39 27 gär
244 304 25 22 af
282 305 38 22 allt
336 307 60 21 detta
410 306 116 22 huruledes
540 306 146 28 prokuratorn
702 307 77 21 endast
793 306 156 27 undantagsvis

190 339 44 21 kan
253 340 13 21 &
281 341 26 21 de
322 340 8 21 i
344 341 141 27 tidningarna
499 340 84 28 synliga
598 340 110 28 klagomäl
722 340 58 22 fästa
795 340 37 21 det
847 340 101 22 afseende

190 376 32 19 att
245 374 44 22 han
306 376 30 26 pä
350 376 71 26 grund
436 375 64 21 deraf
512 376 50 20 med
577 376 72 26 nägon
666 376 57 26 slags
739 374 162 28 embetsätgärd
915 374 32 21 in-

190 408 90 22 skrider.
309 410 10 20 I
341 410 116 27 synnerhet
477 410 68 21 måste
560 410 146 27 prokuratorn
722 410 53 27 göra
791 409 32 28 sig
838 416 27 14 en
880 409 68 21 sådan

189 443 177 22 återhållsamhet
373 444 34 21 till
416 444 65 27 regel,
497 445 39 20 der
551 445 37 20 det
602 444 139 22 förnärmade
757 444 100 27 rättsliga
871 444 77 21 intres-

190 479 32 20 set
241 479 97 21 närmast
359 479 55 21 blott
429 479 78 21 träffar
523 479 85 21 enskild
623 485 81 22 person
720 479 51 21 eller
786 479 25 20 är
825 478 26 22 af
863 478 85 21 beskaf-

188 512 74 22 fenhet
278 515 31 19 att
325 514 42 21 den
382 513 98 22 enskilde
495 513 99 22 deröfver
609 520 51 20 eger
675 513 92 28 förfoga.

257 547 41 21 Om
312 548 7 21 i
335 547 72 28 dylika
423 548 44 26 fall,
484 549 38 20 der
537 548 99 21 bestämd
650 548 8 21 i
674 548 33 21 sin
722 549 44 20 rätt
777 547 81 21 kränkt
868 554 78 21 person

186 581 75 25 finnes,
272 583 82 20 dennes
368 582 112 28 yrkanden
495 582 105 27 afvaktas,
617 582 93 21 riskeras
723 582 26 27 ju
764 581 48 22 icke
826 581 69 22 heller
910 582 37 21 nä-

186 617 43 25 got,
248 617 53 20 enär
316 619 32 18 ett
365 616 120 27 klagomåls
499 617 131 21 anmälande
644 617 40 21 hos
700 616 146 28 prokuratorn
861 616 47 21 icke
923 617 25 20 är

185 650 101 22 förenadt
307 652 49 21 med
376 652 67 26 några
465 652 129 21 tidsödande
610 652 119 27 omgångar
744 651 41 21 och
799 651 45 21 står
859 651 87 29 enhvar,

186 685 63 27 fattig
265 692 46 14 som
326 685 39 26 rik,
381 688 54 19 utan
450 687 72 26 någon
537 686 63 27 afgift
616 687 73 26 öppet.

253 720 71 27 Något
347 720 136 22 annorlunda
506 721 74 21 ställer
596 721 32 27 sig
642 721 36 21 väl
694 720 68 22 saken
777 727 36 14 om
828 721 36 20 det
877 719 68 28 gäller

185 755 31 20 ett
224 753 29 22 fel
263 754 52 21 eller
323 757 31 19 ett
369 755 115 26 missbruk,
500 762 46 14 som
561 755 49 21 icke
625 755 104 21 särskildt
744 754 53 21 eller
812 754 133 21 omedelbart

184 788 78 21 träffar
277 789 71 27 någon
363 790 44 20 viss
421 796 79 21 person
516 792 53 19 utan
584 797 27 14 en
626 789 36 22 hel
677 789 111 27 menighet
803 789 52 20 eller
865 788 80 21 allmän

184 823 93 26 ordning
293 823 51 21 eller
359 823 141 22 öfverhufvud
513 826 30 19 ett
556 823 109 28 offentligt
676 823 153 26 rättsintresse,
840 823 34 20 för
881 823 65 21 hvars

184 856 127 22 bevakande
330 857 53 22 eller
404 857 199 22 vidmakthållande
626 859 37 20 det
678 858 57 21 visat
750 857 32 27 sig
797 859 33 19 att
845 857 48 21 icke
908 857 38 21 nå-

183 897 44 21 gon
242 891 85 22 enskild
341 899 79 20 person
435 892 71 21 funnit
522 893 32 26 sig
568 893 81 20 manad
664 894 33 19 att
712 891 103 22 inskrida.
839 891 10 21 I
864 892 82 21 sådana

183 925 39 21 fall
237 925 44 22 kan
296 933 27 14 en
338 926 117 22 berättelse
470 927 8 20 i
493 927 147 27 tidningarna,
656 927 73 21 derest
745 927 42 20 den
802 925 83 22 lemnas
896 932 48 15 ove-

184 959 96 28 derlagd,
303 960 55 21 efter
379 960 79 22 sakens
481 961 150 21 beskaffenhet
652 962 79 26 utgöra
750 960 62 27 giltig
827 959 118 28 anledning

183 996 33 19 att
238 994 25 21 af
281 995 41 20 den
340 994 110 28 utpekade
472 995 96 22 infordra
589 995 119 27 förklaring
724 994 41 22 och
780 994 164 27 upplysningar,

182 1035 46 14 som
250 1028 35 21 för
306 1029 136 21 bedömande
464 1029 25 22 af
502 1029 174 28 beskyllningens
692 1029 47 22 halt
755 1029 75 20 kunna
846 1028 96 22 befinnas

182 1063 87 26 nödiga.
299 1063 38 21 Att
359 1063 235 28 prokuratorsembetet
616 1064 49 21 icke
688 1065 74 20 ansett
782 1063 32 27 sig
834 1062 53 22 böra
901 1063 43 21 till-

182 1097 58 21 sluta
262 1098 85 26 ögonen
369 1097 35 22 för
427 1098 73 27 dylika
519 1098 71 21 källor
609 1098 32 21 till
657 1097 159 28 upplysningar
831 1097 113 27 angående

181 1131 190 27 myndigheternas
387 1131 142 27 förhållande,
544 1133 69 20 ehuru
629 1132 94 22 embetet
739 1131 64 22 äfven
818 1131 34 21 för
862 1132 83 21 sådana

181 1165 39 21 fall
242 1166 58 27 gjort
318 1166 32 27 sig
369 1166 123 22 varsamhet
509 1167 34 20 till
562 1173 26 15 en
603 1167 62 27 pligt,
680 1166 45 22 kan
741 1165 26 22 af
779 1165 165 28 expeditionens

180 1199 134 22 missivband
328 1200 116 22 inhemtas.
