1086 1717
206 146 22 17 26
468 146 22 18 U.
502 146 21 17 B.
535 156 21 4 —
569 147 83 17 XXXIL

182 204 118 20 December
316 204 55 21 1882
385 204 86 21 erhållit
493 205 31 20 ett
545 204 81 26 tillägg,
642 204 89 21 sålunda
749 203 90 28 komme,
852 205 33 19 att
899 209 38 15 un-

183 243 71 27 dergä,
270 243 40 21 har
328 243 112 21 Utskottet
455 245 70 19 ansett
541 244 36 20 det
591 244 33 20 för
638 243 106 21 vinnande
763 242 23 22 af
803 244 68 20 större
886 242 51 21 reda

183 283 40 21 och
238 282 179 28 öfverskädlighet
435 289 51 15 vara
501 283 93 27 önskligt
608 285 32 19 att
655 290 26 20 ny
698 285 42 19 stat
754 282 70 22 blefve
838 282 33 22 för
885 282 52 21 ban-

182 322 42 22 ken
239 322 105 22 utfärdad.

252 402 111 22 Utskottet
378 402 97 27 öfvergär
490 409 29 15 nu
534 403 32 21 till
580 403 156 26 granskningen
747 402 23 21 af
778 402 106 21 komiténs
894 401 43 21 för-

182 443 46 26 slag
242 443 34 20 till
290 443 129 21 instruktion
434 443 33 21 för
482 443 197 26 bankfullmäktige.

251 483 48 20 Den
310 483 66 21 första
386 483 158 21 instruktionen
555 483 33 21 för
600 483 131 21 Ständernas
745 482 191 26 bankfullmäktige

182 522 124 21 utfärdades
316 523 40 20 den
379 523 6 21 9
400 523 118 21 December
535 523 53 21 1867
604 523 39 21 och
659 522 115 27 undergick
788 529 76 20 genom
883 522 53 21 1879

181 561 35 22 års
239 562 128 21 instruktion
386 563 49 26 föga
454 563 120 26 betydande
593 563 154 26 förändringar.
777 563 102 20 Deremot
894 562 42 21 till-

181 601 85 22 kommo
288 603 8 20 i
317 609 28 14 nu
367 603 100 26 gällande
488 603 129 21 instruktion
636 603 22 20 af
675 603 41 20 den
733 603 25 21 15
775 603 90 20 Januari
882 602 53 21 1883

181 641 67 27 nägra
270 648 41 21 nya
333 642 131 27 stadganden
486 642 23 21 af
526 643 153 26 jemförelsevis
700 644 67 19 större
786 642 50 26 vigt.
866 642 69 21 Bland

181 681 47 22 dem
244 681 36 22 mä
300 682 122 21 framhållas
441 688 27 15 en
486 682 114 21 förändrad
615 683 134 26 bestämning
763 688 34 15 om
813 682 41 21 den
869 682 66 21 bank-

180 721 133 27 fullmäktige
336 722 111 27 äliggande
469 722 155 27 granskningen
646 723 24 20 af
686 722 95 21 bankens
801 722 133 26 länerörelse,

180 761 112 27 äsyftande
314 764 32 19 att
368 764 53 25 göra
443 762 69 21 denna
530 762 94 21 kontroll
642 763 55 20 bäde
715 769 58 15 mera
791 762 85 21 effektiv
895 762 39 21 och

180 807 60 16 mera
259 801 228 22 öfverensstämmande
509 803 48 20 med
580 803 199 26 bankfullmäktiges
802 802 83 27 uppgift
906 804 28 19 än

181 841 47 26 den,
244 848 46 15 som
305 842 135 21 derförinnan
456 849 38 14 var
508 843 7 20 i
529 843 157 21 instruktionen
701 843 114 26 päbjuden,
826 842 108 21 äfvensom

180 881 137 22 föreskriften
340 888 34 15 om
396 883 77 20 hinder
494 883 33 20 för
548 883 110 21 valbarhet
677 883 33 20 till
728 882 207 26 bankfullmäktig,
923 877 15 36 i

180 921 82 22 hvilket
277 922 98 21 afseende
394 922 120 21 bestämdes
530 924 37 24 att,
583 925 59 19 utom
657 923 126 26 tjensteman
799 923 52 20 eller
865 922 70 21 direk-

179 963 35 20 tör
235 962 7 20 i
266 961 64 27 bank,
346 962 17 27 ej
386 962 67 21 heller
472 965 86 18 senator
576 963 51 21 eller
646 963 95 20 direktör
758 963 7 20 i
780 962 154 21 statskontoret

180 1001 55 24 finge
250 1001 92 22 bekläda
357 1002 67 21 sädan
438 1002 126 27 befattning.

249 1042 109 26 Naturligt
375 1044 24 19 är
417 1044 32 19 att
465 1043 39 20 den
519 1043 127 20 förändrade
661 1043 172 26 organisationen
848 1042 23 21 af
884 1043 51 20 ban-

180 1081 52 21 kens
255 1082 88 26 styrelse
365 1082 40 21 och
423 1082 101 21 särskildt
542 1083 218 26 arbetsfördelningen
776 1083 77 20 mellan
868 1082 67 21 bank-

179 1121 144 27 fullmäktiges
337 1122 84 26 plenum
437 1122 39 21 och
492 1122 36 21 det
543 1122 117 27 föreslagna
675 1122 112 25 utskottet,
803 1122 96 27 päkallar
909 1128 26 15 en

179 1161 7 20 i
202 1161 117 26 väsentliga
338 1162 58 21 delar
414 1161 116 22 förändrad
544 1162 112 26 affattning
671 1162 23 21 af
707 1161 164 22 instruktionen.
897 1162 38 21 Ut-

179 1201 84 21 skottet
282 1207 45 15 som
345 1201 62 21 äfven
425 1201 128 21 härutinnan
568 1202 7 20 i
590 1202 116 21 allmänhet
720 1201 95 27 godkänt
830 1201 105 22 komitens

180 1241 86 26 förslag,
282 1241 39 20 har
343 1241 54 21 dock
416 1241 45 21 dels
476 1241 6 20 i
497 1241 51 27 följd
568 1241 22 21 af
604 1242 26 21 de
644 1241 149 27 förändringar
808 1247 45 15 som
868 1241 68 22 vidta-

180 1281 42 26 gits
244 1281 131 21 beträffande
397 1281 56 21 valet
476 1281 23 21 af
515 1281 201 27 bankfullmäktiges
733 1281 90 26 utskott,
839 1281 46 21 dels
903 1282 33 21 för

180 1321 107 21 vinnande
302 1321 23 21 af
340 1327 25 15 en
380 1323 68 19 större
463 1321 85 21 klarhet
562 1322 7 20 i
583 1322 113 26 uttrycken
711 1321 143 27 omredigerat
863 1328 26 14 en
901 1322 34 20 del

180 1360 129 27 paragrafer.
320 1373 24 2 —
354 1361 137 21 Beträffande
505 1361 12 27 $
535 1363 6 19 1
562 1362 39 20 har
616 1362 113 20 Utskottet
743 1362 54 26 tagit
815 1362 7 20 i
841 1360 95 22 öfvervä-

178 1400 76 26 gande,
270 1400 105 22 huruvida
397 1400 48 22 icke
469 1401 26 21 de
517 1401 157 27 bestämningar
696 1401 70 21 denna
785 1400 7 28 $
812 1400 122 28 innehåller,

180 1441 82 20 rättare
284 1440 66 21 borde
371 1440 58 22 finna
450 1441 55 26 plats
523 1441 8 21 i
545 1441 144 26 reglementet,
706 1441 70 21 säsom
792 1440 62 22 äfven
869 1440 67 22 bank-

249 1480 140 17 Bankutskottets
400 1480 104 17 betänkande
515 1480 35 17 N:o
563 1480 17 17 3.
