1086 1717
387 140 24 22 U.
427 140 24 22 B.
467 153 27 5 —
509 140 41 22 N:o
566 141 20 21 2.
814 141 20 21 &

184 307 43 22 För
241 306 156 28 Längmanska
411 306 221 22 testamentsfondens
648 306 123 28 uppkomst,
786 306 73 22 ända-

116 342 45 21 mål
176 342 39 21 och
230 342 94 27 tidigare
338 341 135 28 förvaltning
483 341 100 21 lemnade
595 341 55 21 1882
660 341 35 21 års
706 341 153 21 Bankutskott.

117 383 27 15 en
166 376 90 28 utförlig
278 375 142 28 redogörelse.
451 376 43 21 Det
517 376 60 21 torde
600 376 66 21 alltså
683 382 53 14 vara
753 375 106 28 tillfylles.

117 412 32 20 att
170 410 92 22 hänvisa
282 410 72 22 dertill
368 410 8 21 i
391 410 40 21 allt
449 410 67 28 öfrigt
531 410 40 21 och
587 417 29 14 nu
632 410 78 21 endast
725 410 72 21 erinra
812 416 46 19 om,

117 447 32 19 att
171 445 121 22 tillsvidare
314 445 54 21 blott
391 445 42 21 den
455 451 42 15 ena
513 445 25 21 af
550 445 26 21 de
592 445 83 26 fonder,
691 445 29 26 på
734 444 76 21 hvilka
826 443 27 22 de

117 479 34 22 till
173 479 105 22 Finlands
301 479 47 22 folk
369 479 184 22 testamenterade
575 479 86 21 medlen
682 481 37 19 äro
734 478 125 27 fördelade,.

117 513 54 22 eller
185 513 80 22 fonden
280 513 52 22 Litt.
347 514 32 25 B.,
387 513 60 22 vuxit
462 513 34 22 till
513 513 41 22 den
570 513 82 22 storlek
662 515 38 25 att,
710 513 69 28 enligt
788 514 65 20 testa-

117 550 91 19 mentets
224 548 161 21 bestämmelser
400 548 85 21 hälften
501 548 26 21 af
539 548 49 21 dess
604 550 74 19 räntor
694 547 33 22 får
741 547 117 22 användas.

116 582 35 22 för
171 583 120 27 vetenskap
314 582 40 22 och
377 582 56 21 skön
452 583 73 26 konst,
541 582 33 22 för
588 582 90 21 literära
693 582 90 21 arbeten
797 583 56 20 samt

94 613 4 4 *
115 617 35 21 till
173 617 183 28 gratisutdelning
379 617 24 21 af
422 617 185 28 allmogeskrifter
621 617 112 21 äfvensom
748 616 34 21 till
797 615 60 22 före-

116 651 84 22 skrifna
215 652 59 27 legat
290 651 40 22 och
345 651 140 22 bestridande
501 651 26 22 af
540 651 268 28 förvaltningskostnaden
819 649 40 22 för

115 685 71 28 bägge
211 685 113 28 fonderna,
339 685 78 22 medan
439 685 48 22 åter
502 686 42 21 den
560 685 69 22 andra
644 685 84 21 hälften
743 685 25 21 af
781 685 77 21 denna.

115 720 65 21 fonds
194 720 183 21 ränteinkomster
392 720 136 21 fortfarande
543 720 163 27 kapitaliseras.

184 755 34 20 Då
233 754 36 22 det
284 761 29 15 nu
328 755 84 27 åligger
428 754 107 21 utskottet
550 756 31 19 att
595 756 59 26 yttra
670 754 34 27 sig
714 753 60 22 öfver
783 753 69 22 bank-

115 788 150 28 fullmäktiges
280 789 65 21 ofvan
360 789 128 21 meddelade
499 789 169 27 framställning,
679 788 36 21 må
724 788 35 21 till
768 795 27 14 en
805 787 50 22 bör-

113 823 41 28 jan
177 823 87 22 anföras
288 825 30 19 att
334 823 26 21 de
376 830 38 15 sex
429 823 110 27 samfund,
554 829 46 15 som
615 823 8 21 i
638 822 219 27 Bankfullmäktiges-

115 857 115 22 skrifvelse
249 857 98 22 förordas
362 857 34 22 till
412 857 129 22 erhällande
556 857 25 22 af
593 857 126 28 understöd,
734 857 63 21 hvart
813 856 40 21 och

116 893 31 20 ett
169 891 7 22 i
198 891 35 22 sin
248 898 50 15 mon
313 892 78 21 verkar
406 892 35 21 för
456 892 68 27 nägot
539 892 25 21 af
577 892 27 21 de
619 891 80 28 syften,
714 891 139 22 testamentet

116 926 65 21 afsett
203 928 31 19 att
257 926 85 28 främja.
371 926 71 21 Jemte
463 926 37 22 det
515 926 106 21 utskottet
637 925 136 22 fördenskull
788 925 8 21 i
811 925 42 21 lik-

115 961 37 20 het
167 960 49 21 med
231 960 202 28 Bankfullmäktige
448 961 70 21 finner
537 961 43 20 alla
596 961 64 21 dessa
676 960 125 27 föreningar
816 966 36 14 va-

115 1001 25 15 ra
162 995 104 27 förtjenta
288 997 31 19 att
340 995 37 21 vid
399 995 154 27 fördelningen
576 995 25 21 af
620 995 93 21 fondens
729 993 125 28 disponibla

115 1029 119 28 tillgångar
256 1029 157 28 ihogkommas,
429 1029 66 28 hyser
518 1029 105 22 utskottet
646 1029 56 22 dock
718 1028 135 23 beträffande

115 1063 79 28 sjelfva
209 1064 198 27 anslagsbeloppen
423 1071 26 22 en
465 1064 70 21 delvis
551 1064 66 27 nägot
632 1064 118 21 afvikande
759 1063 94 26 mening.

114 1097 31 22 Ur
160 1098 94 21 berörda
269 1098 114 21 skrifvelse
392 1098 40 21 och
445 1098 42 21 den
505 1099 14 20 &
534 1099 40 21 sid.
591 1099 26 21 13
632 1098 129 22 meddelade
776 1097 83 28 kalkyl.

114 1132 96 28 framgär
226 1133 110 27 nämligen
351 1135 32 18 att
398 1133 81 21 fonden
487 1133 52 21 Litt.
550 1133 37 21 B:s
598 1133 125 28 disponibla
733 1131 121 24 räntevinst

114 1167 69 21 under
200 1167 146 28 nästföljande
364 1167 149 27 treårsperiod
524 1167 118 22 beräknats
653 1167 34 22 till
697 1167 67 21 omkr.
777 1166 83 27 62,800;

113 1201 73 26 mark;
202 1208 49 15 men
261 1201 28 22 då
299 1208 29 15 nu
339 1201 32 22 för
380 1201 62 22 såväl
449 1201 198 28 nyssuppräknade
657 1201 102 22 samfund
768 1207 45 15 som
824 1202 36 19 ett.

113 1238 74 23 annat,
203 1235 34 22 för
252 1236 91 21 fondens
358 1236 87 27 uppgift
457 1236 161 27 jemförelsevis
637 1231 139 36 främmande,
790 1235 67 21 ända-

113 1269 44 22 mål
179 1270 79 22 inalles
282 1270 78 27 46,000
377 1270 64 22 mark
456 1270 25 22 af
493 1270 203 28 Bankfullmäktige
711 1269 92 23 föreslås
818 1269 36 21 till

114 1304 148 28 användning,
278 1304 70 22 skulle
363 1305 87 21 således
465 1305 50 21 icke
531 1305 84 21 mindre
640 1308 28 18 än
692 1304 77 28 16,800
790 1304 65 21 mark

113 1345 122 15 reserveras
258 1339 34 21 för
311 1339 123 21 framtiden.
464 1339 112 21 Utskottet
591 1340 69 20 måste
675 1339 56 21 dock
749 1345 52 15 anse
817 1338 37 21 det

112 1380 54 15 vara
181 1373 113 28 olämpligt
310 1374 40 21 och
365 1374 53 27 föga
433 1373 238 22 öfverensstämmande
687 1373 48 21 med
751 1374 106 20 testators.

113 1407 96 28 afsigter,
225 1410 32 19 att
275 1408 72 27 någon
362 1410 69 19 större
447 1408 36 21 del
499 1408 26 21 af
537 1408 27 22 de
579 1408 34 21 för
629 1408 107 27 uppgifna
751 1406 108 29 syftemål

113 1442 125 27 disponibla
259 1442 85 22 medlen
367 1442 77 28 längre
461 1442 32 22 tid
509 1445 29 19 än
553 1442 76 28 nödigt
644 1442 83 22 lemnas
743 1440 113 23 oanvänd.

180 1482 153 18 Bankutskottets
346 1482 114 18 betänkande
471 1482 38 18 N:o
521 1484 16 16 2.
