1086 1717
406 161 21 18 U.
441 162 20 16 B.
474 172 21 2 —
508 162 84 17 XXXL.
829 164 21 16 61

120 218 58 21 mäla
200 220 57 20 samt
277 218 50 21 med
349 218 89 27 behörig
453 210 114 44 suppleant
580 218 63 22 träffa
658 219 216 30 öfverenskommelse

120 258 34 26 om
163 249 43 25 att
217 248 68 26 denne
300 252 68 37 under
381 251 60 45 tiden
456 247 122 32 öfvertager
592 251 53 23 hans
654 246 141 34 åligganden.

473 323 12 27 8
500 323 21 21 5.

193 355 43 28 Vid
249 349 34 33 val
298 361 36 21 och
350 362 129 27 omröstning
493 362 9 20 i
516 362 97 23 utskottet
623 362 95 27 förfares
728 362 31 27 pä
765 364 44 19 sätt
819 362 9 20 i
835 362 16 28 $
859 363 16 20 2

119 396 36 26 för
166 395 186 27 bankfullmäktige
363 397 26 19 är
400 396 103 26 stadgadt,
513 396 71 21 utom
577 391 9 36 i
594 396 72 27 frågor
674 396 111 26 angående
795 396 79 22 ackord

120 430 49 21 med
184 430 96 21 bankens
295 430 134 26 gäldenärer,
444 430 8 21 i
467 430 79 25 hvilka,
561 430 35 21 vid
612 430 45 21 lika
672 430 58 22 antal
745 432 76 23 röster,
833 430 41 21 den

118 464 64 27 åsigt,
198 470 46 15 som
259 465 96 20 närmast
369 464 201 21 öfverensstämmer
586 465 48 21 med
650 465 38 21 der
703 464 23 21 af
740 465 134 21 direktionen

118 498 86 27 yttrade
220 498 91 27 mening,
324 497 68 28 gäller
406 498 71 21 såsom
492 497 106 22 utskottets
614 497 71 22 beslut.

473 575 11 26 8
500 575 20 21 6.

167 580 229 65 --Bankjillmäktiye
417 613 78 22 utskott
510 615 92 25 'antager
624 620 26 14 en
666 613 36 26 för
716 613 157 26 bankjfullmäk-

119 621 42 54 JO
183 648 37 21 och
241 646 111 22 utskottet
356 651 121 23 gemensam
493 647 132 26 sekreterare,
644 652 44 16 som
703 647 35 26 för
750 646 125 27 protokollet

119 682 36 21 vid
168 681 62 22 såväl
244 681 197 27 bankfullmäktiges
455 688 46 14 som
515 681 107 21 utskottets
636 681 172 21 sammanträden
818 683 56 19 samt

120 716 111 26 uppsätter
246 714 36 22 och
296 714 171 27 kontrasignerar
481 715 43 21 alla
539 715 102 26 utgående
656 715 149 26 expeditioner.

189 748 45 23 Det
246 749 37 21 vid
297 748 196 29 bankfullmäktiges
503 749 177 22 "sammanträden
694 748 63 26 förda
769 748 104 27 protokoll

115 783 96 27 justeras
230 783 24 26 af
268 779 142 30 ordföranden
425 783 37 21 och
477 783 35 21 två
526 783 36 21 vid
575 783 166 21 sammanträdet
754 782 70 21 dertill
838 784 35 19 ut-

119 816 64 22 sedde
201 816 191 27 bankfullmäktige,
410 817 69 21 hvilka
489 817 65 27 jemte
568 817 143 26 ordföranden
724 816 150 27 underskrifva

121 851 27 21 de
160 851 103 26 utgående
278 849 175 28 expeditionerna.

194 883 111 22 Utskottets
324 884 104 27 protokoll
445 884 94 26 justeras
561 884 24 26 af
606 884 97 21 utskottet
721 884 36 21 och
772 884 40 21 den
827 883 49 22 eller

121 918 26 21 de
168 917 135 22 medlemmar
325 917 24 27 af
371 918 192 26 bankdirektionen,
586 925 45 14 som
653 918 36 21 vid
710 917 167 22 sammanträdet

120 952 104 21 närvarit.

195 984 110 23 Utskottets
327 986 140 26 expeditioner
489 981 161 53 underökriföas
672 986 24 25 af
718 986 47 21 dess
779 985 97 26 samtliga

121 1019 142 21 mödlemmar.

479 1087 11 28 8
507 1088 20 20 7.

191 1127 183 26 Bankfullmäktig
397 1129 24 18 är
443 1127 76 26 pligtig
539 1128 31 20 att
588 1127 60 21 doldt
664 1127 38 21 och
718 1127 108 26 förtegadt
840 1126 37 21 be-

121 1167 53 15 vara
188 1161 46 25 allt,
250 1167 45 15 som
312 1161 65 26 angår
393 1161 107 21 enskildes
516 1161 148 21 förhållanden
679 1161 33 20 till
727 1161 83 20 banken
823 1160 54 21 eller

122 1195 7 20 i
145 1195 65 29 öfrigt
225 1195 35 30 vid
275 1193 157 28 förvaltningen
447 1194 43 21 kan
505 1194 99 22 förefalla
620 1194 23 21 af
652 1195 66 20 sädan
729 1193 148 22 beskaffenhet

122 1230 33 19 att
170 1229 38 20 det
222 1228 47 22 icke
283 1234 67 21 yppas
365 1228 41 21 mä.

477 1296 12 28 $
505 1296 22 21 8.

192 1336 183 26 Bankfullmäktig
390 1342 50 15 vare
456 1336 19 26 ej
491 1336 121 21 förmenadt
626 1337 32 19 att
673 1337 108 25 emottaga
796 1335 40 21 och
846 1335 32 20 in-

123 1370 92 21 nehafva
231 1370 116 23 ordinarie
372 1369 65 27 tjenst
459 1370 54 21 eller
536 1372 60 18 extra
618 1369 107 22 ordinarie
747 1369 130 26 befattning;

124 1403 56 21 dock
202 1404 35 20 må
258 1403 180 27 bankfullmäktig
460 1403 47 21 icke
527 1403 69 21 tillika
610 1409 52 15 vara
677 1404 86 20 senator
778 1402 54 22 eller
845 1402 34 20 di-

123 1437 75 21 rektör
213 1437 53 21 eller
280 1437 127 27 tjensteman
423 1437 7 20 i
445 1437 65 21 bank.

193 1476 138 17 Bankutskottets
342 1476 104 16 betänkande
459 1476 34 16 N:o
505 1476 19 16 3.
