1086 1717
187 151 11 17 2

162 208 120 26 Kejserliga
297 208 115 27 reskriptet
433 208 23 21 af
477 208 42 21 den
541 208 28 21 20
584 208 120 22 December
721 208 54 22 1883
798 208 122 22 bestämdes

162 242 123 22 sedermera
306 244 32 20 att
359 242 77 22 fonden
459 242 54 22 skall
535 242 131 27 uppbringas
682 243 33 21 till
731 242 114 27 5,000,000
859 242 61 22 mark

163 276 91 22 sålunda
276 279 32 19 att
323 276 54 22 efter
391 276 57 22 hand
463 276 71 27 någon
548 276 35 22 del
598 276 24 22 af
635 276 130 27 disponibelt
781 276 118 22 öfverskott
913 276 6 21 i

163 310 145 27 Statsfonden,
332 310 53 22 efter
407 311 72 21 dertill
500 311 73 27 hvarje
588 310 56 28 gång
659 311 116 22 utverkadt
790 311 74 27 nådigt
879 311 42 21 till-

165 344 69 28 stånd,
258 346 115 21 öfverföres
395 346 33 21 till
449 345 153 22 reservfonden
624 346 41 21 och
687 348 103 20 räntorna
805 345 13 21 å
832 345 89 21 fondens

164 380 70 21 medel
249 380 74 27 läggas
338 380 32 21 till
385 380 104 27 kapitalet
503 380 34 21 till
552 380 48 22 dess
616 380 120 23 detsamma
751 380 60 27 stigit
821 379 33 21 till
863 381 58 19 näst-

164 414 94 22 nämnda
273 414 83 27 belopp,
379 410 109 26 hvarefter
510 420 34 16 om
560 415 88 20 räntans
663 414 140 22 användande
826 414 95 21 kommer

164 450 33 20 att
212 449 28 26 på
255 449 91 22 särskild
361 449 158 27 framställning
533 449 136 21 bestämmas.

321 555 22 22 3.
381 553 88 34 Fattig-
488 553 43 28 och
550 552 222 29 Arbetshusfonden.

236 621 127 27 Disponibla
385 621 143 28 tillgångarna
541 622 8 21 i
564 621 70 22 denna
649 621 58 26 fond,
732 627 45 15 som
800 620 122 21 tillkommit

164 661 77 22 genom
264 655 26 22 de
312 656 7 20 i
340 655 53 28 följd
415 657 21 20 at
458 656 98 27 gällande
574 655 154 27 författningar
743 655 34 21 till
792 654 83 21 förmån
890 653 32 22 för

163 689 75 28 fattig-
254 690 40 21 och
309 690 283 27 arbetshusinrättningarne
614 690 7 21 i
644 690 74 21 landet
740 689 90 21 influtna
848 688 73 26 medel,

165 723 85 22 utlånas
265 724 29 27 på
308 725 43 20 sätt
366 725 6 20 i
388 724 105 21 särskilda
509 724 150 27 förordningar
682 724 74 21 derom
775 725 97 19 närmare
887 723 35 20 be-

165 760 109 25 stämmes,
290 758 39 22 och
344 758 40 21 har
399 760 71 19 senast
485 765 76 20 genom
576 759 121 26 Kejserliga
708 758 123 27 Reskriptet
847 757 22 21 af
883 757 40 21 den

165 793 28 21 24
208 793 43 26 Maj
276 793 56 21 1884
347 793 123 21 förordnats
490 794 32 20 att
537 793 56 21 ända
608 793 33 21 till
657 793 94 26 400,000
765 792 62 21 mark
842 791 23 22 af
878 791 45 21 fon-

165 827 51 22 dens
239 827 116 27 tillgångar
376 827 55 27 finge
446 827 71 22 såsom
532 827 36 22 lån
583 827 23 22 ät
620 827 159 22 handtverkare
795 826 39 22 och
850 826 73 21 idkare

164 861 24 21 af
202 861 41 22 den
258 861 83 22 mindre
356 861 106 22 industrin
480 861 98 28 utgifvas.

366 965 23 24 4.
427 963 299 29 Amortissementsfonden.

236 1032 73 27 Enligt
324 1032 119 28 Kejserliga
458 1032 152 27 förordningen
633 1032 41 21 den
697 1031 26 22 13
739 1031 62 27 April
818 1031 55 21 1859
894 1031 31 21 in-

166 1066 96 21 rättades
282 1067 69 21 denna
365 1066 52 22 fond
432 1067 33 21 till
480 1067 100 21 säkerhet
595 1066 34 21 för
643 1066 84 21 inlösen
743 1065 24 22 af
781 1065 144 22 Statsverkets

165 1106 77 21 genom
258 1101 102 21 Finlands
374 1101 61 21 Bank
450 1101 113 22 utfärdade
578 1100 194 27 läneobligationer
787 1099 12 22 å
816 1100 46 25 100,
884 1100 41 21 300

166 1134 39 21 och
236 1135 43 21 900
300 1135 62 22 rubel
384 1135 13 21 å
419 1136 14 20 4
448 1135 27 27 %
497 1137 63 19 ränta
582 1135 29 26 pä
632 1136 64 20 ränta
720 1135 56 20 samt
802 1133 123 22 Statskassa

165 1167 93 28 (Saima)
274 1169 141 27 obligationer
431 1169 12 21 &
459 1170 42 21 500
511 1169 61 22 rubel
588 1169 13 21 ä
612 1169 52 27 39/,,
674 1169 35 27 %/o,
725 1167 110 22 hvarefter
849 1174 76 21 genom

165 1202 121 27 Kejserliga
308 1203 142 27 kungörelsen
474 1204 40 21 den
537 1204 27 21 23
582 1203 120 22 December
727 1203 55 20 1862
805 1202 120 21 bestämdes

165 1238 33 19 att
213 1237 7 20 i
235 1237 79 22 fonden
330 1237 62 22 äfven
407 1238 66 21 borde
489 1238 101 21 bokföras
613 1238 37 21 det
672 1237 50 22 med
738 1236 143 22 Bankirhuset
896 1236 28 21 M.

165 1270 25 22 A.
206 1277 42 15 von
263 1272 125 22 Rothschild
403 1272 18 22 &
436 1272 71 22 Söhne
522 1273 8 20 i
544 1271 118 23 Frankfurt
676 1278 20 15 a.
712 1271 60 22 Main
795 1271 129 21 sistnämnde

165 1304 25 22 år
213 1306 106 22 afslutade
341 1307 43 27 4%/,
397 1307 28 28 %/,
448 1307 118 21 statslänet.
596 1306 90 22 Jemlikt
708 1305 156 23 förstbemälda
883 1305 42 21 Nä-

166 1339 49 27 diga
249 1340 124 28 förordning
389 1335 14 38 —
414 1341 132 22 öfverfördes
583 1341 33 21 till
653 1339 272 23 'Amortissementsfonden

166 1374 114 26 1,154,665
305 1375 61 22 rubel
390 1376 28 21 43
441 1376 77 27 kopek,
547 1375 153 22 motsvarande
727 1375 113 26 4,618,661
865 1374 59 21 mark

165 1408 28 21 72
206 1410 72 26 penni,
301 1409 49 22 frän
371 1410 106 22 särskilda
499 1410 24 21 af
536 1410 102 22 Finlands
652 1410 64 21 Bank
730 1409 60 21 förut
804 1408 120 22 förvaltade

164 1442 82 27 fonder,
265 1444 93 21 hvarhos
372 1445 94 21 nämnda
480 1444 52 22 fond
546 1444 84 28 uppbar
645 1444 19 27 ej
680 1444 84 21 mindre
779 1442 100 22 behällna
894 1443 30 21 in-

164 1476 101 23 komsten
286 1478 48 22 frän
357 1478 71 22 Saima
443 1480 70 26 kanal,
536 1481 28 19 än
588 1479 40 21 ock
649 1485 27 15 ur
699 1478 70 22 Stats-
785 1477 39 21 och
840 1477 84 22 Militie-
