1086 1717
226 168 13 20 6
410 168 33 22 St.
459 167 53 24 Skr.
531 180 25 5 —
572 169 27 24 U.
615 169 27 23 B.
659 169 38 23 N:o
711 169 22 23 5.

199 232 37 27 sig
252 231 57 23 böra
324 231 143 23 öfverlemna
483 232 29 23 de
527 234 107 21 närmare
649 232 208 28 bestämningarne
868 233 80 23 härom

198 265 121 23 äfvensom
335 266 132 28 antagande
482 266 26 23 af
520 266 102 30 lämplig
637 266 156 24 föreständare
808 266 35 23 för
857 267 91 29 trycke-

198 301 44 22 riet
263 300 45 23 och
330 300 152 30 uppgörande
502 301 25 23 af
540 301 113 23 kontrakt
668 301 53 23 med
738 301 76 23 denne
829 302 24 22 ät
867 302 80 22 Bank-

198 334 159 30 fullmäktige,
372 336 85 22 hvilka
472 336 53 22 icke
539 335 66 23 torde
620 336 125 23 underläta
759 338 34 20 att
803 336 81 23 härom
895 336 51 23 räd-

197 370 49 22 föra
261 370 37 28 sig
313 369 54 23 med
381 370 225 23 Bankdirektionen.

267 404 35 23 På
324 404 77 28 grund
423 405 24 23 af
467 405 40 23 det
527 405 70 23 ofvan
618 405 97 23 anförda
729 405 73 23 hafva
816 405 132 23 Ständerna

199 439 63 23 velat
277 439 146 30 bemyndiga
438 440 232 29 Bankfullmäktige:

401 475 24 28 a)
447 477 32 20 att
501 476 45 21 låta
568 475 49 22 med
638 483 26 14 en
686 475 70 22 andra
773 475 79 28 våning
863 475 83 27 pähöja

333 508 137 23 Bankhusets
491 510 193 27 ekonomibyggnad
700 511 8 20 i
723 509 37 22 och
770 509 40 28 för
825 510 120 21 inrättande

333 544 108 22 derstädes
455 544 28 28 af
496 545 56 21 lokal
560 544 42 27 för
616 546 28 19 ett
658 544 158 28 sedeltryckeri;

399 579 22 26 0)
443 581 32 19 att
492 579 34 26 pä
547 579 68 21 vilkor
641 579 86 21 hvarom
749 577 197 29 Bankfullmägtige

332 613 49 27 egde
403 613 66 28 träffa
486 613 62 28 aftal,
564 613 130 28 öfverlemna
708 613 124 28 utförandet
847 613 28 28 af
886 613 59 21 Ban-

332 647 51 22 kens
404 648 171 27 sedeltryckning
590 648 108 21 derstädes
714 649 23 20 ät
751 648 9 21 i
773 647 59 28 yrket
846 647 99 28 förfaren

328 689 86 20 person,
437 682 83 22 hvilken
542 689 33 14 om
589 683 27 21 sä
626 683 83 27 funnes
725 683 80 27 nödigt,
819 689 74 21 genom
906 689 39 14 un-

332 717 85 21 derstöd
435 724 28 14 ur
484 716 104 23 Bankens
610 717 66 22 medel
690 717 61 21 borde
761 717 108 27 försättas
885 717 8 21 i
906 717 40 22 till-

326 751 57 27 fälle
403 753 31 19 att
455 752 9 20 i
485 751 97 22 utlandet
604 753 49 26 taga
668 753 101 20 närmare
784 751 116 22 kännedom
913 758 33 15 om

331 785 206 28 sedeltryckningens
551 786 125 21 nuvarande
690 785 141 28 ståndpunkt:

399 820 21 27 €)
442 821 32 20 att
495 820 87 27 vidtaga
593 820 82 27 jemväl
689 820 73 27 öfriga
772 820 40 27 för
827 820 116 21 åstadkom-

331 854 76 21 mande
429 854 28 28 af
469 854 171 28 ifrågavarande
654 854 92 28 tryckeri
761 854 138 27 erforderliga
914 855 31 20 åt-

329 889 90 26 gärder;
433 890 61 21 samt

399 923 24 27 d)
437 925 32 19 att
478 923 41 28 för
533 923 57 21 detta
604 923 103 22 ändamål
721 923 29 28 af
762 922 103 23 Bankens
880 923 65 21 medel

330 958 100 21 använda
445 965 26 14 en
485 965 83 14 summa
583 957 29 28 af
623 957 61 28 högst
698 959 98 24 100,000
809 957 67 21 mark.

262 1026 100 23 Hvilket
383 1025 223 29 Bankfullmäktige
621 1026 38 23 till
675 1025 135 24 kännedom
825 1026 44 23 och
884 1025 60 24 iakt-

192 1061 102 28 tagande
309 1061 137 28 härigenom
462 1060 126 23 meddelas.

261 1095 149 29 Helsingfors
425 1095 46 23 den
486 1097 28 20 22
529 1096 49 29 Maj
596 1096 60 22 1885.

296 1479 134 27 Helsingfors,
443 1480 19 21 J.
464 1480 79 21 Simelii
557 1474 110 37 arfvingars
678 1478 97 28 tryckeri,
786 1479 54 21 1886.
