<?xml version="1.0" encoding="UTF-8"?>
<alto xmlns="http://www.loc.gov/standards/alto/ns-v3#" xmlns:xlink="http://www.w3.org/1999/xlink" xmlns:xsi="http://www.w3.org/2001/XMLSchema-instance" xsi:schemaLocation="http://www.loc.gov/standards/alto/ns-v3# http://www.loc.gov/alto/v3/alto-3-0.xsd">
	<Description>
		<MeasurementUnit>pixel</MeasurementUnit>
		<sourceImageInformation>
			<fileName>/tmp/tess_hn27hepe_input.PNG</fileName>
		</sourceImageInformation>
		<OCRProcessing ID="OCR_0">
			<ocrProcessingStep>
				<processingSoftware>
					<softwareName>tesseract 5.3.4</softwareName>
				</processingSoftware>
			</ocrProcessingStep>
		</OCRProcessing>
	</Description>
	<Layout>
		<Page WIDTH="1086" HEIGHT="1717" PHYSICAL_IMG_NR="0" ID="page_0">
			<PrintSpace HPOS="0" VPOS="0" WIDTH="1086" HEIGHT="1717">
				<ComposedBlock ID="cblock_0" HPOS="813" VPOS="157" WIDTH="41" HEIGHT="21">
					<TextBlock ID="block_0" HPOS="813" VPOS="157" WIDTH="41" HEIGHT="21">
						<TextLine ID="line_0" HPOS="813" VPOS="157" WIDTH="41" HEIGHT="21">
							<String ID="string_0" HPOS="813" VPOS="157" WIDTH="41" HEIGHT="21" WC="0.95" CONTENT="151"/>
						</TextLine>
					</TextBlock>
				</ComposedBlock>
				<ComposedBlock ID="cblock_1" HPOS="126" VPOS="216" WIDTH="763" HEIGHT="1266">
					<TextBlock ID="block_1" HPOS="126" VPOS="216" WIDTH="760" HEIGHT="544">
						<TextLine ID="line_1" HPOS="126" VPOS="216" WIDTH="759" HEIGHT="29">
							<String ID="string_1" HPOS="126" VPOS="216" WIDTH="152" HEIGHT="23" WC="0.96" CONTENT="innehållande"/><SP WIDTH="23" VPOS="216" HPOS="278"/>
							<String ID="string_2" HPOS="301" VPOS="217" WIDTH="25" HEIGHT="21" WC="0.96" CONTENT="af"/><SP WIDTH="18" VPOS="217" HPOS="326"/>
							<String ID="string_3" HPOS="344" VPOS="217" WIDTH="47" HEIGHT="21" WC="0.95" CONTENT="skäl"/><SP WIDTH="15" VPOS="217" HPOS="391"/>
							<String ID="string_4" HPOS="406" VPOS="217" WIDTH="41" HEIGHT="21" WC="0.95" CONTENT="och"/><SP WIDTH="15" VPOS="217" HPOS="447"/>
							<String ID="string_5" HPOS="462" VPOS="217" WIDTH="60" HEIGHT="22" WC="0.96" CONTENT="bevis"/><SP WIDTH="15" VPOS="217" HPOS="522"/>
							<String ID="string_6" HPOS="537" VPOS="217" WIDTH="52" HEIGHT="22" WC="0.96" CONTENT="eller"/><SP WIDTH="14" VPOS="217" HPOS="589"/>
							<String ID="string_7" HPOS="603" VPOS="224" WIDTH="79" HEIGHT="21" WC="0.96" CONTENT="genom"/><SP WIDTH="15" VPOS="224" HPOS="682"/>
							<String ID="string_8" HPOS="697" VPOS="218" WIDTH="148" HEIGHT="23" WC="0.96" CONTENT="försummelse"/><SP WIDTH="15" VPOS="218" HPOS="845"/>
							<String ID="string_9" HPOS="860" VPOS="219" WIDTH="25" HEIGHT="21" WC="0.96" CONTENT="af"/>
						</TextLine>
						<TextLine ID="line_2" HPOS="127" VPOS="251" WIDTH="755" HEIGHT="30">
							<String ID="string_10" HPOS="127" VPOS="258" WIDTH="26" HEIGHT="14" WC="0.96" CONTENT="en"/><SP WIDTH="15" VPOS="258" HPOS="153"/>
							<String ID="string_11" HPOS="168" VPOS="251" WIDTH="80" HEIGHT="21" WC="0.92" CONTENT="honom"/><SP WIDTH="15" VPOS="251" HPOS="248"/>
							<String ID="string_12" HPOS="263" VPOS="251" WIDTH="115" HEIGHT="27" WC="0.92" CONTENT="åliggande"/><SP WIDTH="10" VPOS="251" HPOS="378"/>
							<String ID="string_13" HPOS="388" VPOS="251" WIDTH="193" HEIGHT="28" WC="0.92" CONTENT="processhandling"/><SP WIDTH="9" VPOS="251" HPOS="581"/>
							<String ID="string_14" HPOS="590" VPOS="252" WIDTH="60" HEIGHT="27" WC="0.96" CONTENT="gifva"/><SP WIDTH="7" VPOS="252" HPOS="650"/>
							<String ID="string_15" HPOS="657" VPOS="252" WIDTH="118" HEIGHT="28" WC="0.96" CONTENT="anledning"/><SP WIDTH="9" VPOS="252" HPOS="775"/>
							<String ID="string_16" HPOS="784" VPOS="253" WIDTH="33" HEIGHT="21" WC="0.93" CONTENT="till"/><SP WIDTH="11" VPOS="253" HPOS="817"/>
							<String ID="string_17" HPOS="828" VPOS="260" WIDTH="54" HEIGHT="21" WC="0.92" CONTENT="upp-"/>
						</TextLine>
						<TextLine ID="line_3" HPOS="127" VPOS="285" WIDTH="756" HEIGHT="28">
							<String ID="string_18" HPOS="127" VPOS="285" WIDTH="50" HEIGHT="21" WC="0.93" CONTENT="skof"/><SP WIDTH="20" VPOS="285" HPOS="177"/>
							<String ID="string_19" HPOS="197" VPOS="286" WIDTH="52" HEIGHT="21" WC="0.95" CONTENT="eller"/><SP WIDTH="21" VPOS="286" HPOS="249"/>
							<String ID="string_20" HPOS="270" VPOS="286" WIDTH="78" HEIGHT="21" WC="0.96" CONTENT="målets"/><SP WIDTH="22" VPOS="286" HPOS="348"/>
							<String ID="string_21" HPOS="370" VPOS="287" WIDTH="111" HEIGHT="26" WC="0.96" CONTENT="dragande"/><SP WIDTH="22" VPOS="287" HPOS="481"/>
							<String ID="string_22" HPOS="503" VPOS="286" WIDTH="34" HEIGHT="21" WC="0.96" CONTENT="till"/><SP WIDTH="21" VPOS="286" HPOS="537"/>
							<String ID="string_23" HPOS="558" VPOS="286" WIDTH="66" HEIGHT="27" WC="0.96" CONTENT="högre"/><SP WIDTH="23" VPOS="286" HPOS="624"/>
							<String ID="string_24" HPOS="647" VPOS="288" WIDTH="44" HEIGHT="20" WC="0.96" CONTENT="rätt"/><SP WIDTH="22" VPOS="288" HPOS="691"/>
							<String ID="string_25" HPOS="713" VPOS="294" WIDTH="51" HEIGHT="14" WC="0.96" CONTENT="vore"/><SP WIDTH="18" VPOS="294" HPOS="764"/>
							<String ID="string_26" HPOS="782" VPOS="289" WIDTH="33" HEIGHT="19" WC="0.96" CONTENT="att"/><SP WIDTH="15" VPOS="289" HPOS="815"/>
							<String ID="string_27" HPOS="830" VPOS="290" WIDTH="53" HEIGHT="19" WC="0.96" CONTENT="utan"/>
						</TextLine>
						<TextLine ID="line_4" HPOS="128" VPOS="320" WIDTH="756" HEIGHT="28">
							<String ID="string_28" HPOS="128" VPOS="320" WIDTH="116" HEIGHT="26" WC="0.91" CONTENT="skonsmål,"/><SP WIDTH="16" VPOS="320" HPOS="244"/>
							<String ID="string_29" HPOS="260" VPOS="320" WIDTH="41" HEIGHT="22" WC="0.93" CONTENT="och"/><SP WIDTH="20" VPOS="320" HPOS="301"/>
							<String ID="string_30" HPOS="321" VPOS="320" WIDTH="69" HEIGHT="22" WC="0.92" CONTENT="ehvad"/><SP WIDTH="15" VPOS="320" HPOS="390"/>
							<String ID="string_31" HPOS="405" VPOS="322" WIDTH="78" HEIGHT="26" WC="0.96" CONTENT="parten"/><SP WIDTH="16" VPOS="322" HPOS="483"/>
							<String ID="string_32" HPOS="499" VPOS="320" WIDTH="102" HEIGHT="27" WC="0.96" CONTENT="slutligen"/><SP WIDTH="16" VPOS="320" HPOS="601"/>
							<String ID="string_33" HPOS="617" VPOS="320" WIDTH="75" HEIGHT="22" WC="0.96" CONTENT="vinner"/><SP WIDTH="16" VPOS="320" HPOS="692"/>
							<String ID="string_34" HPOS="708" VPOS="321" WIDTH="32" HEIGHT="21" WC="0.96" CONTENT="sin"/><SP WIDTH="17" VPOS="321" HPOS="740"/>
							<String ID="string_35" HPOS="757" VPOS="321" WIDTH="59" HEIGHT="21" WC="0.95" CONTENT="talan"/><SP WIDTH="16" VPOS="321" HPOS="816"/>
							<String ID="string_36" HPOS="832" VPOS="322" WIDTH="52" HEIGHT="21" WC="0.95" CONTENT="eller"/>
						</TextLine>
						<TextLine ID="line_5" HPOS="127" VPOS="354" WIDTH="757" HEIGHT="26">
							<String ID="string_37" HPOS="127" VPOS="354" WIDTH="54" HEIGHT="26" WC="0.96" CONTENT="icke,"/><SP WIDTH="16" VPOS="354" HPOS="181"/>
							<String ID="string_38" HPOS="197" VPOS="354" WIDTH="45" HEIGHT="21" WC="0.96" CONTENT="låta"/><SP WIDTH="15" VPOS="354" HPOS="242"/>
							<String ID="string_39" HPOS="257" VPOS="355" WIDTH="71" HEIGHT="21" WC="0.96" CONTENT="denne"/><SP WIDTH="15" VPOS="355" HPOS="328"/>
							<String ID="string_40" HPOS="343" VPOS="354" WIDTH="72" HEIGHT="22" WC="0.96" CONTENT="betala"/><SP WIDTH="10" VPOS="354" HPOS="415"/>
							<String ID="string_41" HPOS="425" VPOS="354" WIDTH="122" HEIGHT="22" WC="0.96" CONTENT="kostnaden"/><SP WIDTH="11" VPOS="354" HPOS="547"/>
							<String ID="string_42" HPOS="558" VPOS="354" WIDTH="33" HEIGHT="22" WC="0.96" CONTENT="för"/><SP WIDTH="15" VPOS="354" HPOS="591"/>
							<String ID="string_43" HPOS="606" VPOS="354" WIDTH="93" HEIGHT="22" WC="0.93" CONTENT="sålunda"/><SP WIDTH="15" VPOS="354" HPOS="699"/>
							<String ID="string_44" HPOS="714" VPOS="355" WIDTH="82" HEIGHT="22" WC="0.91" CONTENT="vålladt"/><SP WIDTH="11" VPOS="355" HPOS="796"/>
							<String ID="string_45" HPOS="807" VPOS="355" WIDTH="77" HEIGHT="22" WC="0.92" CONTENT="obehö-"/>
						</TextLine>
						<TextLine ID="line_6" HPOS="127" VPOS="388" WIDTH="758" HEIGHT="29">
							<String ID="string_46" HPOS="127" VPOS="388" WIDTH="42" HEIGHT="28" WC="0.90" CONTENT="rigt"/><SP WIDTH="23" VPOS="388" HPOS="169"/>
							<String ID="string_47" HPOS="192" VPOS="388" WIDTH="143" HEIGHT="28" WC="0.90" CONTENT="förlängande"/><SP WIDTH="23" VPOS="388" HPOS="335"/>
							<String ID="string_48" HPOS="358" VPOS="388" WIDTH="24" HEIGHT="22" WC="0.95" CONTENT="af"/><SP WIDTH="13" VPOS="388" HPOS="382"/>
							<String ID="string_49" HPOS="395" VPOS="389" WIDTH="149" HEIGHT="27" WC="0.96" CONTENT="rättegången."/><SP WIDTH="30" VPOS="389" HPOS="544"/>
							<String ID="string_50" HPOS="574" VPOS="389" WIDTH="11" HEIGHT="21" WC="0.96" CONTENT="I"/><SP WIDTH="15" VPOS="389" HPOS="585"/>
							<String ID="string_51" HPOS="600" VPOS="396" WIDTH="66" HEIGHT="21" WC="0.93" CONTENT="nyare"/><SP WIDTH="16" VPOS="396" HPOS="666"/>
							<String ID="string_52" HPOS="682" VPOS="390" WIDTH="149" HEIGHT="27" WC="0.91" CONTENT="processlagar"/><SP WIDTH="14" VPOS="390" HPOS="831"/>
							<String ID="string_53" HPOS="845" VPOS="390" WIDTH="40" HEIGHT="21" WC="0.96" CONTENT="har"/>
						</TextLine>
						<TextLine ID="line_7" HPOS="128" VPOS="422" WIDTH="756" HEIGHT="28">
							<String ID="string_54" HPOS="128" VPOS="429" WIDTH="51" HEIGHT="15" WC="0.96" CONTENT="man"/><SP WIDTH="13" VPOS="429" HPOS="179"/>
							<String ID="string_55" HPOS="192" VPOS="422" WIDTH="68" HEIGHT="28" WC="0.93" CONTENT="jemte"/><SP WIDTH="16" VPOS="422" HPOS="260"/>
							<String ID="string_56" HPOS="276" VPOS="422" WIDTH="281" HEIGHT="28" WC="0.91" CONTENT="preklusionsgrundsatsen"/><SP WIDTH="16" VPOS="422" HPOS="557"/>
							<String ID="string_57" HPOS="573" VPOS="423" WIDTH="41" HEIGHT="22" WC="0.97" CONTENT="och"/><SP WIDTH="14" VPOS="423" HPOS="614"/>
							<String ID="string_58" HPOS="628" VPOS="424" WIDTH="50" HEIGHT="21" WC="0.96" CONTENT="med"/><SP WIDTH="16" VPOS="424" HPOS="678"/>
							<String ID="string_59" HPOS="694" VPOS="424" WIDTH="82" HEIGHT="21" WC="0.93" CONTENT="dennes"/><SP WIDTH="9" VPOS="424" HPOS="776"/>
							<String ID="string_60" HPOS="785" VPOS="424" WIDTH="99" HEIGHT="22" WC="0.92" CONTENT="inskrän-"/>
						</TextLine>
						<TextLine ID="line_8" HPOS="128" VPOS="457" WIDTH="755" HEIGHT="28">
							<String ID="string_61" HPOS="128" VPOS="457" WIDTH="78" HEIGHT="26" WC="0.96" CONTENT="kande,"/><SP WIDTH="16" VPOS="457" HPOS="206"/>
							<String ID="string_62" HPOS="222" VPOS="458" WIDTH="37" HEIGHT="21" WC="0.96" CONTENT="der"/><SP WIDTH="16" VPOS="458" HPOS="259"/>
							<String ID="string_63" HPOS="275" VPOS="458" WIDTH="42" HEIGHT="21" WC="0.96" CONTENT="den"/><SP WIDTH="16" VPOS="458" HPOS="317"/>
							<String ID="string_64" HPOS="333" VPOS="457" WIDTH="72" HEIGHT="22" WC="0.95" CONTENT="kunde"/><SP WIDTH="16" VPOS="457" HPOS="405"/>
							<String ID="string_65" HPOS="421" VPOS="457" WIDTH="66" HEIGHT="22" WC="0.93" CONTENT="blifva"/><SP WIDTH="15" VPOS="457" HPOS="487"/>
							<String ID="string_66" HPOS="502" VPOS="458" WIDTH="72" HEIGHT="27" WC="0.92" CONTENT="vädlig"/><SP WIDTH="15" VPOS="458" HPOS="574"/>
							<String ID="string_67" HPOS="589" VPOS="457" WIDTH="34" HEIGHT="22" WC="0.92" CONTENT="för"/><SP WIDTH="7" VPOS="457" HPOS="623"/>
							<String ID="string_68" HPOS="630" VPOS="459" WIDTH="98" HEIGHT="25" WC="0.45" CONTENT="rättvisa,"/><SP WIDTH="20" VPOS="459" HPOS="728"/>
							<String ID="string_69" HPOS="748" VPOS="459" WIDTH="72" HEIGHT="26" WC="0.93" CONTENT="ganska"/><SP WIDTH="12" VPOS="459" HPOS="820"/>
							<String ID="string_70" HPOS="832" VPOS="458" WIDTH="51" HEIGHT="22" WC="0.91" CONTENT="kon-"/>
						</TextLine>
						<TextLine ID="line_9" HPOS="128" VPOS="491" WIDTH="757" HEIGHT="28">
							<String ID="string_71" HPOS="128" VPOS="494" WIDTH="88" HEIGHT="25" WC="0.91" CONTENT="segvent"/><SP WIDTH="14" VPOS="494" HPOS="216"/>
							<String ID="string_72" HPOS="230" VPOS="491" WIDTH="41" HEIGHT="22" WC="0.96" CONTENT="och"/><SP WIDTH="15" VPOS="491" HPOS="271"/>
							<String ID="string_73" HPOS="286" VPOS="493" WIDTH="49" HEIGHT="20" WC="0.96" CONTENT="med"/><SP WIDTH="15" VPOS="493" HPOS="335"/>
							<String ID="string_74" HPOS="350" VPOS="493" WIDTH="43" HEIGHT="26" WC="0.93" CONTENT="god"/><SP WIDTH="15" VPOS="493" HPOS="393"/>
							<String ID="string_75" HPOS="408" VPOS="492" WIDTH="84" HEIGHT="27" WC="0.96" CONTENT="påföljd"/><SP WIDTH="15" VPOS="492" HPOS="492"/>
							<String ID="string_76" HPOS="507" VPOS="493" WIDTH="97" HEIGHT="21" WC="0.93" CONTENT="användt"/><SP WIDTH="14" VPOS="493" HPOS="604"/>
							<String ID="string_77" HPOS="618" VPOS="492" WIDTH="141" HEIGHT="22" WC="0.92" CONTENT="förenämnde"/><SP WIDTH="16" VPOS="492" HPOS="759"/>
							<String ID="string_78" HPOS="775" VPOS="493" WIDTH="70" HEIGHT="21" WC="0.95" CONTENT="medel"/><SP WIDTH="7" VPOS="493" HPOS="845"/>
							<String ID="string_79" HPOS="852" VPOS="495" WIDTH="33" HEIGHT="19" WC="0.95" CONTENT="att"/>
						</TextLine>
						<TextLine ID="line_10" HPOS="127" VPOS="526" WIDTH="758" HEIGHT="28">
							<String ID="string_80" HPOS="127" VPOS="526" WIDTH="132" HEIGHT="22" WC="0.93" CONTENT="förekomma"/><SP WIDTH="22" VPOS="526" HPOS="259"/>
							<String ID="string_81" HPOS="281" VPOS="526" WIDTH="95" HEIGHT="27" WC="0.91" CONTENT="afsigtlig"/><SP WIDTH="22" VPOS="526" HPOS="376"/>
							<String ID="string_82" HPOS="398" VPOS="526" WIDTH="138" HEIGHT="28" WC="0.89" CONTENT="tidsutdrägt."/><SP WIDTH="31" VPOS="526" HPOS="536"/>
							<String ID="string_83" HPOS="567" VPOS="527" WIDTH="51" HEIGHT="21" WC="0.93" CONTENT="Med"/><SP WIDTH="19" VPOS="527" HPOS="618"/>
							<String ID="string_84" HPOS="637" VPOS="527" WIDTH="102" HEIGHT="21" WC="0.93" CONTENT="afseende"/><SP WIDTH="16" VPOS="527" HPOS="739"/>
							<String ID="string_85" HPOS="755" VPOS="528" WIDTH="14" HEIGHT="20" WC="0.91" CONTENT="å"/><SP WIDTH="14" VPOS="528" HPOS="769"/>
							<String ID="string_86" HPOS="783" VPOS="527" WIDTH="60" HEIGHT="22" WC="0.96" CONTENT="såväl"/><SP WIDTH="15" VPOS="527" HPOS="843"/>
							<String ID="string_87" HPOS="858" VPOS="528" WIDTH="27" HEIGHT="21" WC="0.95" CONTENT="de"/>
						</TextLine>
						<TextLine ID="line_11" HPOS="127" VPOS="561" WIDTH="756" HEIGHT="27">
							<String ID="string_88" HPOS="127" VPOS="561" WIDTH="7" HEIGHT="21" WC="0.96" CONTENT="i"/><SP WIDTH="15" VPOS="561" HPOS="134"/>
							<String ID="string_89" HPOS="149" VPOS="562" WIDTH="27" HEIGHT="20" WC="0.96" CONTENT="21"/><SP WIDTH="15" VPOS="562" HPOS="176"/>
							<String ID="string_90" HPOS="191" VPOS="561" WIDTH="50" HEIGHT="27" WC="0.96" CONTENT="kap."/><SP WIDTH="16" VPOS="561" HPOS="241"/>
							<String ID="string_91" HPOS="257" VPOS="561" WIDTH="37" HEIGHT="21" WC="0.93" CONTENT="RB"/><SP WIDTH="10" VPOS="561" HPOS="294"/>
							<String ID="string_92" HPOS="304" VPOS="561" WIDTH="112" HEIGHT="27" WC="0.90" CONTENT="angäende"/><SP WIDTH="9" VPOS="561" HPOS="416"/>
							<String ID="string_93" HPOS="425" VPOS="561" WIDTH="259" HEIGHT="27" WC="0.92" CONTENT="rättegängskostnadens"/><SP WIDTH="9" VPOS="561" HPOS="684"/>
							<String ID="string_94" HPOS="693" VPOS="562" WIDTH="124" HEIGHT="21" WC="0.92" CONTENT="ersättande"/><SP WIDTH="9" VPOS="562" HPOS="817"/>
							<String ID="string_95" HPOS="826" VPOS="562" WIDTH="57" HEIGHT="21" WC="0.92" CONTENT="stad-"/>
						</TextLine>
						<TextLine ID="line_12" HPOS="128" VPOS="595" WIDTH="757" HEIGHT="28">
							<String ID="string_96" HPOS="128" VPOS="596" WIDTH="55" HEIGHT="27" WC="0.92" CONTENT="gade"/><SP WIDTH="22" VPOS="596" HPOS="183"/>
							<String ID="string_97" HPOS="205" VPOS="596" WIDTH="95" HEIGHT="27" WC="0.96" CONTENT="grunder"/><SP WIDTH="22" VPOS="596" HPOS="300"/>
							<String ID="string_98" HPOS="322" VPOS="602" WIDTH="45" HEIGHT="15" WC="0.96" CONTENT="som"/><SP WIDTH="26" VPOS="602" HPOS="367"/>
							<String ID="string_99" HPOS="393" VPOS="602" WIDTH="26" HEIGHT="14" WC="0.93" CONTENT="en"/><SP WIDTH="23" VPOS="602" HPOS="419"/>
							<String ID="string_100" HPOS="442" VPOS="595" WIDTH="141" HEIGHT="22" WC="0.92" CONTENT="häfdvunnen"/><SP WIDTH="15" VPOS="595" HPOS="583"/>
							<String ID="string_101" HPOS="598" VPOS="595" WIDTH="74" HEIGHT="28" WC="0.93" CONTENT="praxis"/><SP WIDTH="15" VPOS="595" HPOS="672"/>
							<String ID="string_102" HPOS="687" VPOS="595" WIDTH="43" HEIGHT="22" WC="0.92" CONTENT="läte"/><SP WIDTH="17" VPOS="595" HPOS="730"/>
							<String ID="string_103" HPOS="747" VPOS="596" WIDTH="36" HEIGHT="21" WC="0.96" CONTENT="det"/><SP WIDTH="16" VPOS="596" HPOS="783"/>
							<String ID="string_104" HPOS="799" VPOS="596" WIDTH="31" HEIGHT="27" WC="0.96" CONTENT="sig"/><SP WIDTH="15" VPOS="596" HPOS="830"/>
							<String ID="string_105" HPOS="845" VPOS="595" WIDTH="40" HEIGHT="22" WC="0.97" CONTENT="hos"/>
						</TextLine>
						<TextLine ID="line_13" HPOS="130" VPOS="629" WIDTH="756" HEIGHT="28">
							<String ID="string_106" HPOS="130" VPOS="637" WIDTH="34" HEIGHT="14" WC="0.93" CONTENT="oss"/><SP WIDTH="15" VPOS="637" HPOS="164"/>
							<String ID="string_107" HPOS="179" VPOS="629" WIDTH="47" HEIGHT="22" WC="0.96" CONTENT="icke"/><SP WIDTH="16" VPOS="629" HPOS="226"/>
							<String ID="string_108" HPOS="242" VPOS="631" WIDTH="53" HEIGHT="26" WC="0.96" CONTENT="göra"/><SP WIDTH="15" VPOS="631" HPOS="295"/>
							<String ID="string_109" HPOS="310" VPOS="632" WIDTH="33" HEIGHT="19" WC="0.96" CONTENT="att"/><SP WIDTH="15" VPOS="632" HPOS="343"/>
							<String ID="string_110" HPOS="358" VPOS="631" WIDTH="53" HEIGHT="20" WC="0.93" CONTENT="utan"/><SP WIDTH="16" VPOS="631" HPOS="411"/>
							<String ID="string_111" HPOS="427" VPOS="629" WIDTH="127" HEIGHT="28" WC="0.96" CONTENT="uttryckligt"/><SP WIDTH="14" VPOS="629" HPOS="554"/>
							<String ID="string_112" HPOS="568" VPOS="630" WIDTH="82" HEIGHT="27" WC="0.95" CONTENT="lagbud"/><SP WIDTH="13" VPOS="630" HPOS="650"/>
							<String ID="string_113" HPOS="663" VPOS="629" WIDTH="72" HEIGHT="22" WC="0.96" CONTENT="införa"/><SP WIDTH="8" VPOS="629" HPOS="735"/>
							<String ID="string_114" HPOS="743" VPOS="631" WIDTH="72" HEIGHT="20" WC="0.93" CONTENT="denna"/><SP WIDTH="12" VPOS="631" HPOS="815"/>
							<String ID="string_115" HPOS="827" VPOS="630" WIDTH="59" HEIGHT="27" WC="0.83" CONTENT="prin-"/>
						</TextLine>
						<TextLine ID="line_14" HPOS="133" VPOS="663" WIDTH="753" HEIGHT="28">
							<String ID="string_116" HPOS="133" VPOS="663" WIDTH="161" HEIGHT="28" WC="0.81" CONTENT="cipförändring"/><SP WIDTH="15" VPOS="663" HPOS="294"/>
							<String ID="string_117" HPOS="309" VPOS="671" WIDTH="46" HEIGHT="14" WC="0.96" CONTENT="som"/><SP WIDTH="15" VPOS="671" HPOS="355"/>
							<String ID="string_118" HPOS="370" VPOS="664" WIDTH="45" HEIGHT="26" WC="0.96" CONTENT="har,"/><SP WIDTH="18" VPOS="664" HPOS="415"/>
							<String ID="string_119" HPOS="433" VPOS="671" WIDTH="34" HEIGHT="14" WC="0.93" CONTENT="om"/><SP WIDTH="15" VPOS="671" HPOS="467"/>
							<String ID="string_120" HPOS="482" VPOS="663" WIDTH="48" HEIGHT="22" WC="0.96" CONTENT="icke"/><SP WIDTH="14" VPOS="663" HPOS="530"/>
							<String ID="string_121" HPOS="544" VPOS="664" WIDTH="76" HEIGHT="27" WC="0.96" CONTENT="lagens"/><SP WIDTH="16" VPOS="664" HPOS="620"/>
							<String ID="string_122" HPOS="636" VPOS="665" WIDTH="64" HEIGHT="26" WC="0.96" CONTENT="anda,"/><SP WIDTH="18" VPOS="665" HPOS="700"/>
							<String ID="string_123" HPOS="718" VPOS="665" WIDTH="24" HEIGHT="20" WC="0.93" CONTENT="sä"/><SP WIDTH="15" VPOS="665" HPOS="742"/>
							<String ID="string_124" HPOS="757" VPOS="664" WIDTH="66" HEIGHT="21" WC="0.96" CONTENT="likväl"/><SP WIDTH="16" VPOS="664" HPOS="823"/>
							<String ID="string_125" HPOS="839" VPOS="665" WIDTH="47" HEIGHT="20" WC="0.96" CONTENT="dess"/>
						</TextLine>
						<TextLine ID="line_15" HPOS="131" VPOS="697" WIDTH="753" HEIGHT="28">
							<String ID="string_126" HPOS="131" VPOS="698" WIDTH="88" HEIGHT="27" WC="0.91" CONTENT="ordalag"/><SP WIDTH="23" VPOS="698" HPOS="219"/>
							<String ID="string_127" HPOS="242" VPOS="698" WIDTH="34" HEIGHT="21" WC="0.96" CONTENT="för"/><SP WIDTH="20" VPOS="698" HPOS="276"/>
							<String ID="string_128" HPOS="296" VPOS="698" WIDTH="86" HEIGHT="27" WC="0.93" CONTENT="mycket"/><SP WIDTH="18" VPOS="698" HPOS="382"/>
							<String ID="string_129" HPOS="400" VPOS="700" WIDTH="57" HEIGHT="19" WC="0.96" CONTENT="emot"/><SP WIDTH="16" VPOS="700" HPOS="457"/>
							<String ID="string_130" HPOS="473" VPOS="698" WIDTH="33" HEIGHT="27" WC="0.97" CONTENT="sig"/><SP WIDTH="14" VPOS="698" HPOS="506"/>
							<String ID="string_131" HPOS="520" VPOS="697" WIDTH="34" HEIGHT="22" WC="0.96" CONTENT="för"/><SP WIDTH="14" VPOS="697" HPOS="554"/>
							<String ID="string_132" HPOS="568" VPOS="700" WIDTH="33" HEIGHT="19" WC="0.93" CONTENT="att"/><SP WIDTH="16" VPOS="700" HPOS="601"/>
							<String ID="string_133" HPOS="617" VPOS="697" WIDTH="126" HEIGHT="23" WC="0.92" CONTENT="derförutan"/><SP WIDTH="16" VPOS="697" HPOS="743"/>
							<String ID="string_134" HPOS="759" VPOS="698" WIDTH="75" HEIGHT="22" WC="0.93" CONTENT="kunna"/><SP WIDTH="15" VPOS="698" HPOS="834"/>
							<String ID="string_135" HPOS="849" VPOS="699" WIDTH="35" HEIGHT="26" WC="0.93" CONTENT="gö-"/>
						</TextLine>
						<TextLine ID="line_16" HPOS="128" VPOS="732" WIDTH="161" HEIGHT="28">
							<String ID="string_136" HPOS="128" VPOS="739" WIDTH="36" HEIGHT="15" WC="0.96" CONTENT="ras"/><SP WIDTH="17" VPOS="739" HPOS="164"/>
							<String ID="string_137" HPOS="181" VPOS="732" WIDTH="108" HEIGHT="28" WC="0.81" CONTENT="gällande."/>
						</TextLine>
					</TextBlock>
					<TextBlock ID="block_2" HPOS="128" VPOS="766" WIDTH="761" HEIGHT="614">
						<TextLine ID="line_17" HPOS="196" VPOS="766" WIDTH="689" HEIGHT="27">
							<String ID="string_138" HPOS="196" VPOS="767" WIDTH="50" HEIGHT="21" WC="0.96" CONTENT="Men"/><SP WIDTH="24" VPOS="767" HPOS="246"/>
							<String ID="string_139" HPOS="270" VPOS="767" WIDTH="36" HEIGHT="21" WC="0.96" CONTENT="det"/><SP WIDTH="23" VPOS="767" HPOS="306"/>
							<String ID="string_140" HPOS="329" VPOS="768" WIDTH="24" HEIGHT="19" WC="0.85" CONTENT="är"/><SP WIDTH="14" VPOS="768" HPOS="353"/>
							<String ID="string_141" HPOS="367" VPOS="766" WIDTH="48" HEIGHT="21" WC="0.96" CONTENT="icke"/><SP WIDTH="16" VPOS="766" HPOS="415"/>
							<String ID="string_142" HPOS="431" VPOS="766" WIDTH="56" HEIGHT="21" WC="0.96" CONTENT="blott"/><SP WIDTH="14" VPOS="766" HPOS="487"/>
							<String ID="string_143" HPOS="501" VPOS="766" WIDTH="49" HEIGHT="21" WC="0.93" CONTENT="från"/><SP WIDTH="16" VPOS="766" HPOS="550"/>
							<String ID="string_144" HPOS="566" VPOS="768" WIDTH="114" HEIGHT="25" WC="0.92" CONTENT="parternes"/><SP WIDTH="15" VPOS="768" HPOS="680"/>
							<String ID="string_145" HPOS="695" VPOS="766" WIDTH="52" HEIGHT="22" WC="0.95" CONTENT="eller"/><SP WIDTH="16" VPOS="766" HPOS="747"/>
							<String ID="string_146" HPOS="763" VPOS="767" WIDTH="62" HEIGHT="21" WC="0.93" CONTENT="deras"/><SP WIDTH="16" VPOS="767" HPOS="825"/>
							<String ID="string_147" HPOS="841" VPOS="773" WIDTH="44" HEIGHT="14" WC="0.92" CONTENT="om-"/>
						</TextLine>
						<TextLine ID="line_18" HPOS="128" VPOS="800" WIDTH="758" HEIGHT="28">
							<String ID="string_148" HPOS="128" VPOS="801" WIDTH="54" HEIGHT="22" WC="0.91" CONTENT="buds"/><SP WIDTH="16" VPOS="801" HPOS="182"/>
							<String ID="string_149" HPOS="198" VPOS="801" WIDTH="47" HEIGHT="22" WC="0.96" CONTENT="sida"/><SP WIDTH="15" VPOS="801" HPOS="245"/>
							<String ID="string_150" HPOS="260" VPOS="808" WIDTH="46" HEIGHT="15" WC="0.96" CONTENT="som"/><SP WIDTH="16" VPOS="808" HPOS="306"/>
							<String ID="string_151" HPOS="322" VPOS="802" WIDTH="26" HEIGHT="20" WC="0.93" CONTENT="de"/><SP WIDTH="16" VPOS="802" HPOS="348"/>
							<String ID="string_152" HPOS="364" VPOS="801" WIDTH="93" HEIGHT="27" WC="0.92" CONTENT="onödiga"/><SP WIDTH="15" VPOS="801" HPOS="457"/>
							<String ID="string_153" HPOS="472" VPOS="800" WIDTH="137" HEIGHT="28" WC="0.91" CONTENT="uppskofven"/><SP WIDTH="15" VPOS="800" HPOS="609"/>
							<String ID="string_154" HPOS="624" VPOS="800" WIDTH="124" HEIGHT="22" WC="0.92" CONTENT="föranledas"/><SP WIDTH="15" VPOS="800" HPOS="748"/>
							<String ID="string_155" HPOS="763" VPOS="801" WIDTH="41" HEIGHT="22" WC="0.92" CONTENT="och"/><SP WIDTH="15" VPOS="801" HPOS="804"/>
							<String ID="string_156" HPOS="819" VPOS="802" WIDTH="67" HEIGHT="20" WC="0.92" CONTENT="rätte-"/>
						</TextLine>
						<TextLine ID="line_19" HPOS="129" VPOS="831" WIDTH="757" HEIGHT="32">
							<String ID="string_157" HPOS="129" VPOS="837" WIDTH="85" HEIGHT="26" WC="0.91" CONTENT="gängen"/><SP WIDTH="23" VPOS="837" HPOS="214"/>
							<String ID="string_158" HPOS="237" VPOS="835" WIDTH="93" HEIGHT="28" WC="0.92" CONTENT="oskäligt"/><SP WIDTH="23" VPOS="835" HPOS="330"/>
							<String ID="string_159" HPOS="353" VPOS="835" WIDTH="102" HEIGHT="28" WC="0.91" CONTENT="uttänjes."/><SP WIDTH="30" VPOS="835" HPOS="455"/>
							<String ID="string_160" HPOS="485" VPOS="831" WIDTH="70" HEIGHT="26" WC="0.91" CONTENT="Äfven"/><SP WIDTH="16" VPOS="831" HPOS="555"/>
							<String ID="string_161" HPOS="571" VPOS="836" WIDTH="116" HEIGHT="20" WC="0.92" CONTENT="domarene"/><SP WIDTH="15" VPOS="836" HPOS="687"/>
							<String ID="string_162" HPOS="702" VPOS="835" WIDTH="53" HEIGHT="22" WC="0.92" CONTENT="bära"/><SP WIDTH="15" VPOS="835" HPOS="755"/>
							<String ID="string_163" HPOS="770" VPOS="835" WIDTH="32" HEIGHT="21" WC="0.93" CONTENT="sin"/><SP WIDTH="17" VPOS="835" HPOS="802"/>
							<String ID="string_164" HPOS="819" VPOS="837" WIDTH="67" HEIGHT="26" WC="0.92" CONTENT="dryga"/>
						</TextLine>
						<TextLine ID="line_20" HPOS="129" VPOS="869" WIDTH="758" HEIGHT="29">
							<String ID="string_165" HPOS="129" VPOS="873" WIDTH="78" HEIGHT="25" WC="0.91" CONTENT="anpart"/><SP WIDTH="21" VPOS="873" HPOS="207"/>
							<String ID="string_166" HPOS="228" VPOS="871" WIDTH="8" HEIGHT="20" WC="0.93" CONTENT="i"/><SP WIDTH="18" VPOS="871" HPOS="236"/>
							<String ID="string_167" HPOS="254" VPOS="870" WIDTH="157" HEIGHT="27" WC="0.92" CONTENT="förskyllandet"/><SP WIDTH="19" VPOS="870" HPOS="411"/>
							<String ID="string_168" HPOS="430" VPOS="869" WIDTH="80" HEIGHT="26" WC="0.96" CONTENT="härtill,"/><SP WIDTH="17" VPOS="869" HPOS="510"/>
							<String ID="string_169" HPOS="527" VPOS="871" WIDTH="27" HEIGHT="19" WC="0.96" CONTENT="än"/><SP WIDTH="16" VPOS="871" HPOS="554"/>
							<String ID="string_170" HPOS="570" VPOS="876" WIDTH="78" HEIGHT="20" WC="0.93" CONTENT="genom"/><SP WIDTH="14" VPOS="876" HPOS="648"/>
							<String ID="string_171" HPOS="662" VPOS="869" WIDTH="111" HEIGHT="22" WC="0.95" CONTENT="bristande"/><SP WIDTH="15" VPOS="869" HPOS="773"/>
							<String ID="string_172" HPOS="788" VPOS="869" WIDTH="99" HEIGHT="28" WC="0.95" CONTENT="förmåga"/>
						</TextLine>
						<TextLine ID="line_21" HPOS="129" VPOS="904" WIDTH="756" HEIGHT="28">
							<String ID="string_173" HPOS="129" VPOS="905" WIDTH="40" HEIGHT="22" WC="0.91" CONTENT="och"/><SP WIDTH="15" VPOS="905" HPOS="169"/>
							<String ID="string_174" HPOS="184" VPOS="905" WIDTH="64" HEIGHT="27" WC="0.88" CONTENT="insigt"/><SP WIDTH="16" VPOS="905" HPOS="248"/>
							<String ID="string_175" HPOS="264" VPOS="907" WIDTH="33" HEIGHT="19" WC="0.93" CONTENT="att"/><SP WIDTH="15" VPOS="907" HPOS="297"/>
							<String ID="string_176" HPOS="312" VPOS="905" WIDTH="117" HEIGHT="26" WC="0.96" CONTENT="behörigen"/><SP WIDTH="16" VPOS="905" HPOS="429"/>
							<String ID="string_177" HPOS="445" VPOS="904" WIDTH="50" HEIGHT="21" WC="0.96" CONTENT="leda"/><SP WIDTH="15" VPOS="904" HPOS="495"/>
							<String ID="string_178" HPOS="510" VPOS="905" WIDTH="142" HEIGHT="26" WC="0.96" CONTENT="rättegången"/><SP WIDTH="11" VPOS="905" HPOS="652"/>
							<String ID="string_179" HPOS="663" VPOS="904" WIDTH="41" HEIGHT="21" WC="0.96" CONTENT="och"/><SP WIDTH="8" VPOS="904" HPOS="704"/>
							<String ID="string_180" HPOS="712" VPOS="905" WIDTH="27" HEIGHT="20" WC="0.96" CONTENT="än"/><SP WIDTH="10" VPOS="905" HPOS="739"/>
							<String ID="string_181" HPOS="749" VPOS="911" WIDTH="79" HEIGHT="20" WC="0.93" CONTENT="genom"/><SP WIDTH="10" VPOS="911" HPOS="828"/>
							<String ID="string_182" HPOS="838" VPOS="904" WIDTH="47" HEIGHT="21" WC="0.85" CONTENT="obe-"/>
						</TextLine>
						<TextLine ID="line_22" HPOS="128" VPOS="939" WIDTH="757" HEIGHT="28">
							<String ID="string_183" HPOS="128" VPOS="940" WIDTH="110" HEIGHT="27" WC="0.92" CONTENT="nägenhet"/><SP WIDTH="21" VPOS="940" HPOS="238"/>
							<String ID="string_184" HPOS="259" VPOS="942" WIDTH="40" HEIGHT="25" WC="0.93" CONTENT="att,"/><SP WIDTH="23" VPOS="942" HPOS="299"/>
							<String ID="string_185" HPOS="322" VPOS="939" WIDTH="69" HEIGHT="22" WC="0.93" CONTENT="ehuru"/><SP WIDTH="22" VPOS="939" HPOS="391"/>
							<String ID="string_186" HPOS="413" VPOS="939" WIDTH="72" HEIGHT="21" WC="0.92" CONTENT="mälen"/><SP WIDTH="23" VPOS="939" HPOS="485"/>
							<String ID="string_187" HPOS="508" VPOS="940" WIDTH="37" HEIGHT="20" WC="0.91" CONTENT="äro"/><SP WIDTH="23" VPOS="940" HPOS="545"/>
							<String ID="string_188" HPOS="568" VPOS="945" WIDTH="86" HEIGHT="21" WC="0.91" CONTENT="mogna,"/><SP WIDTH="23" VPOS="945" HPOS="654"/>
							<String ID="string_189" HPOS="677" VPOS="939" WIDTH="74" HEIGHT="21" WC="0.91" CONTENT="skrida"/><SP WIDTH="22" VPOS="939" HPOS="751"/>
							<String ID="string_190" HPOS="773" VPOS="939" WIDTH="33" HEIGHT="21" WC="0.96" CONTENT="till"/><SP WIDTH="16" VPOS="939" HPOS="806"/>
							<String ID="string_191" HPOS="822" VPOS="940" WIDTH="63" HEIGHT="20" WC="0.96" CONTENT="deras"/>
						</TextLine>
						<TextLine ID="line_23" HPOS="129" VPOS="973" WIDTH="757" HEIGHT="29">
							<String ID="string_192" HPOS="129" VPOS="975" WIDTH="123" HEIGHT="27" WC="0.91" CONTENT="afgörande."/><SP WIDTH="22" VPOS="975" HPOS="252"/>
							<String ID="string_193" HPOS="274" VPOS="975" WIDTH="38" HEIGHT="20" WC="0.96" CONTENT="Att"/><SP WIDTH="16" VPOS="975" HPOS="312"/>
							<String ID="string_194" HPOS="328" VPOS="975" WIDTH="59" HEIGHT="20" WC="0.96" CONTENT="detta"/><SP WIDTH="15" VPOS="975" HPOS="387"/>
							<String ID="string_195" HPOS="402" VPOS="974" WIDTH="7" HEIGHT="21" WC="0.91" CONTENT="i"/><SP WIDTH="15" VPOS="974" HPOS="409"/>
							<String ID="string_196" HPOS="424" VPOS="973" WIDTH="124" HEIGHT="28" WC="0.75" CONTENT="synnerheti"/><SP WIDTH="11" VPOS="973" HPOS="548"/>
							<String ID="string_197" HPOS="559" VPOS="973" WIDTH="171" HEIGHT="22" WC="0.75" CONTENT="häradsrätterne"/><SP WIDTH="14" VPOS="973" HPOS="730"/>
							<String ID="string_198" HPOS="744" VPOS="973" WIDTH="99" HEIGHT="22" WC="0.93" CONTENT="inträffar"/><SP WIDTH="8" VPOS="973" HPOS="843"/>
							<String ID="string_199" HPOS="851" VPOS="980" WIDTH="35" HEIGHT="20" WC="0.93" CONTENT="ge-"/>
						</TextLine>
						<TextLine ID="line_24" HPOS="129" VPOS="1007" WIDTH="760" HEIGHT="28">
							<String ID="string_200" HPOS="129" VPOS="1016" WIDTH="51" HEIGHT="15" WC="0.95" CONTENT="nom"/><SP WIDTH="23" VPOS="1016" HPOS="180"/>
							<String ID="string_201" HPOS="203" VPOS="1010" WIDTH="35" HEIGHT="20" WC="0.93" CONTENT="det"/><SP WIDTH="22" VPOS="1010" HPOS="238"/>
							<String ID="string_202" HPOS="260" VPOS="1010" WIDTH="48" HEIGHT="20" WC="0.91" CONTENT="täta"/><SP WIDTH="22" VPOS="1010" HPOS="308"/>
							<String ID="string_203" HPOS="330" VPOS="1008" WIDTH="95" HEIGHT="27" WC="0.90" CONTENT="ombytet"/><SP WIDTH="23" VPOS="1008" HPOS="425"/>
							<String ID="string_204" HPOS="448" VPOS="1007" WIDTH="25" HEIGHT="22" WC="0.96" CONTENT="af"/><SP WIDTH="20" VPOS="1007" HPOS="473"/>
							<String ID="string_205" HPOS="493" VPOS="1007" WIDTH="138" HEIGHT="27" WC="0.96" CONTENT="ordförande,"/><SP WIDTH="20" VPOS="1007" HPOS="631"/>
							<String ID="string_206" HPOS="651" VPOS="1014" WIDTH="47" HEIGHT="15" WC="0.96" CONTENT="som"/><SP WIDTH="16" VPOS="1014" HPOS="698"/>
							<String ID="string_207" HPOS="714" VPOS="1009" WIDTH="23" HEIGHT="20" WC="0.96" CONTENT="är"/><SP WIDTH="16" VPOS="1009" HPOS="737"/>
							<String ID="string_208" HPOS="753" VPOS="1014" WIDTH="26" HEIGHT="15" WC="0.96" CONTENT="en"/><SP WIDTH="16" VPOS="1014" HPOS="779"/>
							<String ID="string_209" HPOS="795" VPOS="1007" WIDTH="54" HEIGHT="28" WC="0.93" CONTENT="följd"/><SP WIDTH="15" VPOS="1007" HPOS="849"/>
							<String ID="string_210" HPOS="864" VPOS="1007" WIDTH="25" HEIGHT="22" WC="0.96" CONTENT="af"/>
						</TextLine>
						<TextLine ID="line_25" HPOS="129" VPOS="1041" WIDTH="757" HEIGHT="30">
							<String ID="string_211" HPOS="129" VPOS="1043" WIDTH="184" HEIGHT="28" WC="0.91" CONTENT="tjenstledighets-"/><SP WIDTH="23" VPOS="1043" HPOS="313"/>
							<String ID="string_212" HPOS="336" VPOS="1043" WIDTH="40" HEIGHT="21" WC="0.93" CONTENT="och"/><SP WIDTH="22" VPOS="1043" HPOS="376"/>
							<String ID="string_213" HPOS="398" VPOS="1042" WIDTH="105" HEIGHT="22" WC="0.93" CONTENT="vikariats"/><SP WIDTH="24" VPOS="1042" HPOS="503"/>
							<String ID="string_214" HPOS="527" VPOS="1044" WIDTH="101" HEIGHT="25" WC="0.96" CONTENT="systemet"/><SP WIDTH="14" VPOS="1044" HPOS="628"/>
							<String ID="string_215" HPOS="642" VPOS="1041" WIDTH="37" HEIGHT="22" WC="0.93" CONTENT="vid"/><SP WIDTH="15" VPOS="1041" HPOS="679"/>
							<String ID="string_216" HPOS="694" VPOS="1041" WIDTH="192" HEIGHT="28" WC="0.92" CONTENT="häradshöfdinge-"/>
						</TextLine>
						<TextLine ID="line_26" HPOS="130" VPOS="1075" WIDTH="756" HEIGHT="29">
							<String ID="string_217" HPOS="130" VPOS="1078" WIDTH="119" HEIGHT="25" WC="0.91" CONTENT="embetena,"/><SP WIDTH="23" VPOS="1078" HPOS="249"/>
							<String ID="string_218" HPOS="272" VPOS="1079" WIDTH="25" HEIGHT="20" WC="0.96" CONTENT="är"/><SP WIDTH="19" VPOS="1079" HPOS="297"/>
							<String ID="string_219" HPOS="316" VPOS="1083" WIDTH="26" HEIGHT="15" WC="0.93" CONTENT="en"/><SP WIDTH="16" VPOS="1083" HPOS="342"/>
							<String ID="string_220" HPOS="358" VPOS="1076" WIDTH="94" HEIGHT="28" WC="0.92" CONTENT="gammal"/><SP WIDTH="15" VPOS="1076" HPOS="452"/>
							<String ID="string_221" HPOS="467" VPOS="1076" WIDTH="88" HEIGHT="27" WC="0.91" CONTENT="klagan,"/><SP WIDTH="15" VPOS="1076" HPOS="555"/>
							<String ID="string_222" HPOS="570" VPOS="1083" WIDTH="46" HEIGHT="14" WC="0.93" CONTENT="som"/><SP WIDTH="16" VPOS="1083" HPOS="616"/>
							<String ID="string_223" HPOS="632" VPOS="1075" WIDTH="82" HEIGHT="23" WC="0.92" CONTENT="enhvar"/><SP WIDTH="14" VPOS="1075" HPOS="714"/>
							<String ID="string_224" HPOS="728" VPOS="1078" WIDTH="35" HEIGHT="20" WC="0.96" CONTENT="vet"/><SP WIDTH="16" VPOS="1078" HPOS="763"/>
							<String ID="string_225" HPOS="779" VPOS="1078" WIDTH="32" HEIGHT="19" WC="0.93" CONTENT="att"/><SP WIDTH="14" VPOS="1078" HPOS="811"/>
							<String ID="string_226" HPOS="825" VPOS="1076" WIDTH="61" HEIGHT="27" WC="0.92" CONTENT="längt"/>
						</TextLine>
						<TextLine ID="line_27" HPOS="129" VPOS="1110" WIDTH="755" HEIGHT="29">
							<String ID="string_227" HPOS="129" VPOS="1112" WIDTH="57" HEIGHT="21" WC="0.96" CONTENT="ifrån"/><SP WIDTH="16" VPOS="1112" HPOS="186"/>
							<String ID="string_228" HPOS="202" VPOS="1112" WIDTH="79" HEIGHT="21" WC="0.96" CONTENT="saknar"/><SP WIDTH="15" VPOS="1112" HPOS="281"/>
							<String ID="string_229" HPOS="296" VPOS="1112" WIDTH="76" HEIGHT="27" WC="0.96" CONTENT="grund."/><SP WIDTH="25" VPOS="1112" HPOS="372"/>
							<String ID="string_230" HPOS="397" VPOS="1111" WIDTH="43" HEIGHT="21" WC="0.96" CONTENT="Det"/><SP WIDTH="15" VPOS="1111" HPOS="440"/>
							<String ID="string_231" HPOS="455" VPOS="1112" WIDTH="25" HEIGHT="20" WC="0.93" CONTENT="är"/><SP WIDTH="15" VPOS="1112" HPOS="480"/>
							<String ID="string_232" HPOS="495" VPOS="1111" WIDTH="66" HEIGHT="21" WC="0.96" CONTENT="också"/><SP WIDTH="15" VPOS="1111" HPOS="561"/>
							<String ID="string_233" HPOS="576" VPOS="1117" WIDTH="45" HEIGHT="14" WC="0.96" CONTENT="mer"/><SP WIDTH="15" VPOS="1117" HPOS="621"/>
							<String ID="string_234" HPOS="636" VPOS="1111" WIDTH="28" HEIGHT="20" WC="0.93" CONTENT="än"/><SP WIDTH="16" VPOS="1111" HPOS="664"/>
							<String ID="string_235" HPOS="680" VPOS="1110" WIDTH="121" HEIGHT="27" WC="0.91" CONTENT="förklarligt"/><SP WIDTH="15" VPOS="1110" HPOS="801"/>
							<String ID="string_236" HPOS="816" VPOS="1112" WIDTH="33" HEIGHT="19" WC="0.54" CONTENT="att"/><SP WIDTH="8" VPOS="1112" HPOS="849"/>
							<String ID="string_237" HPOS="857" VPOS="1117" WIDTH="27" HEIGHT="14" WC="0.54" CONTENT="en"/>
						</TextLine>
						<TextLine ID="line_28" HPOS="130" VPOS="1144" WIDTH="757" HEIGHT="30">
							<String ID="string_238" HPOS="130" VPOS="1153" WIDTH="44" HEIGHT="21" WC="0.93" CONTENT="ung"/><SP WIDTH="16" VPOS="1153" HPOS="174"/>
							<String ID="string_239" HPOS="190" VPOS="1147" WIDTH="94" HEIGHT="25" WC="0.91" CONTENT="domare,"/><SP WIDTH="16" VPOS="1147" HPOS="284"/>
							<String ID="string_240" HPOS="300" VPOS="1153" WIDTH="46" HEIGHT="14" WC="0.93" CONTENT="som"/><SP WIDTH="15" VPOS="1153" HPOS="346"/>
							<String ID="string_241" HPOS="361" VPOS="1145" WIDTH="109" HEIGHT="22" WC="0.91" CONTENT="mähända"/><SP WIDTH="15" VPOS="1145" HPOS="470"/>
							<String ID="string_242" HPOS="485" VPOS="1146" WIDTH="39" HEIGHT="26" WC="0.96" CONTENT="gör"/><SP WIDTH="16" VPOS="1146" HPOS="524"/>
							<String ID="string_243" HPOS="540" VPOS="1145" WIDTH="47" HEIGHT="21" WC="0.97" CONTENT="sina"/><SP WIDTH="18" VPOS="1145" HPOS="587"/>
							<String ID="string_244" HPOS="605" VPOS="1144" WIDTH="69" HEIGHT="21" WC="0.93" CONTENT="första"/><SP WIDTH="14" VPOS="1144" HPOS="674"/>
							<String ID="string_245" HPOS="688" VPOS="1145" WIDTH="199" HEIGHT="27" WC="0.92" CONTENT="lärospän"/><SP WIDTH="-90" VPOS="1145" HPOS="887"/>
							<String ID="string_246" HPOS="797" VPOS="1140" WIDTH="13" HEIGHT="38" WC="0.93" CONTENT="i"/><SP WIDTH="12" VPOS="1140" HPOS="810"/>
							<String ID="string_247" HPOS="822" VPOS="1145" WIDTH="65" HEIGHT="27" WC="0.93" CONTENT="doms-"/>
						</TextLine>
						<TextLine ID="line_29" HPOS="129" VPOS="1179" WIDTH="758" HEIGHT="28">
							<String ID="string_248" HPOS="129" VPOS="1182" WIDTH="57" HEIGHT="21" WC="0.93" CONTENT="sätet"/><SP WIDTH="15" VPOS="1182" HPOS="186"/>
							<String ID="string_249" HPOS="201" VPOS="1181" WIDTH="40" HEIGHT="21" WC="0.93" CONTENT="och"/><SP WIDTH="15" VPOS="1181" HPOS="241"/>
							<String ID="string_250" HPOS="256" VPOS="1180" WIDTH="70" HEIGHT="21" WC="0.92" CONTENT="finner"/><SP WIDTH="14" VPOS="1180" HPOS="326"/>
							<String ID="string_251" HPOS="340" VPOS="1179" WIDTH="34" HEIGHT="22" WC="0.96" CONTENT="för"/><SP WIDTH="15" VPOS="1179" HPOS="374"/>
							<String ID="string_252" HPOS="389" VPOS="1179" WIDTH="32" HEIGHT="28" WC="0.96" CONTENT="sig"/><SP WIDTH="15" VPOS="1179" HPOS="421"/>
							<String ID="string_253" HPOS="436" VPOS="1179" WIDTH="68" HEIGHT="21" WC="0.96" CONTENT="bland"/><SP WIDTH="15" VPOS="1179" HPOS="504"/>
							<String ID="string_254" HPOS="519" VPOS="1180" WIDTH="69" HEIGHT="20" WC="0.96" CONTENT="andra"/><SP WIDTH="15" VPOS="1180" HPOS="588"/>
							<String ID="string_255" HPOS="603" VPOS="1185" WIDTH="27" HEIGHT="15" WC="0.93" CONTENT="en"/><SP WIDTH="10" VPOS="1185" HPOS="630"/>
							<String ID="string_256" HPOS="640" VPOS="1180" WIDTH="81" HEIGHT="26" WC="0.91" CONTENT="mängd"/><SP WIDTH="9" VPOS="1180" HPOS="721"/>
							<String ID="string_257" HPOS="730" VPOS="1179" WIDTH="109" HEIGHT="21" WC="0.92" CONTENT="mähända"/><SP WIDTH="8" VPOS="1179" HPOS="839"/>
							<String ID="string_258" HPOS="847" VPOS="1186" WIDTH="40" HEIGHT="13" WC="0.89" CONTENT="un-"/>
						</TextLine>
						<TextLine ID="line_30" HPOS="131" VPOS="1213" WIDTH="756" HEIGHT="28">
							<String ID="string_259" HPOS="131" VPOS="1217" WIDTH="38" HEIGHT="20" WC="0.93" CONTENT="der"/><SP WIDTH="16" VPOS="1217" HPOS="169"/>
							<String ID="string_260" HPOS="185" VPOS="1215" WIDTH="51" HEIGHT="21" WC="0.93" CONTENT="flere"/><SP WIDTH="18" VPOS="1215" HPOS="236"/>
							<String ID="string_261" HPOS="254" VPOS="1215" WIDTH="46" HEIGHT="26" WC="0.93" CONTENT="ting"/><SP WIDTH="16" VPOS="1215" HPOS="300"/>
							<String ID="string_262" HPOS="316" VPOS="1213" WIDTH="135" HEIGHT="28" WC="0.89" CONTENT="uppskjutna"/><SP WIDTH="15" VPOS="1213" HPOS="451"/>
							<String ID="string_263" HPOS="466" VPOS="1213" WIDTH="50" HEIGHT="26" WC="0.91" CONTENT="mäl,"/><SP WIDTH="9" VPOS="1213" HPOS="516"/>
							<String ID="string_264" HPOS="525" VPOS="1213" WIDTH="84" HEIGHT="22" WC="0.87" CONTENT="hvilkas"/><SP WIDTH="8" VPOS="1213" HPOS="609"/>
							<String ID="string_265" HPOS="617" VPOS="1213" WIDTH="130" HEIGHT="27" WC="0.92" CONTENT="föregäende"/><SP WIDTH="9" VPOS="1213" HPOS="747"/>
							<String ID="string_266" HPOS="756" VPOS="1213" WIDTH="131" HEIGHT="27" WC="0.96" CONTENT="behandling"/>
						</TextLine>
						<TextLine ID="line_31" HPOS="131" VPOS="1247" WIDTH="754" HEIGHT="30">
							<String ID="string_267" HPOS="131" VPOS="1251" WIDTH="36" HEIGHT="20" WC="0.96" CONTENT="det"/><SP WIDTH="15" VPOS="1251" HPOS="167"/>
							<String ID="string_268" HPOS="182" VPOS="1249" WIDTH="68" HEIGHT="28" WC="0.96" CONTENT="gäller"/><SP WIDTH="15" VPOS="1249" HPOS="250"/>
							<String ID="string_269" HPOS="265" VPOS="1251" WIDTH="32" HEIGHT="19" WC="0.96" CONTENT="att"/><SP WIDTH="15" VPOS="1251" HPOS="297"/>
							<String ID="string_270" HPOS="312" VPOS="1249" WIDTH="8" HEIGHT="20" WC="0.93" CONTENT="i"/><SP WIDTH="14" VPOS="1249" HPOS="320"/>
							<String ID="string_271" HPOS="334" VPOS="1249" WIDTH="50" HEIGHT="20" WC="0.93" CONTENT="hast"/><SP WIDTH="15" VPOS="1249" HPOS="384"/>
							<String ID="string_272" HPOS="399" VPOS="1255" WIDTH="26" HEIGHT="14" WC="0.93" CONTENT="ur"/><SP WIDTH="15" VPOS="1255" HPOS="425"/>
							<String ID="string_273" HPOS="440" VPOS="1248" WIDTH="63" HEIGHT="27" WC="0.92" CONTENT="digra"/><SP WIDTH="14" VPOS="1248" HPOS="503"/>
							<String ID="string_274" HPOS="517" VPOS="1247" WIDTH="109" HEIGHT="28" WC="0.92" CONTENT="protokoll"/><SP WIDTH="15" VPOS="1247" HPOS="626"/>
							<String ID="string_275" HPOS="641" VPOS="1247" WIDTH="103" HEIGHT="27" WC="0.91" CONTENT="inhemta,"/><SP WIDTH="16" VPOS="1247" HPOS="744"/>
							<String ID="string_276" HPOS="760" VPOS="1247" WIDTH="48" HEIGHT="22" WC="0.92" CONTENT="icke"/><SP WIDTH="8" VPOS="1247" HPOS="808"/>
							<String ID="string_277" HPOS="816" VPOS="1247" WIDTH="69" HEIGHT="22" WC="0.96" CONTENT="sällan"/>
						</TextLine>
						<TextLine ID="line_32" HPOS="131" VPOS="1281" WIDTH="756" HEIGHT="29">
							<String ID="string_278" HPOS="131" VPOS="1283" WIDTH="55" HEIGHT="22" WC="0.92" CONTENT="skall"/><SP WIDTH="22" VPOS="1283" HPOS="186"/>
							<String ID="string_279" HPOS="208" VPOS="1283" WIDTH="58" HEIGHT="27" WC="0.92" CONTENT="gifva"/><SP WIDTH="21" VPOS="1283" HPOS="266"/>
							<String ID="string_280" HPOS="287" VPOS="1282" WIDTH="51" HEIGHT="23" WC="0.96" CONTENT="vika"/><SP WIDTH="16" VPOS="1282" HPOS="338"/>
							<String ID="string_281" HPOS="354" VPOS="1282" WIDTH="34" HEIGHT="22" WC="0.93" CONTENT="för"/><SP WIDTH="15" VPOS="1282" HPOS="388"/>
							<String ID="string_282" HPOS="403" VPOS="1282" WIDTH="114" HEIGHT="22" WC="0.92" CONTENT="frestelsen"/><SP WIDTH="16" VPOS="1282" HPOS="517"/>
							<String ID="string_283" HPOS="533" VPOS="1283" WIDTH="32" HEIGHT="20" WC="0.93" CONTENT="att"/><SP WIDTH="15" VPOS="1283" HPOS="565"/>
							<String ID="string_284" HPOS="580" VPOS="1281" WIDTH="117" HEIGHT="28" WC="0.92" CONTENT="godkänna"/><SP WIDTH="15" VPOS="1281" HPOS="697"/>
							<String ID="string_285" HPOS="712" VPOS="1281" WIDTH="63" HEIGHT="23" WC="0.92" CONTENT="äfven"/><SP WIDTH="16" VPOS="1281" HPOS="775"/>
							<String ID="string_286" HPOS="791" VPOS="1289" WIDTH="26" HEIGHT="14" WC="0.93" CONTENT="en"/><SP WIDTH="16" VPOS="1289" HPOS="817"/>
							<String ID="string_287" HPOS="833" VPOS="1281" WIDTH="54" HEIGHT="22" WC="0.91" CONTENT="min-"/>
						</TextLine>
						<TextLine ID="line_33" HPOS="131" VPOS="1316" WIDTH="755" HEIGHT="28">
							<String ID="string_288" HPOS="131" VPOS="1319" WIDTH="38" HEIGHT="20" WC="0.93" CONTENT="dre"/><SP WIDTH="14" VPOS="1319" HPOS="169"/>
							<String ID="string_289" HPOS="183" VPOS="1318" WIDTH="84" HEIGHT="21" WC="0.90" CONTENT="hällbar"/><SP WIDTH="15" VPOS="1318" HPOS="267"/>
							<String ID="string_290" HPOS="282" VPOS="1317" WIDTH="118" HEIGHT="27" WC="0.91" CONTENT="anledning"/><SP WIDTH="16" VPOS="1317" HPOS="400"/>
							<String ID="string_291" HPOS="416" VPOS="1319" WIDTH="33" HEIGHT="19" WC="0.96" CONTENT="att"/><SP WIDTH="15" VPOS="1319" HPOS="449"/>
							<String ID="string_292" HPOS="464" VPOS="1323" WIDTH="78" HEIGHT="21" WC="0.93" CONTENT="genom"/><SP WIDTH="15" VPOS="1323" HPOS="542"/>
							<String ID="string_293" HPOS="557" VPOS="1316" WIDTH="122" HEIGHT="28" WC="0.93" CONTENT="beviljande"/><SP WIDTH="16" VPOS="1316" HPOS="679"/>
							<String ID="string_294" HPOS="695" VPOS="1316" WIDTH="25" HEIGHT="22" WC="0.93" CONTENT="af"/><SP WIDTH="11" VPOS="1316" HPOS="720"/>
							<String ID="string_295" HPOS="731" VPOS="1316" WIDTH="98" HEIGHT="28" WC="0.93" CONTENT="uppskof"/><SP WIDTH="14" VPOS="1316" HPOS="829"/>
							<String ID="string_296" HPOS="843" VPOS="1316" WIDTH="43" HEIGHT="22" WC="0.92" CONTENT="väl-"/>
						</TextLine>
						<TextLine ID="line_34" HPOS="130" VPOS="1352" WIDTH="303" HEIGHT="28">
							<String ID="string_297" HPOS="130" VPOS="1356" WIDTH="35" HEIGHT="18" WC="0.92" CONTENT="tra"/><SP WIDTH="14" VPOS="1356" HPOS="165"/>
							<String ID="string_298" HPOS="179" VPOS="1352" WIDTH="57" HEIGHT="22" WC="0.93" CONTENT="ifrän"/><SP WIDTH="15" VPOS="1352" HPOS="236"/>
							<String ID="string_299" HPOS="251" VPOS="1352" WIDTH="33" HEIGHT="28" WC="0.93" CONTENT="sig"/><SP WIDTH="14" VPOS="1352" HPOS="284"/>
							<String ID="string_300" HPOS="298" VPOS="1352" WIDTH="135" HEIGHT="27" WC="0.90" CONTENT="afgörandet."/>
						</TextLine>
					</TextBlock>
					<TextBlock ID="block_3" HPOS="131" VPOS="1385" WIDTH="756" HEIGHT="97">
						<TextLine ID="line_35" HPOS="199" VPOS="1385" WIDTH="687" HEIGHT="27">
							<String ID="string_301" HPOS="199" VPOS="1387" WIDTH="41" HEIGHT="21" WC="0.92" CONTENT="Väl"/><SP WIDTH="28" VPOS="1387" HPOS="240"/>
							<String ID="string_302" HPOS="268" VPOS="1386" WIDTH="40" HEIGHT="22" WC="0.93" CONTENT="har"/><SP WIDTH="29" VPOS="1386" HPOS="308"/>
							<String ID="string_303" HPOS="337" VPOS="1393" WIDTH="89" HEIGHT="15" WC="0.92" CONTENT="numera"/><SP WIDTH="30" VPOS="1393" HPOS="426"/>
							<String ID="string_304" HPOS="456" VPOS="1393" WIDTH="27" HEIGHT="14" WC="0.92" CONTENT="en"/><SP WIDTH="31" VPOS="1393" HPOS="483"/>
							<String ID="string_305" HPOS="514" VPOS="1385" WIDTH="166" HEIGHT="27" WC="0.91" CONTENT="omständighet,"/><SP WIDTH="24" VPOS="1385" HPOS="680"/>
							<String ID="string_306" HPOS="704" VPOS="1385" WIDTH="83" HEIGHT="27" WC="0.92" CONTENT="hvarpä"/><SP WIDTH="25" VPOS="1385" HPOS="787"/>
							<String ID="string_307" HPOS="812" VPOS="1386" WIDTH="74" HEIGHT="20" WC="0.89" CONTENT="nämn-"/>
						</TextLine>
						<TextLine ID="line_36" HPOS="131" VPOS="1419" WIDTH="756" HEIGHT="29">
							<String ID="string_308" HPOS="131" VPOS="1423" WIDTH="27" HEIGHT="20" WC="0.90" CONTENT="de"/><SP WIDTH="22" VPOS="1423" HPOS="158"/>
							<String ID="string_309" HPOS="180" VPOS="1421" WIDTH="185" HEIGHT="27" WC="0.90" CONTENT="vikariatssystem"/><SP WIDTH="22" VPOS="1421" HPOS="365"/>
							<String ID="string_310" HPOS="387" VPOS="1421" WIDTH="76" HEIGHT="25" WC="0.96" CONTENT="berott,"/><SP WIDTH="24" VPOS="1421" HPOS="463"/>
							<String ID="string_311" HPOS="487" VPOS="1420" WIDTH="33" HEIGHT="21" WC="0.96" CONTENT="till"/><SP WIDTH="22" VPOS="1420" HPOS="520"/>
							<String ID="string_312" HPOS="542" VPOS="1427" WIDTH="27" HEIGHT="14" WC="0.96" CONTENT="en"/><SP WIDTH="23" VPOS="1427" HPOS="569"/>
							<String ID="string_313" HPOS="592" VPOS="1419" WIDTH="34" HEIGHT="22" WC="0.93" CONTENT="del"/><SP WIDTH="22" VPOS="1419" HPOS="626"/>
							<String ID="string_314" HPOS="648" VPOS="1419" WIDTH="105" HEIGHT="22" WC="0.89" CONTENT="bortfallit"/><SP WIDTH="16" VPOS="1419" HPOS="753"/>
							<String ID="string_315" HPOS="769" VPOS="1420" WIDTH="67" HEIGHT="20" WC="0.93" CONTENT="sedan"/><SP WIDTH="15" VPOS="1420" HPOS="836"/>
							<String ID="string_316" HPOS="851" VPOS="1426" WIDTH="36" HEIGHT="20" WC="0.93" CONTENT="ge-"/>
						</TextLine>
						<TextLine ID="line_37" HPOS="131" VPOS="1453" WIDTH="755" HEIGHT="29">
							<String ID="string_317" HPOS="131" VPOS="1463" WIDTH="51" HEIGHT="15" WC="0.93" CONTENT="nom"/><SP WIDTH="11" VPOS="1463" HPOS="182"/>
							<String ID="string_318" HPOS="193" VPOS="1456" WIDTH="79" HEIGHT="26" WC="0.91" CONTENT="nädiga"/><SP WIDTH="10" VPOS="1456" HPOS="272"/>
							<String ID="string_319" HPOS="282" VPOS="1455" WIDTH="154" HEIGHT="27" WC="0.96" CONTENT="förordningen"/><SP WIDTH="9" VPOS="1455" HPOS="436"/>
							<String ID="string_320" HPOS="445" VPOS="1456" WIDTH="42" HEIGHT="21" WC="0.96" CONTENT="den"/><SP WIDTH="10" VPOS="1456" HPOS="487"/>
							<String ID="string_321" HPOS="497" VPOS="1456" WIDTH="26" HEIGHT="21" WC="0.96" CONTENT="17"/><SP WIDTH="9" VPOS="1456" HPOS="523"/>
							<String ID="string_322" HPOS="532" VPOS="1454" WIDTH="118" HEIGHT="22" WC="0.96" CONTENT="December"/><SP WIDTH="10" VPOS="1454" HPOS="650"/>
							<String ID="string_323" HPOS="660" VPOS="1454" WIDTH="54" HEIGHT="22" WC="0.93" CONTENT="1883"/><SP WIDTH="9" VPOS="1454" HPOS="714"/>
							<String ID="string_324" HPOS="723" VPOS="1453" WIDTH="163" HEIGHT="21" WC="0.92" CONTENT="häradshöfdin-"/>
						</TextLine>
					</TextBlock>
				</ComposedBlock>
				<GraphicalElement ID="cblock_2" HPOS="1079" VPOS="34" WIDTH="7" HEIGHT="1252"></GraphicalElement >
			</PrintSpace>
		</Page>
	</Layout>
</alto>
