<?xml version="1.0" encoding="UTF-8"?>
<alto xmlns="http://www.loc.gov/standards/alto/ns-v3#" xmlns:xlink="http://www.w3.org/1999/xlink" xmlns:xsi="http://www.w3.org/2001/XMLSchema-instance" xsi:schemaLocation="http://www.loc.gov/standards/alto/ns-v3# http://www.loc.gov/alto/v3/alto-3-0.xsd">
	<Description>
		<MeasurementUnit>pixel</MeasurementUnit>
		<sourceImageInformation>
			<fileName>/tmp/tess_uo79ojkq_input.PNG</fileName>
		</sourceImageInformation>
		<OCRProcessing ID="OCR_0">
			<ocrProcessingStep>
				<processingSoftware>
					<softwareName>tesseract 5.3.4</softwareName>
				</processingSoftware>
			</ocrProcessingStep>
		</OCRProcessing>
	</Description>
	<Layout>
		<Page WIDTH="1086" HEIGHT="1717" PHYSICAL_IMG_NR="0" ID="page_0">
			<PrintSpace HPOS="0" VPOS="0" WIDTH="1086" HEIGHT="1717">
				<GraphicalElement ID="cblock_0" HPOS="0" VPOS="415" WIDTH="2" HEIGHT="403"></GraphicalElement >
				<ComposedBlock ID="cblock_1" HPOS="206" VPOS="144" WIDTH="10" HEIGHT="18">
					<TextBlock ID="block_0" HPOS="206" VPOS="144" WIDTH="10" HEIGHT="18">
						<TextLine ID="line_0" HPOS="206" VPOS="144" WIDTH="10" HEIGHT="18">
							<String ID="string_0" HPOS="206" VPOS="144" WIDTH="10" HEIGHT="18" WC="0.86" CONTENT="8"/>
						</TextLine>
					</TextBlock>
				</ComposedBlock>
				<ComposedBlock ID="cblock_2" HPOS="182" VPOS="201" WIDTH="757" HEIGHT="92">
					<TextBlock ID="block_1" HPOS="182" VPOS="201" WIDTH="757" HEIGHT="92">
						<TextLine ID="line_1" HPOS="182" VPOS="201" WIDTH="757" HEIGHT="29">
							<String ID="string_1" HPOS="182" VPOS="201" WIDTH="68" HEIGHT="27" WC="0.96" CONTENT="mark,"/><SP WIDTH="23" VPOS="201" HPOS="250"/>
							<String ID="string_2" HPOS="273" VPOS="202" WIDTH="25" HEIGHT="22" WC="0.96" CONTENT="är"/><SP WIDTH="18" VPOS="202" HPOS="298"/>
							<String ID="string_3" HPOS="316" VPOS="203" WIDTH="55" HEIGHT="21" WC="0.93" CONTENT="1880"/><SP WIDTH="22" VPOS="203" HPOS="371"/>
							<String ID="string_4" HPOS="393" VPOS="203" WIDTH="78" HEIGHT="26" WC="0.92" CONTENT="50,000"/><SP WIDTH="22" VPOS="203" HPOS="471"/>
							<String ID="string_5" HPOS="493" VPOS="203" WIDTH="67" HEIGHT="27" WC="0.96" CONTENT="mark,"/><SP WIDTH="24" VPOS="203" HPOS="560"/>
							<String ID="string_6" HPOS="584" VPOS="203" WIDTH="24" HEIGHT="21" WC="0.95" CONTENT="är"/><SP WIDTH="24" VPOS="203" HPOS="608"/>
							<String ID="string_7" HPOS="632" VPOS="202" WIDTH="52" HEIGHT="22" WC="0.93" CONTENT="1881"/><SP WIDTH="27" VPOS="202" HPOS="684"/>
							<String ID="string_8" HPOS="711" VPOS="203" WIDTH="93" HEIGHT="26" WC="0.93" CONTENT="120,000"/><SP WIDTH="21" VPOS="203" HPOS="804"/>
							<String ID="string_9" HPOS="825" VPOS="202" WIDTH="67" HEIGHT="26" WC="0.96" CONTENT="mark,"/><SP WIDTH="23" VPOS="202" HPOS="892"/>
							<String ID="string_10" HPOS="915" VPOS="202" WIDTH="24" HEIGHT="22" WC="0.94" CONTENT="är"/>
						</TextLine>
						<TextLine ID="line_2" HPOS="185" VPOS="236" WIDTH="754" HEIGHT="28">
							<String ID="string_11" HPOS="185" VPOS="236" WIDTH="54" HEIGHT="22" WC="0.91" CONTENT="1882"/><SP WIDTH="23" VPOS="236" HPOS="239"/>
							<String ID="string_12" HPOS="262" VPOS="236" WIDTH="91" HEIGHT="28" WC="0.92" CONTENT="150,000"/><SP WIDTH="22" VPOS="236" HPOS="353"/>
							<String ID="string_13" HPOS="375" VPOS="239" WIDTH="55" HEIGHT="19" WC="0.96" CONTENT="samt"/><SP WIDTH="22" VPOS="239" HPOS="430"/>
							<String ID="string_14" HPOS="452" VPOS="237" WIDTH="24" HEIGHT="22" WC="0.94" CONTENT="är"/><SP WIDTH="21" VPOS="237" HPOS="476"/>
							<String ID="string_15" HPOS="497" VPOS="238" WIDTH="55" HEIGHT="21" WC="0.93" CONTENT="1883"/><SP WIDTH="15" VPOS="238" HPOS="552"/>
							<String ID="string_16" HPOS="567" VPOS="238" WIDTH="79" HEIGHT="26" WC="0.91" CONTENT="50,000"/><SP WIDTH="15" VPOS="238" HPOS="646"/>
							<String ID="string_17" HPOS="661" VPOS="237" WIDTH="62" HEIGHT="22" WC="0.93" CONTENT="mark"/><SP WIDTH="15" VPOS="237" HPOS="723"/>
							<String ID="string_18" HPOS="738" VPOS="237" WIDTH="70" HEIGHT="21" WC="0.92" CONTENT="blifvit"/><SP WIDTH="15" VPOS="237" HPOS="808"/>
							<String ID="string_19" HPOS="823" VPOS="237" WIDTH="32" HEIGHT="21" WC="0.96" CONTENT="till"/><SP WIDTH="16" VPOS="237" HPOS="855"/>
							<String ID="string_20" HPOS="871" VPOS="236" WIDTH="68" HEIGHT="22" WC="0.96" CONTENT="denna"/>
						</TextLine>
						<TextLine ID="line_3" HPOS="182" VPOS="270" WIDTH="194" HEIGHT="23">
							<String ID="string_21" HPOS="182" VPOS="270" WIDTH="52" HEIGHT="22" WC="0.91" CONTENT="fond"/><SP WIDTH="16" VPOS="270" HPOS="234"/>
							<String ID="string_22" HPOS="250" VPOS="270" WIDTH="126" HEIGHT="23" WC="0.91" CONTENT="öfverförda."/>
						</TextLine>
					</TextBlock>
				</ComposedBlock>
				<ComposedBlock ID="cblock_3" HPOS="328" VPOS="373" WIDTH="465" HEIGHT="29">
					<TextBlock ID="block_2" HPOS="328" VPOS="373" WIDTH="465" HEIGHT="29">
						<TextLine ID="line_4" HPOS="328" VPOS="373" WIDTH="465" HEIGHT="29">
							<String ID="string_23" HPOS="328" VPOS="374" WIDTH="40" HEIGHT="24" WC="0.89" CONTENT="20."/><SP WIDTH="37" VPOS="374" HPOS="368"/>
							<String ID="string_24" HPOS="405" VPOS="374" WIDTH="160" HEIGHT="28" WC="0.73" CONTENT="Granlundska"/><SP WIDTH="19" VPOS="374" HPOS="565"/>
							<String ID="string_25" HPOS="584" VPOS="373" WIDTH="209" HEIGHT="29" WC="0.92" CONTENT="danaarfsfonden."/>
						</TextLine>
					</TextBlock>
				</ComposedBlock>
				<ComposedBlock ID="cblock_4" HPOS="181" VPOS="443" WIDTH="758" HEIGHT="199">
					<TextBlock ID="block_3" HPOS="181" VPOS="443" WIDTH="758" HEIGHT="199">
						<TextLine ID="line_5" HPOS="252" VPOS="443" WIDTH="686" HEIGHT="28">
							<String ID="string_26" HPOS="252" VPOS="443" WIDTH="72" HEIGHT="27" WC="0.93" CONTENT="Enligt"/><SP WIDTH="21" VPOS="443" HPOS="324"/>
							<String ID="string_27" HPOS="345" VPOS="443" WIDTH="110" HEIGHT="22" WC="0.92" CONTENT="föreskrift"/><SP WIDTH="24" VPOS="443" HPOS="455"/>
							<String ID="string_28" HPOS="479" VPOS="443" WIDTH="46" HEIGHT="22" WC="0.93" CONTENT="frän"/><SP WIDTH="21" VPOS="443" HPOS="525"/>
							<String ID="string_29" HPOS="546" VPOS="443" WIDTH="247" HEIGHT="28" WC="0.92" CONTENT="Finans-Expeditionen"/><SP WIDTH="23" VPOS="443" HPOS="793"/>
							<String ID="string_30" HPOS="816" VPOS="443" WIDTH="23" HEIGHT="21" WC="0.96" CONTENT="af"/><SP WIDTH="16" VPOS="443" HPOS="839"/>
							<String ID="string_31" HPOS="855" VPOS="443" WIDTH="40" HEIGHT="22" WC="0.96" CONTENT="den"/><SP WIDTH="15" VPOS="443" HPOS="895"/>
							<String ID="string_32" HPOS="910" VPOS="443" WIDTH="28" HEIGHT="21" WC="0.96" CONTENT="24"/>
						</TextLine>
						<TextLine ID="line_6" HPOS="182" VPOS="476" WIDTH="757" HEIGHT="29">
							<String ID="string_33" HPOS="182" VPOS="476" WIDTH="106" HEIGHT="23" WC="0.96" CONTENT="Februari"/><SP WIDTH="16" VPOS="476" HPOS="288"/>
							<String ID="string_34" HPOS="304" VPOS="477" WIDTH="54" HEIGHT="22" WC="0.96" CONTENT="1880"/><SP WIDTH="15" VPOS="477" HPOS="358"/>
							<String ID="string_35" HPOS="373" VPOS="477" WIDTH="55" HEIGHT="22" WC="0.96" CONTENT="skall"/><SP WIDTH="15" VPOS="477" HPOS="428"/>
							<String ID="string_36" HPOS="443" VPOS="478" WIDTH="23" HEIGHT="21" WC="0.96" CONTENT="af"/><SP WIDTH="13" VPOS="478" HPOS="466"/>
							<String ID="string_37" HPOS="479" VPOS="479" WIDTH="37" HEIGHT="20" WC="0.93" CONTENT="det"/><SP WIDTH="14" VPOS="479" HPOS="516"/>
							<String ID="string_38" HPOS="530" VPOS="478" WIDTH="95" HEIGHT="27" WC="0.92" CONTENT="danaarf,"/><SP WIDTH="23" VPOS="478" HPOS="625"/>
							<String ID="string_39" HPOS="648" VPOS="484" WIDTH="46" HEIGHT="15" WC="0.96" CONTENT="som"/><SP WIDTH="16" VPOS="484" HPOS="694"/>
							<String ID="string_40" HPOS="710" VPOS="477" WIDTH="55" HEIGHT="22" WC="0.93" CONTENT="efter"/><SP WIDTH="13" VPOS="477" HPOS="765"/>
							<String ID="string_41" HPOS="778" VPOS="477" WIDTH="161" HEIGHT="28" WC="0.92" CONTENT="Boktryckaren"/>
						</TextLine>
						<TextLine ID="line_7" HPOS="182" VPOS="507" WIDTH="757" HEIGHT="32">
							<String ID="string_42" HPOS="182" VPOS="511" WIDTH="71" HEIGHT="22" WC="0.96" CONTENT="Johan"/><SP WIDTH="14" VPOS="511" HPOS="253"/>
							<String ID="string_43" HPOS="267" VPOS="511" WIDTH="91" HEIGHT="22" WC="0.96" CONTENT="Fredrik"/><SP WIDTH="15" VPOS="511" HPOS="358"/>
							<String ID="string_44" HPOS="373" VPOS="512" WIDTH="109" HEIGHT="21" WC="0.96" CONTENT="Granlund"/><SP WIDTH="15" VPOS="512" HPOS="482"/>
							<String ID="string_45" HPOS="497" VPOS="513" WIDTH="8" HEIGHT="20" WC="0.93" CONTENT="i"/><SP WIDTH="15" VPOS="513" HPOS="505"/>
							<String ID="string_46" HPOS="520" VPOS="507" WIDTH="47" HEIGHT="27" WC="0.92" CONTENT="Åbo"/><SP WIDTH="16" VPOS="507" HPOS="567"/>
							<String ID="string_47" HPOS="583" VPOS="513" WIDTH="89" HEIGHT="21" WC="0.85" CONTENT="tillfallit"/><SP WIDTH="15" VPOS="513" HPOS="672"/>
							<String ID="string_48" HPOS="687" VPOS="513" WIDTH="78" HEIGHT="26" WC="0.93" CONTENT="staten,"/><SP WIDTH="20" VPOS="513" HPOS="765"/>
							<String ID="string_49" HPOS="785" VPOS="513" WIDTH="78" HEIGHT="25" WC="0.93" CONTENT="50,599"/><SP WIDTH="15" VPOS="513" HPOS="863"/>
							<String ID="string_50" HPOS="878" VPOS="512" WIDTH="61" HEIGHT="21" WC="0.97" CONTENT="mark"/>
						</TextLine>
						<TextLine ID="line_8" HPOS="183" VPOS="545" WIDTH="755" HEIGHT="29">
							<String ID="string_51" HPOS="183" VPOS="545" WIDTH="27" HEIGHT="21" WC="0.96" CONTENT="78"/><SP WIDTH="22" VPOS="545" HPOS="210"/>
							<String ID="string_52" HPOS="232" VPOS="546" WIDTH="64" HEIGHT="27" WC="0.96" CONTENT="penni"/><SP WIDTH="21" VPOS="546" HPOS="296"/>
							<String ID="string_53" HPOS="317" VPOS="552" WIDTH="121" HEIGHT="16" WC="0.96" CONTENT="reserveras"/><SP WIDTH="15" VPOS="552" HPOS="438"/>
							<String ID="string_54" HPOS="453" VPOS="547" WIDTH="34" HEIGHT="21" WC="0.93" CONTENT="till"/><SP WIDTH="14" VPOS="547" HPOS="487"/>
							<String ID="string_55" HPOS="501" VPOS="547" WIDTH="137" HEIGHT="21" WC="0.93" CONTENT="bestridande"/><SP WIDTH="15" VPOS="547" HPOS="638"/>
							<String ID="string_56" HPOS="653" VPOS="547" WIDTH="22" HEIGHT="21" WC="0.96" CONTENT="af"/><SP WIDTH="14" VPOS="547" HPOS="675"/>
							<String ID="string_57" HPOS="689" VPOS="553" WIDTH="27" HEIGHT="15" WC="0.93" CONTENT="en"/><SP WIDTH="15" VPOS="553" HPOS="716"/>
							<String ID="string_58" HPOS="731" VPOS="546" WIDTH="96" HEIGHT="22" WC="0.90" CONTENT="tilltänkt"/><SP WIDTH="14" VPOS="546" HPOS="827"/>
							<String ID="string_59" HPOS="841" VPOS="546" WIDTH="97" HEIGHT="28" WC="0.89" CONTENT="byggnad"/>
						</TextLine>
						<TextLine ID="line_9" HPOS="181" VPOS="579" WIDTH="756" HEIGHT="29">
							<String ID="string_60" HPOS="181" VPOS="579" WIDTH="35" HEIGHT="22" WC="0.93" CONTENT="för"/><SP WIDTH="21" VPOS="579" HPOS="216"/>
							<String ID="string_61" HPOS="237" VPOS="580" WIDTH="155" HEIGHT="27" WC="0.84" CONTENT=",Föreningens"/><SP WIDTH="22" VPOS="580" HPOS="392"/>
							<String ID="string_62" HPOS="414" VPOS="581" WIDTH="33" HEIGHT="21" WC="0.93" CONTENT="för"/><SP WIDTH="22" VPOS="581" HPOS="447"/>
							<String ID="string_63" HPOS="469" VPOS="581" WIDTH="137" HEIGHT="21" WC="0.60" CONTENT="konstfliten*"/><SP WIDTH="23" VPOS="581" HPOS="606"/>
							<String ID="string_64" HPOS="629" VPOS="581" WIDTH="61" HEIGHT="22" WC="0.96" CONTENT="skola"/><SP WIDTH="22" VPOS="581" HPOS="690"/>
							<String ID="string_65" HPOS="712" VPOS="581" WIDTH="8" HEIGHT="21" WC="0.96" CONTENT="i"/><SP WIDTH="22" VPOS="581" HPOS="720"/>
							<String ID="string_66" HPOS="742" VPOS="580" WIDTH="134" HEIGHT="28" WC="0.96" CONTENT="Helsingfors"/><SP WIDTH="23" VPOS="580" HPOS="876"/>
							<String ID="string_67" HPOS="899" VPOS="580" WIDTH="38" HEIGHT="22" WC="0.96" CONTENT="och"/>
						</TextLine>
						<TextLine ID="line_10" HPOS="181" VPOS="614" WIDTH="607" HEIGHT="28">
							<String ID="string_68" HPOS="181" VPOS="614" WIDTH="45" HEIGHT="21" WC="0.96" CONTENT="tills"/><SP WIDTH="14" VPOS="614" HPOS="226"/>
							<String ID="string_69" HPOS="240" VPOS="614" WIDTH="73" HEIGHT="21" WC="0.93" CONTENT="vidare"/><SP WIDTH="15" VPOS="614" HPOS="313"/>
							<String ID="string_70" HPOS="328" VPOS="616" WIDTH="103" HEIGHT="21" WC="0.92" CONTENT="omsättas"/><SP WIDTH="15" VPOS="616" HPOS="431"/>
							<String ID="string_71" HPOS="446" VPOS="615" WIDTH="7" HEIGHT="21" WC="0.93" CONTENT="i"/><SP WIDTH="15" VPOS="615" HPOS="453"/>
							<String ID="string_72" HPOS="468" VPOS="615" WIDTH="156" HEIGHT="22" WC="0.92" CONTENT="räntebärande"/><SP WIDTH="15" VPOS="615" HPOS="624"/>
							<String ID="string_73" HPOS="639" VPOS="615" WIDTH="149" HEIGHT="27" WC="0.92" CONTENT="obligationer."/>
						</TextLine>
					</TextBlock>
				</ComposedBlock>
				<ComposedBlock ID="cblock_5" HPOS="416" VPOS="718" WIDTH="288" HEIGHT="34">
					<TextBlock ID="block_4" HPOS="416" VPOS="718" WIDTH="288" HEIGHT="34">
						<TextLine ID="line_11" HPOS="416" VPOS="718" WIDTH="288" HEIGHT="34">
							<String ID="string_74" HPOS="416" VPOS="719" WIDTH="40" HEIGHT="24" WC="0.84" CONTENT="21."/><SP WIDTH="37" VPOS="719" HPOS="456"/>
							<String ID="string_75" HPOS="493" VPOS="718" WIDTH="211" HEIGHT="34" WC="0.79" CONTENT="Jernvägsfonden."/>
						</TextLine>
					</TextBlock>
				</ComposedBlock>
				<ComposedBlock ID="cblock_6" HPOS="180" VPOS="785" WIDTH="758" HEIGHT="200">
					<TextBlock ID="block_5" HPOS="180" VPOS="785" WIDTH="758" HEIGHT="200">
						<TextLine ID="line_12" HPOS="250" VPOS="785" WIDTH="688" HEIGHT="23">
							<String ID="string_76" HPOS="250" VPOS="785" WIDTH="57" HEIGHT="22" WC="0.96" CONTENT="Från"/><SP WIDTH="23" VPOS="785" HPOS="307"/>
							<String ID="string_77" HPOS="330" VPOS="786" WIDTH="38" HEIGHT="21" WC="0.95" CONTENT="och"/><SP WIDTH="23" VPOS="786" HPOS="368"/>
							<String ID="string_78" HPOS="391" VPOS="787" WIDTH="48" HEIGHT="21" WC="0.96" CONTENT="med"/><SP WIDTH="24" VPOS="787" HPOS="439"/>
							<String ID="string_79" HPOS="463" VPOS="786" WIDTH="24" HEIGHT="22" WC="0.96" CONTENT="år"/><SP WIDTH="24" VPOS="786" HPOS="487"/>
							<String ID="string_80" HPOS="511" VPOS="787" WIDTH="53" HEIGHT="20" WC="0.96" CONTENT="1878"/><SP WIDTH="16" VPOS="787" HPOS="564"/>
							<String ID="string_81" HPOS="580" VPOS="787" WIDTH="61" HEIGHT="21" WC="0.93" CONTENT="skola"/><SP WIDTH="15" VPOS="787" HPOS="641"/>
							<String ID="string_82" HPOS="656" VPOS="786" WIDTH="147" HEIGHT="21" WC="0.95" CONTENT="inkomsterna"/><SP WIDTH="14" VPOS="786" HPOS="803"/>
							<String ID="string_83" HPOS="817" VPOS="786" WIDTH="47" HEIGHT="21" WC="0.96" CONTENT="från"/><SP WIDTH="16" VPOS="786" HPOS="864"/>
							<String ID="string_84" HPOS="880" VPOS="786" WIDTH="58" HEIGHT="21" WC="0.95" CONTENT="såväl"/>
						</TextLine>
						<TextLine ID="line_13" HPOS="181" VPOS="819" WIDTH="757" HEIGHT="29">
							<String ID="string_85" HPOS="181" VPOS="819" WIDTH="456" HEIGHT="28" WC="0.77" CONTENT="Helsingfors"/><SP WIDTH="-317" VPOS="819" HPOS="637"/>
							<String ID="string_86" HPOS="320" VPOS="815" WIDTH="10" HEIGHT="37" WC="0.77" CONTENT="-"/><SP WIDTH="8" VPOS="815" HPOS="330"/>
							<String ID="string_87" HPOS="338" VPOS="819" WIDTH="299" HEIGHT="28" WC="0.54" CONTENT="Tavastehus-Riihimäki-S:t"/><SP WIDTH="14" VPOS="819" HPOS="637"/>
							<String ID="string_88" HPOS="651" VPOS="821" WIDTH="132" HEIGHT="26" WC="0.96" CONTENT="Petersburg"/><SP WIDTH="15" VPOS="821" HPOS="783"/>
							<String ID="string_89" HPOS="798" VPOS="821" WIDTH="40" HEIGHT="20" WC="0.93" CONTENT="och"/><SP WIDTH="12" VPOS="821" HPOS="838"/>
							<String ID="string_90" HPOS="850" VPOS="821" WIDTH="88" HEIGHT="27" WC="0.92" CONTENT="Hangö-"/>
						</TextLine>
						<TextLine ID="line_14" HPOS="181" VPOS="853" WIDTH="756" HEIGHT="29">
							<String ID="string_91" HPOS="181" VPOS="853" WIDTH="97" HEIGHT="28" WC="0.93" CONTENT="Hyvinge"/><SP WIDTH="13" VPOS="853" HPOS="278"/>
							<String ID="string_92" HPOS="291" VPOS="854" WIDTH="113" HEIGHT="28" WC="0.91" CONTENT="jernvägar"/><SP WIDTH="14" VPOS="854" HPOS="404"/>
							<String ID="string_93" HPOS="418" VPOS="855" WIDTH="101" HEIGHT="22" WC="0.96" CONTENT="bokföras"/><SP WIDTH="15" VPOS="855" HPOS="519"/>
							<String ID="string_94" HPOS="534" VPOS="855" WIDTH="7" HEIGHT="21" WC="0.96" CONTENT="i"/><SP WIDTH="15" VPOS="855" HPOS="541"/>
							<String ID="string_95" HPOS="556" VPOS="855" WIDTH="70" HEIGHT="21" WC="0.96" CONTENT="denna"/><SP WIDTH="14" VPOS="855" HPOS="626"/>
							<String ID="string_96" HPOS="640" VPOS="855" WIDTH="58" HEIGHT="26" WC="0.95" CONTENT="fond,"/><SP WIDTH="16" VPOS="855" HPOS="698"/>
							<String ID="string_97" HPOS="714" VPOS="855" WIDTH="48" HEIGHT="21" WC="0.96" CONTENT="från"/><SP WIDTH="15" VPOS="855" HPOS="762"/>
							<String ID="string_98" HPOS="777" VPOS="855" WIDTH="86" HEIGHT="21" WC="0.96" CONTENT="hvilken"/><SP WIDTH="14" VPOS="855" HPOS="863"/>
							<String ID="string_99" HPOS="877" VPOS="855" WIDTH="60" HEIGHT="22" WC="0.96" CONTENT="äfven"/>
						</TextLine>
						<TextLine ID="line_15" HPOS="180" VPOS="888" WIDTH="758" HEIGHT="28">
							<String ID="string_100" HPOS="180" VPOS="888" WIDTH="80" HEIGHT="27" WC="0.96" CONTENT="nödiga"/><SP WIDTH="15" VPOS="888" HPOS="260"/>
							<String ID="string_101" HPOS="275" VPOS="889" WIDTH="86" HEIGHT="26" WC="0.96" CONTENT="utgifter"/><SP WIDTH="14" VPOS="889" HPOS="361"/>
							<String ID="string_102" HPOS="375" VPOS="889" WIDTH="34" HEIGHT="22" WC="0.96" CONTENT="för"/><SP WIDTH="15" VPOS="889" HPOS="409"/>
							<String ID="string_103" HPOS="424" VPOS="889" WIDTH="63" HEIGHT="22" WC="0.93" CONTENT="dessa"/><SP WIDTH="12" VPOS="889" HPOS="487"/>
							<String ID="string_104" HPOS="499" VPOS="889" WIDTH="113" HEIGHT="27" WC="0.92" CONTENT="jernvägar"/><SP WIDTH="15" VPOS="889" HPOS="612"/>
							<String ID="string_105" HPOS="627" VPOS="889" WIDTH="114" HEIGHT="22" WC="0.96" CONTENT="bestridas."/><SP WIDTH="30" VPOS="889" HPOS="741"/>
							<String ID="string_106" HPOS="771" VPOS="889" WIDTH="88" HEIGHT="21" WC="0.96" CONTENT="Fonden"/><SP WIDTH="16" VPOS="889" HPOS="859"/>
							<String ID="string_107" HPOS="875" VPOS="891" WIDTH="63" HEIGHT="25" WC="0.96" CONTENT="utgör"/>
						</TextLine>
						<TextLine ID="line_16" HPOS="181" VPOS="923" WIDTH="757" HEIGHT="28">
							<String ID="string_108" HPOS="181" VPOS="923" WIDTH="120" HEIGHT="26" WC="0.96" CONTENT="egentligen"/><SP WIDTH="22" VPOS="923" HPOS="301"/>
							<String ID="string_109" HPOS="323" VPOS="923" WIDTH="75" HEIGHT="21" WC="0.96" CONTENT="endast"/><SP WIDTH="21" VPOS="923" HPOS="398"/>
							<String ID="string_110" HPOS="419" VPOS="925" WIDTH="32" HEIGHT="20" WC="0.96" CONTENT="ett"/><SP WIDTH="17" VPOS="925" HPOS="451"/>
							<String ID="string_111" HPOS="468" VPOS="924" WIDTH="7" HEIGHT="21" WC="0.96" CONTENT="i"/><SP WIDTH="16" VPOS="924" HPOS="475"/>
							<String ID="string_112" HPOS="491" VPOS="923" WIDTH="169" HEIGHT="22" WC="0.96" CONTENT="Statskontorets"/><SP WIDTH="15" VPOS="923" HPOS="660"/>
							<String ID="string_113" HPOS="675" VPOS="923" WIDTH="146" HEIGHT="27" WC="0.96" CONTENT="räkenskaper"/><SP WIDTH="14" VPOS="923" HPOS="821"/>
							<String ID="string_114" HPOS="835" VPOS="925" WIDTH="103" HEIGHT="26" WC="0.96" CONTENT="upptaget"/>
						</TextLine>
						<TextLine ID="line_17" HPOS="180" VPOS="956" WIDTH="657" HEIGHT="29">
							<String ID="string_115" HPOS="180" VPOS="956" WIDTH="67" HEIGHT="22" WC="0.96" CONTENT="konto"/><SP WIDTH="15" VPOS="956" HPOS="247"/>
							<String ID="string_116" HPOS="262" VPOS="957" WIDTH="34" HEIGHT="21" WC="0.96" CONTENT="för"/><SP WIDTH="14" VPOS="957" HPOS="296"/>
							<String ID="string_117" HPOS="310" VPOS="958" WIDTH="92" HEIGHT="21" WC="0.92" CONTENT="nämnda"/><SP WIDTH="13" VPOS="958" HPOS="402"/>
							<String ID="string_118" HPOS="415" VPOS="958" WIDTH="124" HEIGHT="27" WC="0.91" CONTENT="jernvägars"/><SP WIDTH="15" VPOS="958" HPOS="539"/>
							<String ID="string_119" HPOS="554" VPOS="958" WIDTH="118" HEIGHT="21" WC="0.96" CONTENT="inkomster"/><SP WIDTH="15" VPOS="958" HPOS="672"/>
							<String ID="string_120" HPOS="687" VPOS="958" WIDTH="41" HEIGHT="21" WC="0.96" CONTENT="och"/><SP WIDTH="15" VPOS="958" HPOS="728"/>
							<String ID="string_121" HPOS="743" VPOS="957" WIDTH="94" HEIGHT="28" WC="0.96" CONTENT="utgifter."/>
						</TextLine>
					</TextBlock>
				</ComposedBlock>
				<ComposedBlock ID="cblock_7" HPOS="412" VPOS="1060" WIDTH="299" HEIGHT="28">
					<TextBlock ID="block_6" HPOS="412" VPOS="1060" WIDTH="299" HEIGHT="28">
						<TextLine ID="line_18" HPOS="412" VPOS="1060" WIDTH="299" HEIGHT="28">
							<String ID="string_122" HPOS="412" VPOS="1061" WIDTH="40" HEIGHT="24" WC="0.91" CONTENT="22."/><SP WIDTH="38" VPOS="1061" HPOS="452"/>
							<String ID="string_123" HPOS="490" VPOS="1060" WIDTH="221" HEIGHT="28" WC="0.88" CONTENT="Domarnäsfonden."/>
						</TextLine>
					</TextBlock>
				</ComposedBlock>
				<ComposedBlock ID="cblock_8" HPOS="179" VPOS="1127" WIDTH="759" HEIGHT="337">
					<TextBlock ID="block_7" HPOS="179" VPOS="1127" WIDTH="759" HEIGHT="337">
						<TextLine ID="line_19" HPOS="249" VPOS="1127" WIDTH="689" HEIGHT="28">
							<String ID="string_124" HPOS="249" VPOS="1127" WIDTH="48" HEIGHT="22" WC="0.96" CONTENT="Den"/><SP WIDTH="23" VPOS="1127" HPOS="297"/>
							<String ID="string_125" HPOS="320" VPOS="1133" WIDTH="40" HEIGHT="16" WC="0.96" CONTENT="ena"/><SP WIDTH="13" VPOS="1133" HPOS="360"/>
							<String ID="string_126" HPOS="373" VPOS="1127" WIDTH="83" HEIGHT="22" WC="0.96" CONTENT="hälften"/><SP WIDTH="15" VPOS="1127" HPOS="456"/>
							<String ID="string_127" HPOS="471" VPOS="1128" WIDTH="22" HEIGHT="21" WC="0.93" CONTENT="af"/><SP WIDTH="13" VPOS="1128" HPOS="493"/>
							<String ID="string_128" HPOS="506" VPOS="1128" WIDTH="221" HEIGHT="27" WC="0.91" CONTENT="auktionsskillingen,"/><SP WIDTH="24" VPOS="1128" HPOS="727"/>
							<String ID="string_129" HPOS="751" VPOS="1134" WIDTH="46" HEIGHT="15" WC="0.93" CONTENT="som"/><SP WIDTH="14" VPOS="1134" HPOS="797"/>
							<String ID="string_130" HPOS="811" VPOS="1128" WIDTH="80" HEIGHT="21" WC="0.90" CONTENT="influtit"/><SP WIDTH="13" VPOS="1128" HPOS="891"/>
							<String ID="string_131" HPOS="904" VPOS="1128" WIDTH="34" HEIGHT="21" WC="0.96" CONTENT="för"/>
						</TextLine>
						<TextLine ID="line_20" HPOS="180" VPOS="1161" WIDTH="755" HEIGHT="28">
							<String ID="string_132" HPOS="180" VPOS="1162" WIDTH="41" HEIGHT="21" WC="0.95" CONTENT="den"/><SP WIDTH="14" VPOS="1162" HPOS="221"/>
							<String ID="string_133" HPOS="235" VPOS="1161" WIDTH="49" HEIGHT="22" WC="0.93" CONTENT="från"/><SP WIDTH="9" VPOS="1161" HPOS="284"/>
							<String ID="string_134" HPOS="293" VPOS="1162" WIDTH="120" HEIGHT="21" WC="0.91" CONTENT="Domarnäs"/><SP WIDTH="15" VPOS="1162" HPOS="413"/>
							<String ID="string_135" HPOS="428" VPOS="1163" WIDTH="91" HEIGHT="21" WC="0.91" CONTENT="boställe"/><SP WIDTH="15" VPOS="1163" HPOS="519"/>
							<String ID="string_136" HPOS="534" VPOS="1163" WIDTH="41" HEIGHT="21" WC="0.96" CONTENT="den"/><SP WIDTH="15" VPOS="1163" HPOS="575"/>
							<String ID="string_137" HPOS="590" VPOS="1163" WIDTH="28" HEIGHT="21" WC="0.96" CONTENT="26"/><SP WIDTH="13" VPOS="1163" HPOS="618"/>
							<String ID="string_138" HPOS="631" VPOS="1163" WIDTH="62" HEIGHT="26" WC="0.95" CONTENT="April"/><SP WIDTH="13" VPOS="1163" HPOS="693"/>
							<String ID="string_139" HPOS="706" VPOS="1163" WIDTH="55" HEIGHT="21" WC="0.93" CONTENT="1879"/><SP WIDTH="10" VPOS="1163" HPOS="761"/>
							<String ID="string_140" HPOS="771" VPOS="1162" WIDTH="96" HEIGHT="21" WC="0.92" CONTENT="försålda"/><SP WIDTH="10" VPOS="1162" HPOS="867"/>
							<String ID="string_141" HPOS="877" VPOS="1162" WIDTH="58" HEIGHT="27" WC="0.96" CONTENT="skog,"/>
						</TextLine>
						<TextLine ID="line_21" HPOS="179" VPOS="1195" WIDTH="759" HEIGHT="24">
							<String ID="string_142" HPOS="179" VPOS="1196" WIDTH="104" HEIGHT="21" WC="0.96" CONTENT="förvaltas"/><SP WIDTH="15" VPOS="1196" HPOS="283"/>
							<String ID="string_143" HPOS="298" VPOS="1195" WIDTH="69" HEIGHT="22" WC="0.96" CONTENT="såsom"/><SP WIDTH="16" VPOS="1195" HPOS="367"/>
							<String ID="string_144" HPOS="383" VPOS="1203" WIDTH="26" HEIGHT="14" WC="0.96" CONTENT="en"/><SP WIDTH="15" VPOS="1203" HPOS="409"/>
							<String ID="string_145" HPOS="424" VPOS="1197" WIDTH="91" HEIGHT="21" WC="0.96" CONTENT="särskild"/><SP WIDTH="14" VPOS="1197" HPOS="515"/>
							<String ID="string_146" HPOS="529" VPOS="1197" WIDTH="52" HEIGHT="21" WC="0.96" CONTENT="fond"/><SP WIDTH="15" VPOS="1197" HPOS="581"/>
							<String ID="string_147" HPOS="596" VPOS="1198" WIDTH="68" HEIGHT="21" WC="0.93" CONTENT="under"/><SP WIDTH="15" VPOS="1198" HPOS="664"/>
							<String ID="string_148" HPOS="679" VPOS="1197" WIDTH="154" HEIGHT="21" WC="0.91" CONTENT="ofvanstående"/><SP WIDTH="18" VPOS="1197" HPOS="833"/>
							<String ID="string_149" HPOS="851" VPOS="1197" WIDTH="87" HEIGHT="21" WC="0.92" CONTENT="benäm-"/>
						</TextLine>
						<TextLine ID="line_22" HPOS="179" VPOS="1230" WIDTH="757" HEIGHT="29">
							<String ID="string_150" HPOS="179" VPOS="1230" WIDTH="51" HEIGHT="27" WC="0.96" CONTENT="ning"/><SP WIDTH="24" VPOS="1230" HPOS="230"/>
							<String ID="string_151" HPOS="254" VPOS="1230" WIDTH="40" HEIGHT="21" WC="0.96" CONTENT="och"/><SP WIDTH="21" VPOS="1230" HPOS="294"/>
							<String ID="string_152" HPOS="315" VPOS="1231" WIDTH="121" HEIGHT="21" WC="0.96" CONTENT="remitteras"/><SP WIDTH="23" VPOS="1231" HPOS="436"/>
							<String ID="string_153" HPOS="459" VPOS="1233" WIDTH="76" HEIGHT="19" WC="0.96" CONTENT="räntan"/><SP WIDTH="20" VPOS="1233" HPOS="535"/>
							<String ID="string_154" HPOS="555" VPOS="1231" WIDTH="61" HEIGHT="22" WC="0.96" CONTENT="deraf"/><SP WIDTH="14" VPOS="1231" HPOS="616"/>
							<String ID="string_155" HPOS="630" VPOS="1231" WIDTH="83" HEIGHT="28" WC="0.96" CONTENT="årligen"/><SP WIDTH="15" VPOS="1231" HPOS="713"/>
							<String ID="string_156" HPOS="728" VPOS="1231" WIDTH="33" HEIGHT="21" WC="0.96" CONTENT="till"/><SP WIDTH="16" VPOS="1231" HPOS="761"/>
							<String ID="string_157" HPOS="777" VPOS="1231" WIDTH="137" HEIGHT="21" WC="0.95" CONTENT="Guvernören"/><SP WIDTH="15" VPOS="1231" HPOS="914"/>
							<String ID="string_158" HPOS="929" VPOS="1231" WIDTH="7" HEIGHT="21" WC="0.96" CONTENT="i"/>
						</TextLine>
						<TextLine ID="line_23" HPOS="180" VPOS="1264" WIDTH="757" HEIGHT="29">
							<String ID="string_159" HPOS="180" VPOS="1265" WIDTH="66" HEIGHT="20" WC="0.96" CONTENT="Wasa"/><SP WIDTH="14" VPOS="1265" HPOS="246"/>
							<String ID="string_160" HPOS="260" VPOS="1265" WIDTH="42" HEIGHT="26" WC="0.96" CONTENT="län,"/><SP WIDTH="15" VPOS="1265" HPOS="302"/>
							<String ID="string_161" HPOS="317" VPOS="1264" WIDTH="35" HEIGHT="22" WC="0.96" CONTENT="för"/><SP WIDTH="14" VPOS="1264" HPOS="352"/>
							<String ID="string_162" HPOS="366" VPOS="1266" WIDTH="33" HEIGHT="20" WC="0.93" CONTENT="att"/><SP WIDTH="14" VPOS="1266" HPOS="399"/>
							<String ID="string_163" HPOS="413" VPOS="1265" WIDTH="201" HEIGHT="27" WC="0.92" CONTENT="Häradshöfdingen"/><SP WIDTH="15" VPOS="1265" HPOS="614"/>
							<String ID="string_164" HPOS="629" VPOS="1266" WIDTH="7" HEIGHT="20" WC="0.96" CONTENT="i"/><SP WIDTH="14" VPOS="1266" HPOS="636"/>
							<String ID="string_165" HPOS="650" VPOS="1265" WIDTH="118" HEIGHT="28" WC="0.96" CONTENT="Jyväskylä"/><SP WIDTH="15" VPOS="1265" HPOS="768"/>
							<String ID="string_166" HPOS="783" VPOS="1265" WIDTH="108" HEIGHT="27" WC="0.95" CONTENT="domsaga,"/><SP WIDTH="17" VPOS="1265" HPOS="891"/>
							<String ID="string_167" HPOS="908" VPOS="1265" WIDTH="29" HEIGHT="27" WC="0.96" CONTENT="på"/>
						</TextLine>
						<TextLine ID="line_24" HPOS="179" VPOS="1298" WIDTH="757" HEIGHT="29">
							<String ID="string_168" HPOS="179" VPOS="1298" WIDTH="88" HEIGHT="21" WC="0.96" CONTENT="hvilken"/><SP WIDTH="21" VPOS="1298" HPOS="267"/>
							<String ID="string_169" HPOS="288" VPOS="1298" WIDTH="81" HEIGHT="22" WC="0.96" CONTENT="vården"/><SP WIDTH="22" VPOS="1298" HPOS="369"/>
							<String ID="string_170" HPOS="391" VPOS="1299" WIDTH="22" HEIGHT="21" WC="0.93" CONTENT="af"/><SP WIDTH="21" VPOS="1299" HPOS="413"/>
							<String ID="string_171" HPOS="434" VPOS="1300" WIDTH="112" HEIGHT="21" WC="0.90" CONTENT="boställets"/><SP WIDTH="23" VPOS="1300" HPOS="546"/>
							<String ID="string_172" HPOS="569" VPOS="1300" WIDTH="53" HEIGHT="27" WC="0.96" CONTENT="skog"/><SP WIDTH="22" VPOS="1300" HPOS="622"/>
							<String ID="string_173" HPOS="644" VPOS="1300" WIDTH="132" HEIGHT="26" WC="0.96" CONTENT="ankommer,"/><SP WIDTH="25" VPOS="1300" HPOS="776"/>
							<String ID="string_174" HPOS="801" VPOS="1301" WIDTH="46" HEIGHT="19" WC="0.93" CONTENT="mot"/><SP WIDTH="22" VPOS="1301" HPOS="847"/>
							<String ID="string_175" HPOS="869" VPOS="1300" WIDTH="67" HEIGHT="26" WC="0.91" CONTENT="qvitto"/>
						</TextLine>
						<TextLine ID="line_25" HPOS="179" VPOS="1333" WIDTH="759" HEIGHT="28">
							<String ID="string_176" HPOS="179" VPOS="1333" WIDTH="182" HEIGHT="21" WC="0.89" CONTENT="tillhandahällas."/><SP WIDTH="29" VPOS="1333" HPOS="361"/>
							<String ID="string_177" HPOS="390" VPOS="1334" WIDTH="31" HEIGHT="21" WC="0.95" CONTENT="På"/><SP WIDTH="14" VPOS="1334" HPOS="421"/>
							<String ID="string_178" HPOS="435" VPOS="1334" WIDTH="69" HEIGHT="27" WC="0.96" CONTENT="grund"/><SP WIDTH="14" VPOS="1334" HPOS="504"/>
							<String ID="string_179" HPOS="518" VPOS="1334" WIDTH="24" HEIGHT="22" WC="0.93" CONTENT="af"/><SP WIDTH="12" VPOS="1334" HPOS="542"/>
							<String ID="string_180" HPOS="554" VPOS="1334" WIDTH="283" HEIGHT="27" WC="0.91" CONTENT="Kammar-Expeditionens"/><SP WIDTH="17" VPOS="1334" HPOS="837"/>
							<String ID="string_181" HPOS="854" VPOS="1334" WIDTH="48" HEIGHT="21" WC="0.96" CONTENT="bref"/><SP WIDTH="13" VPOS="1334" HPOS="902"/>
							<String ID="string_182" HPOS="915" VPOS="1334" WIDTH="23" HEIGHT="21" WC="0.97" CONTENT="af"/>
						</TextLine>
						<TextLine ID="line_26" HPOS="180" VPOS="1367" WIDTH="756" HEIGHT="28">
							<String ID="string_183" HPOS="180" VPOS="1367" WIDTH="40" HEIGHT="21" WC="0.96" CONTENT="den"/><SP WIDTH="23" VPOS="1367" HPOS="220"/>
							<String ID="string_184" HPOS="243" VPOS="1368" WIDTH="28" HEIGHT="21" WC="0.96" CONTENT="22"/><SP WIDTH="16" VPOS="1368" HPOS="271"/>
							<String ID="string_185" HPOS="287" VPOS="1367" WIDTH="125" HEIGHT="27" WC="0.96" CONTENT="September"/><SP WIDTH="21" VPOS="1367" HPOS="412"/>
							<String ID="string_186" HPOS="433" VPOS="1369" WIDTH="55" HEIGHT="21" WC="0.93" CONTENT="1880"/><SP WIDTH="14" VPOS="1369" HPOS="488"/>
							<String ID="string_187" HPOS="502" VPOS="1368" WIDTH="101" HEIGHT="27" WC="0.92" CONTENT="päfördes"/><SP WIDTH="15" VPOS="1368" HPOS="603"/>
							<String ID="string_188" HPOS="618" VPOS="1369" WIDTH="70" HEIGHT="21" WC="0.93" CONTENT="denna"/><SP WIDTH="16" VPOS="1369" HPOS="688"/>
							<String ID="string_189" HPOS="704" VPOS="1368" WIDTH="51" HEIGHT="22" WC="0.93" CONTENT="fond"/><SP WIDTH="16" VPOS="1368" HPOS="755"/>
							<String ID="string_190" HPOS="771" VPOS="1368" WIDTH="118" HEIGHT="27" WC="0.96" CONTENT="ersättning"/><SP WIDTH="14" VPOS="1368" HPOS="889"/>
							<String ID="string_191" HPOS="903" VPOS="1368" WIDTH="33" HEIGHT="21" WC="0.96" CONTENT="för"/>
						</TextLine>
						<TextLine ID="line_27" HPOS="179" VPOS="1401" WIDTH="757" HEIGHT="29">
							<String ID="string_192" HPOS="179" VPOS="1401" WIDTH="41" HEIGHT="21" WC="0.96" CONTENT="den"/><SP WIDTH="15" VPOS="1401" HPOS="220"/>
							<String ID="string_193" HPOS="235" VPOS="1402" WIDTH="69" HEIGHT="26" WC="0.96" CONTENT="mark,"/><SP WIDTH="23" VPOS="1402" HPOS="304"/>
							<String ID="string_194" HPOS="327" VPOS="1408" WIDTH="46" HEIGHT="16" WC="0.93" CONTENT="som"/><SP WIDTH="14" VPOS="1408" HPOS="373"/>
							<String ID="string_195" HPOS="387" VPOS="1402" WIDTH="48" HEIGHT="22" WC="0.93" CONTENT="från"/><SP WIDTH="15" VPOS="1402" HPOS="435"/>
							<String ID="string_196" HPOS="450" VPOS="1402" WIDTH="120" HEIGHT="22" WC="0.91" CONTENT="Domarnäs"/><SP WIDTH="15" VPOS="1402" HPOS="570"/>
							<String ID="string_197" HPOS="585" VPOS="1403" WIDTH="103" HEIGHT="21" WC="0.87" CONTENT="boställes"/><SP WIDTH="24" VPOS="1403" HPOS="688"/>
							<String ID="string_198" HPOS="712" VPOS="1402" WIDTH="128" HEIGHT="28" WC="0.87" CONTENT="egoomräde"/><SP WIDTH="22" VPOS="1402" HPOS="840"/>
							<String ID="string_199" HPOS="862" VPOS="1408" WIDTH="74" HEIGHT="21" WC="0.91" CONTENT="expro-"/>
						</TextLine>
						<TextLine ID="line_28" HPOS="179" VPOS="1436" WIDTH="574" HEIGHT="28">
							<String ID="string_200" HPOS="179" VPOS="1436" WIDTH="92" HEIGHT="26" WC="0.92" CONTENT="prierats"/><SP WIDTH="14" VPOS="1436" HPOS="271"/>
							<String ID="string_201" HPOS="285" VPOS="1436" WIDTH="35" HEIGHT="22" WC="0.93" CONTENT="för"/><SP WIDTH="14" VPOS="1436" HPOS="320"/>
							<String ID="string_202" HPOS="334" VPOS="1437" WIDTH="218" HEIGHT="21" WC="0.92" CONTENT="Wasa-Tammerfors"/><SP WIDTH="14" VPOS="1437" HPOS="552"/>
							<String ID="string_203" HPOS="566" VPOS="1437" WIDTH="99" HEIGHT="27" WC="0.91" CONTENT="jernvägs"/><SP WIDTH="15" VPOS="1437" HPOS="665"/>
							<String ID="string_204" HPOS="680" VPOS="1437" WIDTH="73" HEIGHT="21" WC="0.92" CONTENT="behof."/>
						</TextLine>
					</TextBlock>
				</ComposedBlock>
			</PrintSpace>
		</Page>
	</Layout>
</alto>
