<?xml version="1.0" encoding="UTF-8"?>
<alto xmlns="http://www.loc.gov/standards/alto/ns-v3#" xmlns:xlink="http://www.w3.org/1999/xlink" xmlns:xsi="http://www.w3.org/2001/XMLSchema-instance" xsi:schemaLocation="http://www.loc.gov/standards/alto/ns-v3# http://www.loc.gov/alto/v3/alto-3-0.xsd">
	<Description>
		<MeasurementUnit>pixel</MeasurementUnit>
		<sourceImageInformation>
			<fileName>/tmp/tess_thflw2vx_input.PNG</fileName>
		</sourceImageInformation>
		<OCRProcessing ID="OCR_0">
			<ocrProcessingStep>
				<processingSoftware>
					<softwareName>tesseract 5.3.4</softwareName>
				</processingSoftware>
			</ocrProcessingStep>
		</OCRProcessing>
	</Description>
	<Layout>
		<Page WIDTH="1086" HEIGHT="1717" PHYSICAL_IMG_NR="0" ID="page_0">
			<PrintSpace HPOS="0" VPOS="0" WIDTH="1086" HEIGHT="1717">
				<ComposedBlock ID="cblock_0" HPOS="395" VPOS="153" WIDTH="444" HEIGHT="24">
					<TextBlock ID="block_0" HPOS="395" VPOS="153" WIDTH="444" HEIGHT="24">
						<TextLine ID="line_0" HPOS="395" VPOS="153" WIDTH="444" HEIGHT="24">
							<String ID="string_0" HPOS="395" VPOS="153" WIDTH="24" HEIGHT="24" WC="0.92" CONTENT="U."/><SP WIDTH="16" VPOS="153" HPOS="419"/>
							<String ID="string_1" HPOS="435" VPOS="154" WIDTH="23" HEIGHT="22" WC="0.88" CONTENT="B."/><SP WIDTH="15" VPOS="154" HPOS="458"/>
							<String ID="string_2" HPOS="473" VPOS="166" WIDTH="27" HEIGHT="6" WC="0.90" CONTENT="—"/><SP WIDTH="15" VPOS="166" HPOS="500"/>
							<String ID="string_3" HPOS="515" VPOS="153" WIDTH="87" HEIGHT="23" WC="0.41" CONTENT="XXXHN."/><SP WIDTH="211" VPOS="153" HPOS="602"/>
							<String ID="string_4" HPOS="813" VPOS="153" WIDTH="26" HEIGHT="22" WC="0.96" CONTENT="11"/>
						</TextLine>
					</TextBlock>
				</ComposedBlock>
				<ComposedBlock ID="cblock_1" HPOS="127" VPOS="216" WIDTH="750" HEIGHT="1297">
					<TextBlock ID="block_1" HPOS="127" VPOS="216" WIDTH="742" HEIGHT="58">
						<TextLine ID="line_1" HPOS="127" VPOS="216" WIDTH="742" HEIGHT="30">
							<String ID="string_5" HPOS="127" VPOS="217" WIDTH="56" HEIGHT="22" WC="0.96" CONTENT="sund"/><SP WIDTH="25" VPOS="217" HPOS="183"/>
							<String ID="string_6" HPOS="208" VPOS="217" WIDTH="130" HEIGHT="29" WC="0.92" CONTENT="utveckling"/><SP WIDTH="23" VPOS="217" HPOS="338"/>
							<String ID="string_7" HPOS="361" VPOS="217" WIDTH="26" HEIGHT="22" WC="0.93" CONTENT="af"/><SP WIDTH="20" VPOS="217" HPOS="387"/>
							<String ID="string_8" HPOS="407" VPOS="218" WIDTH="62" HEIGHT="21" WC="0.93" CONTENT="såväl"/><SP WIDTH="22" VPOS="218" HPOS="469"/>
							<String ID="string_9" HPOS="491" VPOS="217" WIDTH="157" HEIGHT="22" WC="0.91" CONTENT="bankrörelsen"/><SP WIDTH="22" VPOS="217" HPOS="648"/>
							<String ID="string_10" HPOS="670" VPOS="224" WIDTH="47" HEIGHT="15" WC="0.89" CONTENT="som"/><SP WIDTH="23" VPOS="224" HPOS="717"/>
							<String ID="string_11" HPOS="740" VPOS="216" WIDTH="129" HEIGHT="22" WC="0.79" CONTENT="affärslifvet"/>
						</TextLine>
						<TextLine ID="line_2" HPOS="127" VPOS="252" WIDTH="151" HEIGHT="22">
							<String ID="string_12" HPOS="127" VPOS="252" WIDTH="151" HEIGHT="22" WC="0.36" CONTENT="Ofverhufvud."/>
						</TextLine>
					</TextBlock>
					<TextBlock ID="block_2" HPOS="127" VPOS="286" WIDTH="744" HEIGHT="439">
						<TextLine ID="line_3" HPOS="196" VPOS="286" WIDTH="673" HEIGHT="27">
							<String ID="string_13" HPOS="196" VPOS="286" WIDTH="34" HEIGHT="21" WC="0.91" CONTENT="Dä"/><SP WIDTH="15" VPOS="286" HPOS="230"/>
							<String ID="string_14" HPOS="245" VPOS="286" WIDTH="70" HEIGHT="21" WC="0.88" CONTENT="likväl"/><SP WIDTH="15" VPOS="286" HPOS="315"/>
							<String ID="string_15" HPOS="330" VPOS="286" WIDTH="156" HEIGHT="22" WC="0.92" CONTENT="statsbankens"/><SP WIDTH="11" VPOS="286" HPOS="486"/>
							<String ID="string_16" HPOS="497" VPOS="286" WIDTH="187" HEIGHT="21" WC="0.89" CONTENT="hufvudändamäl"/><SP WIDTH="12" VPOS="286" HPOS="684"/>
							<String ID="string_17" HPOS="696" VPOS="288" WIDTH="25" HEIGHT="19" WC="0.96" CONTENT="är"/><SP WIDTH="10" VPOS="288" HPOS="721"/>
							<String ID="string_18" HPOS="731" VPOS="288" WIDTH="33" HEIGHT="19" WC="0.93" CONTENT="att"/><SP WIDTH="7" VPOS="288" HPOS="764"/>
							<String ID="string_19" HPOS="771" VPOS="287" WIDTH="98" HEIGHT="26" WC="0.93" CONTENT="upprätt-"/>
						</TextLine>
						<TextLine ID="line_4" HPOS="127" VPOS="319" WIDTH="743" HEIGHT="29">
							<String ID="string_20" HPOS="127" VPOS="320" WIDTH="61" HEIGHT="21" WC="0.92" CONTENT="hälla"/><SP WIDTH="9" VPOS="320" HPOS="188"/>
							<String ID="string_21" HPOS="197" VPOS="320" WIDTH="80" HEIGHT="28" WC="0.92" CONTENT="stadga"/><SP WIDTH="15" VPOS="320" HPOS="277"/>
							<String ID="string_22" HPOS="292" VPOS="320" WIDTH="41" HEIGHT="22" WC="0.93" CONTENT="och"/><SP WIDTH="15" VPOS="320" HPOS="333"/>
							<String ID="string_23" HPOS="348" VPOS="320" WIDTH="103" HEIGHT="22" WC="0.92" CONTENT="säkerhet"/><SP WIDTH="15" VPOS="320" HPOS="451"/>
							<String ID="string_24" HPOS="466" VPOS="320" WIDTH="7" HEIGHT="21" WC="0.93" CONTENT="i"/><SP WIDTH="16" VPOS="320" HPOS="473"/>
							<String ID="string_25" HPOS="489" VPOS="320" WIDTH="86" HEIGHT="22" WC="0.90" CONTENT="landets"/><SP WIDTH="14" VPOS="320" HPOS="575"/>
							<String ID="string_26" HPOS="589" VPOS="320" WIDTH="181" HEIGHT="28" WC="0.91" CONTENT="penningeväsen"/><SP WIDTH="15" VPOS="320" HPOS="770"/>
							<String ID="string_27" HPOS="785" VPOS="320" WIDTH="40" HEIGHT="21" WC="0.96" CONTENT="och"/><SP WIDTH="17" VPOS="320" HPOS="825"/>
							<String ID="string_28" HPOS="842" VPOS="319" WIDTH="28" HEIGHT="21" WC="0.96" CONTENT="dä"/>
						</TextLine>
						<TextLine ID="line_5" HPOS="129" VPOS="354" WIDTH="740" HEIGHT="22">
							<String ID="string_29" HPOS="129" VPOS="354" WIDTH="44" HEIGHT="22" WC="0.96" CONTENT="hon"/><SP WIDTH="23" VPOS="354" HPOS="173"/>
							<String ID="string_30" HPOS="196" VPOS="354" WIDTH="55" HEIGHT="22" WC="0.96" CONTENT="först"/><SP WIDTH="22" VPOS="354" HPOS="251"/>
							<String ID="string_31" HPOS="273" VPOS="354" WIDTH="7" HEIGHT="21" WC="0.96" CONTENT="i"/><SP WIDTH="24" VPOS="354" HPOS="280"/>
							<String ID="string_32" HPOS="304" VPOS="355" WIDTH="69" HEIGHT="21" WC="0.93" CONTENT="andra"/><SP WIDTH="19" VPOS="355" HPOS="373"/>
							<String ID="string_33" HPOS="392" VPOS="356" WIDTH="91" HEIGHT="20" WC="0.91" CONTENT="rummet"/><SP WIDTH="16" VPOS="356" HPOS="483"/>
							<String ID="string_34" HPOS="499" VPOS="354" WIDTH="39" HEIGHT="22" WC="0.93" CONTENT="bör"/><SP WIDTH="15" VPOS="354" HPOS="538"/>
							<String ID="string_35" HPOS="553" VPOS="354" WIDTH="83" HEIGHT="22" WC="0.92" CONTENT="sträfva"/><SP WIDTH="15" VPOS="354" HPOS="636"/>
							<String ID="string_36" HPOS="651" VPOS="356" WIDTH="33" HEIGHT="20" WC="0.96" CONTENT="att"/><SP WIDTH="16" VPOS="356" HPOS="684"/>
							<String ID="string_37" HPOS="700" VPOS="354" WIDTH="25" HEIGHT="21" WC="0.97" CONTENT="af"/><SP WIDTH="13" VPOS="354" HPOS="725"/>
							<String ID="string_38" HPOS="738" VPOS="354" WIDTH="34" HEIGHT="22" WC="0.97" CONTENT="sin"/><SP WIDTH="16" VPOS="354" HPOS="772"/>
							<String ID="string_39" HPOS="788" VPOS="354" WIDTH="81" HEIGHT="21" WC="0.97" CONTENT="rörelse"/>
						</TextLine>
						<TextLine ID="line_6" HPOS="128" VPOS="388" WIDTH="742" HEIGHT="28">
							<String ID="string_40" HPOS="128" VPOS="388" WIDTH="82" HEIGHT="22" WC="0.95" CONTENT="skörda"/><SP WIDTH="21" VPOS="388" HPOS="210"/>
							<String ID="string_41" HPOS="231" VPOS="388" WIDTH="65" HEIGHT="28" WC="0.95" CONTENT="vinst,"/><SP WIDTH="23" VPOS="388" HPOS="296"/>
							<String ID="string_42" HPOS="319" VPOS="395" WIDTH="64" HEIGHT="15" WC="0.93" CONTENT="anser"/><SP WIDTH="20" VPOS="395" HPOS="383"/>
							<String ID="string_43" HPOS="403" VPOS="388" WIDTH="111" HEIGHT="22" WC="0.96" CONTENT="Utskottet"/><SP WIDTH="16" VPOS="388" HPOS="514"/>
							<String ID="string_44" HPOS="530" VPOS="396" WIDTH="26" HEIGHT="14" WC="0.93" CONTENT="en"/><SP WIDTH="16" VPOS="396" HPOS="556"/>
							<String ID="string_45" HPOS="572" VPOS="389" WIDTH="74" HEIGHT="21" WC="0.95" CONTENT="alltför"/><SP WIDTH="15" VPOS="389" HPOS="646"/>
							<String ID="string_46" HPOS="661" VPOS="388" WIDTH="122" HEIGHT="22" WC="0.93" CONTENT="vidsträckt"/><SP WIDTH="14" VPOS="388" HPOS="783"/>
							<String ID="string_47" HPOS="797" VPOS="390" WIDTH="73" HEIGHT="24" WC="0.92" CONTENT="utgre-"/>
						</TextLine>
						<TextLine ID="line_7" HPOS="128" VPOS="422" WIDTH="741" HEIGHT="29">
							<String ID="string_48" HPOS="128" VPOS="422" WIDTH="54" HEIGHT="29" WC="0.96" CONTENT="ning"/><SP WIDTH="15" VPOS="422" HPOS="182"/>
							<String ID="string_49" HPOS="197" VPOS="423" WIDTH="25" HEIGHT="21" WC="0.96" CONTENT="af"/><SP WIDTH="13" VPOS="423" HPOS="222"/>
							<String ID="string_50" HPOS="235" VPOS="422" WIDTH="107" HEIGHT="22" WC="0.96" CONTENT="Finlands"/><SP WIDTH="14" VPOS="422" HPOS="342"/>
							<String ID="string_51" HPOS="356" VPOS="423" WIDTH="73" HEIGHT="22" WC="0.96" CONTENT="banks"/><SP WIDTH="15" VPOS="423" HPOS="429"/>
							<String ID="string_52" HPOS="444" VPOS="422" WIDTH="139" HEIGHT="23" WC="0.96" CONTENT="verksamhet"/><SP WIDTH="15" VPOS="422" HPOS="583"/>
							<String ID="string_53" HPOS="598" VPOS="423" WIDTH="50" HEIGHT="22" WC="0.96" CONTENT="icke"/><SP WIDTH="16" VPOS="423" HPOS="648"/>
							<String ID="string_54" HPOS="664" VPOS="430" WIDTH="54" HEIGHT="15" WC="0.96" CONTENT="vara"/><SP WIDTH="15" VPOS="430" HPOS="718"/>
							<String ID="string_55" HPOS="733" VPOS="425" WIDTH="32" HEIGHT="19" WC="0.97" CONTENT="att"/><SP WIDTH="10" VPOS="425" HPOS="765"/>
							<String ID="string_56" HPOS="775" VPOS="422" WIDTH="94" HEIGHT="22" WC="0.96" CONTENT="förorda."/>
						</TextLine>
						<TextLine ID="line_8" HPOS="128" VPOS="456" WIDTH="743" HEIGHT="28">
							<String ID="string_57" HPOS="128" VPOS="457" WIDTH="80" HEIGHT="22" WC="0.96" CONTENT="Säkert"/><SP WIDTH="23" VPOS="457" HPOS="208"/>
							<String ID="string_58" HPOS="231" VPOS="459" WIDTH="25" HEIGHT="19" WC="0.96" CONTENT="är"/><SP WIDTH="23" VPOS="459" HPOS="256"/>
							<String ID="string_59" HPOS="279" VPOS="459" WIDTH="31" HEIGHT="20" WC="0.93" CONTENT="att"/><SP WIDTH="24" VPOS="459" HPOS="310"/>
							<String ID="string_60" HPOS="334" VPOS="457" WIDTH="138" HEIGHT="22" WC="0.91" CONTENT="landsortens"/><SP WIDTH="23" VPOS="457" HPOS="472"/>
							<String ID="string_61" HPOS="495" VPOS="457" WIDTH="72" HEIGHT="27" WC="0.91" CONTENT="behof,"/><SP WIDTH="16" VPOS="457" HPOS="567"/>
							<String ID="string_62" HPOS="583" VPOS="457" WIDTH="72" HEIGHT="22" WC="0.96" CONTENT="såsom"/><SP WIDTH="15" VPOS="457" HPOS="655"/>
							<String ID="string_63" HPOS="670" VPOS="457" WIDTH="50" HEIGHT="21" WC="0.96" CONTENT="från"/><SP WIDTH="15" VPOS="457" HPOS="720"/>
							<String ID="string_64" HPOS="735" VPOS="456" WIDTH="136" HEIGHT="28" WC="0.95" CONTENT="sakkunnigt"/>
						</TextLine>
						<TextLine ID="line_9" HPOS="128" VPOS="491" WIDTH="743" HEIGHT="28">
							<String ID="string_65" HPOS="128" VPOS="491" WIDTH="46" HEIGHT="22" WC="0.96" CONTENT="håll"/><SP WIDTH="22" VPOS="491" HPOS="174"/>
							<String ID="string_66" HPOS="196" VPOS="491" WIDTH="59" HEIGHT="22" WC="0.96" CONTENT="inom"/><SP WIDTH="23" VPOS="491" HPOS="255"/>
							<String ID="string_67" HPOS="278" VPOS="492" WIDTH="202" HEIGHT="27" WC="0.96" CONTENT="representationen"/><SP WIDTH="25" VPOS="492" HPOS="480"/>
							<String ID="string_68" HPOS="505" VPOS="492" WIDTH="88" HEIGHT="27" WC="0.92" CONTENT="nyligen"/><SP WIDTH="23" VPOS="492" HPOS="593"/>
							<String ID="string_69" HPOS="616" VPOS="492" WIDTH="98" HEIGHT="27" WC="0.89" CONTENT="antydts,"/><SP WIDTH="22" VPOS="492" HPOS="714"/>
							<String ID="string_70" HPOS="736" VPOS="492" WIDTH="8" HEIGHT="21" WC="0.96" CONTENT="i"/><SP WIDTH="23" VPOS="492" HPOS="744"/>
							<String ID="string_71" HPOS="767" VPOS="491" WIDTH="26" HEIGHT="22" WC="0.96" CONTENT="de"/><SP WIDTH="15" VPOS="491" HPOS="793"/>
							<String ID="string_72" HPOS="808" VPOS="491" WIDTH="63" HEIGHT="21" WC="0.96" CONTENT="flesta"/>
						</TextLine>
						<TextLine ID="line_10" HPOS="129" VPOS="525" WIDTH="742" HEIGHT="28">
							<String ID="string_73" HPOS="129" VPOS="526" WIDTH="39" HEIGHT="21" WC="0.95" CONTENT="fall"/><SP WIDTH="16" VPOS="526" HPOS="168"/>
							<String ID="string_74" HPOS="184" VPOS="526" WIDTH="72" HEIGHT="21" WC="0.93" CONTENT="bättre"/><SP WIDTH="15" VPOS="526" HPOS="256"/>
							<String ID="string_75" HPOS="271" VPOS="526" WIDTH="100" HEIGHT="27" WC="0.92" CONTENT="betjenas"/><SP WIDTH="16" VPOS="526" HPOS="371"/>
							<String ID="string_76" HPOS="387" VPOS="526" WIDTH="25" HEIGHT="21" WC="0.93" CONTENT="af"/><SP WIDTH="13" VPOS="526" HPOS="412"/>
							<String ID="string_77" HPOS="425" VPOS="526" WIDTH="193" HEIGHT="27" WC="0.92" CONTENT="privatbankerna,"/><SP WIDTH="16" VPOS="526" HPOS="618"/>
							<String ID="string_78" HPOS="634" VPOS="525" WIDTH="68" HEIGHT="22" WC="0.92" CONTENT="deder"/><SP WIDTH="16" VPOS="525" HPOS="702"/>
							<String ID="string_79" HPOS="718" VPOS="525" WIDTH="93" HEIGHT="22" WC="0.96" CONTENT="förutom"/><SP WIDTH="11" VPOS="525" HPOS="811"/>
							<String ID="string_80" HPOS="822" VPOS="525" WIDTH="49" HEIGHT="21" WC="0.96" CONTENT="sina"/>
						</TextLine>
						<TextLine ID="line_11" HPOS="131" VPOS="560" WIDTH="740" HEIGHT="27">
							<String ID="string_81" HPOS="131" VPOS="560" WIDTH="69" HEIGHT="27" WC="0.96" CONTENT="öfriga"/><SP WIDTH="24" VPOS="560" HPOS="200"/>
							<String ID="string_82" HPOS="224" VPOS="560" WIDTH="138" HEIGHT="27" WC="0.69" CONTENT="operationer"/><SP WIDTH="23" VPOS="560" HPOS="362"/>
							<String ID="string_83" HPOS="385" VPOS="563" WIDTH="37" HEIGHT="18" WC="0.96" CONTENT="äro"/><SP WIDTH="23" VPOS="563" HPOS="422"/>
							<String ID="string_84" HPOS="445" VPOS="560" WIDTH="7" HEIGHT="21" WC="0.95" CONTENT="i"/><SP WIDTH="19" VPOS="560" HPOS="452"/>
							<String ID="string_85" HPOS="471" VPOS="560" WIDTH="86" HEIGHT="21" WC="0.90" CONTENT="tillfälle"/><SP WIDTH="17" VPOS="560" HPOS="557"/>
							<String ID="string_86" HPOS="574" VPOS="562" WIDTH="31" HEIGHT="19" WC="0.96" CONTENT="att"/><SP WIDTH="16" VPOS="562" HPOS="605"/>
							<String ID="string_87" HPOS="621" VPOS="562" WIDTH="57" HEIGHT="19" WC="0.96" CONTENT="emot"/><SP WIDTH="15" VPOS="562" HPOS="678"/>
							<String ID="string_88" HPOS="693" VPOS="562" WIDTH="64" HEIGHT="19" WC="0.93" CONTENT="ränta"/><SP WIDTH="16" VPOS="562" HPOS="757"/>
							<String ID="string_89" HPOS="773" VPOS="561" WIDTH="98" HEIGHT="26" WC="0.88" CONTENT="upptaga"/>
						</TextLine>
						<TextLine ID="line_12" HPOS="131" VPOS="594" WIDTH="739" HEIGHT="28">
							<String ID="string_90" HPOS="131" VPOS="594" WIDTH="147" HEIGHT="28" WC="0.93" CONTENT="depositioner"/><SP WIDTH="9" VPOS="594" HPOS="278"/>
							<String ID="string_91" HPOS="287" VPOS="607" WIDTH="27" HEIGHT="3" WC="0.92" CONTENT="—"/><SP WIDTH="15" VPOS="607" HPOS="314"/>
							<String ID="string_92" HPOS="329" VPOS="595" WIDTH="89" HEIGHT="21" WC="0.93" CONTENT="hvilken"/><SP WIDTH="12" VPOS="595" HPOS="418"/>
							<String ID="string_93" HPOS="430" VPOS="595" WIDTH="178" HEIGHT="21" WC="0.91" CONTENT="rörelsebranche"/><SP WIDTH="9" VPOS="595" HPOS="608"/>
							<String ID="string_94" HPOS="617" VPOS="597" WIDTH="24" HEIGHT="18" WC="0.96" CONTENT="är"/><SP WIDTH="8" VPOS="597" HPOS="641"/>
							<String ID="string_95" HPOS="649" VPOS="594" WIDTH="109" HEIGHT="21" WC="0.96" CONTENT="utesluten"/><SP WIDTH="9" VPOS="594" HPOS="758"/>
							<String ID="string_96" HPOS="767" VPOS="601" WIDTH="25" HEIGHT="14" WC="0.93" CONTENT="ur"/><SP WIDTH="15" VPOS="601" HPOS="792"/>
							<String ID="string_97" HPOS="807" VPOS="596" WIDTH="63" HEIGHT="19" WC="0.92" CONTENT="stats-"/>
						</TextLine>
						<TextLine ID="line_13" HPOS="129" VPOS="627" WIDTH="742" HEIGHT="29">
							<String ID="string_98" HPOS="129" VPOS="629" WIDTH="100" HEIGHT="21" WC="0.96" CONTENT="bankens"/><SP WIDTH="11" VPOS="629" HPOS="229"/>
							<String ID="string_99" HPOS="240" VPOS="635" WIDTH="138" HEIGHT="21" WC="0.92" CONTENT="program"/><SP WIDTH="-23" VPOS="635" HPOS="378"/>
							<String ID="string_100" HPOS="355" VPOS="623" WIDTH="15" HEIGHT="38" WC="0.89" CONTENT="—"/><SP WIDTH="18" VPOS="623" HPOS="370"/>
							<String ID="string_101" HPOS="388" VPOS="631" WIDTH="55" HEIGHT="19" WC="0.96" CONTENT="samt"/><SP WIDTH="9" VPOS="631" HPOS="443"/>
							<String ID="string_102" HPOS="452" VPOS="629" WIDTH="7" HEIGHT="20" WC="0.96" CONTENT="i"/><SP WIDTH="9" VPOS="629" HPOS="459"/>
							<String ID="string_103" HPOS="468" VPOS="629" WIDTH="66" HEIGHT="27" WC="0.96" CONTENT="öfrigt"/><SP WIDTH="15" VPOS="629" HPOS="534"/>
							<String ID="string_104" HPOS="549" VPOS="629" WIDTH="76" HEIGHT="21" WC="0.93" CONTENT="kunna"/><SP WIDTH="15" VPOS="629" HPOS="625"/>
							<String ID="string_105" HPOS="640" VPOS="629" WIDTH="101" HEIGHT="27" WC="0.92" CONTENT="påräkna"/><SP WIDTH="15" VPOS="629" HPOS="741"/>
							<String ID="string_106" HPOS="756" VPOS="630" WIDTH="31" HEIGHT="19" WC="0.96" CONTENT="att"/><SP WIDTH="16" VPOS="630" HPOS="787"/>
							<String ID="string_107" HPOS="803" VPOS="627" WIDTH="68" HEIGHT="22" WC="0.95" CONTENT="bland"/>
						</TextLine>
						<TextLine ID="line_14" HPOS="131" VPOS="662" WIDTH="740" HEIGHT="29">
							<String ID="string_108" HPOS="131" VPOS="663" WIDTH="49" HEIGHT="21" WC="0.93" CONTENT="sina"/><SP WIDTH="16" VPOS="663" HPOS="180"/>
							<String ID="string_109" HPOS="196" VPOS="663" WIDTH="127" HEIGHT="27" WC="0.92" CONTENT="aktieegare"/><SP WIDTH="20" VPOS="663" HPOS="323"/>
							<String ID="string_110" HPOS="343" VPOS="663" WIDTH="78" HEIGHT="21" WC="0.96" CONTENT="lättare"/><SP WIDTH="16" VPOS="663" HPOS="421"/>
							<String ID="string_111" HPOS="437" VPOS="663" WIDTH="60" HEIGHT="21" WC="0.96" CONTENT="finna"/><SP WIDTH="15" VPOS="663" HPOS="497"/>
							<String ID="string_112" HPOS="512" VPOS="663" WIDTH="106" HEIGHT="28" WC="0.96" CONTENT="lämpliga"/><SP WIDTH="14" VPOS="663" HPOS="618"/>
							<String ID="string_113" HPOS="632" VPOS="669" WIDTH="105" HEIGHT="21" WC="0.96" CONTENT="personer"/><SP WIDTH="16" VPOS="669" HPOS="737"/>
							<String ID="string_114" HPOS="753" VPOS="663" WIDTH="34" HEIGHT="21" WC="0.93" CONTENT="för"/><SP WIDTH="15" VPOS="663" HPOS="787"/>
							<String ID="string_115" HPOS="802" VPOS="662" WIDTH="69" HEIGHT="22" WC="0.92" CONTENT="öfver-"/>
						</TextLine>
						<TextLine ID="line_15" HPOS="131" VPOS="697" WIDTH="290" HEIGHT="28">
							<String ID="string_116" HPOS="131" VPOS="697" WIDTH="101" HEIGHT="22" WC="0.96" CONTENT="vakande"/><SP WIDTH="16" VPOS="697" HPOS="232"/>
							<String ID="string_117" HPOS="248" VPOS="698" WIDTH="25" HEIGHT="20" WC="0.96" CONTENT="af"/><SP WIDTH="12" VPOS="698" HPOS="273"/>
							<String ID="string_118" HPOS="285" VPOS="697" WIDTH="136" HEIGHT="28" WC="0.96" CONTENT="utlåningen."/>
						</TextLine>
					</TextBlock>
					<TextBlock ID="block_3" HPOS="131" VPOS="731" WIDTH="741" HEIGHT="336">
						<TextLine ID="line_16" HPOS="199" VPOS="731" WIDTH="672" HEIGHT="28">
							<String ID="string_119" HPOS="199" VPOS="731" WIDTH="50" HEIGHT="22" WC="0.96" CONTENT="Med"/><SP WIDTH="15" VPOS="731" HPOS="249"/>
							<String ID="string_120" HPOS="264" VPOS="732" WIDTH="121" HEIGHT="27" WC="0.95" CONTENT="anledning"/><SP WIDTH="14" VPOS="732" HPOS="385"/>
							<String ID="string_121" HPOS="399" VPOS="732" WIDTH="26" HEIGHT="21" WC="0.93" CONTENT="af"/><SP WIDTH="12" VPOS="732" HPOS="425"/>
							<String ID="string_122" HPOS="437" VPOS="732" WIDTH="216" HEIGHT="27" WC="0.91" CONTENT="Bankfullmäktiges"/><SP WIDTH="12" VPOS="732" HPOS="653"/>
							<String ID="string_123" HPOS="665" VPOS="731" WIDTH="163" HEIGHT="27" WC="0.95" CONTENT="framställning"/><SP WIDTH="9" VPOS="731" HPOS="828"/>
							<String ID="string_124" HPOS="837" VPOS="737" WIDTH="34" HEIGHT="15" WC="0.96" CONTENT="om"/>
						</TextLine>
						<TextLine ID="line_17" HPOS="131" VPOS="765" WIDTH="741" HEIGHT="28">
							<String ID="string_125" HPOS="131" VPOS="765" WIDTH="58" HEIGHT="22" WC="0.96" CONTENT="hvad"/><SP WIDTH="15" VPOS="765" HPOS="189"/>
							<String ID="string_126" HPOS="204" VPOS="772" WIDTH="46" HEIGHT="15" WC="0.93" CONTENT="som"/><SP WIDTH="16" VPOS="772" HPOS="250"/>
							<String ID="string_127" HPOS="266" VPOS="766" WIDTH="105" HEIGHT="27" WC="0.91" CONTENT="tillgjorts"/><SP WIDTH="16" VPOS="766" HPOS="371"/>
							<String ID="string_128" HPOS="387" VPOS="766" WIDTH="137" HEIGHT="21" WC="0.96" CONTENT="beträffande"/><SP WIDTH="15" VPOS="766" HPOS="524"/>
							<String ID="string_129" HPOS="539" VPOS="766" WIDTH="100" HEIGHT="21" WC="0.96" CONTENT="bankens"/><SP WIDTH="16" VPOS="766" HPOS="639"/>
							<String ID="string_130" HPOS="655" VPOS="766" WIDTH="120" HEIGHT="21" WC="0.96" CONTENT="utländska"/><SP WIDTH="10" VPOS="766" HPOS="775"/>
							<String ID="string_131" HPOS="785" VPOS="765" WIDTH="87" HEIGHT="27" WC="0.96" CONTENT="ombud,"/>
						</TextLine>
						<TextLine ID="line_18" HPOS="132" VPOS="799" WIDTH="739" HEIGHT="28">
							<String ID="string_132" HPOS="132" VPOS="800" WIDTH="40" HEIGHT="21" WC="0.96" CONTENT="och"/><SP WIDTH="16" VPOS="800" HPOS="172"/>
							<String ID="string_133" HPOS="188" VPOS="800" WIDTH="26" HEIGHT="21" WC="0.96" CONTENT="de"/><SP WIDTH="16" VPOS="800" HPOS="214"/>
							<String ID="string_134" HPOS="230" VPOS="800" WIDTH="154" HEIGHT="27" WC="0.96" CONTENT="förändringar"/><SP WIDTH="15" VPOS="800" HPOS="384"/>
							<String ID="string_135" HPOS="399" VPOS="807" WIDTH="45" HEIGHT="14" WC="0.96" CONTENT="som"/><SP WIDTH="16" VPOS="807" HPOS="444"/>
							<String ID="string_136" HPOS="460" VPOS="800" WIDTH="7" HEIGHT="21" WC="0.96" CONTENT="i"/><SP WIDTH="16" VPOS="800" HPOS="467"/>
							<String ID="string_137" HPOS="483" VPOS="800" WIDTH="79" HEIGHT="22" WC="0.96" CONTENT="sådant"/><SP WIDTH="15" VPOS="800" HPOS="562"/>
							<String ID="string_138" HPOS="577" VPOS="800" WIDTH="104" HEIGHT="21" WC="0.96" CONTENT="afseende"/><SP WIDTH="16" VPOS="800" HPOS="681"/>
							<String ID="string_139" HPOS="697" VPOS="802" WIDTH="36" HEIGHT="25" WC="0.96" CONTENT="egt"/><SP WIDTH="12" VPOS="802" HPOS="733"/>
							<String ID="string_140" HPOS="745" VPOS="807" WIDTH="54" HEIGHT="19" WC="0.96" CONTENT="rum,"/><SP WIDTH="11" VPOS="807" HPOS="799"/>
							<String ID="string_141" HPOS="810" VPOS="799" WIDTH="61" HEIGHT="22" WC="0.96" CONTENT="torde"/>
						</TextLine>
						<TextLine ID="line_19" HPOS="131" VPOS="834" WIDTH="740" HEIGHT="28">
							<String ID="string_142" HPOS="131" VPOS="835" WIDTH="72" HEIGHT="21" WC="0.96" CONTENT="såsom"/><SP WIDTH="23" VPOS="835" HPOS="203"/>
							<String ID="string_143" HPOS="226" VPOS="837" WIDTH="31" HEIGHT="18" WC="0.95" CONTENT="ett"/><SP WIDTH="21" VPOS="837" HPOS="257"/>
							<String ID="string_144" HPOS="278" VPOS="835" WIDTH="80" HEIGHT="27" WC="0.96" CONTENT="tillägg"/><SP WIDTH="21" VPOS="835" HPOS="358"/>
							<String ID="string_145" HPOS="379" VPOS="835" WIDTH="74" HEIGHT="20" WC="0.93" CONTENT="härtill"/><SP WIDTH="24" VPOS="835" HPOS="453"/>
							<String ID="string_146" HPOS="477" VPOS="834" WIDTH="94" HEIGHT="28" WC="0.91" CONTENT="förtjena"/><SP WIDTH="15" VPOS="834" HPOS="571"/>
							<String ID="string_147" HPOS="586" VPOS="837" WIDTH="129" HEIGHT="18" WC="0.90" CONTENT="omnämnas"/><SP WIDTH="15" VPOS="837" HPOS="715"/>
							<String ID="string_148" HPOS="730" VPOS="836" WIDTH="32" HEIGHT="19" WC="0.96" CONTENT="att"/><SP WIDTH="15" VPOS="836" HPOS="762"/>
							<String ID="string_149" HPOS="777" VPOS="834" WIDTH="94" HEIGHT="26" WC="0.96" CONTENT="banken,"/>
						</TextLine>
						<TextLine ID="line_20" HPOS="132" VPOS="867" WIDTH="740" HEIGHT="29">
							<String ID="string_150" HPOS="132" VPOS="868" WIDTH="69" HEIGHT="27" WC="0.96" CONTENT="enligt"/><SP WIDTH="21" VPOS="868" HPOS="201"/>
							<String ID="string_151" HPOS="222" VPOS="868" WIDTH="59" HEIGHT="22" WC="0.96" CONTENT="hvad"/><SP WIDTH="23" VPOS="868" HPOS="281"/>
							<String ID="string_152" HPOS="304" VPOS="869" WIDTH="159" HEIGHT="27" WC="0.96" CONTENT="Fullmäktiges"/><SP WIDTH="23" VPOS="869" HPOS="463"/>
							<String ID="string_153" HPOS="486" VPOS="869" WIDTH="109" HEIGHT="27" WC="0.96" CONTENT="protokoll"/><SP WIDTH="15" VPOS="869" HPOS="595"/>
							<String ID="string_154" HPOS="610" VPOS="869" WIDTH="34" HEIGHT="20" WC="0.96" CONTENT="för"/><SP WIDTH="24" VPOS="869" HPOS="644"/>
							<String ID="string_155" HPOS="668" VPOS="868" WIDTH="41" HEIGHT="21" WC="0.96" CONTENT="den"/><SP WIDTH="20" VPOS="868" HPOS="709"/>
							<String ID="string_156" HPOS="729" VPOS="868" WIDTH="27" HEIGHT="21" WC="0.92" CONTENT="13"/><SP WIDTH="15" VPOS="868" HPOS="756"/>
							<String ID="string_157" HPOS="771" VPOS="867" WIDTH="101" HEIGHT="22" WC="0.89" CONTENT="sistlidne"/>
						</TextLine>
						<TextLine ID="line_21" HPOS="131" VPOS="901" WIDTH="741" HEIGHT="29">
							<String ID="string_158" HPOS="131" VPOS="903" WIDTH="121" HEIGHT="21" WC="0.90" CONTENT="December"/><SP WIDTH="22" VPOS="903" HPOS="252"/>
							<String ID="string_159" HPOS="274" VPOS="903" WIDTH="71" HEIGHT="27" WC="0.90" CONTENT="gifver"/><SP WIDTH="21" VPOS="903" HPOS="345"/>
							<String ID="string_160" HPOS="366" VPOS="903" WIDTH="37" HEIGHT="21" WC="0.96" CONTENT="vid"/><SP WIDTH="23" VPOS="903" HPOS="403"/>
							<String ID="string_161" HPOS="426" VPOS="903" WIDTH="96" HEIGHT="27" WC="0.96" CONTENT="handen,"/><SP WIDTH="16" VPOS="903" HPOS="522"/>
							<String ID="string_162" HPOS="538" VPOS="903" WIDTH="31" HEIGHT="21" WC="0.96" CONTENT="uti"/><SP WIDTH="19" VPOS="903" HPOS="569"/>
							<String ID="string_163" HPOS="588" VPOS="903" WIDTH="32" HEIGHT="21" WC="0.93" CONTENT="S:t"/><SP WIDTH="18" VPOS="903" HPOS="620"/>
							<String ID="string_164" HPOS="638" VPOS="903" WIDTH="133" HEIGHT="27" WC="0.96" CONTENT="Petersburg"/><SP WIDTH="16" VPOS="903" HPOS="771"/>
							<String ID="string_165" HPOS="787" VPOS="901" WIDTH="85" HEIGHT="28" WC="0.96" CONTENT="antagit"/>
						</TextLine>
						<TextLine ID="line_22" HPOS="134" VPOS="936" WIDTH="738" HEIGHT="29">
							<String ID="string_166" HPOS="134" VPOS="937" WIDTH="45" HEIGHT="28" WC="0.58" CONTENT="»S:t"/><SP WIDTH="13" VPOS="937" HPOS="179"/>
							<String ID="string_167" HPOS="192" VPOS="937" WIDTH="156" HEIGHT="28" WC="0.91" CONTENT="Petersburger"/><SP WIDTH="15" VPOS="937" HPOS="348"/>
							<String ID="string_168" HPOS="363" VPOS="937" WIDTH="74" HEIGHT="22" WC="0.93" CONTENT="Privat"/><SP WIDTH="15" VPOS="937" HPOS="437"/>
							<String ID="string_169" HPOS="452" VPOS="937" WIDTH="170" HEIGHT="22" WC="0.90" CONTENT="Handelsbank*"/><SP WIDTH="15" VPOS="937" HPOS="622"/>
							<String ID="string_170" HPOS="637" VPOS="937" WIDTH="34" HEIGHT="21" WC="0.96" CONTENT="till"/><SP WIDTH="15" VPOS="937" HPOS="671"/>
							<String ID="string_171" HPOS="686" VPOS="937" WIDTH="34" HEIGHT="21" WC="0.93" CONTENT="sin"/><SP WIDTH="15" VPOS="937" HPOS="720"/>
							<String ID="string_172" HPOS="735" VPOS="936" WIDTH="137" HEIGHT="21" WC="0.92" CONTENT="kommissio-"/>
						</TextLine>
						<TextLine ID="line_23" HPOS="133" VPOS="971" WIDTH="739" HEIGHT="28">
							<String ID="string_173" HPOS="133" VPOS="973" WIDTH="40" HEIGHT="19" WC="0.96" CONTENT="när"/><SP WIDTH="21" VPOS="973" HPOS="173"/>
							<String ID="string_174" HPOS="194" VPOS="971" WIDTH="8" HEIGHT="21" WC="0.93" CONTENT="i"/><SP WIDTH="15" VPOS="971" HPOS="202"/>
							<String ID="string_175" HPOS="217" VPOS="972" WIDTH="74" HEIGHT="21" WC="0.96" CONTENT="stället"/><SP WIDTH="15" VPOS="972" HPOS="291"/>
							<String ID="string_176" HPOS="306" VPOS="971" WIDTH="34" HEIGHT="22" WC="0.93" CONTENT="för"/><SP WIDTH="15" VPOS="971" HPOS="340"/>
							<String ID="string_177" HPOS="355" VPOS="971" WIDTH="167" HEIGHT="28" WC="0.83" CONTENT=",Petersburger"/><SP WIDTH="18" VPOS="971" HPOS="522"/>
							<String ID="string_178" HPOS="540" VPOS="971" WIDTH="186" HEIGHT="26" WC="0.92" CONTENT="Discontobank,*"/><SP WIDTH="16" VPOS="971" HPOS="726"/>
							<String ID="string_179" HPOS="742" VPOS="971" WIDTH="88" HEIGHT="21" WC="0.96" CONTENT="hvarest"/><SP WIDTH="15" VPOS="971" HPOS="830"/>
							<String ID="string_180" HPOS="845" VPOS="976" WIDTH="27" HEIGHT="15" WC="0.97" CONTENT="en"/>
						</TextLine>
						<TextLine ID="line_24" HPOS="133" VPOS="1003" WIDTH="739" HEIGHT="24">
							<String ID="string_181" HPOS="133" VPOS="1006" WIDTH="35" HEIGHT="21" WC="0.95" CONTENT="del"/><SP WIDTH="26" VPOS="1006" HPOS="168"/>
							<String ID="string_182" HPOS="194" VPOS="1006" WIDTH="24" HEIGHT="21" WC="0.92" CONTENT="af"/><SP WIDTH="21" VPOS="1006" HPOS="218"/>
							<String ID="string_183" HPOS="239" VPOS="1006" WIDTH="101" HEIGHT="21" WC="0.92" CONTENT="bankens"/><SP WIDTH="23" VPOS="1006" HPOS="340"/>
							<String ID="string_184" HPOS="363" VPOS="1006" WIDTH="39" HEIGHT="21" WC="0.91" CONTENT="och"/><SP WIDTH="24" VPOS="1006" HPOS="402"/>
							<String ID="string_185" HPOS="426" VPOS="1006" WIDTH="142" HEIGHT="21" WC="0.91" CONTENT="statsverkets"/><SP WIDTH="23" VPOS="1006" HPOS="568"/>
							<String ID="string_186" HPOS="591" VPOS="1006" WIDTH="71" HEIGHT="21" WC="0.93" CONTENT="medel"/><SP WIDTH="23" VPOS="1006" HPOS="662"/>
							<String ID="string_187" HPOS="685" VPOS="1005" WIDTH="109" HEIGHT="22" WC="0.88" CONTENT="derintills"/><SP WIDTH="23" VPOS="1005" HPOS="794"/>
							<String ID="string_188" HPOS="817" VPOS="1003" WIDTH="55" HEIGHT="23" WC="0.96" CONTENT="varit"/>
						</TextLine>
						<TextLine ID="line_25" HPOS="133" VPOS="1040" WIDTH="143" HEIGHT="27">
							<String ID="string_189" HPOS="133" VPOS="1040" WIDTH="143" HEIGHT="27" WC="0.92" CONTENT="deponerade."/>
						</TextLine>
					</TextBlock>
					<TextBlock ID="block_4" HPOS="133" VPOS="1073" WIDTH="744" HEIGHT="406">
						<TextLine ID="line_26" HPOS="201" VPOS="1073" WIDTH="673" HEIGHT="29">
							<String ID="string_190" HPOS="201" VPOS="1074" WIDTH="35" HEIGHT="22" WC="0.92" CONTENT="Dä"/><SP WIDTH="14" VPOS="1074" HPOS="236"/>
							<String ID="string_191" HPOS="250" VPOS="1075" WIDTH="203" HEIGHT="27" WC="0.92" CONTENT="Bankfullmäktige"/><SP WIDTH="16" VPOS="1075" HPOS="453"/>
							<String ID="string_192" HPOS="469" VPOS="1075" WIDTH="7" HEIGHT="20" WC="0.96" CONTENT="i"/><SP WIDTH="16" VPOS="1075" HPOS="476"/>
							<String ID="string_193" HPOS="492" VPOS="1075" WIDTH="34" HEIGHT="21" WC="0.93" CONTENT="sin"/><SP WIDTH="15" VPOS="1075" HPOS="526"/>
							<String ID="string_194" HPOS="541" VPOS="1074" WIDTH="117" HEIGHT="22" WC="0.92" CONTENT="berättelse"/><SP WIDTH="16" VPOS="1074" HPOS="658"/>
							<String ID="string_195" HPOS="674" VPOS="1073" WIDTH="86" HEIGHT="28" WC="0.93" CONTENT="ganska"/><SP WIDTH="15" VPOS="1073" HPOS="760"/>
							<String ID="string_196" HPOS="775" VPOS="1073" WIDTH="99" HEIGHT="27" WC="0.91" CONTENT="utförligt"/>
						</TextLine>
						<TextLine ID="line_27" HPOS="133" VPOS="1107" WIDTH="742" HEIGHT="29">
							<String ID="string_197" HPOS="133" VPOS="1109" WIDTH="112" HEIGHT="27" WC="0.89" CONTENT="redogjort"/><SP WIDTH="22" VPOS="1109" HPOS="245"/>
							<String ID="string_198" HPOS="267" VPOS="1109" WIDTH="34" HEIGHT="20" WC="0.94" CONTENT="för"/><SP WIDTH="18" VPOS="1109" HPOS="301"/>
							<String ID="string_199" HPOS="319" VPOS="1109" WIDTH="27" HEIGHT="21" WC="0.93" CONTENT="de"/><SP WIDTH="16" VPOS="1109" HPOS="346"/>
							<String ID="string_200" HPOS="362" VPOS="1109" WIDTH="102" HEIGHT="27" WC="0.90" CONTENT="ätgärder"/><SP WIDTH="15" VPOS="1109" HPOS="464"/>
							<String ID="string_201" HPOS="479" VPOS="1115" WIDTH="46" HEIGHT="15" WC="0.93" CONTENT="som"/><SP WIDTH="15" VPOS="1115" HPOS="525"/>
							<String ID="string_202" HPOS="540" VPOS="1109" WIDTH="106" HEIGHT="27" WC="0.93" CONTENT="vidtagits"/><SP WIDTH="15" VPOS="1109" HPOS="646"/>
							<String ID="string_203" HPOS="661" VPOS="1108" WIDTH="33" HEIGHT="21" WC="0.93" CONTENT="för"/><SP WIDTH="16" VPOS="1108" HPOS="694"/>
							<String ID="string_204" HPOS="710" VPOS="1107" WIDTH="165" HEIGHT="22" WC="0.92" CONTENT="verkställande"/>
						</TextLine>
						<TextLine ID="line_28" HPOS="134" VPOS="1141" WIDTH="741" HEIGHT="29">
							<String ID="string_205" HPOS="134" VPOS="1143" WIDTH="25" HEIGHT="21" WC="0.93" CONTENT="af"/><SP WIDTH="11" VPOS="1143" HPOS="159"/>
							<String ID="string_206" HPOS="170" VPOS="1143" WIDTH="136" HEIGHT="21" WC="0.92" CONTENT="Ständernas"/><SP WIDTH="8" VPOS="1143" HPOS="306"/>
							<String ID="string_207" HPOS="314" VPOS="1143" WIDTH="37" HEIGHT="21" WC="0.93" CONTENT="vid"/><SP WIDTH="10" VPOS="1143" HPOS="351"/>
							<String ID="string_208" HPOS="361" VPOS="1143" WIDTH="117" HEIGHT="22" WC="0.91" CONTENT="sisthällna"/><SP WIDTH="11" VPOS="1143" HPOS="478"/>
							<String ID="string_209" HPOS="489" VPOS="1143" WIDTH="108" HEIGHT="27" WC="0.91" CONTENT="landtdag"/><SP WIDTH="14" VPOS="1143" HPOS="597"/>
							<String ID="string_210" HPOS="611" VPOS="1143" WIDTH="84" HEIGHT="21" WC="0.96" CONTENT="fattade"/><SP WIDTH="16" VPOS="1143" HPOS="695"/>
							<String ID="string_211" HPOS="711" VPOS="1143" WIDTH="71" HEIGHT="20" WC="0.94" CONTENT="beslut"/><SP WIDTH="11" VPOS="1143" HPOS="782"/>
							<String ID="string_212" HPOS="793" VPOS="1148" WIDTH="35" HEIGHT="15" WC="0.93" CONTENT="om"/><SP WIDTH="15" VPOS="1148" HPOS="828"/>
							<String ID="string_213" HPOS="843" VPOS="1141" WIDTH="32" HEIGHT="21" WC="0.93" CONTENT="af-"/>
						</TextLine>
						<TextLine ID="line_29" HPOS="133" VPOS="1176" WIDTH="742" HEIGHT="29">
							<String ID="string_214" HPOS="133" VPOS="1177" WIDTH="111" HEIGHT="28" WC="0.93" CONTENT="skrifning"/><SP WIDTH="15" VPOS="1177" HPOS="244"/>
							<String ID="string_215" HPOS="259" VPOS="1177" WIDTH="25" HEIGHT="21" WC="0.93" CONTENT="af"/><SP WIDTH="12" VPOS="1177" HPOS="284"/>
							<String ID="string_216" HPOS="296" VPOS="1177" WIDTH="258" HEIGHT="28" WC="0.92" CONTENT="Hypoteksföreningens"/><SP WIDTH="14" VPOS="1177" HPOS="554"/>
							<String ID="string_217" HPOS="568" VPOS="1177" WIDTH="38" HEIGHT="21" WC="0.96" CONTENT="län"/><SP WIDTH="10" VPOS="1177" HPOS="606"/>
							<String ID="string_218" HPOS="616" VPOS="1177" WIDTH="8" HEIGHT="20" WC="0.96" CONTENT="i"/><SP WIDTH="8" VPOS="1177" HPOS="624"/>
							<String ID="string_219" HPOS="632" VPOS="1176" WIDTH="108" HEIGHT="21" WC="0.96" CONTENT="Finlands"/><SP WIDTH="8" VPOS="1176" HPOS="740"/>
							<String ID="string_220" HPOS="748" VPOS="1176" WIDTH="60" HEIGHT="21" WC="0.96" CONTENT="bank"/><SP WIDTH="11" VPOS="1176" HPOS="808"/>
							<String ID="string_221" HPOS="819" VPOS="1177" WIDTH="56" HEIGHT="20" WC="0.96" CONTENT="samt"/>
						</TextLine>
						<TextLine ID="line_30" HPOS="134" VPOS="1210" WIDTH="742" HEIGHT="28">
							<String ID="string_222" HPOS="134" VPOS="1211" WIDTH="33" HEIGHT="22" WC="0.93" CONTENT="för"/><SP WIDTH="15" VPOS="1211" HPOS="167"/>
							<String ID="string_223" HPOS="182" VPOS="1211" WIDTH="60" HEIGHT="22" WC="0.92" CONTENT="hvad"/><SP WIDTH="14" VPOS="1211" HPOS="242"/>
							<String ID="string_224" HPOS="256" VPOS="1211" WIDTH="89" HEIGHT="22" WC="0.91" CONTENT="dermed"/><SP WIDTH="15" VPOS="1211" HPOS="345"/>
							<String ID="string_225" HPOS="360" VPOS="1212" WIDTH="64" HEIGHT="21" WC="0.91" CONTENT="stäri"/><SP WIDTH="16" VPOS="1212" HPOS="424"/>
							<String ID="string_226" HPOS="440" VPOS="1214" WIDTH="100" HEIGHT="19" WC="0.92" CONTENT="närmare"/><SP WIDTH="16" VPOS="1214" HPOS="540"/>
							<String ID="string_227" HPOS="556" VPOS="1211" WIDTH="166" HEIGHT="27" WC="0.93" CONTENT="sammanhang,"/><SP WIDTH="16" VPOS="1211" HPOS="722"/>
							<String ID="string_228" HPOS="738" VPOS="1211" WIDTH="33" HEIGHT="20" WC="0.93" CONTENT="fär"/><SP WIDTH="15" VPOS="1211" HPOS="771"/>
							<String ID="string_229" HPOS="786" VPOS="1210" WIDTH="90" HEIGHT="22" WC="0.92" CONTENT="Utskot-"/>
						</TextLine>
						<TextLine ID="line_31" HPOS="134" VPOS="1244" WIDTH="742" HEIGHT="29">
							<String ID="string_230" HPOS="134" VPOS="1247" WIDTH="31" HEIGHT="19" WC="0.96" CONTENT="tet"/><SP WIDTH="14" VPOS="1247" HPOS="165"/>
							<String ID="string_231" HPOS="179" VPOS="1245" WIDTH="7" HEIGHT="21" WC="0.96" CONTENT="i"/><SP WIDTH="17" VPOS="1245" HPOS="186"/>
							<String ID="string_232" HPOS="203" VPOS="1245" WIDTH="73" HEIGHT="21" WC="0.96" CONTENT="denna"/><SP WIDTH="16" VPOS="1245" HPOS="276"/>
							<String ID="string_233" HPOS="292" VPOS="1246" WIDTH="40" HEIGHT="21" WC="0.93" CONTENT="sak"/><SP WIDTH="16" VPOS="1246" HPOS="332"/>
							<String ID="string_234" HPOS="348" VPOS="1246" WIDTH="116" HEIGHT="21" WC="0.96" CONTENT="framhålla"/><SP WIDTH="15" VPOS="1246" HPOS="464"/>
							<String ID="string_235" HPOS="479" VPOS="1246" WIDTH="79" HEIGHT="21" WC="0.96" CONTENT="endast"/><SP WIDTH="15" VPOS="1246" HPOS="558"/>
							<String ID="string_236" HPOS="573" VPOS="1245" WIDTH="105" HEIGHT="28" WC="0.93" CONTENT="följande."/><SP WIDTH="16" VPOS="1245" HPOS="678"/>
							<String ID="string_237" HPOS="694" VPOS="1245" WIDTH="78" HEIGHT="21" WC="0.96" CONTENT="Såsom"/><SP WIDTH="9" VPOS="1245" HPOS="772"/>
							<String ID="string_238" HPOS="781" VPOS="1245" WIDTH="25" HEIGHT="21" WC="0.93" CONTENT="af"/><SP WIDTH="6" VPOS="1245" HPOS="806"/>
							<String ID="string_239" HPOS="812" VPOS="1244" WIDTH="64" HEIGHT="21" WC="0.93" CONTENT="Stän-"/>
						</TextLine>
						<TextLine ID="line_32" HPOS="134" VPOS="1277" WIDTH="741" HEIGHT="30">
							<String ID="string_240" HPOS="134" VPOS="1279" WIDTH="79" HEIGHT="22" WC="0.85" CONTENT="dernas"/><SP WIDTH="23" VPOS="1279" HPOS="213"/>
							<String ID="string_241" HPOS="236" VPOS="1279" WIDTH="177" HEIGHT="22" WC="0.85" CONTENT="svarsskrifvelse"/><SP WIDTH="23" VPOS="1279" HPOS="413"/>
							<String ID="string_242" HPOS="436" VPOS="1280" WIDTH="49" HEIGHT="22" WC="0.93" CONTENT="med"/><SP WIDTH="16" VPOS="1280" HPOS="485"/>
							<String ID="string_243" HPOS="501" VPOS="1279" WIDTH="121" HEIGHT="28" WC="0.96" CONTENT="anledning"/><SP WIDTH="15" VPOS="1279" HPOS="622"/>
							<String ID="string_244" HPOS="637" VPOS="1279" WIDTH="25" HEIGHT="21" WC="0.96" CONTENT="af"/><SP WIDTH="13" VPOS="1279" HPOS="662"/>
							<String ID="string_245" HPOS="675" VPOS="1279" WIDTH="42" HEIGHT="21" WC="0.96" CONTENT="den"/><SP WIDTH="16" VPOS="1279" HPOS="717"/>
							<String ID="string_246" HPOS="733" VPOS="1279" WIDTH="7" HEIGHT="21" WC="0.93" CONTENT="i"/><SP WIDTH="16" VPOS="1279" HPOS="740"/>
							<String ID="string_247" HPOS="756" VPOS="1280" WIDTH="73" HEIGHT="20" WC="0.93" CONTENT="ämnet"/><SP WIDTH="16" VPOS="1280" HPOS="829"/>
							<String ID="string_248" HPOS="845" VPOS="1277" WIDTH="30" HEIGHT="22" WC="0.93" CONTENT="af-"/>
						</TextLine>
						<TextLine ID="line_33" HPOS="133" VPOS="1312" WIDTH="743" HEIGHT="30">
							<String ID="string_249" HPOS="133" VPOS="1314" WIDTH="61" HEIGHT="21" WC="0.90" CONTENT="lätna"/><SP WIDTH="23" VPOS="1314" HPOS="194"/>
							<String ID="string_250" HPOS="217" VPOS="1314" WIDTH="82" HEIGHT="28" WC="0.92" CONTENT="nädiga"/><SP WIDTH="16" VPOS="1314" HPOS="299"/>
							<String ID="string_251" HPOS="315" VPOS="1314" WIDTH="162" HEIGHT="28" WC="0.93" CONTENT="propositionen"/><SP WIDTH="17" VPOS="1314" HPOS="477"/>
							<String ID="string_252" HPOS="494" VPOS="1320" WIDTH="72" HEIGHT="22" WC="0.93" CONTENT="synes,"/><SP WIDTH="15" VPOS="1320" HPOS="566"/>
							<String ID="string_253" HPOS="581" VPOS="1314" WIDTH="58" HEIGHT="21" WC="0.93" CONTENT="hade"/><SP WIDTH="11" VPOS="1314" HPOS="639"/>
							<String ID="string_254" HPOS="650" VPOS="1313" WIDTH="125" HEIGHT="21" WC="0.92" CONTENT="Ständerna"/><SP WIDTH="15" VPOS="1313" HPOS="775"/>
							<String ID="string_255" HPOS="790" VPOS="1312" WIDTH="35" HEIGHT="22" WC="0.93" CONTENT="för"/><SP WIDTH="15" VPOS="1312" HPOS="825"/>
							<String ID="string_256" HPOS="840" VPOS="1312" WIDTH="36" HEIGHT="22" WC="0.93" CONTENT="be-"/>
						</TextLine>
						<TextLine ID="line_34" HPOS="133" VPOS="1347" WIDTH="744" HEIGHT="29">
							<String ID="string_257" HPOS="133" VPOS="1348" WIDTH="107" HEIGHT="28" WC="0.92" CONTENT="viljandet"/><SP WIDTH="24" VPOS="1348" HPOS="240"/>
							<String ID="string_258" HPOS="264" VPOS="1348" WIDTH="23" HEIGHT="21" WC="0.93" CONTENT="åt"/><SP WIDTH="22" VPOS="1348" HPOS="287"/>
							<String ID="string_259" HPOS="309" VPOS="1348" WIDTH="246" HEIGHT="28" WC="0.92" CONTENT="Hypoteksföreningen"/><SP WIDTH="23" VPOS="1348" HPOS="555"/>
							<String ID="string_260" HPOS="578" VPOS="1348" WIDTH="26" HEIGHT="22" WC="0.96" CONTENT="af"/><SP WIDTH="16" VPOS="1348" HPOS="604"/>
							<String ID="string_261" HPOS="620" VPOS="1348" WIDTH="72" HEIGHT="22" WC="0.93" CONTENT="denna"/><SP WIDTH="16" VPOS="1348" HPOS="692"/>
							<String ID="string_262" HPOS="708" VPOS="1348" WIDTH="85" HEIGHT="21" WC="0.95" CONTENT="förmån"/><SP WIDTH="16" VPOS="1348" HPOS="793"/>
							<String ID="string_263" HPOS="809" VPOS="1347" WIDTH="68" HEIGHT="22" WC="0.96" CONTENT="bland"/>
						</TextLine>
						<TextLine ID="line_35" HPOS="134" VPOS="1382" WIDTH="742" HEIGHT="28">
							<String ID="string_264" HPOS="134" VPOS="1382" WIDTH="68" HEIGHT="22" WC="0.88" CONTENT="andra"/><SP WIDTH="24" VPOS="1382" HPOS="202"/>
							<String ID="string_265" HPOS="226" VPOS="1382" WIDTH="72" HEIGHT="22" WC="0.88" CONTENT="vilkor"/><SP WIDTH="22" VPOS="1382" HPOS="298"/>
							<String ID="string_266" HPOS="320" VPOS="1383" WIDTH="97" HEIGHT="27" WC="0.92" CONTENT="uppstält"/><SP WIDTH="21" VPOS="1383" HPOS="417"/>
							<String ID="string_267" HPOS="438" VPOS="1383" WIDTH="64" HEIGHT="21" WC="0.93" CONTENT="äfven"/><SP WIDTH="16" VPOS="1383" HPOS="502"/>
							<String ID="string_268" HPOS="518" VPOS="1383" WIDTH="42" HEIGHT="27" WC="0.96" CONTENT="det,"/><SP WIDTH="17" VPOS="1383" HPOS="560"/>
							<String ID="string_269" HPOS="577" VPOS="1385" WIDTH="32" HEIGHT="19" WC="0.93" CONTENT="att"/><SP WIDTH="15" VPOS="1385" HPOS="609"/>
							<String ID="string_270" HPOS="624" VPOS="1382" WIDTH="143" HEIGHT="28" WC="0.92" CONTENT="föreningens"/><SP WIDTH="15" VPOS="1382" HPOS="767"/>
							<String ID="string_271" HPOS="782" VPOS="1382" WIDTH="34" HEIGHT="21" WC="0.93" CONTENT="till"/><SP WIDTH="16" VPOS="1382" HPOS="816"/>
							<String ID="string_272" HPOS="832" VPOS="1388" WIDTH="44" HEIGHT="14" WC="0.93" CONTENT="om-"/>
						</TextLine>
						<TextLine ID="line_36" HPOS="133" VPOS="1416" WIDTH="744" HEIGHT="28">
							<String ID="string_273" HPOS="133" VPOS="1417" WIDTH="67" HEIGHT="27" WC="0.92" CONTENT="kring"/><SP WIDTH="21" VPOS="1417" HPOS="200"/>
							<String ID="string_274" HPOS="221" VPOS="1417" WIDTH="93" HEIGHT="27" WC="0.90" CONTENT="465,000"/><SP WIDTH="18" VPOS="1417" HPOS="314"/>
							<String ID="string_275" HPOS="332" VPOS="1417" WIDTH="63" HEIGHT="21" WC="0.93" CONTENT="mark"/><SP WIDTH="14" VPOS="1417" HPOS="395"/>
							<String ID="string_276" HPOS="409" VPOS="1417" WIDTH="131" HEIGHT="27" WC="0.91" CONTENT="uppgäende"/><SP WIDTH="16" VPOS="1417" HPOS="540"/>
							<String ID="string_277" HPOS="556" VPOS="1417" WIDTH="73" HEIGHT="21" WC="0.92" CONTENT="deticit"/><SP WIDTH="15" VPOS="1417" HPOS="629"/>
							<String ID="string_278" HPOS="644" VPOS="1417" WIDTH="72" HEIGHT="21" WC="0.92" CONTENT="blefve"/><SP WIDTH="15" VPOS="1417" HPOS="716"/>
							<String ID="string_279" HPOS="731" VPOS="1423" WIDTH="79" HEIGHT="21" WC="0.96" CONTENT="genom"/><SP WIDTH="16" VPOS="1423" HPOS="810"/>
							<String ID="string_280" HPOS="826" VPOS="1416" WIDTH="51" HEIGHT="21" WC="0.96" CONTENT="dess"/>
						</TextLine>
						<TextLine ID="line_37" HPOS="135" VPOS="1450" WIDTH="742" HEIGHT="29">
							<String ID="string_281" HPOS="135" VPOS="1457" WIDTH="57" HEIGHT="21" WC="0.92" CONTENT="egna"/><SP WIDTH="23" VPOS="1457" HPOS="192"/>
							<String ID="string_282" HPOS="215" VPOS="1451" WIDTH="147" HEIGHT="27" WC="0.88" CONTENT="tillgöranden"/><SP WIDTH="23" VPOS="1451" HPOS="362"/>
							<String ID="string_283" HPOS="385" VPOS="1451" WIDTH="139" HEIGHT="21" WC="0.90" CONTENT="amorteradt."/><SP WIDTH="30" VPOS="1451" HPOS="524"/>
							<String ID="string_284" HPOS="554" VPOS="1452" WIDTH="74" HEIGHT="20" WC="0.93" CONTENT="Ehuru"/><SP WIDTH="24" VPOS="1452" HPOS="628"/>
							<String ID="string_285" HPOS="652" VPOS="1452" WIDTH="68" HEIGHT="27" WC="0.92" CONTENT="något"/><SP WIDTH="14" VPOS="1452" HPOS="720"/>
							<String ID="string_286" HPOS="734" VPOS="1451" WIDTH="76" HEIGHT="21" WC="0.92" CONTENT="tvifvel"/><SP WIDTH="16" VPOS="1451" HPOS="810"/>
							<String ID="string_287" HPOS="826" VPOS="1450" WIDTH="51" HEIGHT="21" WC="0.95" CONTENT="icke"/>
						</TextLine>
					</TextBlock>
					<TextBlock ID="block_5" HPOS="201" VPOS="1490" WIDTH="485" HEIGHT="23">
						<TextLine ID="line_38" HPOS="201" VPOS="1490" WIDTH="485" HEIGHT="23">
							<String ID="string_288" HPOS="201" VPOS="1490" WIDTH="155" HEIGHT="18" WC="0.91" CONTENT="Bankutskottets"/><SP WIDTH="12" VPOS="1490" HPOS="356"/>
							<String ID="string_289" HPOS="368" VPOS="1491" WIDTH="95" HEIGHT="17" WC="0.95" CONTENT="berättelse"/><SP WIDTH="12" VPOS="1491" HPOS="463"/>
							<String ID="string_290" HPOS="475" VPOS="1491" WIDTH="125" HEIGHT="22" WC="0.96" CONTENT="(betänkande"/><SP WIDTH="12" VPOS="1491" HPOS="600"/>
							<String ID="string_291" HPOS="612" VPOS="1491" WIDTH="37" HEIGHT="18" WC="0.96" CONTENT="N:o"/><SP WIDTH="12" VPOS="1491" HPOS="649"/>
							<String ID="string_292" HPOS="661" VPOS="1492" WIDTH="25" HEIGHT="21" WC="0.96" CONTENT="1)."/>
						</TextLine>
					</TextBlock>
				</ComposedBlock>
				<ComposedBlock ID="cblock_2" HPOS="901" VPOS="727" WIDTH="82" HEIGHT="18">
					<TextBlock ID="block_6" HPOS="901" VPOS="727" WIDTH="82" HEIGHT="18">
						<TextLine ID="line_39" HPOS="901" VPOS="727" WIDTH="82" HEIGHT="18">
							<String ID="string_293" HPOS="901" VPOS="727" WIDTH="41" HEIGHT="18" WC="0.94" CONTENT="Sid."/><SP WIDTH="10" VPOS="727" HPOS="942"/>
							<String ID="string_294" HPOS="952" VPOS="727" WIDTH="31" HEIGHT="18" WC="0.92" CONTENT="20."/>
						</TextLine>
					</TextBlock>
				</ComposedBlock>
				<ComposedBlock ID="cblock_3" HPOS="888" VPOS="1068" WIDTH="110" HEIGHT="41">
					<TextBlock ID="block_7" HPOS="888" VPOS="1068" WIDTH="110" HEIGHT="41">
						<TextLine ID="line_40" HPOS="888" VPOS="1068" WIDTH="110" HEIGHT="21">
							<String ID="string_295" HPOS="888" VPOS="1068" WIDTH="52" HEIGHT="19" WC="0.87" CONTENT="Sidd."/><SP WIDTH="12" VPOS="1068" HPOS="940"/>
							<String ID="string_296" HPOS="952" VPOS="1068" WIDTH="18" HEIGHT="19" WC="0.88" CONTENT="8,"/><SP WIDTH="12" VPOS="1068" HPOS="970"/>
							<String ID="string_297" HPOS="982" VPOS="1068" WIDTH="16" HEIGHT="21" WC="0.96" CONTENT="9,"/>
						</TextLine>
						<TextLine ID="line_41" HPOS="906" VPOS="1091" WIDTH="74" HEIGHT="18">
							<String ID="string_298" HPOS="906" VPOS="1091" WIDTH="74" HEIGHT="18" WC="0.81" CONTENT="14—20."/>
						</TextLine>
					</TextBlock>
				</ComposedBlock>
			</PrintSpace>
		</Page>
	</Layout>
</alto>
