1086 1717
817 143 39 21 143

192 206 44 22 För
252 206 99 28 samtlige
366 207 139 21 underrätter
519 206 41 22 har
575 206 84 21 således
674 206 69 21 under
758 206 53 21 åren
828 206 54 21 1881

131 242 79 21 —1883
229 241 8 21 i
251 240 103 22 medeltal
369 240 85 22 arbetet
469 240 56 22 varit
539 240 107 28 betydligt
662 240 90 28 drygare
770 240 29 21 än
813 240 70 21 under

125 275 103 27 perioden
244 275 143 22 1871—1880
402 276 53 20 utan
471 276 33 20 att
519 281 50 14 man
585 274 131 21 åtminstone
731 274 25 21 af
763 274 121 28 proportio-

125 316 43 15 nen
183 309 92 22 emellan
290 309 100 28 afgjorda
409 308 41 22 och
465 308 136 28 uppskjutna
614 308 45 22 mål
674 308 44 22 kan
733 308 58 22 sluta
806 308 33 21 till
848 309 35 21 nå-

125 350 44 21 gon
191 345 69 21 större
282 343 137 28 benägenhet
439 344 29 20 än
483 342 58 22 förut
556 344 33 20 att
604 342 54 22 söka
672 343 67 27 draga
755 342 128 28 afgörandet

126 379 30 27 på
170 378 102 27 längden.

195 413 43 22 För
260 412 135 22 hofrätterne
417 412 47 21 åter
486 411 74 22 ställer
582 412 32 27 sig
629 411 146 22 förhållandet
790 411 93 22 emellan

127 447 187 22 arbetsresultatet
336 447 52 21 åren
412 447 142 22 1871—1880
576 446 41 21 och
640 446 141 22 1881—1883
797 446 8 21 i
820 445 65 28 årligt

127 482 101 21 medeltal
252 482 30 27 på
304 481 95 28 följande
417 482 55 20 sätt:
504 480 74 22 Under
592 480 150 22 förstnämnda
757 480 75 28 period
846 480 37 21 be-

126 516 120 22 handlades
260 516 8 21 i
283 515 99 27 samtlige
397 515 108 22 hofrätter
519 517 61 19 utom
587 515 112 21 fiskaliska
707 515 99 21 aktioner
817 515 67 26 4,854

127 551 50 23 mål,
199 550 79 22 hvaraf
292 551 63 25 1,880
375 556 79 21 genom
468 550 50 26 vad,
533 551 42 20 665
590 556 78 21 genom
683 549 129 22 hemställan
828 551 55 19 samt

130 586 62 25 2,309
214 591 78 21 genom
314 584 77 22 besvär
413 584 46 21 dels
482 584 8 21 i
513 584 115 21 exekutiva
644 583 46 22 dels
705 584 8 21 i
727 584 70 21 andra
812 583 74 28 frågor

129 620 75 27 bragts
226 619 69 21 under
313 618 193 22 öfverdomstolens
521 613 108 32 pröfning.
654 617 29 22 Af
696 619 67 26 dessa
773 619 65 25 4,854
853 617 32 22 af-

128 655 86 26 gjordes
236 654 64 26 4,222
318 653 40 21 och
373 653 42 22 632
431 652 52 21 eller
499 653 26 21 13
541 654 89 25 procent
644 652 72 22 blefvo
730 652 108 21 beroende
853 652 33 21 till

130 690 31 19 ett
182 687 96 28 följande
298 688 30 21 år.
359 687 74 22 Under
455 687 103 21 trienniet
573 687 47 21 åter
634 687 103 21 förehade
752 687 136 21 hofrätterne

130 723 50 20 med
198 722 142 21 förenämnde
354 722 113 26 undantag
482 721 7 21 i
505 721 103 22 medeltal
622 728 39 21 per
676 722 24 20 år
714 722 62 25 2,049
793 721 94 28 vädjade

130 757 42 21 '740
194 755 120 22 hemstälda
337 755 40 21 och
399 756 64 27 3,248
479 755 103 27 besvärs-,
598 755 52 22 eller
664 755 143 22 tillsammans
822 756 63 25 6,037

130 791 51 26 mål,
202 790 25 21 af
246 789 74 23 hvilka
343 790 62 25 5,091
429 789 140 22 befordrades
591 789 34 22 till
647 789 51 27 slut,
713 796 49 15 men
778 790 41 21 946
835 789 54 22 eller

130 826 41 21 337
193 825 99 27 vädjade,
314 825 28 21 43
365 823 123 22 hemstälda
503 824 40 21 och
558 825 42 21 566
615 823 137 26 besvärsmål,
770 825 119 26 utgörande

134 859 80 27 15,69/,
236 858 25 22 af
274 858 98 27 samtlige
387 858 8 21 i
409 857 135 22 hofrätterne
560 857 124 22 förekomne
700 859 187 26 rättegängsären-

131 895 38 20 der
183 893 25 21 af
220 893 118 21 oförmälde
354 892 47 27 slag
415 892 155 22 balanserades
585 893 33 21 till
634 895 31 19 ett
679 892 96 28 följande
791 893 30 20 år.

200 927 78 22 Denna
293 927 96 27 stegring
404 927 25 21 af
442 927 83 21 mälens
541 927 61 21 antal
616 927 40 21 och
671 927 7 21 i
689 927 134 27 balanserne,
834 927 55 21 hvil-

133 962 43 21 ken
198 963 29 26 pä
249 963 42 19 sätt
314 961 24 21 af
351 961 131 21 berättelsen
497 961 34 21 till
547 962 55 21 1882
617 962 35 21 ärs
667 961 104 27 landtdag
786 961 101 27 framgär,

134 997 103 27 skarpare
252 996 92 27 begynte
360 995 120 22 framträda
496 995 48 22 frän
560 996 25 21 är
602 997 54 20 1877
672 995 41 22 och
727 995 95 22 derefter
837 995 53 22 fort-

135 1031 96 25 farande,
247 1037 35 14 om
301 1029 41 22 ock
356 1029 7 21 i
379 1029 59 21 olika
453 1030 55 26 grad
525 1030 59 21 inom
600 1030 58 21 olika
673 1030 46 27 slag
733 1030 25 21 af
770 1030 49 25 mäl,
829 1029 62 28 stigit

133 1066 25 20 sä
180 1067 32 18 att
234 1064 83 21 antalet
338 1064 24 20 är
386 1064 56 21 1880
464 1064 100 27 utgjorde
584 1065 70 26 5,735,
670 1065 24 20 år
710 1065 53 21 1881
780 1065 70 25 5,883,
867 1064 26 21 är

136 1099 54 22 1882
206 1099 64 26 5,920
286 1098 40 21 och
341 1098 24 21 är
382 1099 55 21 1883
453 1099 64 25 6,353
533 1098 43 21 mäl
591 1099 49 21 med
655 1105 56 21 resp.
731 1099 162 21 balanserande

133 1135 49 25 900,
205 1134 50 26 938,
280 1133 60 26 1,109
364 1132 40 21 ock
419 1133 42 21 792
477 1133 44 21 mäl
536 1133 46 26 har,
598 1133 92 21 emedan
705 1133 123 27 stegringen
843 1132 50 21 huf-

133 1167 141 28 vudsakligen
290 1167 53 27 egde
359 1174 48 14 rum
421 1167 37 22 vid
473 1161 48 27 Äbo
536 1168 40 20 och
593 1167 97 27 Wiborgs
698 1167 111 26 hofrätter,
819 1167 74 21 föran-

134 1203 45 20 ledt
194 1204 33 19 att
242 1203 42 19 den
299 1201 115 27 tillökning
429 1201 8 21 i
451 1201 131 27 personalen
598 1208 45 15 som
658 1201 46 22 blef
717 1209 26 14 en
759 1201 54 28 följd
823 1201 24 22 af
852 1202 40 20 nä-

135 1236 50 27 diga
200 1235 153 27 förordningen
369 1236 42 20 den
427 1237 25 20 27
469 1235 62 27 April
541 1236 54 21 1868
611 1242 34 15 om
655 1235 130 28 indragning
795 1235 24 22 af
829 1235 63 22 Käm-

135 1271 131 26 mersrätter,
288 1269 179 27 Lagmansrätter
481 1277 27 13 m.
526 1277 27 14 m.
569 1269 40 22 och
624 1269 80 22 skedde
719 1277 78 21 genom
813 1270 81 27 nädiga

135 1304 154 27 förordningen
312 1304 41 21 den
378 1304 26 21 10
427 1304 94 21 Januari
544 1304 55 22 1870
621 1304 110 21 befunnits
753 1304 141 27 otillräcklig,

135 1339 41 21 Vid
197 1339 148 21 förstnämnde
368 1338 81 21 hofrätt
465 1338 72 22 blefvo
555 1338 91 26 derföre,
661 1339 49 21 med
725 1338 60 22 bifall
795 1338 32 21 till
843 1338 49 21 Hof-

135 1375 83 19 rättens
233 1373 75 21 härom
323 1372 78 28 gjorda
415 1372 165 28 framställning,
598 1380 77 20 genom
691 1373 142 27 kungörelsen
849 1374 42 20 den

138 1409 25 19 13
187 1407 105 21 Februari
316 1408 55 20 1882
393 1407 38 21 tvä
453 1414 43 20 nya
511 1407 196 27 assessorstjenster
721 1408 115 25 inrättade,
853 1408 43 20 och.

136 1442 36 21 vid
188 1441 97 27 Wiborgs
300 1440 93 27 Hofrätt,
410 1448 46 14 som
471 1442 7 20 i
497 1441 111 21 skrifvelse
623 1441 25 21 af
660 1442 41 20 den
714 1443 11 20 4
734 1441 95 22 Oktober
839 1442 57 22 1882.

827 1476 22 16 10
