1086 1717
320 151 23 23 U.
359 152 23 23 B.
398 151 37 23 N:o
451 151 21 23 7.
487 162 30 6 —
532 150 166 24 Ständerhuset.
845 151 12 21 9

129 209 114 23 Utskottet
266 208 125 28 handlägga.
421 208 33 22 En
477 208 72 22 verbal
570 208 98 27 tolkning
690 207 23 22 af
730 208 26 21 31
773 208 12 26 $
800 206 88 23 innebär

129 243 42 27 väl,
194 244 33 20 att
251 242 62 22 dessa
330 242 137 22 medlemmar
482 242 47 22 icke
544 248 38 16 ens
597 242 49 21 bort
660 241 22 22 få
695 241 89 27 inväljas
799 241 6 21 i
821 241 66 22 Stats-

130 277 114 27 utskottet,
258 276 90 22 likasom
363 276 130 22 Ständernas
507 276 191 26 bankfullmäktige
712 276 48 21 icke
776 275 72 21 kunna
857 275 31 22 in-

130 311 67 27 väljas
212 311 7 21 i
234 310 172 27 bankutskottet;
422 316 48 15 men
486 311 33 21 att
533 310 27 27 på
575 310 66 21 sådan
657 310 68 26 grund
736 309 66 27 draga
816 308 72 28 sjelfva

131 345 61 22 valen
207 345 69 21 under
290 344 72 27 hvarje
381 344 74 22 stånds
470 344 97 27 pröfning
583 344 39 22 och
638 343 149 28 upphäfvande
802 343 39 21 och
856 343 31 21 så-

131 379 65 22 lunda
218 378 63 22 vinna
304 384 25 15 en
352 377 59 23 äfven
426 378 8 21 i
449 378 69 22 denna
531 378 61 27 fråga
606 378 78 27 ojäfvig
699 376 190 27 sammansättning

131 413 23 23 af
168 412 172 27 Statsutskottet,
356 418 61 22 synes
432 412 63 22 hafva
509 414 35 25 egt
559 412 24 22 så
598 412 84 28 mycket
697 412 82 21 mindre
794 410 47 22 skäl
855 410 33 22 för

131 448 38 27 sig,
192 453 46 16 som
258 447 59 22 detta
331 447 82 21 utskott
428 446 166 28 uppenbarligen
609 446 78 21 tillsats
703 446 39 21 och
758 446 67 21 måste
847 445 41 21 till-

131 484 68 20 sättas
215 481 49 22 med
278 481 45 21 helt
338 481 65 21 andra
418 480 39 22 och
472 480 49 22 vida
536 480 102 27 vigtigare
652 479 113 28 uppgifter,
781 482 28 19 än
819 479 69 22 denna

132 515 145 28 exceptionela
298 514 129 28 granskning
449 514 22 22 af
492 517 32 19 ett
543 514 118 28 lyckligtvis
676 513 141 28 exceptionelt
831 513 58 22 befo-

132 549 200 28 genhetsmissbruk.
362 549 43 21 Det
426 549 39 21 har
489 548 70 22 derför
572 551 59 25 synts
646 548 42 27 mig
703 547 129 28 fullkomligt
847 547 40 21 till-

131 583 162 28 fyllesgörande,
314 585 32 20 att
360 583 26 22 de
401 582 153 23 ofvannämnde
570 583 164 21 medlemmarne
749 582 90 21 allenast
853 581 36 22 vid

132 617 183 28 handläggningen
330 617 22 22 af
365 617 159 26 ifrågavarande
541 617 33 21 del
589 616 46 22 utaf
649 617 59 21 detta
723 616 78 21 ärende
812 615 77 22 afhölle

132 652 33 27 sig
179 651 46 22 från
239 651 107 23 utskottet
360 651 40 22 och
414 651 43 22 läte
472 651 33 26 sig
519 651 23 22 af
554 651 137 27 suppleanter
706 649 129 26 företrädas;
848 649 40 22 och

132 686 40 22 har
192 686 36 27 jag
243 686 24 21 så
282 685 83 28 mycket
380 685 81 21 mindre
476 685 74 21 tvekat
564 687 33 19 att
611 685 7 20 i
633 685 77 21 sakens
725 684 74 27 början
814 683 75 22 härom

133 720 7 21 i
156 719 165 22 Statsutskottet
343 719 89 24 anmäla,
450 725 46 15 som
512 719 36 21 det
562 725 62 21 synes
639 719 43 26 mig
697 725 50 15 vara
762 718 23 21 af
798 718 41 26 hög
854 717 35 22 be-

133 753 88 28 tydelse,
242 755 32 20 att
291 753 46 22 icke
352 753 82 21 landets
449 753 91 22 Ständer
554 753 7 21 i
576 752 59 27 fråga
651 759 34 15 om
700 752 134 27 redovisning
850 751 39 22 och

132 787 189 28 jäfsförhällanden
336 786 63 22 ställa
413 787 32 26 sig
459 787 28 26 pä
503 793 25 15 en
543 787 138 26 ståndpunkt,
698 793 45 14 som
759 786 27 21 de
797 785 92 22 otvifvel-

135 821 68 27 aktigt
226 827 49 15 vore
291 821 25 21 de
330 820 65 22 förste
409 822 32 20 att
456 821 39 21 hos
511 821 40 21 den
566 821 66 21 andra
648 820 140 22 statsmakten
804 819 87 27 angripa

135 855 40 22 och
200 855 102 22 fördöma.
340 854 69 22 Sedan
432 853 43 22 ofta
499 855 90 21 nämnde
612 854 139 22 medlemmar
773 852 117 23 emellertid

134 889 98 27 samtlige
257 888 144 22 tillbakavisat
420 888 214 27 jäfsanmärkningen,
660 888 40 22 och
715 887 175 22 Statsutskottets

135 925 59 20 stora
208 923 110 27 pluralitet
333 922 83 27 afslagit
431 922 43 21 min
489 922 99 22 anhållan
603 925 32 19 att
650 922 21 21 få
686 923 36 21 det
737 922 75 27 gjorda
824 920 67 28 jäfvet

133 957 66 28 jemte
214 957 75 21 skälen
304 956 32 21 till
352 956 115 21 detsamma
477 956 133 22 omedelbart
622 957 39 21 och
672 956 45 22 före
725 955 166 26 hufvudfrägans

135 991 72 22 vidare
229 990 128 27 behandling
372 990 137 21 understälda
524 991 26 21 de
564 991 106 21 särskilda
684 990 101 22 ständens
800 991 47 25 eget
862 987 29 23 af-

135 1025 99 27 görande,
250 1026 56 20 samt
320 1024 101 22 förklarat
433 1023 209 28 jäfsanmärkningen
656 1024 48 21 icke
718 1024 85 21 komma
817 1025 32 20 att
858 1022 33 22 till

135 1060 70 27 nägon
222 1059 76 27 ätgärd
313 1059 46 21 frän
373 1058 122 22 Utskottets
510 1059 45 22 sida
570 1059 116 27 föranleda,
709 1058 80 27 nödgas
801 1057 36 27 jag
852 1057 39 21 hos

137 1093 26 22 de
178 1099 55 21 resp.
249 1093 89 21 ständen
352 1093 80 27 päyrka

343 1169 32 18 att
390 1165 29 24 af
432 1166 172 21 Statsutskottets
615 1166 138 21 medlemmar
763 1165 40 21 hrr
813 1165 79 21 Schau-

275 1207 57 19 man,
343 1199 70 28 Hjelt,
426 1199 113 25 Kihlman,
550 1200 90 21 Donner
650 1200 40 21 och
700 1200 115 21 Meurman
825 1199 68 21 mätte

275 1235 70 20 säsom
361 1234 112 27 deltagare
488 1235 8 19 i
513 1234 297 27 Ständerhusdelegationens
821 1233 72 21 arbete

268 1268 117 27 förklaras
395 1267 86 29 jäfvige
496 1271 33 18 att
544 1269 8 20 i
568 1268 173 21 Statsutskottets
756 1267 136 29 granskning

274 1302 29 27 af
315 1302 165 28 Delegationens
497 1303 34 21 till
547 1302 124 22 Ständerna
680 1302 90 28 afgifna
782 1302 111 21 berättelse

274 1337 93 27 deltaga,
389 1340 57 18 samt
468 1340 33 18 ati
516 1336 172 28 ifrägavarande
704 1336 111 22 berättelse
825 1336 68 28 jemte

274 1370 143 22 betänkandet
433 1371 66 28 förty
521 1371 130 21 omedelbart
673 1372 169 20 äterremitteras
857 1370 36 21 till

276 1404 161 22 Statsutskottet
459 1406 8 19 i
489 1404 102 27 afseende
612 1406 14 20 &
649 1405 130 28 afgifvande
801 1404 29 27 af
845 1406 48 26 nytt

275 1438 133 22 betänkande
429 1439 70 21 under
518 1439 126 21 medverkan
664 1439 30 26 af
705 1439 76 21 endast
797 1437 96 29 ojäfvige

274 1472 215 22 utskottsledamöter.
