1086 1717
320 146 23 23 U.
360 146 22 23 B.
399 147 36 22 N:o
451 146 21 23 7.
488 158 30 5 —
533 146 165 24 Ständerhuset.
842 148 12 20 5

127 208 66 27 skala,
217 208 39 22 bör
278 215 48 15 man
342 208 92 22 betänka
452 211 32 19 att
499 210 27 20 de
541 209 33 21 för
589 216 26 15 en
630 210 130 22 tillväxande
775 216 109 20 represen-

127 243 68 21 tation
218 243 80 21 kanske
320 243 56 21 inom
398 243 50 21 kort
463 243 61 22 skola
538 244 45 21 visa
598 244 32 27 sig
644 246 49 19 rent
708 244 22 21 af
744 244 139 27 nödvändiga.

127 277 119 27 Ritningen,
263 277 65 21 sådan
344 277 39 21 den
400 283 27 15 nu
443 279 30 24 är,
489 277 129 23 framställer
634 278 107 22 dessutom
759 280 30 20 ett
804 278 81 27 helgju-

127 313 31 20 tet
174 311 164 22 arkitektoniskt
352 311 79 27 arbete,
441 312 38 21 och
491 312 72 26 hvarje
573 314 69 20 större
653 312 52 22 eller
715 312 81 22 mindre
805 314 80 26 stymp-

127 346 50 27 ning
200 345 60 23 deraf
280 345 84 22 komme
382 345 48 22 hela
445 346 125 27 byggnaden
584 348 33 20 att
632 346 80 22 förlora
727 346 41 22 den
782 346 103 22 karaktär

127 380 22 22 af
163 379 110 27 värdighet
288 379 39 21 och
343 380 69 26 enhet,
427 386 46 15 som
488 379 33 22 för
531 380 122 22 densamma
664 386 28 16 nu
702 382 24 20 är
736 380 147 22 utmärkande.

128 415 38 21 Att
188 414 18 27 ej
223 414 66 21 heller
305 414 40 21 den
361 414 124 21 dekorativa
499 414 115 28 utstyrseln
629 414 34 21 för
677 414 84 22 landets
775 420 110 21 represen-

127 449 87 21 tanthus
236 448 32 21 får
287 447 123 22 försummas
426 450 23 19 är
464 448 112 27 sjelffallet,
596 455 34 15 om
646 449 36 21 det
698 449 39 21 och
753 451 24 19 är
791 448 43 22 lika
849 455 36 15 na-

127 483 75 26 turligt
224 485 32 19 att
271 482 38 22 allt
324 482 86 27 onödigt
425 482 74 22 slöseri
514 483 74 21 härvid
603 483 39 21 bör
657 483 110 21 undvikas.
798 483 87 21 Utskot-

128 519 32 20 tet
181 517 63 27 hyser
266 516 60 22 äfven
349 517 39 20 den
413 516 139 28 öfvertygelse
574 519 32 19 att
622 517 161 26 Delegationen,
799 517 33 21 vid
848 523 37 15 an-

128 551 108 22 ordnande
252 551 22 21 af
288 551 123 21 dekorativa
426 551 120 27 prydnader
560 552 14 20 å
589 551 156 27 ständerhuset,
762 551 53 22 skall
830 551 55 21 iakt-

128 587 50 25 taga
197 585 28 21 all
241 585 39 21 den
295 584 196 27 hushällsaktighet,
515 591 45 15 som
576 585 48 21 med
640 585 137 27 byggnadens
792 585 34 22 stil
842 585 42 22 kan

127 619 90 22 förenas.

197 653 39 21 Ett
250 653 131 25 ständerhus,
393 653 99 27 uppfördt
507 653 65 27 enligt
587 653 41 21 den
638 652 22 22 af
669 653 153 27 Delegationen
833 653 52 26 god-

128 687 70 22 kända
220 687 110 26 ritningen,
347 688 66 20 måste
429 693 60 16 anses
504 687 153 22 tillfredsställa
673 687 26 21 de
715 687 98 27 anspråk,
829 693 53 21 som,

129 722 27 26 pä
178 721 68 27 grund
268 720 22 22 af
304 721 35 21 det
354 721 61 21 ofvan
430 721 94 26 anförda,
543 721 71 21 kunna
629 721 74 21 ställas
718 722 27 26 pä
761 721 123 26 detsamma,

129 757 51 20 utan
202 757 32 20 att
257 755 60 22 dock,
333 761 49 15 vare
401 755 32 26 sig
455 755 34 21 till
512 755 141 21 dimensioner
668 755 52 21 eller
735 755 6 20 i
757 755 98 22 afseende
870 755 15 21 &

129 789 133 27 konstnärlig
278 789 105 27 utstyrsel,
400 789 130 22 öfverskrida
545 789 55 21 hvad
616 789 33 21 för
664 795 26 15 en
705 789 66 21 sådan
786 789 98 28 byggnad

129 825 24 20 är
177 823 135 27 nödvändigt.
352 823 122 21 Kostnaden
500 823 72 21 härför
598 823 81 26 uppgår
703 823 32 21 till
761 822 124 27 förslagsvis

131 857 112 26 2,376,339
263 857 59 21 mark
350 857 25 21 75
401 857 69 26 penni,
495 856 108 22 fördelade
628 857 28 27 på
680 857 93 26 följande
797 856 88 21 hufvud-

130 893 80 26 poster:

579 953 43 26 Fp
665 958 25 21 Tä

132 998 97 27 Sprängd
245 998 39 21 och
300 998 81 27 huggen
397 1000 46 19 sten
477 1015 4 4 .
514 1014 5 5 .
550 998 97 26 238,393:
664 998 34 21 40.

131 1032 63 27 Tegel
226 1049 3 4 .
260 1048 4 5 .
296 1032 41 27 fö.
406 1048 4 4 <
442 1048 3 4 <
515 1049 4 4 0.
548 1033 99 26 449,725:
668 1044 21 3 —

130 1066 62 27 Kalk,
209 1066 59 22 sand.
284 1045 89 53 cement,
388 1066 45 27 gips
449 1068 39 19 etc.
515 1082 4 5 .
551 1066 97 26 134,900:
667 1078 22 3 —

130 1083 111 39 Betonsten
260 1117 4 4 .
298 1117 40 6 sar
369 1116 41 5 rs
442 1116 41 5 sor
566 1100 83 24 13,045:
668 1112 20 3 —

131 1134 128 27 Mosaikgolf
297 1151 5 4 .
333 1151 4 4 .
368 1151 5 4 .
440 1150 5 5 <
515 1150 4 5 0.
564 1135 84 25 54,874:
665 1134 33 21 25.

131 1167 115 28 Asfaltgolf
259 1169 18 21 &
292 1147 116 53 trottoirer
441 1184 40 5 o.
563 1168 83 26 27,688:
664 1168 33 21 35.

130 1202 168 22 Stuck-marmor
311 1202 31 22 till
357 1202 71 27 pelare
439 1202 39 21 och
489 1184 30 45 på

158 1235 78 22 lastrar
262 1253 4 4 .
298 1252 4 5 .
368 1253 5 4 2
405 1252 5 4 2
440 1253 4 4 2
476 1253 5 4 0
515 1252 4 4 L
565 1237 84 25 19,637:
665 1236 33 21 25.

130 1269 61 22 Yttre
206 1269 132 29 facade-puts
368 1287 3 4 .
404 1287 4 5 .
512 1287 5 5 <
562 1271 85 25 —64,506:
666 1282 24 2 —

129 1304 50 22 Inre
201 1307 49 25 puts
265 1306 13 20 &
294 1307 77 25 väggar
388 1304 39 22 och
439 1282 45 54 tak
523 1321 5 5 .
574 1305 84 26 —61,626:
677 1316 22 3 —

130 1338 54 22 Tak-
199 1338 39 22 och
253 1338 95 28 listputs
373 1355 4 5 .
407 1354 5 6 .
443 1355 4 5 .
479 1354 5 6 .
516 1354 5 5 .
565 1339 86 26 62,942:
666 1338 34 21 50.

131 1372 87 22 Cement
234 1372 148 22 dekorationer
406 1388 4 4 .
441 1388 5 6 .
479 1388 4 5 .
515 1388 4 6 .
565 1373 83 25 234,472:
666 1372 33 21 25.

130 1406 51 27 Gips
196 1406 150 24 dekorationer
369 1423 4 5 .
404 1422 5 6 .
564 1407 85 24 34,637:
667 1407 33 21 10.

399 1422 120 46 Transport
533 1442 118 26 1,196,447:
670 1442 31 19 10.
