1086 1717
180 95 55 30 194.

148 173 124 23 anmärkning
285 178 28 12 om
324 173 32 18 det
365 164 105 36 oegentliga
479 174 45 21 deri,
534 175 28 16 att

148 208 114 17 statsverket
280 208 41 18 med
339 209 34 17 250
391 210 69 16 tunnor
476 208 85 23 spanmäl

147 242 71 22 ärligen
236 242 77 23 bidroge
331 243 29 18 till
378 242 98 18 aflönande
489 243 20 17 af
520 248 41 17 pre-

147 276 107 23 sterskapet
260 277 31 17 vid
300 277 150 23 Nikolaikyrkan
460 278 6 17 i
475 278 86 22 Helsing-
569 277 2 3 |

147 310 39 18 fors
204 313 48 15 samt
265 312 41 17 med
318 313 34 17 400
364 314 69 16 tunnor
446 312 71 23 ärligen
531 312 29 17 till

148 345 60 18 denna
220 346 70 22 kyrkas
304 346 98 18 underhäll
414 346 95 18 äfvensom
519 346 41 18 med

147 380 51 20 2,000
216 380 54 18 mark
289 380 70 23 ärligen
378 381 29 17 till
425 382 88 21 pastorns
529 380 31 18 vid

148 414 56 23 sagde
217 415 52 17 stads
282 416 54 22 tyska
350 416 109 22 församling
468 415 92 23 aflöning;

169 865 27 16 att
208 863 38 18 dei
256 863 66 23 sjunde
331 863 127 18 hufvudtiteln
468 864 100 23 ingäende
562 859 9 32 ;

146 897 72 18 diverse
234 897 78 23 utgifter
325 900 50 16 utom
389 900 38 16 stat
439 899 58 17 borde
509 899 5 16 i
528 904 31 12 an-

145 932 69 17 seende
221 932 30 18 till
261 932 53 18 deras
324 933 105 22 betydande
438 933 67 23 belopp
513 939 46 16 upp-

145 968 53 21 tagas
210 966 145 23 fullständigare
368 969 23 16 än
405 973 24 11 nu
439 969 20 16 är
468 967 58 22 fallet,
536 967 23 18 dä

145 1001 41 17 icke
204 1006 32 12 ens
249 1001 73 18 hälften
336 1002 20 17 af
367 1001 94 18 desamma
473 1002 68 18 funnes
554 1002 5 17 i

145 1035 155 23 räkenskaperna
320 1036 129 22 specificeradt
470 1036 89 23 uppförd;

168 1094 28 16 att
214 1093 99 18 Utskottet
328 1094 173 21 uppmärksammat
514 1095 28 16 att
554 1093 16 18 i;

147 1127 44 17 1880
203 1127 31 18 års
243 1128 126 17 summariska
377 1128 81 23 räkning
467 1127 93 24 utgående

145 1161 89 18 balansen
247 1161 31 18 till
292 1162 41 17 1881
345 1161 30 18 års
384 1163 124 17 summariska
516 1163 42 17 räk-

145 1195 43 23 ning
202 1195 98 23 uppgifves
313 1196 30 18 till
357 1197 100 21 14,797,441
472 1197 53 17 mark
538 1198 22 16 28

144 1235 23 17 p.,
186 1231 99 17 hvaremot
303 1230 151 23 finanskalkylen
473 1231 30 18 för
516 1233 42 16 1881

145 1266 92 21 upptager
249 1264 134 23 behållningen
395 1265 42 18 från
447 1265 113 23 föregående

145 1298 22 18 år
184 1299 30 18 till
233 1299 67 18 endast
320 1300 103 22 14,606,662
436 1301 53 17 mark
502 1302 22 16 67
536 1306 24 17 p.;

508 93 8 1 —
537 92 85 34 XXXI-

580 173 53 18 såväl
640 175 28 17 att
676 173 38 18 låta
723 174 31 17 vid
767 169 144 33 kyrkostämmai
918 173 78 23 publika

580 208 78 18 ombuds
664 208 99 18 öfvervaro
769 209 46 17 höra
821 208 117 23 Helsingfors
943 208 52 17 stads

580 244 80 16 svenska
679 244 35 16 och
733 243 62 18 finska
814 244 119 21 församlings
946 242 48 18 med-

579 278 78 16 lemmar
676 277 52 18 öfver
747 278 37 17 alla
803 278 41 17 med
864 278 59 17 denna
941 276 54 24 fråga

580 312 183 23 sammanhängande
782 312 158 22 omständigheter
960 312 33 17 och

579 346 93 18 huruvida
697 347 42 17 icke
764 346 132 23 församlingen
918 352 77 12 numera

569 376 1 28 |
579 381 63 17 kunde
656 381 97 23 öfvertaga
767 381 131 23 skyldigheten
911 382 27 16 att
951 380 45 22 sjelf

569 409 1 6 |
579 416 35 17 och
627 417 45 16 utan
685 415 144 23 ifrågavarande
838 415 65 23 bidrag
912 415 20 17 af
940 417 54 15 stats-

578 451 66 17 verket
657 450 112 18 underhålla
782 450 42 18 dess
837 451 61 22 kyrka
910 450 34 17 och
953 455 41 17 pre-

569 506 1 3 I
579 485 91 22 sterskap,
683 490 39 12 som
733 485 36 17 ock
777 486 28 16 att
811 484 60 18 utlåta
878 485 27 22 sig
914 490 29 12 om
952 484 42 17 icke

568 511 2 9 |
581 520 53 21 tyska
653 519 135 23 församlingen
807 520 6 16 i
832 519 116 22 Helsingfors
967 524 28 12 re-

579 554 36 17 dan
629 555 65 16 vunnit
708 554 36 17 den
757 554 102 22 tillökning
871 554 5 17 i
886 553 108 22 folkmängd

579 589 35 16 och
627 588 136 23 förmögenhet,
778 590 27 15 att
818 588 177 23 aflöningsbidraget

579 623 19 17 åt
615 623 125 18 nästnämnda
753 623 119 22 församlings
885 625 63 20 pastor
961 628 33 11 nu-

578 663 52 12 mera
648 657 63 18 kunde
728 657 30 18 till
775 657 114 18 statsverket
900 657 93 22 indragas.

602 692 61 17 Sedan
682 692 131 22 Domkapitlet
831 692 35 17 den
882 693 20 16 12
915 691 78 18 Januari

568 721 2 13 |
580 727 44 16 1885
643 727 100 16 inkommit
755 726 42 17 med
809 727 183 22 kyrkostämmopro-

578 761 84 17 tokollen
681 761 36 17 har
736 761 77 17 ärendet
831 761 113 17 remitterats
964 761 28 16 till

568 810 1 3 ;
578 794 121 19 Guvernören
718 795 6 17 i
745 795 83 23 Nylands
847 795 36 21 län,
900 795 24 22 på
936 795 56 18 hvars

578 828 97 19 utlåtande
688 829 32 18 det
733 829 30 18 för
775 829 116 18 närvarande
903 829 60 18 beror.

600 864 78 17 Diverse
692 864 79 22 utgifter
780 866 51 15 utom
841 865 37 16 stat
887 863 55 18 hafva
950 863 43 18 från

566 888 3 26 |
578 899 35 17 och
626 899 42 16 med
681 899 21 17 år
716 899 45 17 1880
773 899 96 22 upptagits
883 898 60 17 sävidt
952 900 41 21 gör-

568 945 1 4 |
577 933 36 22 ligt
621 933 49 18 varit
678 933 89 22 specifikt
775 933 6 18 i
788 933 204 23 kapitalräkningarna.

602 1093 94 23 Ingäende
703 1093 134 23 behällningen
844 1093 5 17 i
856 1093 137 22 statskalkylen

578 1129 35 16 har
632 1129 41 16 icke
692 1129 74 16 kunnat
780 1129 73 16 hemtas
867 1133 21 11 ur
901 1127 93 18 afslutade

578 1163 130 22 räkenskaper
727 1163 29 16 för
775 1162 112 23 föregäende
901 1161 26 18 är.
952 1162 41 17 Den

568 1203 2 4 i
578 1197 84 18 befinnes
680 1197 94 22 nemligen
793 1196 117 23 dagtecknad
923 1196 35 17 den
971 1197 22 16 23

578 1232 51 17 Mars
648 1232 43 16 1881
705 1231 36 17 och
755 1231 83 22 grundar
851 1231 28 22 sig
892 1231 66 17 endast
970 1229 24 24 pä

579 1266 20 17 af
607 1265 143 18 vederbörande
760 1265 117 18 embetsverk
886 1265 70 22 afgifna
966 1267 28 15 ut-

568 1308 2 10 |
578 1301 102 22 redningar
699 1301 35 17 och
749 1300 76 22 förslag.
851 1300 94 22 Derjemte
959 1300 35 17 och

579 1335 29 18 för
626 1337 28 16 att
672 1336 63 16 bättre
754 1336 94 16 motsvara
866 1335 33 17 sitt
912 1335 48 22 syfte
973 1336 21 16 är

568 1375 2 23 |
579 1370 35 17 den
635 1370 5 17 i
662 1370 89 22 kalkylen
771 1371 96 21 upptagna
885 1365 109 32 spanmälen

568 1400 1 17 |
579 1404 96 18 beräknad
688 1404 42 17 icke
743 1404 48 18 efter
801 1404 193 22 medelmarkegängs-

579 1439 44 21 pris,
643 1440 45 16 utan
708 1439 48 17 efter
775 1437 168 23 ärsmarkegängen
959 1438 35 17 och
