1086 1717
832 156 26 20 55

132 223 154 29 sprungligen
301 222 65 22 torde
381 222 70 22 hafva
466 221 99 22 anstälts
580 220 38 23 för
632 220 117 29 fyllandet
764 220 26 22 af
799 221 34 20 ett
842 220 48 21 till-

132 258 78 28 fälligt
231 256 78 28 behof,
331 256 42 22 har
395 256 164 28 befattningen
577 256 39 21 till
630 254 61 30 följd
706 254 25 22 af
745 254 146 28 småningom

133 292 61 23 ökad
208 291 196 29 vexlingsrörelse
419 290 101 22 derefter
535 290 52 22 icke
596 290 94 22 kunnat
699 289 122 22 undvaras.
837 288 54 22 Med

134 327 109 23 afseende
258 327 14 21 å
286 326 39 22 det
339 334 97 14 numera
450 326 53 22 med
518 326 77 21 denna
610 327 65 19 extra
690 323 133 29 befattning
833 324 58 22 före-

133 362 59 22 nade
215 361 102 29 myckna
338 360 79 22 arbete
439 360 71 22 hafva
532 359 225 28 Bankfullmäktige,
778 359 30 28 på
822 358 69 22 fram-

135 396 113 28 ställning
264 395 26 22 af
303 395 224 28 Bankdirektionen,
543 394 45 22 den
602 397 28 19 20
645 393 132 23 November
789 395 54 20 1884
853 392 39 22 be-

135 432 68 29 viljat
225 432 35 20 ett
282 430 105 22 tillskott
400 430 9 21 i
423 429 153 22 förenämnda
598 428 84 23 arvode
702 428 52 22 med
770 430 41 20 300
826 427 66 22 mark

136 474 37 14 om
188 467 56 26 året,
261 467 35 20 att
310 465 57 28 utgå
382 465 53 21 från
451 465 45 21 den
512 467 10 20 1
539 464 99 22 Januari
654 466 62 20 1885.

204 502 20 26 f)
240 501 12 20 I
268 500 88 22 saknad
378 500 27 21 af
425 500 112 21 särskildt
551 500 83 28 anslag
648 499 37 22 för
700 498 143 22 bankhusets
859 499 57 22 re-/)
929 497 71 22 Anslag
1008 495 29 19 för

137 535 134 28 montering
286 535 42 21 har
349 534 218 23 Bankdirektionen
581 534 100 28 nödgats
696 533 105 22 inhemta
815 531 78 23 Bank-

137 569 161 29 fullmäktiges
313 569 142 29 begifvande
469 569 36 22 för
520 568 185 23 verkställandet
720 567 25 22 af
758 567 91 22 härtills
861 573 34 15 er-

137 604 126 29 forderliga
284 603 90 22 mindre
393 603 159 29 reparationer
566 603 7 22 i
588 603 140 22 bankhuset.
758 603 36 20 Då
809 601 87 28 onödig

139 639 101 28 omgång
255 638 136 29 härigenom
406 637 131 23 föranledes
554 637 43 22 och
612 637 30 22 då
652 637 145 22 bankhusets
807 643 89 14 remon-

122 679 3 4 *
139 673 192 28 teringskostnad
358 673 118 28 sjelffallet
501 672 123 22 framdeles
647 672 104 21 kommer
774 673 35 20 att
833 671 63 27 ökas,

140 708 70 22 hafva
232 707 219 28 Bankfullmäktige
472 707 81 22 funnit
576 706 130 22 önskvärdt
728 708 35 20 att
778 707 35 20 ett
827 705 71 28 årligt

140 743 80 27 anslag
242 742 38 22 för
302 742 160 28 ifrågakomna
484 741 107 22 ändamål
614 741 25 22 af
660 742 63 27 5,000
739 741 66 22 mark
820 739 77 23 blefve

141 776 72 22 stäldt
228 777 38 21 till
281 776 230 22 Bankdirektionens
527 775 145 29 förfogande.

209 811 106 22 Emedan
330 811 28 21 de
372 811 75 21 under
461 811 133 28 punkterna
609 818 18 19 c,
643 810 16 21 d
670 810 44 22 och
724 818 12 13 e
747 809 152 23 omförmälda

142 846 98 28 utgifter
254 845 128 29 lämpligen
392 845 72 22 borde
474 845 9 22 i
493 845 111 22 Bankens
612 847 48 19 stat
670 845 141 26 observeras,
823 845 76 21 tillåta

143 881 37 28 sig
194 879 219 29 Bankfullmäktige
428 879 120 22 vördsamt
562 880 90 27 föreslå,
669 881 35 20 att
714 879 97 22 berörde
821 881 79 27 poster

143 915 121 22 äfvensom
284 914 155 22 nästnämnda
453 914 257 29 remonteringsbelopp
725 914 78 21 blefve
819 914 28 28 pä
862 913 38 22 be-

143 950 82 28 höriga
246 949 84 22 ställen
352 949 93 22 införda
459 949 8 22 i
482 949 46 22 den
549 949 37 22 för
608 949 100 21 Banken
723 948 107 29 gällande
846 949 53 26 stat,

144 983 144 22 beträffande
304 983 95 22 hvilken
415 983 159 29 Fullmäktige
590 983 110 28 föröfrigt
714 983 52 22 icke
781 983 70 22 hafva
861 983 40 21 nä-

145 1021 41 26 got
200 1020 42 26 att
250 1018 115 29 päminna.

214 1107 22 19 2.
266 1105 54 22 Med
342 1105 112 27 anledning
478 1105 26 27 af
515 1105 63 21 väckt
592 1105 64 27 fräga
671 1105 103 21 huruvida
789 1104 117 22 kännedom

145 1140 9 21 i
169 1139 83 22 landets
275 1139 107 22 inhemska
404 1139 66 27 språk
491 1141 62 25 utgör
577 1139 186 27 kompetensvilkor
783 1139 34 27 för
840 1139 67 21 erhäl-

146 1174 62 22 lande
224 1174 27 27 af
262 1174 91 21 embeten
369 1173 36 22 och
421 1174 86 27 tjenster
522 1174 9 20 i
545 1173 108 22 Finlands
668 1173 70 22 Bank.

215 1224 47 22 Vid
277 1224 163 29 uppgörandet
455 1224 45 21 den
515 1227 26 19 21
561 1223 137 30 September
713 1227 54 20 1882
787 1224 26 22 af
825 1223 83 22 under-

147 1259 83 28 dänigt
244 1259 90 28 förslag
348 1259 38 22 till
401 1258 188 22 äterbesättande
604 1258 27 22 af
643 1258 40 22 det
698 1258 139 29 ledigblifna
850 1258 58 29 juri-

147 1294 68 22 diska
226 1294 218 22 direktörsembetet
456 1294 9 22 i
475 1294 225 27 Bankdirektionen,
712 1294 54 22 kom
776 1294 43 22 hos
830 1293 79 22 Bank-

147 1328 149 29 fullmäktige
319 1328 73 22 under
415 1328 173 29 öfvervägande
607 1328 116 22 huruvida
737 1328 29 22 de
781 1328 38 22 för
833 1327 77 22 befor-

148 1363 58 21 dran
228 1363 38 21 till
290 1365 88 19 statens
399 1363 107 22 embeten
523 1363 43 21 och
582 1362 98 30 tjenster
694 1363 9 21 i
719 1362 127 22 allmänhet
861 1362 48 28 gäl-

148 1397 68 21 lande.
233 1397 145 29 stadganden
393 1404 39 15 om
447 1397 190 29 ädagaläggande
653 1397 25 22 af
686 1396 137 29 erforderlig
835 1396 75 28 insigt

148 1432 9 21 i
172 1431 91 22 landets
286 1432 75 28 begge
385 1432 70 28 spräk
477 1436 39 18 äro
540 1432 141 28 tillämpliga
700 1432 29 28 pä
745 1432 106 22 embeten
867 1430 43 22 och

149 1466 98 29 tjenster
262 1466 9 22 i
286 1466 113 22 Finlands
415 1466 76 22 Bank.

218 1500 54 22 Med
295 1500 128 29 anledning
446 1502 25 21 af
491 1501 45 22 den
559 1501 63 22 olika
637 1500 153 30 uppfattning
805 1508 51 14 som
871 1499 40 22 vid

911 520 115 19 bankhusets

906 543 131 22 remontering.
