1086 1717
213 149 27 21 24
425 148 23 23 U.
465 149 23 23 B.
504 160 29 6 —
550 149 24 22 Hl
590 160 30 6 —
636 148 67 24 XXXI.

252 205 80 22 Posten
346 206 7 20 i
366 206 70 21 Debet
451 205 103 28 ,Influtna
569 207 75 20 räntor
658 205 28 27 pä
701 204 47 22 lån"
763 212 48 20 pag.
829 206 39 21 182
882 206 57 21 visar

185 246 27 14 en
226 240 7 20 i
248 241 82 25 ögonen
342 240 93 21 fallande
450 241 45 20 stor
510 240 112 26 variation,
646 240 7 20 i
669 240 37 21 det
721 241 34 20 att
764 240 68 21 under
844 241 53 20 1881
908 240 31 22 in-

184 273 57 22 flutit
256 274 42 27 Za
320 274 98 26 389,937:
442 274 33 26 95,
499 274 111 22 hvaremot
624 274 70 21 under
710 274 56 22 1883
781 274 69 28 ingått
865 275 75 21 endast

184 308 44 27 mg
242 308 98 26 254,912:
357 308 32 27 34,
406 308 89 22 oaktadt
505 308 111 22 skilnaden
631 308 92 22 emellan
738 308 154 28 länebeloppen
906 309 34 21 för

186 342 26 21 de
234 348 54 21 resp.
312 342 50 22 ären
377 344 55 20 varit
445 343 153 27 jemförelsevis
614 343 109 27 obetydlig
738 343 53 21 eller
806 343 75 22 endast
896 349 43 15 om-

184 376 63 27 kring
262 377 91 27 280,000
367 378 66 21 mark.
464 378 40 20 Till
527 378 117 27 förklaring
666 377 24 22 af
712 378 71 21 denna
805 378 80 21 olikhet
906 376 34 22 får

185 410 111 23 Utskottet
310 412 95 27 upplysa,
421 414 32 19 att
468 413 81 26 räntor,
565 418 45 16 som
625 412 91 27 tidigare
731 412 57 21 varit
798 412 99 21 förfallna
906 411 34 21 till

185 445 115 28 betalning,
322 447 32 20 till
369 446 52 27 följd
437 446 23 21 af
480 447 119 21 konkurser
614 447 39 21 och
668 447 69 21 andra
759 447 181 26 omständigheter

184 480 79 22 influtit
284 481 54 21 först
359 480 24 21 är
407 481 51 22 1881
482 481 33 21 till
538 482 32 21 ett
592 481 77 27 belopp
692 481 24 21 af
729 481 92 26 136,043
835 481 62 21 mark
912 481 27 20 73

184 515 70 26 penni.

254 548 40 22 Om
309 549 54 21 ifrån
378 549 48 22 hela
440 549 150 28 länebeloppet
606 550 34 21 för
655 550 26 21 de
696 550 71 21 skilda
782 549 50 22 åren
843 549 97 26 afdrages

185 583 26 21 de
226 583 28 27 pä
268 583 95 22 konkurs
377 584 106 21 beroende
506 584 39 21 och
568 585 26 20 de
616 584 34 21 för
665 584 58 21 tiden
746 584 103 21 räntefria
870 583 68 26 lånen,

185 617 73 22 hvilka
268 624 74 15 senare
357 618 96 27 utgifvits
467 619 33 20 tili
516 620 31 20 ett
562 619 78 26 belopp
656 618 22 21 af
692 619 94 24 400,000
801 618 67 25 mark,
883 618 57 21 visar

186 652 36 21 det
236 652 32 27 sig
283 654 33 19 att
330 653 41 20 den
385 653 96 21 normala
495 653 188 27 medelprocenten
698 653 82 27 utgjort
794 653 33 21 för
843 653 24 21 är
886 653 52 20 1881

185 687 31 25 4,4
237 686 34 27 Oo,
293 687 33 21 för
349 687 54 22 1882
425 688 30 25 4,3
478 687 27 28 %,
528 688 40 21 och
590 688 34 21 för
647 688 56 21 1883
718 688 31 25 4,2
765 687 33 28 %,.
828 687 83 22 Räntan
927 686 13 21 ä

184 720 90 22 fondens
288 721 39 21 hos
341 721 114 22 utländska
469 721 118 22 bankirhus
602 721 139 22 innestäende
756 722 69 21 medel
840 721 39 22 har
893 721 47 21 äter

184 755 94 21 varierat
293 756 89 21 emellan
398 758 11 19 1
426 756 27 27 %
469 756 40 21 och
524 757 13 20 3
552 756 34 27 %.

253 784 135 27 Äminnefors
410 790 54 21 bruk
488 790 100 27 inköptes
610 790 23 21 af
654 790 78 21 fonden
747 789 35 22 för
797 790 48 21 dess
859 788 80 23 inteck-

184 823 55 22 nade
261 823 88 22 fordran
379 825 90 25 128,000
493 824 68 26 mark,
592 824 39 21 och
657 824 70 21 säldes
757 825 121 21 sedermera
906 823 33 21 för

184 858 43 27 mg
242 858 84 26 80,000.
356 858 112 22 Förlusten
486 859 13 20 å
515 859 69 21 denna
599 859 53 21 affär
674 859 107 27 utgjorde,
804 858 27 21 dä
853 858 86 21 förvalt-

185 892 62 27 nings
271 892 144 22 kostnaderna
439 893 137 26 inberäknas,
604 893 42 27 %w
670 893 83 26 79,938:
780 893 25 21 81
834 892 39 22 och
897 891 45 22 blef

185 926 124 22 densamma
330 926 115 22 afskrifven
467 927 66 27 enligt
555 927 58 27 Kejs.
638 927 103 21 Senatens
764 927 70 21 beslut
856 927 23 21 af
899 926 40 21 den

184 960 48 28 20/5
248 961 62 21 1883.

252 994 131 22 Utestäende
405 995 78 21 osäkra
504 995 42 26 län,
569 995 106 28 beviljade
698 995 69 21 under
789 995 51 21 ären
857 995 82 21 1859—

184 1029 56 22 1868
256 1029 53 21 eller
323 1029 47 21 före
385 1029 41 21 den
440 1029 32 22 tid
488 1029 162 22 Statskontoret
666 1029 98 27 öfvertog
785 1029 155 27 förvaltningen

184 1063 24 21 af
216 1063 70 22 denna
295 1063 57 27 fond,
368 1063 106 28 uppgingo
486 1066 9 19 1
509 1064 89 21 Januari
614 1065 54 21 1881
685 1064 34 21 till
733 1065 44 26 Zac
791 1064 98 26 469,666:
905 1064 33 21 97.

184 1097 30 22 Af
236 1098 63 21 dessa
322 1097 63 22 hafva
406 1098 48 22 med
476 1098 49 21 fullt
547 1098 46 21 skäl
616 1098 104 21 definitivt

183 1131 71 22 blifvit
269 1132 82 21 afförda
365 1132 67 21 under
446 1132 52 21 åren
514 1133 140 21 1881—1883
676 1149 5 4 .
712 1149 5 4 .
748 1148 13 10 ,
792 1132 97 26 108,384:
905 1132 33 21 20.

184 1165 40 22 Till
240 1166 56 22 1884
312 1166 80 21 återstå
407 1167 12 20 5
435 1166 78 22 osäkra
527 1166 36 21 län
578 1167 68 21 med.
677 1183 5 4 .
714 1182 4 5 .
749 1183 12 9 ,,
791 1166 98 25 361,282:
905 1166 33 26 77,

183 1200 73 21 hvilka
266 1200 132 21 sistnämnda
407 1201 48 20 med
465 1201 49 21 fullt
523 1201 46 21 skäl
577 1203 38 19 äro
630 1200 63 22 förda
708 1202 60 20 utom
783 1200 93 26 kolumn,
891 1206 48 15 men

184 1234 65 22 också
263 1234 24 21 af
300 1241 81 14 samma
396 1235 45 20 skäl
456 1235 71 21 kunde
543 1235 105 21 definitivt
663 1235 86 21 afföras.

252 1269 33 21 De
299 1269 68 22 under
381 1269 123 27 behållning
523 1269 74 22 ultimo
612 1269 119 21 December
755 1269 55 22 1883
832 1269 107 27 upptagna

184 1304 141 27 obligationer
339 1304 107 27 utgjorde:

183 1366 80 22 Finska
278 1366 42 28 4!/,
330 1366 28 27 9/,
368 1366 62 27 oblig.
447 1366 22 21 af
479 1366 24 22 år
514 1367 56 21 1874
585 1366 55 21 Rmk
655 1366 78 26 85,200
748 1366 43 26 Fy
800 1366 96 25 106,414:
904 1365 34 24 80,

183 1400 152 28 Borgå-Kervo
351 1401 12 21 5
379 1400 28 28 ?/,
419 1400 252 28 jernvägs-obligationer
682 1400 53 21 Thlr

296 1452 5 9 |
369 1449 40 7 emi
440 1450 41 6 as
512 1450 5 5 6
547 1451 5 5 5
582 1451 6 5 08
618 1451 6 5 6
654 1450 5 5 W
727 1450 4 4 +
757 1450 12 9 »
799 1433 139 25 8374,919:
906 1429 36 35 90.

605 1474 128 27 "Transport
743 1474 43 27 Sy"
795 1474 98 25 481,334:
903 1473 33 21 70.

252 1514 149 18 Statsutskotteis
413 1514 116 17 betänkande
542 1514 37 18 N:o
592 1514 30 18 13.
