1086 1717
656 167 76 23 Litt.
749 168 32 22 C.

128 218 210 28 Förteckning
359 219 56 21 öfver
433 219 101 27 tillfälliga
549 220 81 26 anslag,
645 224 31 17 om
693 220 64 21 hvilka
773 219 114 27 Kejserliga

202 253 89 21 Senaten
317 253 96 21 hemstält
439 259 44 16 men
503 253 62 22 hvarå
585 253 69 28 nådigt
672 259 48 16 svar
739 255 52 20 ännu
811 253 20 28 ej
850 259 35 16 an-

203 288 61 21 ländt.

763 368 60 18 Mark.
863 373 22 22 |p.|

130 430 1 23 |
160 424 43 18 1883
216 424 83 18 Oktober
314 425 24 20 11,
352 429 28 12 om
395 424 64 23 anslag
471 424 30 18 för
513 424 127 23 kanalisering
648 424 20 19 af
675 424 33 19 Te-
729 394 1 58 |

216 459 107 22 mintaipale
340 461 32 15 näs
389 459 74 21 500,000
478 459 58 21 mark,
552 459 68 18 hvaraf
631 458 21 19 är
666 460 44 17 1884
729 455 2 46 |

160 494 43 17 1884
216 493 91 18 Februari
324 495 16 20 7,
360 499 28 12 om
407 494 65 22 anslag
490 493 29 18 för
538 494 138 17 verkställande
691 493 20 19 af
729 503 2 7 i

215 528 195 22 reparationsarbeten
429 534 22 11 m.
465 534 23 11 m.
502 527 11 18 å
525 528 35 17 den
573 528 20 17 af
604 527 106 19 Statsrådet
729 511 2 51 |

216 561 90 23 Cygnaeus
319 562 6 17 i
338 561 83 18 lifstiden
434 561 19 18 ät
463 562 89 18 Finlands
561 562 40 18 folk
610 564 100 16 testamen-
730 564 1 31 |

216 596 64 17 terade
295 596 45 17 villa
352 597 6 16 i
370 596 147 23 Brunnsparken
529 596 51 18 invid
593 596 117 23 Helsingfors
730 598 1 20 |

217 630 41 18 stad
274 645 3 3 .
417 625 33 31 Rom
465 625 13 31 os
504 644 3 3 a
533 625 15 31 sa
562 645 3 3 +
590 625 32 31 ROR
648 645 4 3 8
677 625 32 31 wvow
730 629 1 21 |
792 619 49 37 9,208
856 623 31 26 [60]

131 671 2 22 j
177 679 9 7 n
217 665 91 18 Februari
317 667 15 19 7,
342 671 28 11 om
380 665 65 22 anslag
453 665 30 18 för
492 665 116 22 uppförande
615 665 20 18 af
642 665 68 22 kyrko-
730 656 1 5 :

131 700 2 18 i
217 699 107 23 byggnader
344 700 6 17 i
371 699 67 18 Salmis
458 700 59 17 härad
537 699 19 18 af
572 699 88 23 Wiborgs
679 699 31 18 län

132 726 1 35 |
218 735 74 20 126,000
304 734 58 21 mark,
374 734 68 17 hvaraf
453 734 29 17 för
495 734 124 17 innevarande
633 733 21 18 år
678 747 4 4 .
707 747 3 4 .
731 744 1 8 |
781 735 62 20 63,000
863 734 25 19 |-—;

178 781 9 8 »
218 768 91 17 Februari
328 769 26 20 21,
373 773 29 12 om
421 768 114 23 anläggning
550 768 20 17 af
582 773 22 12 en
615 768 96 22 jernvägs-

218 802 69 18 bibana
304 801 42 19 från
365 803 70 18 Simola
453 803 70 18 station
535 802 11 19 å
558 802 155 18 Riihimäki—S:t

219 837 113 23 Petersburg
354 838 78 22 jernväg
451 838 29 17 till
502 837 154 18 Willmanstrand
677 837 35 18 och

220 872 79 21 Saimen,
318 872 29 17 för
360 872 75 17 hvilken
448 872 69 18 bibana
529 872 105 18 kostnaden
646 872 66 18 beräk-

220 908 41 16 nats
274 907 29 17 till
318 907 90 21 1,312,000
420 907 58 21 mark,
491 906 68 18 hvaraf
570 906 60 18 under
638 905 21 19 år
668 907 44 17 1884
771 907 74 19 600,000
863 905 27 14 |—;

180 955 9 8 »
220 941 90 18 Februari
327 942 27 21 27,
369 940 96 24 angående
478 941 65 23 anslag
555 941 29 18 för
597 941 115 22 uppförande
733 947 1 22 |

220 975 20 18 af
257 974 89 24 fyrbäkar
364 975 11 18 &
393 975 98 18 holmarna
511 976 99 21 ,Märket*,
630 975 83 22 ,Walsö-
733 976 1 24 |

220 1011 64 16 rarne*
298 1010 34 17 och
347 1009 192 23 ,Strömingsbädan',
559 1009 109 23 förslagsvis
680 1023 4 4 .
708 1023 4 4 .
733 1001 2 23 |
773 1009 73 20 806,500
865 1019 21 2 |-

757 1050 90 21 1,278,708
860 1039 31 33 [60]

638 1049 76 18 Summa
733 1069 2 2 i

204 1141 123 22 Helsingfors,
346 1141 20 17 af
384 1141 69 18 Finans
473 1141 147 23 Expeditionens
634 1141 5 18 i
653 1141 105 23 Kejserliga
771 1140 81 19 Senaten
865 1140 29 18 för

136 1175 80 18 Finland
229 1175 186 22 Kamrerarekontor,
428 1175 36 18 den
477 1177 22 16 12
512 1175 50 18 Mars
577 1176 49 17 1884,
