1086 1717
226 151 26 19 26

196 221 41 21 gar
250 214 142 22 åtminstone
404 214 9 21 i
422 214 145 22 förhållande
578 214 38 22 till
626 214 75 29 tredje
711 221 54 15 man
775 214 53 21 icke
837 213 117 23 medförde

195 249 79 28 någon
297 248 114 28 säkerhet,
435 250 60 20 samt
514 251 40 26 att,
576 249 75 28 enligt
666 249 8 21 i
690 250 78 20 ämnet
783 248 108 28 gällande
905 248 49 28 lag-

196 283 116 29 stiftning,
328 284 139 28 inteckning
483 284 25 22 af
520 283 125 29 Magistrat
655 283 78 22 kunde
744 283 117 21 meddelas
872 283 82 21 endast

195 318 36 21 uti
246 318 39 21 till
298 318 77 22 fabrik
390 318 103 22 hörande
508 318 104 27 effekter,
632 318 140 21 materialier
790 317 44 22 och
849 317 105 22 tillverk-

195 352 91 28 ningar,
306 352 70 23 hafva
395 352 160 29 Fullmäktige
572 352 75 22 under
662 352 125 28 nästsagde
802 352 45 28 dag
862 352 9 21 i
886 352 68 21 skrif-

194 387 65 21 velse
274 387 38 22 till
327 387 218 21 Bankdirektionen
560 386 110 22 anmodat
684 386 155 22 Direktionen
855 388 34 20 att
903 386 51 21 vid-

194 423 56 26 taga
272 421 82 29 åtgärd
371 421 88 23 derhän
475 424 35 19 att
524 422 9 21 i
548 422 99 21 Banken
662 421 123 28 befintliga
801 420 151 28 skuldsedlar,

194 456 38 21 till
248 456 109 22 säkerhet
375 456 36 22 för
430 456 83 22 hvilka
533 456 291 29 fastighetsinteckningar
842 456 25 21 af
879 455 75 28 Magi-

194 492 59 20 strat
272 491 135 28 meddelats,
427 491 83 28 blefve,
531 491 73 21 innan
622 491 117 21 desamma
758 490 123 22 framdeles
896 490 57 29 möj-

193 525 65 28 ligen
274 527 117 26 omsattes,
413 525 42 22 hos
471 525 141 22 Häradsrätt
627 525 57 22 eller
699 524 188 28 Rådstufvurätt,
904 531 49 15 som

193 559 119 28 vederbör,
329 560 7 21 i
353 560 107 21 afseende
476 561 13 20 å
504 559 157 22 intecknande
677 559 113 22 anmälde.

58 589 33 41 0
105 584 39 51 Lin
156 589 21 42 ät
262 595 21 28 f)
299 594 76 22 Sedan
390 595 89 21 Finans
494 594 179 29 Expeditionen,
684 593 53 22 med
748 593 127 29 anledning
885 594 25 21 af
918 595 35 20 att

51 635 30 18 för
87 634 100 20 återbetal-
193 629 67 21 Hans
276 629 133 28 Kejserliga
423 629 121 28 Majestäts
560 629 38 21 till
614 630 80 20 senast
704 628 138 22 församlade
854 627 99 22 Ständer

51 654 34 49 Sin
101 658 87 41 Arvela
194 663 87 22 aflätna
292 663 146 29 proposition
450 663 120 29 angäende
584 663 132 28 beviljande
727 663 25 22 af
760 662 75 22 medel
849 663 35 22 för
894 663 58 20 äter-

57 704 119 19 kammarens
194 698 123 29 betalning
339 698 24 22 af
376 698 40 21 det
430 698 53 21 frän
501 698 71 29 ryska
586 697 260 22 Riksskattkammaren
860 697 93 28 utgifna

50 722 69 50 bidrag
125 728 29 17 till
160 728 27 18 St.
193 733 85 28 bidrag
292 735 113 26 2,500,000
416 733 132 22 metalliska
558 732 67 22 rubel
635 733 39 20 till
686 732 34 22 St.
733 731 220 28 Petersburg—Rii-

98 751 89 22 rsburg—
190 747 9 31 ,
212 767 4 4 .
278 768 35 4 Ps
562 767 40 4 2
714 769 8 4 x
903 769 7 3 =

73 773 103 18 Riihimäki
194 767 90 22 himäki
304 767 208 29 jernvägsbygnad
535 767 79 22 blifvit
637 767 25 21 af
683 766 132 22 Ständerna
837 765 116 29 godkänd,

52 792 135 49 jernvägsbyg-
193 801 117 23 meddelat
325 802 218 21 Bankdirektionen
559 803 35 20 att
607 801 252 28 finansförvaltningen
869 807 28 14 ur
907 803 47 18 sär-

137 833 3 4 *
166 829 18 40 —
194 837 78 21 skilda
293 837 74 21 under
390 837 187 21 Statskontorets
593 835 57 23 vård
666 835 95 22 stående
777 835 82 22 fonder
874 834 78 22 kunde

192 871 116 28 förskjuta
331 871 60 22 ända
413 871 38 21 till
471 873 35 19 tre
521 870 108 29 miljoner
644 870 66 21 mark
726 871 59 20 samt
801 869 99 21 anhållit
914 876 39 14 om

192 905 170 22 underrättelse
385 905 117 22 huruvida
525 904 113 22 Finlands
660 904 69 22 Bank
752 911 56 14 vore
827 903 68 28 villig
911 905 41 26 att,

193 940 91 21 såsnart
303 939 86 29 nådigt:
403 939 68 22 bifall
485 939 38 22 till
539 939 141 22 Ständernas
696 939 9 21 i
721 938 128 28 anledning
864 938 24 21 af
901 945 52 22 pro-

191 974 135 28 positionen
350 973 83 30 gjorda
455 973 199 28 framställningar
676 972 135 28 meddelats,
827 973 9 20 i
852 972 43 22 och
918 973 36 21 för

191 1008 162 28 liqviderande
380 1009 25 21 af
427 1008 40 22 det
490 1008 261 22 Riksskattkammaren
775 1006 179 23 tillkommande

191 1042 117 29 beloppet,
332 1043 117 28 förskjuta
471 1042 138 28 återstoden,
632 1044 50 20 mot
705 1041 40 22 det
769 1043 36 20 att
827 1041 127 22 förskottet

192 1077 78 22 skulle
292 1077 38 22 till
351 1077 100 22 Banken
463 1077 144 28 ligvideras,
628 1077 92 21 säsnart
735 1076 100 21 statslän
850 1075 79 22 blifvit
945 1075 9 21 i

191 1111 83 28 vanlig
297 1111 101 28 ordning
420 1112 25 21 af
465 1111 151 28 Regeringen
634 1111 36 22 för
686 1110 132 22 ändamälet
833 1112 119 26 upptaget,

191 1145 71 22 hafva
277 1146 226 28 Bankfullmäktige,
520 1146 58 22 efter
588 1145 53 22 med
651 1145 221 22 Bankdirektionen
882 1144 46 21 den
941 1147 12 18 6

191 1180 70 28 April
283 1183 54 19 1882
353 1180 80 22 hällen
448 1187 133 22 gemensam
598 1179 181 29 öfverläggning
793 1179 10 21 i
817 1180 84 26 ämnet,
918 1178 36 21 uti

192 1213 124 22 skrifvelse
339 1215 36 21 för
397 1222 88 14 samma
507 1215 46 28 dag
567 1214 154 29 bemyndigat
735 1213 219 22 Bankdirektionen

191 1250 35 19 att
250 1249 36 21 för
308 1249 163 28 ifrägakomna
493 1249 107 22 ändamål
622 1256 28 14 ur
673 1249 112 21 Bankens
812 1247 77 22 medel
916 1247 38 21 till

192 1283 149 22 Statsverket
353 1283 117 29 förskjuta
480 1283 40 22 det
531 1283 102 29 begärda
645 1283 117 29 beloppet,
771 1283 30 29 pä
809 1282 36 22 uti
853 1281 100 23 nämnde

192 1318 124 22 skrifvelse
331 1320 121 27 upptagna
467 1318 83 22 vilkor.

548 1383 12 25 8
573 1379 23 35 7.

48 1446 9 11 ,
70 1409 104 53 Åtgärder,
262 1422 34 22 Af
309 1421 114 29 åtgärder,
439 1429 50 15 som
503 1421 79 22 berört
596 1422 112 21 Bankens
719 1420 235 22 affärsförhållanden

48 1463 60 17 skilde
121 1442 65 48 Dersoc
193 1442 37 48 till
253 1456 108 22 enskilda
383 1463 116 21 personer,
523 1459 39 19 äro
585 1455 103 30 följande
704 1457 35 20 att
753 1454 43 22 här
811 1454 142 22 framhållas:

47 1491 44 12 ners
108 1486 78 22 förbin-

58 1508 60 18 delser
133 1510 30 17 till

71 1532 83 18 Banken.
