1086 1717
848 155 11 19 5

143 218 68 24 huset,
242 218 113 20 detsamma
384 218 130 26 nödvändigt
542 218 65 20 måste
638 220 99 24 upptaga,
759 219 56 18 utom
845 220 42 17 sär-

142 252 56 19 skild
222 252 120 20 sessionssal
365 252 32 20 för
415 252 72 26 hvarje
502 252 23 20 af
538 252 60 20 dessa
613 252 69 26 stånd,
698 252 120 20 därutöfver
833 254 55 17 ännu

145 293 24 12 en
186 289 66 17 större
268 286 30 20 sal
314 286 23 20 af
350 287 79 19 sådana
445 286 146 24 dimensioner,
608 289 30 17 att
654 286 40 20 den
706 286 69 20 kunde
785 286 103 26 inrymma

144 320 49 21 hela
215 322 192 24 representationen
432 321 33 19 vid
486 321 25 19 de
527 327 155 21 gemensamma
697 320 190 26 öfverläggningar,

143 362 44 12 som
206 355 64 19 under
283 354 126 27 benämning
423 355 80 27 ,,plena
515 355 129 27 plenorum'
658 355 7 19 i
681 354 21 20 L.
719 354 24 20 O.
759 354 128 20 förutsättas.

145 388 135 21 Sistnämoda
302 390 30 19 sal
355 390 73 26 ansågs
449 388 71 21 tillika
535 389 94 20 medföra
645 396 24 13 en
686 391 43 18 stor
743 388 67 21 fördel
827 388 60 20 äfven

145 424 74 25 däruti,
236 426 31 17 att
283 424 37 20 den
338 424 69 20 kunde
422 424 27 27 på
465 430 79 13 samma
558 423 56 28 gång
630 424 68 26 stjena
713 424 66 19 såsom
789 423 99 20 sessions-

144 458 31 20 sal
191 458 31 20 för
238 458 61 20 Ridd.
318 465 18 14 o.
352 459 75 26 Adeln,
443 458 46 20 ifall
505 459 36 19 det
556 458 84 26 höglofl.
656 457 83 20 ståndet
754 458 6 19 i
777 457 110 20 framtiden

144 492 64 20 funne
223 492 96 27 lämpligt
334 495 29 17 att
379 493 30 19 hit
425 493 120 26 öfverflytta
560 493 46 19 sina
614 491 274 27 landtdagsförhardlingar.

145 527 45 20 Men
208 527 34 19 vid
259 527 57 19 detta
338 527 130 20 förhållande
484 529 71 24 syntes
572 527 44 20 åter
631 527 119 19 skillnaden
767 526 75 20 mellan
859 528 30 17 ett

145 563 31 17 tre
191 561 71 20 stånds
282 561 37 20 och
336 561 45 26 fyra
397 561 70 20 stånds
484 561 37 20 hus
536 561 6 20 i
558 561 75 26 sjelfva
649 561 74 20 verket
737 561 66 20 blifva
814 561 23 19 så
847 560 41 20 för-

145 595 116 20 svinnande
285 595 57 25 liten,
363 597 31 18 att
417 595 39 20 den
472 602 57 13 mera
545 595 102 20 hänförde
662 596 32 26 sig
710 595 30 20 till
755 596 91 23 namnet,
863 597 25 17 än

145 629 53 21 idén,
229 629 33 20 Då
285 637 26 12 nu
334 630 128 26 omröstning
482 630 106 19 anstäldes
610 629 77 20 mellan
706 630 26 19 de
747 629 35 20 två
797 629 92 20 alterna-

145 664 63 24 tiven,
222 664 12 19 å
249 670 41 13 ena
305 664 57 19 sidan
379 667 29 17 ett
423 664 38 19 hus
476 664 32 20 för
523 664 75 20 endast
613 664 25 20 de
655 667 31 16 tre
702 663 75 20 ofrälse
793 663 95 25 stånden,

145 704 47 13 men
208 698 46 19 med
271 705 25 12 en
312 699 87 18 särskild
416 699 30 19 sal
462 698 33 20 för
509 698 79 27 ,,plena
600 698 135 27 plenorum'",
752 698 13 19 &
780 698 66 19 andra
861 698 28 19 si-

144 733 40 18 dan
202 734 29 17 ett
247 732 130 26 fullständigt
392 733 47 25 fyra
454 732 71 20 ständs
541 733 45 26 hus,
601 733 6 19 i
623 732 81 20 hvilket
722 739 24 13 en
759 732 22 19 af
789 732 100 19 ständens

143 766 47 26 fyra
213 767 145 19 sessionssalar
380 773 49 14 vore
453 767 124 26 tillräckligt
594 767 77 27 rymlig
689 767 32 20 för
742 768 37 19 sist
803 767 86 26 angifna

144 801 105 25 ändamål,
265 801 93 26 segrade,
374 801 64 20 ehuru
455 801 45 20 med
517 801 71 27 knapp
604 801 107 26 pluralitet
721 802 36 24 (10
769 803 66 18 röster
846 803 43 17 mot

145 835 31 26 8),
192 835 36 19 det
250 841 74 14 senare
348 835 139 26 alternativet,
512 835 131 20 hvarmedels
662 835 147 27 delegationen
827 835 62 19 allstå

144 869 54 20 hade
215 869 104 20 definitivt
334 869 85 20 beslutit
434 871 32 19 att
481 869 35 21 det
532 869 112 27 blifvande
656 869 156 21 Ständerhuset
821 868 68 21 skulle

145 902 107 28 uppföras
263 903 42 26 för
320 903 100 28 samtliga
431 903 57 28 fyra
503 904 72 20 stånd.

212 937 98 21 Härefter
333 939 90 25 egnades
447 938 158 27 delagationens
628 939 66 19 första
713 945 82 20 omsorg
811 938 22 20 åt
849 939 39 19 den

144 971 48 20 icke
212 972 80 20 mindre
307 973 102 19 svårlösta
424 973 72 26 frågan
513 979 32 13 om
562 973 167 20 bestämmandet
744 973 23 20 af
780 973 109 26 tomtplats

148 1007 32 19 för
203 1007 152 21 ständerhuset,
385 1007 71 20 Såsom
477 1007 62 20 ofvan
554 1007 70 20 blifvit
640 1007 81 27 antydt,
737 1007 54 20 hade
807 1007 82 26 deleg:n

143 1040 111 20 efterhand
270 1041 131 20 införskaffat
416 1041 43 20 alla
478 1041 133 27 tillgängliga
620 1041 151 27 upplysningar
779 1041 110 26 angående

144 1075 66 25 några
233 1075 23 19 af
272 1075 26 20 de
313 1075 35 20 vid
364 1075 127 26 landtdagen
515 1075 145 27 ifrågakomna
676 1078 81 23 tomter,
773 1076 117 25 hvarjämte

143 1109 83 25 deleg:n
250 1110 55 19 inom
326 1110 30 25 sig
372 1110 83 19 nedsatt
470 1112 31 19 ett
516 1110 87 23 utskott,
618 1110 114 20 bestående
748 1111 23 18 af
784 1112 30 17 tre
830 1109 59 26 inge-

144 1143 70 20 niörer
237 1143 39 20 och
296 1144 36 19 två
348 1144 118 25 arkitekter,
484 1144 32 20 för
531 1144 121 26 afgifvande
669 1144 23 20 af
706 1143 127 28 detaljeradt
847 1146 42 24 ytt-

144 1177 65 20 rande
225 1177 100 20 särskildt
340 1178 88 20 rörande
445 1178 39 20 den
501 1178 55 20 förut
572 1179 76 19 nämda
656 1178 233 20 observatorietomtens

144 1212 130 27 lämplighet,
290 1213 107 19 äfvensom
413 1213 23 19 af
449 1213 247 26 astronomieprofessorn
713 1213 90 19 anhållit
815 1219 33 13 om
860 1215 31 17 ut-

145 1246 91 24 låtande,
257 1246 102 20 huruvida
374 1247 64 26 sagde
454 1249 53 17 tomt
522 1247 70 20 kunde
607 1247 47 20 med
671 1247 123 20 ständerhus
811 1246 79 26 bebyg-

144 1287 37 18 gas
197 1282 48 18 utan
262 1283 32 17 att
309 1281 128 26 svårigheter
449 1281 120 26 därigenom
582 1281 102 27 uppstode
696 1281 31 20 för
736 1281 154 20 astronomiska

143 1314 163 21 observatoriets
323 1315 139 21 verksamhet.
493 1315 57 20 Både
567 1316 111 20 utskottets
689 1316 40 20 och
738 1316 97 20 bemälde
844 1322 46 20 pro-

145 1349 75 19 fessors
240 1348 81 28 afgifna
336 1350 112 26 yttranden
465 1350 74 20 utföllo
556 1350 32 20 till
603 1350 81 20 förmån
701 1350 32 20 för
747 1350 69 20 denna
833 1352 57 18 tomt.

144 1382 115 26 Utskottet,
283 1390 43 13 som
349 1384 46 20 icke
414 1384 67 20 funnit
497 1385 65 26 några
578 1384 97 20 tekniska
690 1384 132 26 svårigheter
837 1384 54 19 före-

145 1418 84 19 komma
251 1418 33 19 för
306 1418 155 20 ständerhusets
484 1419 130 26 uppförande
637 1419 13 20 &
672 1419 88 25 ifrågav.
783 1421 52 17 tomt
851 1418 40 20 och

142 1452 79 26 jemväl
237 1452 6 19 i
259 1452 63 26 öfrigt
338 1452 63 26 ansäg
417 1453 122 19 densamma
554 1453 86 27 lämplig
655 1453 31 20 för
702 1452 127 26 ändamälet,
837 1452 54 20 före-
