1086 1717
110 386 33 20 att
166 384 264 27 Justitiedepartementet
453 384 78 21 ändrat

139 418 122 23 hofrättens
281 418 73 27 utslag
376 418 93 21 medelst
488 418 43 21 för-

139 453 91 28 höjning
246 453 24 22 af
283 455 102 20 ansvaret
399 453 24 21 i.
527 470 4 4 E

112 500 28 3 —
160 501 22 3 —
204 501 20 2 —
245 484 180 35 —-—-——-—
439 487 92 21 medelst

140 522 141 27 nedsättning
296 521 25 22 af
334 523 103 20 ansvaret
453 521 7 21 i

111 559 32 19 att
164 557 111 21 hofrätten
294 556 97 21 faststält
406 557 127 20 underrätts

141 591 71 27 utslag
227 591 8 21 i
274 608 3 5 .
308 607 4 5 .
381 608 4 4 e
418 606 6 5 5

111 627 33 20 att
171 625 109 22 hofrätten
303 607 80 39 ändrat
405 603 128 53 underrätts

141 659 72 28 utslag
227 659 91 22 medelst
334 659 199 28 strafförhöjning
524 655 14 36 i

116 706 21 3 —
163 707 27 3 —
215 705 25 4 —
260 706 29 4 —
309 707 25 2 —
354 693 93 22 medelst
463 693 72 22 straff-

141 727 159 28 förminskning
315 728 7 21 i
346 745 4 4 .

579 274 25 47 ay

654 270 18 58 TAA

660 729 24 20 11

725 258 23 80 "BaoqtM

805 259 18 77 *suung

163 864 29 21 Af
214 865 42 22 172
278 865 44 20 mäl
344 864 115 27 angäende
483 865 54 26 dräp
560 865 54 20 utan
637 865 81 26 uppsät
733 866 33 19 att
782 865 76 26 dräpa,

97 905 46 15 som
165 899 69 21 under
257 899 52 21 ären
333 899 144 22 1881—1883
500 899 8 20 i
530 899 87 21 landets
639 898 106 21 hofrätter
765 898 92 28 afgjorts

95 935 54 19 utan
172 935 33 19 att
224 934 122 21 sedermera
361 934 81 26 dragas
457 934 72 20 under
543 933 121 28 Kejserliga
680 933 106 21 Senatens
801 933 57 28 pröf-

95 967 54 28 ning
170 967 66 22 hafva
258 968 28 21 54
309 967 120 22 handhafts
453 967 25 21 af
498 961 54 32 Äbo,
575 968 27 21 75
618 967 25 21 af
657 967 64 22 Wasa
736 968 41 21 och
792 969 27 20 43
836 967 25 22 af

95 1001 100 28 Wiborgs
205 1001 95 22 Hofrätt.
324 1001 89 22 Antalet
429 1001 26 22 af
469 1002 26 21 de
511 1008 110 21 personer,
637 1002 34 21 för
685 1001 74 22 hvilka
773 1002 8 21 i
797 1003 64 20 dessa

95 1036 45 21 mäl
156 1037 65 21 straff
234 1037 60 22 säväl
308 1037 8 20 i
331 1037 117 20 underrätt
464 1043 47 14 som
526 1037 83 20 hofrätt
625 1037 92 24 ädömts,
729 1037 41 21 har
777 1037 84 27 utgjort

95 1078 58 21 resp.
178 1072 33 25 65,
235 1072 27 21 73
278 1071 40 22 och
333 1072 28 21 42
377 1071 54 22 eller
446 1071 146 22 tillsammans
608 1072 48 25 180,
672 1071 74 22 hvilka
760 1071 53 22 fälts
828 1071 33 22 till

96 1105 214 22 nedanantecknade
325 1105 73 22 straff:

590 1193 243 39 sloslas|f

256 1232 31 17 Uti
301 1231 94 18 hofriitten.
590 1226 24 29 p
666 1224 18 41 :
741 1233 17 18 =
776 1220 20 39 |
816 1230 11 17 8

590 1257 12 16 —
666 1266 12 15 8
737 1252 16 37 3
816 1248 12 34 5

119 1346 99 21 Tukthus
233 1346 29 28 pä
280 1347 25 21 12
321 1346 25 20 är
584 1358 27 3 =
679 1346 12 21 mi
736 1358 27 4 le
830 1348 11 20 7

163 1396 13 11 »
242 1396 14 10 53
279 1381 25 20 11
330 1395 12 11 55
353 1359 113 52 Derjemte
475 1361 67 40 dömd

354 1413 33 21 till
409 1414 8 21 4
424 1414 118 21 månaders

354 1448 91 21 tukthus
450 1448 35 21 för
490 1448 60 21 miss-

354 1481 81 22 handel
462 1498 6 6 .
500 1497 5 6 .
586 1494 27 3 —
682 1483 107 28 11—5j
832 1484 12 20 1
