1086 1717
831 160 26 20 29

516 229 19 19 9.
904 227 118 17 Inventerin-

202 266 22 22 a)
238 262 13 21 I
266 261 103 28 enlighet
384 260 52 22 med
451 260 178 22 föreskrifterna
643 259 8 22 i
666 260 13 26 $
692 262 37 19 111
742 258 27 22 af
781 258 106 28 gällande
895 274 20 20 ,,
935 255 46 35 aa
990 272 41 18 hut

132 297 142 28 reglemente
296 296 36 21 för
354 294 112 22 Finlands
489 294 69 21 Bank
579 293 71 22 hafva
672 288 215 41 Bankfullmäktige
896 288 135 41 vudkontoret.

133 332 55 20 åren
212 333 62 25 1882,
299 332 53 20 1883
375 328 44 22 och
443 331 55 19 1884
514 329 40 21 två
569 328 88 28 gånger
672 327 88 28 årligen
775 326 114 22 verkstält

134 364 149 28 inventering
302 363 26 22 af
346 362 177 22 hufvudkassan
539 362 8 21 i
561 362 111 21 Bankens
687 361 69 22 hvalf
768 363 60 19 samt
843 360 26 22 af
881 361 8 21 i

133 399 99 21 Banken
258 397 121 22 förvarade
404 396 87 26 vexlar,
518 396 194 28 länehandlingar
736 395 43 22 och
801 396 88 28 panter,

133 432 99 23 hvarvid
244 432 86 29 jemväl
340 430 177 23 handkassorna
528 430 40 23 vid
578 430 201 22 hufvudkontoret
790 429 26 22 af
826 429 63 22 Full-

133 468 103 27 mäktige
251 467 150 21 inventerats.

202 501 75 21 Dessa
284 500 173 27 inventeringar
463 499 72 22 hafva
542 499 126 22 verkstälts
676 499 30 28 pä
714 497 175 23 nedannämnde

134 535 70 23 tider:

203 569 74 22 under
294 571 54 20 1882
363 569 45 21 den
427 568 74 22 första
515 568 179 28 inventeringen
709 567 45 22 den
769 570 55 20 3—6
840 567 50 22 Juli

135 604 44 21 och
194 604 46 21 den
255 603 71 22 andra
342 603 43 21 den
403 605 84 20 18—22
503 602 136 27 December;

203 637 75 22 under
295 640 53 19 1883
362 637 45 21 den
425 639 82 19 17—25
524 637 101 28 Augusti
642 638 59 19 samt
716 635 44 22 den
776 639 19 24 8,
811 638 34 23 10,
857 638 31 25 12,

137 675 32 24 13,
187 675 25 19 15
228 671 44 22 och
290 673 23 20 17
330 671 126 21 December
471 670 44 21 och

203 705 74 22 under
301 708 54 19 1884
373 705 45 21 den
433 704 74 22 första
522 705 177 27 inventeringen
715 704 45 21 den
775 707 55 19 2—4
846 704 43 21 oeh

136 744 55 19 5—9
214 740 50 22 Juli
288 742 59 19 samt
369 739 45 21 den
434 738 72 22 andra
521 739 179 28 inventeringen
715 739 44 21 den
775 741 55 20 3—6
847 738 42 22 och

135 777 70 20 8—10
220 773 132 23 December.

203 808 46 22 Vid
274 807 150 22 förenämnde
446 807 176 28 inventeringar
639 807 71 21 hafva
725 807 112 22 kassorna
851 807 38 21 be-

135 843 90 21 funnits
248 849 56 14 vara
325 841 52 22 med
400 841 104 22 bankens
527 841 86 22 böcker
632 841 257 28 öfverensstämmande,

135 879 65 19 utom
222 876 62 22 hvad
305 876 70 27 angär
389 876 74 27 nägra
477 875 90 21 mindre
583 875 190 28 oegentligheter,
797 883 41 14 som
849 883 41 21 se-

135 911 104 21 dermera
253 910 79 22 blifvit
347 909 95 22 rättade.

206 946 22 27 b)
258 944 150 21 Beträffande
437 944 112 21 Bankens
578 943 218 30 afdelningskontor
819 944 70 23 hafva
908 947 18 20 b)
939 946 34 26 vid
986 945 47 18 kon-

137 979 223 27 Bankfullmäktige,
368 979 31 27 pä
411 985 86 14 samma
512 979 64 27 gäng
590 978 172 22 förordnanden
777 979 38 22 för
829 979 63 22 deaf
897 971 48 38 Tore
957 975 8 34 i
977 969 57 40 and

135 1013 160 28 Fullmäktige
308 1012 97 21 utsedde
415 1012 342 23 diskontkomitöledamöterna
767 1013 122 28 utfärdats,

132 1047 87 29 jemväl
242 1047 108 21 anmodat
369 1047 66 21 desse
456 1049 34 18 att
505 1054 30 13 en
551 1047 63 28 gäng
628 1047 8 22 i
650 1047 113 22 mänaden
778 1048 30 28 pä
823 1047 65 27 tider,

135 1088 49 15 som
200 1081 28 21 de
244 1081 83 28 sjelfve
342 1081 72 21 funne
429 1080 38 22 för
481 1081 59 28 godt
552 1083 35 19 att
602 1081 8 22 i
624 1081 80 29 hvarje
719 1081 41 22 fall
779 1082 112 21 särskildt

133 1115 134 27 bestämma,
288 1115 127 22 verkställa
433 1115 142 22 föreskrifna
589 1115 175 29 inventeringar
778 1115 40 23 vid
833 1115 56 22 kon-

133 1151 74 20 toren.

202 1183 126 22 Dessutom
357 1183 70 22 hafva
457 1184 160 28 inspektioner
647 1184 43 21 och
715 1185 174 28 inventeringar

134 1215 139 24 verkstälts:

202 1251 40 22 vid
261 1251 110 22 kontoret
385 1252 8 21 i
408 1245 63 28 Äbo:
492 1251 26 22 af
531 1252 175 22 undertecknad
720 1253 67 28 Hjelt
800 1253 45 21 den
861 1256 27 19 29

133 1285 44 23 och
192 1289 28 19 30
236 1286 135 28 September
386 1288 61 20 samt
462 1286 45 22 den
525 1289 9 19 1
552 1287 44 21 och
612 1290 12 19 2
640 1287 103 22 Oktober
759 1290 62 20 1884.

202 1320 40 22 vid
264 1320 109 22 kontoret
387 1321 8 21 i
410 1320 148 29 Björneborg
580 1321 46 21 den
650 1324 31 24 15,
706 1324 25 20 19
747 1322 44 22 och
807 1324 26 20 20
849 1322 40 21 Ja-

133 1355 67 21 nuari
217 1357 54 20 1883
288 1354 26 22 af
326 1354 175 22 undertecknad
516 1355 74 29 Hjelt.

201 1388 41 22 vid
261 1388 110 22 kontoret
385 1389 8 21 i
409 1389 148 21 Nikolaistad
572 1389 26 22 af
611 1389 173 23 undertecknad
799 1390 89 29 Stjern-

133 1422 49 22 vall
197 1422 45 22 den
260 1425 82 19 19—21
358 1422 58 22 Juni
435 1426 60 19 1884.

200 1456 41 22 vid
263 1457 109 21 kontoret
386 1457 9 21 i
410 1456 120 29 Uleäborg
550 1457 26 21 af
588 1457 227 23 Bankdirektionens
832 1458 57 22 Ord-

134 1490 98 22 förande
247 1490 151 28 Charpentier
414 1490 45 22 den
475 1494 85 19 24—27
576 1491 102 29 Augusti
696 1494 59 20 1884.
