1086 1717
832 188 14 21 3

127 250 137 27 protokollen
280 250 48 21 icke
343 250 129 21 öfversättas
487 250 34 21 till
535 250 37 21 det
582 250 70 22 andra
661 250 114 22 inhemska
785 251 90 27 språket

127 284 34 21 för
176 285 33 20 att
223 284 88 28 tryckas
326 284 55 21 både
396 285 30 26 på
441 284 92 22 svenska
548 284 40 22 och
604 284 77 26 finska,
692 286 53 20 utan
757 286 33 20 att
799 284 75 27 hvarje

128 318 139 28 andragande
290 318 6 20 i
320 318 37 21 det
378 318 85 28 tryckta
478 318 133 28 protokollet
625 318 63 28 ingår
703 320 29 26 på
747 319 38 21 det
800 318 75 28 språk,

127 352 83 28 hvarpå
224 352 111 28 yttrandet
349 352 7 21 i
372 352 91 22 Ståndet
477 352 111 28 verkligen
604 352 81 22 hållits.

196 387 32 21 På
247 386 70 28 grund
332 386 24 21 af
369 386 36 22 det
421 386 92 22 anförda
527 387 35 21 får
576 387 170 21 Statsutskottet
761 387 116 22 vördsamt

129 421 91 22 föreslå:

334 458 31 19 att
379 456 122 21 Ständerna
517 456 29 27 af
557 456 26 21 de
600 457 74 27 medel,
689 463 44 15 som
743 457 89 21 anvisas
840 457 35 21 till

266 490 136 21 bestridande
417 491 30 27 af
457 491 271 28 landtdagskostnaderna,
743 491 51 21 ville
809 491 65 21 anslå

266 527 28 18 ett
310 524 96 28 förskott
428 525 30 27 af
466 525 133 28 förslagsvis
614 525 81 26 35,000
711 525 63 22 mark
789 525 35 22 till
839 525 37 21 be-

266 559 101 21 kostande
387 559 30 28 af
433 560 25 21 de
472 560 10 20 i
497 559 95 22 Ständen
602 560 70 27 förda
688 560 188 27 diskussionspro-

266 593 101 22 tokollens
381 594 128 28 utgifvande
524 595 9 20 i
548 595 69 27 tryck;

334 631 31 18 att
387 628 74 28 hvarje
481 629 65 21 stånd
555 629 42 27 för
611 629 34 28 sig
660 629 97 28 afslutar
771 628 105 22 kontrakt

267 669 33 14 om
316 663 139 28 tryckningen
471 663 29 27 af
510 664 38 20 sitt
559 663 110 28 protokoll
686 663 37 22 och
739 663 92 22 besluter
839 669 34 15 om

265 699 64 19 sättet
344 697 42 27 för
407 697 48 22 dess
471 697 155 28 distribuering
642 697 38 22 och
696 697 73 29 öfriga
784 697 93 22 härmed

265 731 212 28 sammanhängande
487 732 89 28 frågor;
590 735 57 18 samt

336 768 31 19 att
382 766 156 22 Statsutskottet
552 767 139 28 bemyndigas
706 769 37 25 att,
759 767 68 21 sedan
839 766 38 21 Ut-

267 800 75 21 skottet
364 800 72 28 blifvit
459 807 32 15 om
507 801 109 22 Ståndens
631 801 67 22 beslut
713 801 160 27 underrättadt,

267 835 114 21 bestämma
399 835 158 29 försäljnings-
572 836 52 21 eller
637 835 240 28 prenumerationspri--

266 871 31 20 set
312 870 14 20 å
341 869 25 22 de
380 870 111 21 särskilda
507 869 108 22 Ståndens
623 870 252 28 diskussionsprotokoll.

198 977 11 21 I
231 977 158 28 behandlingen
411 979 24 20 af
456 979 61 21 detta
535 979 79 22 ärende
629 979 64 22 hafva
709 979 90 28 deltagit
814 979 62 21 leda-

130 1012 99 21 möterna
243 1011 99 22 Friherre
358 1013 65 26 Born,
439 1013 119 26 Hackman,
575 1013 65 28 Hjelt,
656 1013 109 26 Kihlman,
776 1013 100 26 Donner,

130 1045 84 27 Heikel,
238 1045 116 28 Snellman,
369 1047 123 26 Lindblom,
507 1047 92 28 Nybom,
615 1047 120 27 Meurman,
751 1048 66 21 Värri
833 1047 43 22 och

131 1079 70 22 Klami
217 1082 57 19 samt
289 1081 168 27 suppleanterna
471 1082 100 21 Friherre
586 1082 27 23 K.
624 1082 168 28 Langenskiöld,
802 1081 74 22 Nord-

130 1115 67 20 ström
214 1115 40 20 och
270 1114 128 23 Colliander.

199 1148 141 29 Helsingfors,
356 1149 40 22 den
413 1151 24 20 31
454 1150 90 22 Januari
562 1151 61 21 1885.

197 1523 120 15 Stutsutskottets
328 1525 87 13 vetänkande
425 1526 28 13 N:o
462 1526 15 13 2.
