1086 1717
811 152 27 22 19

104 216 51 23 ville
177 215 9 22 i
208 215 130 28 pröfningen
361 214 64 22 deraf
443 214 58 28 ingå,
521 220 47 16 som
583 214 19 28 ej
619 220 39 16 ens
673 215 193 27 entreprenörerne

105 250 76 29 sjelfve
196 250 44 21 fört
255 250 72 27 någon
342 248 61 22 talan
419 249 80 26 derom,
514 248 54 22 fann
582 249 54 27 godt
651 248 133 22 öfverlemna
797 248 69 22 hand-

103 285 102 27 lingarna
220 284 8 21 i
243 284 91 22 ärendet
352 283 35 21 till
401 282 148 23 Prokuratorn
564 283 8 21 i
586 282 122 28 Kejserliga
723 282 95 23 Senaten
833 282 34 23 för

104 319 133 27 vidtagande
259 318 25 22 af
304 318 42 22 den
369 317 168 28 embetsåtgärd,
551 317 89 23 hvartill
660 317 48 22 skäl
722 317 74 22 kunde
811 317 55 22 före-

106 353 96 22 komma.

175 387 62 22 Efter
261 387 164 27 emottagandet
448 386 25 22 af
494 387 64 21 dessa
581 386 133 28 handlingar
740 386 127 22 öfversände

106 422 150 22 Prokuratorn
271 422 112 21 desamma
397 420 34 23 till
445 420 271 23 Advokatfiskalsembetet
726 420 8 22 i
744 420 27 23 N.
782 420 86 23 Hofrätt

104 457 70 28 jemte
190 455 112 23 skrifvelse
318 455 25 22 af
355 456 43 21 den
412 456 26 22 31
456 455 103 27 Oktober,
574 455 69 27 hvari,
654 457 71 20 under
738 455 130 28 hänvisning

107 491 35 22 till
157 490 159 22 ofvananförda
331 490 185 27 omständigheter
529 490 40 22 och
579 491 50 21 med
640 489 159 23 framhållande
809 489 64 22 deraf

108 527 34 21 att
157 525 81 28 nådiga
260 525 205 28 expeditionstaxan
487 525 26 22 af
528 525 42 22 den
585 525 27 22 31
629 525 43 28 Maj
691 526 55 21 1858
761 525 19 28 ej
797 526 73 27 syntes

107 560 74 22 lemna
191 560 50 21 stöd
250 559 34 22 för
294 560 42 21 den
352 559 153 28 öfverklagade
516 559 157 28 debiteringen,
684 558 185 23 Advokatfiskals-

109 594 94 23 embetet
218 594 133 21 anmodades
365 595 33 20 att
413 596 58 19 emot
486 593 163 22 vederbörande
664 593 95 22 anställa
773 593 46 22 åtal
829 593 41 22 och

109 629 74 22 utföra
203 629 42 21 den
260 628 68 26 talan,
344 627 87 23 hvartill
447 628 79 21 sakens
540 627 150 23 beskaffenhet
704 627 133 23 föranledde.
862 627 10 22 I

109 663 123 28 anledning
246 662 67 22 häraf
325 662 74 28 ingick
412 664 16 20 t.
444 662 15 21 f.
475 661 193 24 Advokatfiskalen
684 663 43 21 den
742 663 28 22 22
780 662 92 23 Novem-

111 698 40 22 ber
167 698 55 21 1881
240 697 35 21 till
294 696 119 29 Kejserlige
435 697 117 22 Hofrätten
567 697 50 21 med
632 699 32 19 ett
678 703 83 16 samma
777 697 42 28 dag
834 697 38 22 da-

112 733 74 20 teradt
208 731 205 26 embetsmemorial;
439 731 41 22 och
503 731 91 22 emedan
617 731 79 28 Kongl.
718 731 154 28 förordningen

113 767 43 21 den
173 767 27 21 13
216 765 127 28 September
359 767 56 21 1790
429 766 113 27 stadgade,
553 767 34 20 att
598 766 36 21 det
649 765 120 22 tillkomme
783 765 89 22 Konun-

112 807 54 22 gens
180 799 242 28 befallningshafvande
437 802 39 25 att,
491 800 34 21 för
539 800 178 22 underlättandet
731 800 26 22 af
768 801 106 28 vägarnes

112 835 105 22 hållande
232 834 8 21 i
254 834 83 22 farbart
352 834 61 21 skick
435 834 139 27 vintertiden,
590 834 123 28 ombesörja
728 835 98 28 ploglags
841 835 32 21 in-

113 869 102 22 rättande
238 868 40 22 och
302 869 109 27 dymedels
435 869 146 22 sammanföra
608 869 107 22 särskilda
738 869 136 28 lägenheters

113 904 54 21 eller
188 903 90 28 byalags
299 903 124 28 skyldighet
437 903 134 22 härutinnan
586 903 33 22 uti
634 910 27 15 en
677 903 53 22 eller
744 904 67 27 någre
826 910 49 21 per-

114 944 76 16 soners
204 937 66 26 hand,
279 939 57 20 samt
351 937 155 28 Kronofogden
521 938 71 21 såsom
608 937 115 28 styrelsens
733 938 80 21 ombud
824 944 50 15 vore

115 972 77 29 pligtig
206 973 34 20 att
257 972 68 27 jemte
348 971 102 22 anmälan
465 979 36 14 om
517 973 27 20 de
558 972 37 21 vid
611 972 264 28 entreprenadauktionen

115 1007 77 28 gjorda
215 1005 102 22 anbuden
338 1006 93 21 insända
446 1006 170 21 Häradsrättens
632 1006 139 22 betänkande
786 1007 7 21 i
809 1007 67 21 saken

115 1041 34 22 till
172 1040 141 23 Guvernören
335 1040 8 21 i
365 1040 102 22 afseende
481 1036 13 35 &
515 1040 145 27 fastställelse,
676 1041 42 21 och
733 1042 67 21 redan
816 1040 64 22 deraf

117 1075 128 28 framginge,
260 1077 33 20 att
306 1075 32 26 de,
347 1074 74 23 hvilka
430 1075 9 20 i
448 1075 83 28 antydd
546 1075 92 27 ordning
654 1075 68 28 åtagit
736 1075 33 28 sig
779 1075 98 28 snöplog-

117 1109 89 28 ningen,
228 1109 19 28 ej
266 1109 74 22 kunde
362 1109 113 22 betraktas
491 1109 70 22 såsom
576 1109 98 22 sökande
688 1112 56 19 samt
759 1110 84 21 således
857 1109 20 28 ej

117 1144 69 22 heller
200 1150 51 16 vore
266 1143 97 28 skyldige
377 1145 35 20 att
427 1143 74 22 tillösa
516 1145 32 26 sig
563 1143 153 23 Guvernörens
725 1143 154 26 förordnande,

117 1179 26 22 så
157 1177 87 28 mycket
266 1178 84 21 mindre
370 1185 47 14 som
439 1177 219 23 Guvernörsembetet
673 1178 32 21 uti
721 1178 158 22 ofvanberörda

117 1212 120 23 resolution
260 1212 123 27 förordnat,
404 1214 33 20 att
453 1213 111 21 desamma
579 1212 71 22 skulle
662 1213 69 27 jemte
747 1213 27 22 de
789 1213 8 21 i
812 1213 67 22 saken

119 1247 117 22 tillkomna
250 1246 161 28 handlingarna
425 1246 115 22 tillsändas
554 1246 155 28 Kronofogden
723 1247 26 21 R.
759 1247 8 21 i
777 1247 102 22 afseende

119 1282 14 22 å
148 1287 54 22 egen
226 1280 123 22 kännedom
371 1280 41 22 och
434 1280 174 23 vederbörandes
622 1281 186 28 förständigande,
824 1283 56 20 samt

120 1315 164 23 ofvanbemälde
300 1316 172 27 entreprenörer,
483 1322 48 15 som
545 1316 7 21 i
568 1316 95 27 enlighet
678 1317 50 21 med
743 1315 138 23 föreskriften

119 1350 8 22 i
142 1349 122 29 Kejserliga
278 1350 155 26 förordningen
449 1350 42 21 den
509 1350 25 22 17
551 1350 42 28 Maj
612 1351 56 21 1879
684 1353 36 25 egt
735 1352 32 20 att
777 1350 40 22 hos
828 1350 53 21 Kro-

121 1384 110 27 nofogden
246 1384 25 22 R.
286 1383 100 29 uppbära
395 1383 65 22 deras
475 1384 122 27 ersättning
612 1383 34 22 för
661 1384 178 28 snöplogningen,
851 1384 30 22 så-

120 1418 61 22 ledes
195 1418 35 21 för
244 1418 183 22 utbekommande
443 1418 64 22 deraf
520 1418 19 28 ej
555 1418 57 22 varit
626 1418 8 21 i
648 1418 68 22 behof
728 1418 25 22 af
760 1418 74 22 vidare
844 1418 37 22 be-

121 1452 178 28 fogenhetsintyg
314 1454 56 20 samt
385 1453 107 27 åtgärden
508 1454 33 20 att
556 1455 58 19 emot
629 1452 59 22 lösen
704 1454 94 26 påtruga
813 1455 69 19 entre-
