1086 1717
201 531 120 28 hvarjemte

409 159 80 22 Ständ.
505 159 37 23 Sv.
558 172 28 2 —
602 160 25 21 U.
643 160 25 21 B.
686 160 37 22 N:o
739 160 19 21 2.

344 221 129 28 förfogande
487 222 66 21 ställa
568 224 30 19 ett
612 222 70 27 belopp
698 222 28 27 af
737 222 84 26 10,000
835 221 63 22 mark
912 221 5 21 i
925 221 36 21 ett

340 256 35 26 för
389 256 46 26 allt,
447 256 69 21 såsom
531 256 75 28 bidrag
621 256 34 22 till
670 256 135 22 bestridande
830 256 28 27 af
871 256 87 21 kostna-

339 290 69 22 derna
430 290 36 28 för
488 291 145 28 tryckningen
653 290 29 28 af
693 290 72 28 finska
777 290 179 28 polarempeditio-

340 331 55 15 nens
410 325 99 27 arbeten;
524 327 57 19 samt

409 361 34 19 att
465 360 33 20 till
520 362 66 19 nästa
606 360 104 28 landtdag
725 360 111 21 inkomma
851 359 46 21 med
911 359 45 27 för-

338 394 46 27 slag
408 394 94 21 rörande
518 394 175 28 användningen
708 394 27 27 af
747 394 42 21 den
804 400 91 20 summa,
910 400 45 14 som

340 428 68 28 enligt
430 430 144 20 testamentets
592 428 141 22 bestämmelse
749 428 46 22 kan
810 428 28 27 af
849 429 107 20 nästsam-

342 463 160 21 manträdande
517 462 95 22 Ständer
634 463 36 27 för
691 463 66 27 derpä
771 462 98 28 följande
884 462 71 22 landi-

341 497 126 28 dagsperiod
481 497 127 27 disponeras
613 504 7 20 ;

338 532 121 21 Ständerna
474 531 94 26 beslutit,

408 567 33 20 att
469 565 165 28 förvaltningen
664 565 28 28 af
712 565 158 28 Längmanska
895 565 63 21 testa-

339 599 151 28 mentsfonden
505 600 140 27 fortfarande
660 600 56 21 skall
730 599 140 28 handhafvas
879 599 28 27 af
914 598 42 21 Di-

340 634 112 21 rektionen
475 634 35 28 för
532 634 112 22 Finlands
662 634 67 21 Bank
750 634 71 21 under
836 633 121 27 Bankfull-

339 669 102 28 mäktiges
462 669 106 26 inseende,
592 669 110 27 äfvensom
722 668 109 28 granskas
851 667 29 28 af
891 667 66 22 Stän-

340 703 79 22 dernas
434 703 178 22 Bankrevisorer.

271 737 87 22 Hvilket
371 737 197 27 Bankfullmäktige
584 737 33 22 till
632 737 121 22 kännedom
764 737 40 21 och
814 736 140 27 iakttagande

202 772 127 27 härigenom
345 771 116 22 meddelas.

269 811 191 28 Helsingfors
476 812 40 21 den
532 812 27 21 22
575 811 42 28 Maj
636 812 60 21 1885.

329 1489 116 22 Helsingfors,
457 1489 18 17 J.
487 1488 68 18 Simelii
570 1487 98 22 arfvingars
680 1486 85 22 tryckeri,
779 1486 51 16 1885.
