1086 1717
237 144 28 22 50

208 206 68 28 gifvas
292 213 26 15 en
333 207 138 29 tillämpning
485 209 29 27 på
529 208 38 22 fall
582 208 74 23 hvilka
671 210 50 21 med
739 210 64 20 dessa
813 210 78 21 endast
902 210 65 22 hafva

208 249 27 15 en
250 248 46 15 mer
310 241 53 22 eller
377 242 83 22 mindre
475 242 95 28 aflägsen
586 243 76 22 likhet,
693 244 46 21 Och
755 244 57 21 hvad
822 246 16 19 t.
847 250 31 15 ex.
887 244 30 22 fel
926 245 41 21 och

207 276 160 22 försummelser
384 276 36 22 vid
435 277 193 22 domareembetets
650 278 103 28 utöfning
775 278 141 26 vidkommer,
932 278 35 22 för

207 310 85 22 hvilkas
313 310 156 22 bedömmande
491 312 26 21 12
533 313 11 25 $
564 314 9 20 1
589 312 51 28 kap.
656 312 24 22 R.
696 313 25 21 B.
737 314 26 20 är
781 312 185 28 hufvudstadgan-

208 346 44 24 det,
267 351 38 21 ger
320 352 27 14 en
363 346 98 20 närmare
484 346 134 28 granskning
634 346 25 22 af
672 348 61 20 detta
757 346 84 28 lagrum
860 347 37 21 vid
910 347 54 21 han-

208 380 49 25 den,
272 379 56 21 huru
344 380 37 20 det
395 379 97 22 kommer
507 380 32 27 sig
554 382 32 20 att
606 381 116 21 domarens
744 381 129 27 felaktighet
895 382 69 20 mäste

206 421 53 14 vara
274 413 84 28 ganska
372 414 50 27 grof
433 413 34 22 för
482 416 33 19 att
529 417 102 19 ansvaret
651 416 56 21 skall
727 415 68 22 blifva
809 416 67 27 nägot
891 415 73 22 vidare

207 451 28 19 än
251 451 32 18 ett
297 449 7 20 i
319 448 135 21 förhållande
469 448 33 21 till
517 449 54 21 hans
580 449 142 22 ekonomiska
729 450 72 21 vilkor
808 449 52 28 föga
870 449 95 22 känbart

206 483 149 28 bötesbelopp.
378 483 135 27 Stadgandet
527 483 71 28 lyder:
615 484 88 26 ,,Fäller
718 485 89 21 domare
815 486 58 20 orätt
883 485 49 20 dom
943 485 25 21 af

206 517 114 28 uppenbar
335 517 134 22 värdslöshet
483 518 52 21 eller
550 518 122 26 oförständ;
681 519 63 21 miste
761 519 93 21 embetet
869 519 95 26 alldeles,

207 553 52 21 eller
274 552 33 21 till
322 552 42 22 viss
379 552 38 25 tid,
427 552 52 21 eller
494 552 49 21 böte
558 553 50 21 med
623 553 123 28 penningar
756 553 33 21 till
799 553 117 26 treskiftes,
925 553 39 21 allt

206 587 55 21 efter
276 586 219 27 omständigheterna,
511 587 41 21 och
567 587 51 28 fylle
634 588 59 21 allan
710 587 75 22 skada.
809 587 44 22 Gör
868 587 43 22 han
927 589 37 20 det

207 621 143 28 uppsäteliga,
366 621 24 21 af
402 621 39 21 hat
456 621 40 21 och
511 621 83 28 illvilja,
605 622 53 21 eller
672 622 34 21 för
722 621 105 28 vänskap,
839 622 52 21 eller
904 624 60 19 muto

206 656 42 21 och
257 656 99 27 vinning;
365 655 62 22 miste
436 655 99 26 embetet,
544 656 41 21 och
601 656 21 21 fä
638 657 37 21 det
690 657 73 26 aldrig
779 657 52 24 äter,
846 657 63 26 gälde
924 656 41 21 ock

206 691 83 21 skadan
312 690 40 21 och
370 692 60 19 muta
449 691 70 26 gänge
534 690 33 21 till
583 691 26 21 de
626 691 84 27 fattiga.
742 691 35 21 Nu
792 691 42 21 kan
851 691 24 21 sä
890 691 72 21 hända

205 727 33 19 att
253 725 72 27 någon
340 731 77 21 genom
440 725 68 20 sådan
531 725 67 27 vräng
623 726 50 21 dom
698 725 75 22 mister
795 725 27 21 lif
841 725 52 21 eller
916 727 47 23 ära;

205 760 67 21 varde
287 759 115 27 Domaren,
418 759 33 21 för
467 760 72 20 denna
553 760 33 20 sin
602 760 83 21 ondsko
697 760 41 21 och
749 760 84 27 arghet,
845 760 50 27 sjelf
901 760 62 21 straf-

205 794 37 21 fad
257 794 33 21 till
306 793 26 22 Kf
345 793 52 22 eller
412 795 57 20 ära''.

274 828 47 21 Den
337 827 216 28 embetsförbrytelse,
568 835 45 14 som
630 828 25 21 af
668 829 61 20 detta
744 828 80 27 lagbud
839 828 83 26 träffas,
939 829 25 20 är

204 862 122 27 egentligen
342 862 123 27 lagstridigt
480 862 99 27 domslut,
595 869 51 15 vare
662 864 32 26 sig
710 865 33 19 att
760 863 88 20 domens
864 863 99 21 rättsvid-

203 897 71 27 righet
297 897 63 21 beror
375 897 28 27 pä
417 897 119 26 oförständ,
552 898 20 20 d.
588 905 18 14 v.
624 904 16 14 s.
656 897 113 21 bristande
792 897 99 27 förmäga
911 897 52 21 eller

203 932 65 27 insigt
284 933 32 19 att
330 931 103 28 uppfatta
452 931 40 21 och
513 931 67 28 enligt
602 931 101 28 gällande
727 931 37 28 lag
779 931 92 21 bedöma
887 931 75 24 saken,

204 966 52 21 eller
271 966 142 25 värdslöshet,
430 967 20 20 d.
466 973 18 14 v.
499 973 16 14 s.
531 965 111 22 bristande
654 966 69 21 allvar
739 966 43 21 och
797 965 164 28 uppmärksam-

202 1000 38 21 het
255 1001 37 20 vid
307 1000 78 21 sakens
407 1000 137 27 behandling,
565 1000 52 21 eller
637 1000 105 28 slutligen
759 1001 68 26 derpä
841 1002 33 19 att
889 1001 73 20 doma-

203 1041 39 14 ren
257 1034 126 27 uppsätligt,
392 1034 35 21 för
441 1036 34 19 att
489 1034 156 21 tillfredsställa
661 1035 37 21 sitt
714 1035 40 21 hat
769 1035 52 20 eller
831 1035 34 20 sin
875 1035 88 27 välvilja

204 1069 52 21 eller
271 1069 33 21 sin
320 1071 122 24 egennytta,
458 1069 36 21 vid
509 1068 175 28 rättskipningen
700 1070 93 26 vränger
812 1070 41 26 lag.
884 1069 40 21 Väl
939 1074 23 17 är

202 1104 37 20 det
249 1103 117 24 korrektiv,
377 1110 46 13 som
432 1103 63 26 lagen
506 1105 44 18 mot
559 1104 41 20 den
608 1103 129 28 lindrigaste
746 1104 82 26 graden
837 1103 24 21 af
868 1104 92 21 nämnde

202 1137 127 27 förbrytelse
344 1137 125 24 innehäller,
479 1137 107 25 allvarligt
598 1144 49 21 nog,
659 1138 29 20 dä
700 1140 62 19 utom
773 1137 189 27 skadeersättning

201 1171 7 20 i
224 1171 106 21 latituden
346 1171 62 27 ingär
423 1171 119 27 afsättning
557 1171 48 21 frän
621 1172 101 21 embetet.
755 1172 50 21 Men
821 1173 91 20 emedan
928 1171 30 22 äf-

201 1212 42 14 ven
259 1206 42 20 den
316 1205 125 28 uppsätliga
457 1205 141 27 förbrytelsen
613 1206 8 21 i
636 1207 44 20 alla
695 1207 72 20 andra
782 1206 38 21 fall
835 1207 28 20 än
880 1207 28 20 dä
918 1207 42 20 den

201 1240 82 27 vränga
298 1241 77 20 domen
392 1239 34 22 för
441 1241 41 20 den
498 1241 76 20 dömde
590 1241 84 20 medför
689 1240 80 21 förlust
785 1240 25 21 af
819 1240 27 21 lif
858 1240 52 21 eller
923 1241 39 20 ära

200 1274 181 28 hufvudsakligen
390 1274 83 28 aflöper
482 1275 49 21 med
542 1275 195 21 domareembetets
748 1274 84 26 förlust,
842 1274 40 22 har
889 1275 72 21 denna

201 1310 161 26 omständighet
380 1308 47 22 icke
443 1309 84 21 kunnat
542 1312 67 18 annat
624 1311 28 19 än
668 1309 117 21 äterverka
800 1310 29 26 pä
844 1309 116 21 bedöman-

200 1344 37 20 det
252 1344 25 20 af
290 1344 26 21 de
331 1344 116 26 lindrigare
471 1344 107 20 formerna
601 1344 93 21 sälunda
714 1346 34 19 att
767 1343 34 21 för
821 1344 63 20 dessa
898 1344 62 20 böter

200 1378 40 20 och
256 1379 78 20 endast
349 1378 8 21 i
371 1378 84 27 ganska
478 1378 63 20 svära
558 1378 38 20 fall
615 1378 108 27 skiljande
740 1378 29 26 pä
785 1378 71 26 nägon
871 1377 87 21 kortare

199 1412 32 20 tid
246 1412 49 20 frän
310 1412 95 27 tjensten
421 1412 69 22 blifvit
505 1413 41 20 den
562 1412 87 27 vanliga
661 1412 122 28 päföljden.
805 1412 66 20 Detta
880 1411 80 21 förhäl-

199 1446 65 21 lande
280 1447 47 20 äter
342 1446 43 22 kan
401 1446 48 22 icke
465 1448 72 26 undgä
552 1447 73 21 utöfva
640 1446 108 28 inflytelse
764 1446 29 28 pä
804 1448 112 19 ansvarets
926 1448 34 19 ut-
