<?xml version="1.0" encoding="UTF-8"?>
<alto xmlns="http://www.loc.gov/standards/alto/ns-v3#" xmlns:xlink="http://www.w3.org/1999/xlink" xmlns:xsi="http://www.w3.org/2001/XMLSchema-instance" xsi:schemaLocation="http://www.loc.gov/standards/alto/ns-v3# http://www.loc.gov/alto/v3/alto-3-0.xsd">
	<Description>
		<MeasurementUnit>pixel</MeasurementUnit>
		<sourceImageInformation>
			<fileName>/tmp/tess_5lm8hvry_input.PNG</fileName>
		</sourceImageInformation>
		<OCRProcessing ID="OCR_0">
			<ocrProcessingStep>
				<processingSoftware>
					<softwareName>tesseract 5.3.4</softwareName>
				</processingSoftware>
			</ocrProcessingStep>
		</OCRProcessing>
	</Description>
	<Layout>
		<Page WIDTH="1086" HEIGHT="1717" PHYSICAL_IMG_NR="0" ID="page_0">
			<PrintSpace HPOS="0" VPOS="0" WIDTH="1086" HEIGHT="1717">
				<GraphicalElement ID="cblock_0" HPOS="0" VPOS="664" WIDTH="2" HEIGHT="304"></GraphicalElement >
				<ComposedBlock ID="cblock_1" HPOS="228" VPOS="150" WIDTH="526" HEIGHT="24">
					<TextBlock ID="block_0" HPOS="228" VPOS="150" WIDTH="526" HEIGHT="24">
						<TextLine ID="line_0" HPOS="228" VPOS="150" WIDTH="526" HEIGHT="24">
							<String ID="string_0" HPOS="228" VPOS="150" WIDTH="26" HEIGHT="20" WC="0.96" CONTENT="10"/><SP WIDTH="124" VPOS="150" HPOS="254"/>
							<String ID="string_1" HPOS="378" VPOS="150" WIDTH="23" HEIGHT="22" WC="0.91" CONTENT="U."/><SP WIDTH="17" VPOS="150" HPOS="401"/>
							<String ID="string_2" HPOS="418" VPOS="150" WIDTH="23" HEIGHT="24" WC="0.43" CONTENT="B,"/><SP WIDTH="17" VPOS="150" HPOS="441"/>
							<String ID="string_3" HPOS="458" VPOS="150" WIDTH="37" HEIGHT="24" WC="0.89" CONTENT="N:o"/><SP WIDTH="16" VPOS="150" HPOS="495"/>
							<String ID="string_4" HPOS="511" VPOS="151" WIDTH="21" HEIGHT="22" WC="0.79" CONTENT="7:"/><SP WIDTH="16" VPOS="151" HPOS="532"/>
							<String ID="string_5" HPOS="548" VPOS="162" WIDTH="31" HEIGHT="6" WC="0.91" CONTENT="—"/><SP WIDTH="13" VPOS="162" HPOS="579"/>
							<String ID="string_6" HPOS="592" VPOS="150" WIDTH="162" HEIGHT="24" WC="0.65" CONTENT="Ständerhuset:"/>
						</TextLine>
					</TextBlock>
				</ComposedBlock>
				<ComposedBlock ID="cblock_2" HPOS="196" VPOS="212" WIDTH="759" HEIGHT="541">
					<TextBlock ID="block_1" HPOS="197" VPOS="212" WIDTH="758" HEIGHT="165">
						<TextLine ID="line_1" HPOS="264" VPOS="212" WIDTH="690" HEIGHT="28">
							<String ID="string_7" HPOS="264" VPOS="212" WIDTH="44" HEIGHT="21" WC="0.96" CONTENT="För"/><SP WIDTH="15" VPOS="212" HPOS="308"/>
							<String ID="string_8" HPOS="323" VPOS="212" WIDTH="40" HEIGHT="22" WC="0.96" CONTENT="den"/><SP WIDTH="17" VPOS="212" HPOS="363"/>
							<String ID="string_9" HPOS="380" VPOS="213" WIDTH="101" HEIGHT="22" WC="0.96" CONTENT="händelse"/><SP WIDTH="16" VPOS="213" HPOS="481"/>
							<String ID="string_10" HPOS="497" VPOS="213" WIDTH="120" HEIGHT="22" WC="0.96" CONTENT="emellertid"/><SP WIDTH="10" VPOS="213" HPOS="617"/>
							<String ID="string_11" HPOS="627" VPOS="214" WIDTH="27" HEIGHT="20" WC="0.96" CONTENT="de"/><SP WIDTH="9" VPOS="214" HPOS="654"/>
							<String ID="string_12" HPOS="663" VPOS="220" WIDTH="57" HEIGHT="20" WC="0.96" CONTENT="resp."/><SP WIDTH="9" VPOS="220" HPOS="720"/>
							<String ID="string_13" HPOS="729" VPOS="213" WIDTH="92" HEIGHT="22" WC="0.96" CONTENT="stånden"/><SP WIDTH="9" VPOS="213" HPOS="821"/>
							<String ID="string_14" HPOS="830" VPOS="213" WIDTH="47" HEIGHT="22" WC="0.96" CONTENT="icke"/><SP WIDTH="9" VPOS="213" HPOS="877"/>
							<String ID="string_15" HPOS="886" VPOS="212" WIDTH="68" HEIGHT="23" WC="0.96" CONTENT="skulle"/>
						</TextLine>
						<TextLine ID="line_2" HPOS="197" VPOS="244" WIDTH="757" HEIGHT="30">
							<String ID="string_16" HPOS="197" VPOS="244" WIDTH="59" HEIGHT="23" WC="0.96" CONTENT="finna"/><SP WIDTH="22" VPOS="244" HPOS="256"/>
							<String ID="string_17" HPOS="278" VPOS="246" WIDTH="68" HEIGHT="22" WC="0.93" CONTENT="denna"/><SP WIDTH="22" VPOS="246" HPOS="346"/>
							<String ID="string_18" HPOS="368" VPOS="247" WIDTH="120" HEIGHT="27" WC="0.91" CONTENT="principielt"/><SP WIDTH="22" VPOS="247" HPOS="488"/>
							<String ID="string_19" HPOS="510" VPOS="247" WIDTH="80" HEIGHT="27" WC="0.93" CONTENT="vigtiga"/><SP WIDTH="12" VPOS="247" HPOS="590"/>
							<String ID="string_20" HPOS="602" VPOS="247" WIDTH="181" HEIGHT="27" WC="0.91" CONTENT="jäfsanmärkning"/><SP WIDTH="14" VPOS="247" HPOS="783"/>
							<String ID="string_21" HPOS="797" VPOS="248" WIDTH="101" HEIGHT="26" WC="0.93" CONTENT="grundad,"/><SP WIDTH="16" VPOS="248" HPOS="898"/>
							<String ID="string_22" HPOS="914" VPOS="247" WIDTH="40" HEIGHT="21" WC="0.92" CONTENT="till-"/>
						</TextLine>
						<TextLine ID="line_3" HPOS="198" VPOS="280" WIDTH="757" HEIGHT="29">
							<String ID="string_23" HPOS="198" VPOS="280" WIDTH="96" HEIGHT="21" WC="0.95" CONTENT="kommer"/><SP WIDTH="23" VPOS="280" HPOS="294"/>
							<String ID="string_24" HPOS="317" VPOS="281" WIDTH="36" HEIGHT="21" WC="0.96" CONTENT="det"/><SP WIDTH="21" VPOS="281" HPOS="353"/>
							<String ID="string_25" HPOS="374" VPOS="281" WIDTH="43" HEIGHT="27" WC="0.96" CONTENT="mig"/><SP WIDTH="22" VPOS="281" HPOS="417"/>
							<String ID="string_26" HPOS="439" VPOS="283" WIDTH="33" HEIGHT="20" WC="0.92" CONTENT="att"/><SP WIDTH="24" VPOS="283" HPOS="472"/>
							<String ID="string_27" HPOS="496" VPOS="281" WIDTH="107" HEIGHT="22" WC="0.91" CONTENT="eventuelt"/><SP WIDTH="13" VPOS="281" HPOS="603"/>
							<String ID="string_28" HPOS="616" VPOS="283" WIDTH="59" HEIGHT="26" WC="0.96" CONTENT="yttra"/><SP WIDTH="14" VPOS="283" HPOS="675"/>
							<String ID="string_29" HPOS="689" VPOS="282" WIDTH="42" HEIGHT="26" WC="0.96" CONTENT="mig"/><SP WIDTH="14" VPOS="282" HPOS="731"/>
							<String ID="string_30" HPOS="745" VPOS="281" WIDTH="62" HEIGHT="22" WC="0.96" CONTENT="äfven"/><SP WIDTH="14" VPOS="281" HPOS="807"/>
							<String ID="string_31" HPOS="821" VPOS="282" WIDTH="8" HEIGHT="21" WC="0.93" CONTENT="i"/><SP WIDTH="15" VPOS="282" HPOS="829"/>
							<String ID="string_32" HPOS="844" VPOS="282" WIDTH="111" HEIGHT="21" WC="0.92" CONTENT="hufvudsa-"/>
						</TextLine>
						<TextLine ID="line_4" HPOS="198" VPOS="314" WIDTH="756" HEIGHT="29">
							<String ID="string_33" HPOS="198" VPOS="314" WIDTH="52" HEIGHT="26" WC="0.95" CONTENT="ken;"/><SP WIDTH="25" VPOS="314" HPOS="250"/>
							<String ID="string_34" HPOS="275" VPOS="315" WIDTH="39" HEIGHT="21" WC="0.85" CONTENT="och"/><SP WIDTH="22" VPOS="315" HPOS="314"/>
							<String ID="string_35" HPOS="336" VPOS="315" WIDTH="32" HEIGHT="22" WC="0.96" CONTENT="får"/><SP WIDTH="19" VPOS="315" HPOS="368"/>
							<String ID="string_36" HPOS="387" VPOS="316" WIDTH="38" HEIGHT="26" WC="0.93" CONTENT="jag"/><SP WIDTH="22" VPOS="316" HPOS="425"/>
							<String ID="string_37" HPOS="447" VPOS="315" WIDTH="56" HEIGHT="28" WC="0.92" CONTENT="förty"/><SP WIDTH="22" VPOS="315" HPOS="503"/>
							<String ID="string_38" HPOS="525" VPOS="315" WIDTH="70" HEIGHT="22" WC="0.95" CONTENT="uttala"/><SP WIDTH="19" VPOS="315" HPOS="595"/>
							<String ID="string_39" HPOS="614" VPOS="316" WIDTH="92" HEIGHT="26" WC="0.96" CONTENT="följande"/><SP WIDTH="14" VPOS="316" HPOS="706"/>
							<String ID="string_40" HPOS="720" VPOS="315" WIDTH="54" HEIGHT="22" WC="0.96" CONTENT="ifrån"/><SP WIDTH="15" VPOS="315" HPOS="774"/>
							<String ID="string_41" HPOS="789" VPOS="316" WIDTH="165" HEIGHT="22" WC="0.96" CONTENT="betänkandet"/><SP WIDTH="-11" VPOS="316" HPOS="954"/>
							<String ID="string_42" HPOS="943" VPOS="310" WIDTH="15" HEIGHT="37" WC="0.96" CONTENT="i"/>
						</TextLine>
						<TextLine ID="line_5" HPOS="198" VPOS="348" WIDTH="361" HEIGHT="29">
							<String ID="string_43" HPOS="198" VPOS="348" WIDTH="44" HEIGHT="22" WC="0.96" CONTENT="alla"/><SP WIDTH="15" VPOS="348" HPOS="242"/>
							<String ID="string_44" HPOS="257" VPOS="348" WIDTH="59" HEIGHT="22" WC="0.96" CONTENT="delar"/><SP WIDTH="14" VPOS="348" HPOS="316"/>
							<String ID="string_45" HPOS="330" VPOS="349" WIDTH="120" HEIGHT="27" WC="0.96" CONTENT="skiljaktiga"/><SP WIDTH="14" VPOS="349" HPOS="450"/>
							<String ID="string_46" HPOS="464" VPOS="350" WIDTH="95" HEIGHT="27" WC="0.95" CONTENT="mening:"/>
						</TextLine>
					</TextBlock>
					<TextBlock ID="block_2" HPOS="197" VPOS="383" WIDTH="757" HEIGHT="96">
						<TextLine ID="line_6" HPOS="267" VPOS="383" WIDTH="687" HEIGHT="27">
							<String ID="string_47" HPOS="267" VPOS="383" WIDTH="95" HEIGHT="21" WC="0.96" CONTENT="Emedan"/><SP WIDTH="15" VPOS="383" HPOS="362"/>
							<String ID="string_48" HPOS="377" VPOS="385" WIDTH="72" HEIGHT="20" WC="0.96" CONTENT="senast"/><SP WIDTH="14" VPOS="385" HPOS="449"/>
							<String ID="string_49" HPOS="463" VPOS="384" WIDTH="129" HEIGHT="21" WC="0.93" CONTENT="församlade"/><SP WIDTH="10" VPOS="384" HPOS="592"/>
							<String ID="string_50" HPOS="602" VPOS="383" WIDTH="91" HEIGHT="23" WC="0.92" CONTENT="Ständer"/><SP WIDTH="9" VPOS="383" HPOS="693"/>
							<String ID="string_51" HPOS="702" VPOS="384" WIDTH="95" HEIGHT="21" WC="0.91" CONTENT="hvarken"/><SP WIDTH="10" VPOS="384" HPOS="797"/>
							<String ID="string_52" HPOS="807" VPOS="384" WIDTH="87" HEIGHT="21" WC="0.91" CONTENT="beslutit"/><SP WIDTH="9" VPOS="384" HPOS="894"/>
							<String ID="string_53" HPOS="903" VPOS="390" WIDTH="51" HEIGHT="20" WC="0.93" CONTENT="upp-"/>
						</TextLine>
						<TextLine ID="line_7" HPOS="198" VPOS="416" WIDTH="756" HEIGHT="29">
							<String ID="string_54" HPOS="198" VPOS="416" WIDTH="100" HEIGHT="22" WC="0.92" CONTENT="förandet"/><SP WIDTH="14" VPOS="416" HPOS="298"/>
							<String ID="string_55" HPOS="312" VPOS="416" WIDTH="22" HEIGHT="22" WC="0.96" CONTENT="af"/><SP WIDTH="13" VPOS="416" HPOS="334"/>
							<String ID="string_56" HPOS="347" VPOS="423" WIDTH="26" HEIGHT="16" WC="0.96" CONTENT="en"/><SP WIDTH="15" VPOS="423" HPOS="373"/>
							<String ID="string_57" HPOS="388" VPOS="417" WIDTH="97" HEIGHT="28" WC="0.81" CONTENT="byggnad"/><SP WIDTH="16" VPOS="417" HPOS="485"/>
							<String ID="string_58" HPOS="501" VPOS="417" WIDTH="33" HEIGHT="22" WC="0.96" CONTENT="för"/><SP WIDTH="14" VPOS="417" HPOS="534"/>
							<String ID="string_59" HPOS="548" VPOS="417" WIDTH="46" HEIGHT="28" WC="0.96" CONTENT="fyra"/><SP WIDTH="16" VPOS="417" HPOS="594"/>
							<String ID="string_60" HPOS="610" VPOS="418" WIDTH="70" HEIGHT="25" WC="0.96" CONTENT="stånd,"/><SP WIDTH="16" VPOS="418" HPOS="680"/>
							<String ID="string_61" HPOS="696" VPOS="418" WIDTH="52" HEIGHT="21" WC="0.96" CONTENT="eller"/><SP WIDTH="13" VPOS="418" HPOS="748"/>
							<String ID="string_62" HPOS="761" VPOS="418" WIDTH="35" HEIGHT="21" WC="0.96" CONTENT="för"/><SP WIDTH="10" VPOS="418" HPOS="796"/>
							<String ID="string_63" HPOS="806" VPOS="418" WIDTH="75" HEIGHT="21" WC="0.93" CONTENT="sådant"/><SP WIDTH="11" VPOS="418" HPOS="881"/>
							<String ID="string_64" HPOS="892" VPOS="417" WIDTH="62" HEIGHT="22" WC="0.92" CONTENT="ända-"/>
						</TextLine>
						<TextLine ID="line_8" HPOS="197" VPOS="450" WIDTH="322" HEIGHT="29">
							<String ID="string_65" HPOS="197" VPOS="450" WIDTH="43" HEIGHT="22" WC="0.96" CONTENT="mål"/><SP WIDTH="16" VPOS="450" HPOS="240"/>
							<String ID="string_66" HPOS="256" VPOS="451" WIDTH="90" HEIGHT="27" WC="0.96" CONTENT="anslagit"/><SP WIDTH="15" VPOS="451" HPOS="346"/>
							<String ID="string_67" HPOS="361" VPOS="453" WIDTH="65" HEIGHT="26" WC="0.96" CONTENT="några"/><SP WIDTH="15" VPOS="453" HPOS="426"/>
							<String ID="string_68" HPOS="441" VPOS="452" WIDTH="78" HEIGHT="25" WC="0.96" CONTENT="medel;"/>
						</TextLine>
					</TextBlock>
					<TextBlock ID="block_3" HPOS="198" VPOS="485" WIDTH="757" HEIGHT="165">
						<TextLine ID="line_9" HPOS="268" VPOS="485" WIDTH="686" HEIGHT="28">
							<String ID="string_69" HPOS="268" VPOS="485" WIDTH="88" HEIGHT="22" WC="0.96" CONTENT="emedan"/><SP WIDTH="14" VPOS="485" HPOS="356"/>
							<String ID="string_70" HPOS="370" VPOS="486" WIDTH="120" HEIGHT="22" WC="0.96" CONTENT="kostnaden"/><SP WIDTH="15" VPOS="486" HPOS="490"/>
							<String ID="string_71" HPOS="505" VPOS="486" WIDTH="33" HEIGHT="21" WC="0.96" CONTENT="för"/><SP WIDTH="16" VPOS="486" HPOS="538"/>
							<String ID="string_72" HPOS="554" VPOS="487" WIDTH="40" HEIGHT="21" WC="0.96" CONTENT="den"/><SP WIDTH="11" VPOS="487" HPOS="594"/>
							<String ID="string_73" HPOS="605" VPOS="493" WIDTH="28" HEIGHT="14" WC="0.96" CONTENT="nu"/><SP WIDTH="10" VPOS="493" HPOS="633"/>
							<String ID="string_74" HPOS="643" VPOS="486" WIDTH="119" HEIGHT="27" WC="0.96" CONTENT="föreslagna"/><SP WIDTH="10" VPOS="486" HPOS="762"/>
							<String ID="string_75" HPOS="772" VPOS="486" WIDTH="124" HEIGHT="27" WC="0.96" CONTENT="byggnaden"/><SP WIDTH="10" VPOS="486" HPOS="896"/>
							<String ID="string_76" HPOS="906" VPOS="485" WIDTH="48" HEIGHT="22" WC="0.96" CONTENT="vida"/>
						</TextLine>
						<TextLine ID="line_10" HPOS="198" VPOS="518" WIDTH="756" HEIGHT="29">
							<String ID="string_77" HPOS="198" VPOS="518" WIDTH="119" HEIGHT="28" WC="0.92" CONTENT="öfverstege"/><SP WIDTH="15" VPOS="518" HPOS="317"/>
							<String ID="string_78" HPOS="332" VPOS="520" WIDTH="18" HEIGHT="27" WC="0.93" CONTENT="ej"/><SP WIDTH="17" VPOS="520" HPOS="350"/>
							<String ID="string_79" HPOS="367" VPOS="520" WIDTH="90" HEIGHT="22" WC="0.93" CONTENT="allenast"/><SP WIDTH="15" VPOS="520" HPOS="457"/>
							<String ID="string_80" HPOS="472" VPOS="521" WIDTH="41" HEIGHT="21" WC="0.96" CONTENT="den"/><SP WIDTH="16" VPOS="521" HPOS="513"/>
							<String ID="string_81" HPOS="529" VPOS="527" WIDTH="88" HEIGHT="18" WC="0.93" CONTENT="summa,"/><SP WIDTH="11" VPOS="527" HPOS="617"/>
							<String ID="string_82" HPOS="628" VPOS="521" WIDTH="119" HEIGHT="21" WC="0.93" CONTENT="Ständerna"/><SP WIDTH="10" VPOS="521" HPOS="747"/>
							<String ID="string_83" HPOS="757" VPOS="520" WIDTH="32" HEIGHT="21" WC="0.93" CONTENT="till"/><SP WIDTH="13" VPOS="520" HPOS="789"/>
							<String ID="string_84" HPOS="802" VPOS="537" WIDTH="9" HEIGHT="9" WC="0.78" CONTENT=",,"/><SP WIDTH="3" VPOS="537" HPOS="811"/>
							<String ID="string_85" HPOS="814" VPOS="520" WIDTH="140" HEIGHT="27" WC="0.95" CONTENT="uppförandet"/>
						</TextLine>
						<TextLine ID="line_11" HPOS="198" VPOS="553" WIDTH="754" HEIGHT="29">
							<String ID="string_86" HPOS="198" VPOS="553" WIDTH="22" HEIGHT="21" WC="0.95" CONTENT="af"/><SP WIDTH="21" VPOS="553" HPOS="220"/>
							<String ID="string_87" HPOS="241" VPOS="555" WIDTH="32" HEIGHT="20" WC="0.95" CONTENT="ett"/><SP WIDTH="22" VPOS="555" HPOS="273"/>
							<String ID="string_88" HPOS="295" VPOS="553" WIDTH="39" HEIGHT="23" WC="0.96" CONTENT="hus"/><SP WIDTH="22" VPOS="553" HPOS="334"/>
							<String ID="string_89" HPOS="356" VPOS="553" WIDTH="33" HEIGHT="22" WC="0.96" CONTENT="för"/><SP WIDTH="22" VPOS="553" HPOS="389"/>
							<String ID="string_90" HPOS="411" VPOS="555" WIDTH="26" HEIGHT="21" WC="0.96" CONTENT="de"/><SP WIDTH="19" VPOS="555" HPOS="437"/>
							<String ID="string_91" HPOS="456" VPOS="557" WIDTH="33" HEIGHT="19" WC="0.96" CONTENT="tre"/><SP WIDTH="16" VPOS="557" HPOS="489"/>
							<String ID="string_92" HPOS="505" VPOS="554" WIDTH="77" HEIGHT="22" WC="0.96" CONTENT="ofrälse"/><SP WIDTH="16" VPOS="554" HPOS="582"/>
							<String ID="string_93" HPOS="598" VPOS="555" WIDTH="102" HEIGHT="21" WC="0.88" CONTENT="stånden&quot;"/><SP WIDTH="17" VPOS="555" HPOS="700"/>
							<String ID="string_94" HPOS="717" VPOS="555" WIDTH="63" HEIGHT="24" WC="0.95" CONTENT="(1882"/><SP WIDTH="15" VPOS="555" HPOS="780"/>
							<String ID="string_95" HPOS="795" VPOS="561" WIDTH="60" HEIGHT="21" WC="0.95" CONTENT="prop."/><SP WIDTH="17" VPOS="561" HPOS="855"/>
							<String ID="string_96" HPOS="872" VPOS="554" WIDTH="38" HEIGHT="22" WC="0.96" CONTENT="N:o"/><SP WIDTH="16" VPOS="554" HPOS="910"/>
							<String ID="string_97" HPOS="926" VPOS="555" WIDTH="26" HEIGHT="20" WC="0.96" CONTENT="41"/>
						</TextLine>
						<TextLine ID="line_12" HPOS="198" VPOS="587" WIDTH="757" HEIGHT="29">
							<String ID="string_98" HPOS="198" VPOS="587" WIDTH="74" HEIGHT="22" WC="0.90" CONTENT="Ständ."/><SP WIDTH="24" VPOS="587" HPOS="272"/>
							<String ID="string_99" HPOS="296" VPOS="595" WIDTH="30" HEIGHT="14" WC="0.96" CONTENT="sv."/><SP WIDTH="23" VPOS="595" HPOS="326"/>
							<String ID="string_100" HPOS="349" VPOS="589" WIDTH="38" HEIGHT="23" WC="0.96" CONTENT="sid,"/><SP WIDTH="18" VPOS="589" HPOS="387"/>
							<String ID="string_101" HPOS="405" VPOS="589" WIDTH="34" HEIGHT="27" WC="0.95" CONTENT="13)"/><SP WIDTH="16" VPOS="589" HPOS="439"/>
							<String ID="string_102" HPOS="455" VPOS="589" WIDTH="98" HEIGHT="27" WC="0.95" CONTENT="anslagit,"/><SP WIDTH="17" VPOS="589" HPOS="553"/>
							<String ID="string_103" HPOS="570" VPOS="591" WIDTH="51" HEIGHT="20" WC="0.96" CONTENT="utan"/><SP WIDTH="15" VPOS="591" HPOS="621"/>
							<String ID="string_104" HPOS="636" VPOS="589" WIDTH="60" HEIGHT="21" WC="0.96" CONTENT="äfven"/><SP WIDTH="16" VPOS="589" HPOS="696"/>
							<String ID="string_105" HPOS="712" VPOS="589" WIDTH="36" HEIGHT="21" WC="0.96" CONTENT="det"/><SP WIDTH="14" VPOS="589" HPOS="748"/>
							<String ID="string_106" HPOS="762" VPOS="589" WIDTH="84" HEIGHT="27" WC="0.96" CONTENT="belopp,"/><SP WIDTH="16" VPOS="589" HPOS="846"/>
							<String ID="string_107" HPOS="862" VPOS="595" WIDTH="45" HEIGHT="16" WC="0.96" CONTENT="som"/><SP WIDTH="15" VPOS="595" HPOS="907"/>
							<String ID="string_108" HPOS="922" VPOS="588" WIDTH="33" HEIGHT="21" WC="0.96" CONTENT="för"/>
						</TextLine>
						<TextLine ID="line_13" HPOS="199" VPOS="621" WIDTH="482" HEIGHT="29">
							<String ID="string_109" HPOS="199" VPOS="621" WIDTH="59" HEIGHT="22" WC="0.96" CONTENT="detta"/><SP WIDTH="16" VPOS="621" HPOS="258"/>
							<String ID="string_110" HPOS="274" VPOS="623" WIDTH="98" HEIGHT="21" WC="0.96" CONTENT="ändamål"/><SP WIDTH="15" VPOS="623" HPOS="372"/>
							<String ID="string_111" HPOS="387" VPOS="623" WIDTH="95" HEIGHT="27" WC="0.96" CONTENT="skäligen"/><SP WIDTH="15" VPOS="623" HPOS="482"/>
							<String ID="string_112" HPOS="497" VPOS="623" WIDTH="40" HEIGHT="21" WC="0.96" CONTENT="bör"/><SP WIDTH="15" VPOS="623" HPOS="537"/>
							<String ID="string_113" HPOS="552" VPOS="623" WIDTH="72" HEIGHT="26" WC="0.96" CONTENT="offras;"/><SP WIDTH="18" VPOS="623" HPOS="624"/>
							<String ID="string_114" HPOS="642" VPOS="623" WIDTH="39" HEIGHT="21" WC="0.97" CONTENT="och"/>
						</TextLine>
					</TextBlock>
					<TextBlock ID="block_4" HPOS="196" VPOS="657" WIDTH="758" HEIGHT="96">
						<TextLine ID="line_14" HPOS="265" VPOS="657" WIDTH="689" HEIGHT="28">
							<String ID="string_115" HPOS="265" VPOS="657" WIDTH="88" HEIGHT="21" WC="0.96" CONTENT="emedan"/><SP WIDTH="22" VPOS="657" HPOS="353"/>
							<String ID="string_116" HPOS="375" VPOS="657" WIDTH="36" HEIGHT="22" WC="0.96" CONTENT="det"/><SP WIDTH="14" VPOS="657" HPOS="411"/>
							<String ID="string_117" HPOS="425" VPOS="657" WIDTH="8" HEIGHT="21" WC="0.96" CONTENT="i"/><SP WIDTH="15" VPOS="657" HPOS="433"/>
							<String ID="string_118" HPOS="448" VPOS="657" WIDTH="77" HEIGHT="22" WC="0.96" CONTENT="sakens"/><SP WIDTH="15" VPOS="657" HPOS="525"/>
							<String ID="string_119" HPOS="540" VPOS="657" WIDTH="121" HEIGHT="22" WC="0.96" CONTENT="nuvarande"/><SP WIDTH="18" VPOS="657" HPOS="661"/>
							<String ID="string_120" HPOS="679" VPOS="657" WIDTH="46" HEIGHT="28" WC="0.96" CONTENT="läge"/><SP WIDTH="16" VPOS="657" HPOS="725"/>
							<String ID="string_121" HPOS="741" VPOS="663" WIDTH="61" HEIGHT="22" WC="0.95" CONTENT="synes"/><SP WIDTH="16" VPOS="663" HPOS="802"/>
							<String ID="string_122" HPOS="818" VPOS="657" WIDTH="89" HEIGHT="27" WC="0.96" CONTENT="ogörligt"/><SP WIDTH="15" VPOS="657" HPOS="907"/>
							<String ID="string_123" HPOS="922" VPOS="658" WIDTH="32" HEIGHT="20" WC="0.96" CONTENT="att"/>
						</TextLine>
						<TextLine ID="line_15" HPOS="198" VPOS="690" WIDTH="754" HEIGHT="29">
							<String ID="string_124" HPOS="198" VPOS="690" WIDTH="63" HEIGHT="21" WC="0.96" CONTENT="vinna"/><SP WIDTH="23" VPOS="690" HPOS="261"/>
							<String ID="string_125" HPOS="284" VPOS="697" WIDTH="26" HEIGHT="15" WC="0.95" CONTENT="en"/><SP WIDTH="23" VPOS="697" HPOS="310"/>
							<String ID="string_126" HPOS="333" VPOS="691" WIDTH="94" HEIGHT="27" WC="0.95" CONTENT="politiskt"/><SP WIDTH="23" VPOS="691" HPOS="427"/>
							<String ID="string_127" HPOS="450" VPOS="691" WIDTH="40" HEIGHT="23" WC="0.96" CONTENT="och"/><SP WIDTH="24" VPOS="691" HPOS="490"/>
							<String ID="string_128" HPOS="514" VPOS="691" WIDTH="134" HEIGHT="22" WC="0.96" CONTENT="ekonomiskt"/><SP WIDTH="19" VPOS="691" HPOS="648"/>
							<String ID="string_129" HPOS="667" VPOS="692" WIDTH="53" HEIGHT="21" WC="0.96" CONTENT="sund"/><SP WIDTH="16" VPOS="692" HPOS="720"/>
							<String ID="string_130" HPOS="736" VPOS="691" WIDTH="83" HEIGHT="28" WC="0.96" CONTENT="lösning"/><SP WIDTH="16" VPOS="691" HPOS="819"/>
							<String ID="string_131" HPOS="835" VPOS="691" WIDTH="21" HEIGHT="22" WC="0.96" CONTENT="af"/><SP WIDTH="14" VPOS="691" HPOS="856"/>
							<String ID="string_132" HPOS="870" VPOS="691" WIDTH="82" HEIGHT="27" WC="0.96" CONTENT="frågan;"/>
						</TextLine>
						<TextLine ID="line_16" HPOS="196" VPOS="724" WIDTH="149" HEIGHT="29">
							<String ID="string_133" HPOS="196" VPOS="724" WIDTH="91" HEIGHT="22" WC="0.96" CONTENT="föreslår"/><SP WIDTH="12" VPOS="724" HPOS="287"/>
							<String ID="string_134" HPOS="299" VPOS="725" WIDTH="46" HEIGHT="28" WC="0.96" CONTENT="jag:"/>
						</TextLine>
					</TextBlock>
				</ComposedBlock>
				<ComposedBlock ID="cblock_3" HPOS="335" VPOS="782" WIDTH="619" HEIGHT="123">
					<TextBlock ID="block_5" HPOS="335" VPOS="782" WIDTH="619" HEIGHT="123">
						<TextLine ID="line_17" HPOS="402" VPOS="782" WIDTH="551" HEIGHT="28">
							<String ID="string_135" HPOS="402" VPOS="785" WIDTH="33" HEIGHT="18" WC="0.95" CONTENT="att"/><SP WIDTH="19" VPOS="785" HPOS="435"/>
							<String ID="string_136" HPOS="454" VPOS="782" WIDTH="86" HEIGHT="28" WC="0.83" CONTENT="frågan"/><SP WIDTH="22" VPOS="782" HPOS="540"/>
							<String ID="string_137" HPOS="562" VPOS="789" WIDTH="34" HEIGHT="14" WC="0.95" CONTENT="om"/><SP WIDTH="22" VPOS="789" HPOS="596"/>
							<String ID="string_138" HPOS="618" VPOS="782" WIDTH="140" HEIGHT="28" WC="0.95" CONTENT="uppförande"/><SP WIDTH="15" VPOS="782" HPOS="758"/>
							<String ID="string_139" HPOS="773" VPOS="785" WIDTH="26" HEIGHT="24" WC="0.90" CONTENT="af"/><SP WIDTH="14" VPOS="785" HPOS="799"/>
							<String ID="string_140" HPOS="813" VPOS="785" WIDTH="29" HEIGHT="18" WC="0.93" CONTENT="ett"/><SP WIDTH="14" VPOS="785" HPOS="842"/>
							<String ID="string_141" HPOS="856" VPOS="782" WIDTH="97" HEIGHT="21" WC="0.92" CONTENT="ständer-"/>
						</TextLine>
						<TextLine ID="line_18" HPOS="336" VPOS="816" WIDTH="618" HEIGHT="27">
							<String ID="string_142" HPOS="336" VPOS="816" WIDTH="39" HEIGHT="21" WC="0.96" CONTENT="hus"/><SP WIDTH="4" VPOS="816" HPOS="375"/>
							<String ID="string_143" HPOS="379" VPOS="816" WIDTH="42" HEIGHT="27" WC="0.96" CONTENT="för"/><SP WIDTH="14" VPOS="816" HPOS="421"/>
							<String ID="string_144" HPOS="435" VPOS="817" WIDTH="36" HEIGHT="20" WC="0.96" CONTENT="det"/><SP WIDTH="14" VPOS="817" HPOS="471"/>
							<String ID="string_145" HPOS="485" VPOS="817" WIDTH="139" HEIGHT="21" WC="0.96" CONTENT="närvarande"/><SP WIDTH="15" VPOS="817" HPOS="624"/>
							<String ID="string_146" HPOS="639" VPOS="817" WIDTH="35" HEIGHT="20" WC="0.96" CONTENT="må"/><SP WIDTH="10" VPOS="817" HPOS="674"/>
							<String ID="string_147" HPOS="684" VPOS="816" WIDTH="107" HEIGHT="27" WC="0.95" CONTENT="förfalla,"/><SP WIDTH="10" VPOS="816" HPOS="791"/>
							<String ID="string_148" HPOS="801" VPOS="817" WIDTH="38" HEIGHT="20" WC="0.93" CONTENT="och"/><SP WIDTH="12" VPOS="817" HPOS="839"/>
							<String ID="string_149" HPOS="851" VPOS="816" WIDTH="103" HEIGHT="21" WC="0.92" CONTENT="Ständer-"/>
						</TextLine>
						<TextLine ID="line_19" HPOS="335" VPOS="850" WIDTH="617" HEIGHT="29">
							<String ID="string_150" HPOS="335" VPOS="850" WIDTH="200" HEIGHT="27" WC="0.91" CONTENT="husdelegationens"/><SP WIDTH="21" VPOS="850" HPOS="535"/>
							<String ID="string_151" HPOS="556" VPOS="851" WIDTH="101" HEIGHT="28" WC="0.96" CONTENT="uppdrag"/><SP WIDTH="21" VPOS="851" HPOS="657"/>
							<String ID="string_152" HPOS="678" VPOS="851" WIDTH="114" HEIGHT="25" WC="0.96" CONTENT="förklaras"/><SP WIDTH="23" VPOS="851" HPOS="792"/>
							<String ID="string_153" HPOS="815" VPOS="850" WIDTH="67" HEIGHT="28" WC="0.93" CONTENT="hafva"/><SP WIDTH="18" VPOS="850" HPOS="882"/>
							<String ID="string_154" HPOS="900" VPOS="857" WIDTH="52" HEIGHT="21" WC="0.92" CONTENT="upp-"/>
						</TextLine>
						<TextLine ID="line_20" HPOS="337" VPOS="884" WIDTH="54" HEIGHT="21">
							<String ID="string_155" HPOS="337" VPOS="884" WIDTH="54" HEIGHT="21" WC="0.96" CONTENT="hört."/>
						</TextLine>
					</TextBlock>
				</ComposedBlock>
				<ComposedBlock ID="cblock_4" HPOS="197" VPOS="941" WIDTH="759" HEIGHT="538">
					<TextBlock ID="block_6" HPOS="197" VPOS="941" WIDTH="759" HEIGHT="538">
						<TextLine ID="line_21" HPOS="266" VPOS="941" WIDTH="687" HEIGHT="28">
							<String ID="string_156" HPOS="266" VPOS="941" WIDTH="42" HEIGHT="21" WC="0.96" CONTENT="Vid"/><SP WIDTH="22" VPOS="941" HPOS="308"/>
							<String ID="string_157" HPOS="330" VPOS="941" WIDTH="129" HEIGHT="27" WC="0.95" CONTENT="granskning"/><SP WIDTH="22" VPOS="941" HPOS="459"/>
							<String ID="string_158" HPOS="481" VPOS="941" WIDTH="22" HEIGHT="22" WC="0.93" CONTENT="af"/><SP WIDTH="21" VPOS="941" HPOS="503"/>
							<String ID="string_159" HPOS="524" VPOS="941" WIDTH="288" HEIGHT="28" WC="0.91" CONTENT="Ständerhusdelegationens"/><SP WIDTH="27" VPOS="941" HPOS="812"/>
							<String ID="string_160" HPOS="839" VPOS="941" WIDTH="114" HEIGHT="22" WC="0.93" CONTENT="berättelse"/>
						</TextLine>
						<TextLine ID="line_22" HPOS="197" VPOS="974" WIDTH="757" HEIGHT="29">
							<String ID="string_161" HPOS="197" VPOS="975" WIDTH="40" HEIGHT="21" WC="0.96" CONTENT="har"/><SP WIDTH="19" VPOS="975" HPOS="237"/>
							<String ID="string_162" HPOS="256" VPOS="975" WIDTH="38" HEIGHT="26" WC="0.96" CONTENT="jag"/><SP WIDTH="22" VPOS="975" HPOS="294"/>
							<String ID="string_163" HPOS="316" VPOS="974" WIDTH="68" HEIGHT="22" WC="0.96" CONTENT="funnit"/><SP WIDTH="15" VPOS="974" HPOS="384"/>
							<String ID="string_164" HPOS="399" VPOS="977" WIDTH="33" HEIGHT="19" WC="0.96" CONTENT="att"/><SP WIDTH="15" VPOS="977" HPOS="432"/>
							<String ID="string_165" HPOS="447" VPOS="976" WIDTH="160" HEIGHT="27" WC="0.96" CONTENT="Delegationen,"/><SP WIDTH="16" VPOS="976" HPOS="607"/>
							<String ID="string_166" HPOS="623" VPOS="983" WIDTH="78" HEIGHT="20" WC="0.96" CONTENT="genom"/><SP WIDTH="16" VPOS="983" HPOS="701"/>
							<String ID="string_167" HPOS="717" VPOS="976" WIDTH="37" HEIGHT="21" WC="0.96" CONTENT="sitt"/><SP WIDTH="15" VPOS="976" HPOS="754"/>
							<String ID="string_168" HPOS="769" VPOS="976" WIDTH="40" HEIGHT="21" WC="0.96" CONTENT="den"/><SP WIDTH="16" VPOS="976" HPOS="809"/>
							<String ID="string_169" HPOS="825" VPOS="977" WIDTH="27" HEIGHT="20" WC="0.96" CONTENT="25"/><SP WIDTH="15" VPOS="977" HPOS="852"/>
							<String ID="string_170" HPOS="867" VPOS="976" WIDTH="87" HEIGHT="21" WC="0.96" CONTENT="Januari"/>
						</TextLine>
						<TextLine ID="line_23" HPOS="198" VPOS="1008" WIDTH="756" HEIGHT="29">
							<String ID="string_171" HPOS="198" VPOS="1009" WIDTH="56" HEIGHT="21" WC="0.96" CONTENT="1883"/><SP WIDTH="24" VPOS="1009" HPOS="254"/>
							<String ID="string_172" HPOS="278" VPOS="1008" WIDTH="54" HEIGHT="22" WC="0.96" CONTENT="efter"/><SP WIDTH="18" VPOS="1008" HPOS="332"/>
							<String ID="string_173" HPOS="350" VPOS="1009" WIDTH="130" HEIGHT="28" WC="0.96" CONTENT="omröstning"/><SP WIDTH="14" VPOS="1009" HPOS="480"/>
							<String ID="string_174" HPOS="494" VPOS="1009" WIDTH="81" HEIGHT="22" WC="0.96" CONTENT="fattade"/><SP WIDTH="15" VPOS="1009" HPOS="575"/>
							<String ID="string_175" HPOS="590" VPOS="1010" WIDTH="70" HEIGHT="22" WC="0.96" CONTENT="beslut"/><SP WIDTH="16" VPOS="1010" HPOS="660"/>
							<String ID="string_176" HPOS="676" VPOS="1012" WIDTH="31" HEIGHT="20" WC="0.93" CONTENT="att"/><SP WIDTH="15" VPOS="1012" HPOS="707"/>
							<String ID="string_177" HPOS="722" VPOS="1010" WIDTH="149" HEIGHT="21" WC="0.92" CONTENT="ständerhuset"/><SP WIDTH="15" VPOS="1010" HPOS="871"/>
							<String ID="string_178" HPOS="886" VPOS="1009" WIDTH="68" HEIGHT="22" WC="0.96" CONTENT="skulle"/>
						</TextLine>
						<TextLine ID="line_24" HPOS="197" VPOS="1042" WIDTH="757" HEIGHT="29">
							<String ID="string_179" HPOS="197" VPOS="1042" WIDTH="101" HEIGHT="27" WC="0.95" CONTENT="uppföras"/><SP WIDTH="23" VPOS="1042" HPOS="298"/>
							<String ID="string_180" HPOS="321" VPOS="1043" WIDTH="33" HEIGHT="21" WC="0.96" CONTENT="för"/><SP WIDTH="21" VPOS="1043" HPOS="354"/>
							<String ID="string_181" HPOS="375" VPOS="1043" WIDTH="98" HEIGHT="27" WC="0.96" CONTENT="samtliga"/><SP WIDTH="21" VPOS="1043" HPOS="473"/>
							<String ID="string_182" HPOS="494" VPOS="1043" WIDTH="46" HEIGHT="28" WC="0.96" CONTENT="fyra"/><SP WIDTH="24" VPOS="1043" HPOS="540"/>
							<String ID="string_183" HPOS="564" VPOS="1044" WIDTH="70" HEIGHT="27" WC="0.96" CONTENT="stånd,"/><SP WIDTH="21" VPOS="1044" HPOS="634"/>
							<String ID="string_184" HPOS="655" VPOS="1044" WIDTH="104" HEIGHT="22" WC="0.96" CONTENT="åsidosatt"/><SP WIDTH="14" VPOS="1044" HPOS="759"/>
							<String ID="string_185" HPOS="773" VPOS="1043" WIDTH="181" HEIGHT="22" WC="0.96" CONTENT="föreskrifterna"/><SP WIDTH="-11" VPOS="1043" HPOS="954"/>
							<String ID="string_186" HPOS="943" VPOS="1038" WIDTH="15" HEIGHT="38" WC="0.96" CONTENT="i"/>
						</TextLine>
						<TextLine ID="line_25" HPOS="201" VPOS="1077" WIDTH="753" HEIGHT="28">
							<String ID="string_187" HPOS="201" VPOS="1077" WIDTH="54" HEIGHT="21" WC="0.96" CONTENT="1882"/><SP WIDTH="17" VPOS="1077" HPOS="255"/>
							<String ID="string_188" HPOS="272" VPOS="1077" WIDTH="34" HEIGHT="21" WC="0.93" CONTENT="års"/><SP WIDTH="10" VPOS="1077" HPOS="306"/>
							<String ID="string_189" HPOS="316" VPOS="1077" WIDTH="102" HEIGHT="22" WC="0.91" CONTENT="Ständers"/><SP WIDTH="7" VPOS="1077" HPOS="418"/>
							<String ID="string_190" HPOS="425" VPOS="1077" WIDTH="154" HEIGHT="27" WC="0.91" CONTENT="Delegationen"/><SP WIDTH="10" VPOS="1077" HPOS="579"/>
							<String ID="string_191" HPOS="589" VPOS="1078" WIDTH="182" HEIGHT="22" WC="0.91" CONTENT="tillhandakomna"/><SP WIDTH="8" VPOS="1078" HPOS="771"/>
							<String ID="string_192" HPOS="779" VPOS="1078" WIDTH="70" HEIGHT="21" WC="0.93" CONTENT="beslut"/><SP WIDTH="10" VPOS="1078" HPOS="849"/>
							<String ID="string_193" HPOS="859" VPOS="1077" WIDTH="95" HEIGHT="28" WC="0.92" CONTENT="(Deleg:s"/>
						</TextLine>
						<TextLine ID="line_26" HPOS="198" VPOS="1110" WIDTH="755" HEIGHT="29">
							<String ID="string_194" HPOS="198" VPOS="1110" WIDTH="116" HEIGHT="22" WC="0.96" CONTENT="berättelse"/><SP WIDTH="23" VPOS="1110" HPOS="314"/>
							<String ID="string_195" HPOS="337" VPOS="1111" WIDTH="38" HEIGHT="22" WC="0.94" CONTENT="sid."/><SP WIDTH="25" VPOS="1111" HPOS="375"/>
							<String ID="string_196" HPOS="400" VPOS="1114" WIDTH="29" HEIGHT="23" WC="0.96" CONTENT="4),"/><SP WIDTH="16" VPOS="1114" HPOS="429"/>
							<String ID="string_197" HPOS="445" VPOS="1113" WIDTH="55" HEIGHT="20" WC="0.96" CONTENT="samt"/><SP WIDTH="20" VPOS="1113" HPOS="500"/>
							<String ID="string_198" HPOS="520" VPOS="1118" WIDTH="76" HEIGHT="21" WC="0.96" CONTENT="genom"/><SP WIDTH="15" VPOS="1118" HPOS="596"/>
							<String ID="string_199" HPOS="611" VPOS="1112" WIDTH="38" HEIGHT="22" WC="0.96" CONTENT="sitt"/><SP WIDTH="15" VPOS="1112" HPOS="649"/>
							<String ID="string_200" HPOS="664" VPOS="1113" WIDTH="40" HEIGHT="20" WC="0.96" CONTENT="den"/><SP WIDTH="16" VPOS="1113" HPOS="704"/>
							<String ID="string_201" HPOS="720" VPOS="1113" WIDTH="25" HEIGHT="20" WC="0.96" CONTENT="21"/><SP WIDTH="18" VPOS="1113" HPOS="745"/>
							<String ID="string_202" HPOS="763" VPOS="1112" WIDTH="120" HEIGHT="21" WC="0.96" CONTENT="November"/><SP WIDTH="16" VPOS="1112" HPOS="883"/>
							<String ID="string_203" HPOS="899" VPOS="1112" WIDTH="54" HEIGHT="21" WC="0.96" CONTENT="1884"/>
						</TextLine>
						<TextLine ID="line_27" HPOS="198" VPOS="1144" WIDTH="756" HEIGHT="29">
							<String ID="string_204" HPOS="198" VPOS="1144" WIDTH="103" HEIGHT="22" WC="0.96" CONTENT="likaledes"/><SP WIDTH="23" VPOS="1144" HPOS="301"/>
							<String ID="string_205" HPOS="324" VPOS="1145" WIDTH="52" HEIGHT="21" WC="0.96" CONTENT="efter"/><SP WIDTH="15" VPOS="1145" HPOS="376"/>
							<String ID="string_206" HPOS="391" VPOS="1145" WIDTH="132" HEIGHT="27" WC="0.96" CONTENT="omröstning"/><SP WIDTH="15" VPOS="1145" HPOS="523"/>
							<String ID="string_207" HPOS="538" VPOS="1145" WIDTH="98" HEIGHT="22" WC="0.96" CONTENT="beslutna"/><SP WIDTH="15" VPOS="1145" HPOS="636"/>
							<String ID="string_208" HPOS="651" VPOS="1146" WIDTH="154" HEIGHT="27" WC="0.95" CONTENT="godkännande"/><SP WIDTH="15" VPOS="1146" HPOS="805"/>
							<String ID="string_209" HPOS="820" VPOS="1146" WIDTH="23" HEIGHT="21" WC="0.92" CONTENT="af"/><SP WIDTH="13" VPOS="1146" HPOS="843"/>
							<String ID="string_210" HPOS="856" VPOS="1146" WIDTH="98" HEIGHT="21" WC="0.91" CONTENT="Arkitek-"/>
						</TextLine>
						<TextLine ID="line_28" HPOS="199" VPOS="1178" WIDTH="755" HEIGHT="29">
							<String ID="string_211" HPOS="199" VPOS="1179" WIDTH="36" HEIGHT="20" WC="0.96" CONTENT="ten"/><SP WIDTH="15" VPOS="1179" HPOS="235"/>
							<String ID="string_212" HPOS="250" VPOS="1178" WIDTH="115" HEIGHT="27" WC="0.96" CONTENT="Sjöströms"/><SP WIDTH="15" VPOS="1178" HPOS="365"/>
							<String ID="string_213" HPOS="380" VPOS="1179" WIDTH="103" HEIGHT="27" WC="0.96" CONTENT="ritningar"/><SP WIDTH="16" VPOS="1179" HPOS="483"/>
							<String ID="string_214" HPOS="499" VPOS="1179" WIDTH="32" HEIGHT="21" WC="0.93" CONTENT="till"/><SP WIDTH="15" VPOS="1179" HPOS="531"/>
							<String ID="string_215" HPOS="546" VPOS="1180" WIDTH="150" HEIGHT="22" WC="0.89" CONTENT="ständerhuset"/><SP WIDTH="15" VPOS="1180" HPOS="696"/>
							<String ID="string_216" HPOS="711" VPOS="1180" WIDTH="39" HEIGHT="22" WC="0.96" CONTENT="och"/><SP WIDTH="17" VPOS="1180" HPOS="750"/>
							<String ID="string_217" HPOS="767" VPOS="1181" WIDTH="36" HEIGHT="20" WC="0.96" CONTENT="det"/><SP WIDTH="15" VPOS="1181" HPOS="803"/>
							<String ID="string_218" HPOS="818" VPOS="1180" WIDTH="70" HEIGHT="21" WC="0.93" CONTENT="derför"/><SP WIDTH="15" VPOS="1180" HPOS="888"/>
							<String ID="string_219" HPOS="903" VPOS="1186" WIDTH="51" HEIGHT="21" WC="0.92" CONTENT="upp-"/>
						</TextLine>
						<TextLine ID="line_29" HPOS="197" VPOS="1212" WIDTH="757" HEIGHT="29">
							<String ID="string_220" HPOS="197" VPOS="1212" WIDTH="75" HEIGHT="27" WC="0.93" CONTENT="gjorda"/><SP WIDTH="15" VPOS="1212" HPOS="272"/>
							<String ID="string_221" HPOS="287" VPOS="1212" WIDTH="202" HEIGHT="29" WC="0.91" CONTENT="kostnadsförslaget"/><SP WIDTH="16" VPOS="1212" HPOS="489"/>
							<String ID="string_222" HPOS="505" VPOS="1218" WIDTH="35" HEIGHT="17" WC="0.91" CONTENT="om"/><SP WIDTH="15" VPOS="1218" HPOS="540"/>
							<String ID="string_223" HPOS="555" VPOS="1215" WIDTH="113" HEIGHT="25" WC="0.91" CONTENT="2,500,000"/><SP WIDTH="15" VPOS="1215" HPOS="668"/>
							<String ID="string_224" HPOS="683" VPOS="1215" WIDTH="67" HEIGHT="26" WC="0.96" CONTENT="mark,"/><SP WIDTH="11" VPOS="1215" HPOS="750"/>
							<String ID="string_225" HPOS="761" VPOS="1214" WIDTH="108" HEIGHT="22" WC="0.96" CONTENT="äfvensom"/><SP WIDTH="10" VPOS="1214" HPOS="869"/>
							<String ID="string_226" HPOS="879" VPOS="1220" WIDTH="75" HEIGHT="21" WC="0.96" CONTENT="genom"/>
						</TextLine>
						<TextLine ID="line_30" HPOS="200" VPOS="1246" WIDTH="755" HEIGHT="24">
							<String ID="string_227" HPOS="200" VPOS="1246" WIDTH="47" HEIGHT="21" WC="0.96" CONTENT="sina"/><SP WIDTH="23" VPOS="1246" HPOS="247"/>
							<String ID="string_228" HPOS="270" VPOS="1247" WIDTH="40" HEIGHT="20" WC="0.96" CONTENT="den"/><SP WIDTH="25" VPOS="1247" HPOS="310"/>
							<String ID="string_229" HPOS="335" VPOS="1248" WIDTH="26" HEIGHT="20" WC="0.96" CONTENT="31"/><SP WIDTH="18" VPOS="1248" HPOS="361"/>
							<String ID="string_230" HPOS="379" VPOS="1247" WIDTH="97" HEIGHT="22" WC="0.96" CONTENT="Oktober"/><SP WIDTH="15" VPOS="1247" HPOS="476"/>
							<String ID="string_231" HPOS="491" VPOS="1247" WIDTH="40" HEIGHT="22" WC="0.97" CONTENT="och"/><SP WIDTH="17" VPOS="1247" HPOS="531"/>
							<String ID="string_232" HPOS="548" VPOS="1249" WIDTH="40" HEIGHT="20" WC="0.96" CONTENT="den"/><SP WIDTH="16" VPOS="1249" HPOS="588"/>
							<String ID="string_233" HPOS="604" VPOS="1249" WIDTH="28" HEIGHT="20" WC="0.96" CONTENT="24"/><SP WIDTH="15" VPOS="1249" HPOS="632"/>
							<String ID="string_234" HPOS="647" VPOS="1248" WIDTH="120" HEIGHT="22" WC="0.96" CONTENT="November"/><SP WIDTH="15" VPOS="1248" HPOS="767"/>
							<String ID="string_235" HPOS="782" VPOS="1255" WIDTH="80" HEIGHT="14" WC="0.95" CONTENT="samma"/><SP WIDTH="15" VPOS="1255" HPOS="862"/>
							<String ID="string_236" HPOS="877" VPOS="1249" WIDTH="24" HEIGHT="20" WC="0.93" CONTENT="år"/><SP WIDTH="14" VPOS="1249" HPOS="901"/>
							<String ID="string_237" HPOS="915" VPOS="1247" WIDTH="40" HEIGHT="22" WC="0.93" CONTENT="fat-"/>
						</TextLine>
						<TextLine ID="line_31" HPOS="200" VPOS="1280" WIDTH="756" HEIGHT="29">
							<String ID="string_238" HPOS="200" VPOS="1280" WIDTH="50" HEIGHT="22" WC="0.92" CONTENT="tade"/><SP WIDTH="22" VPOS="1280" HPOS="250"/>
							<String ID="string_239" HPOS="272" VPOS="1280" WIDTH="70" HEIGHT="22" WC="0.95" CONTENT="beslut"/><SP WIDTH="23" VPOS="1280" HPOS="342"/>
							<String ID="string_240" HPOS="365" VPOS="1287" WIDTH="34" HEIGHT="15" WC="0.95" CONTENT="om"/><SP WIDTH="22" VPOS="1287" HPOS="399"/>
							<String ID="string_241" HPOS="421" VPOS="1281" WIDTH="65" HEIGHT="28" WC="0.96" CONTENT="inköp"/><SP WIDTH="23" VPOS="1281" HPOS="486"/>
							<String ID="string_242" HPOS="509" VPOS="1281" WIDTH="22" HEIGHT="22" WC="0.96" CONTENT="af"/><SP WIDTH="21" VPOS="1281" HPOS="531"/>
							<String ID="string_243" HPOS="552" VPOS="1288" WIDTH="26" HEIGHT="15" WC="0.96" CONTENT="en"/><SP WIDTH="20" VPOS="1288" HPOS="578"/>
							<String ID="string_244" HPOS="598" VPOS="1283" WIDTH="52" HEIGHT="26" WC="0.96" CONTENT="gård"/><SP WIDTH="15" VPOS="1283" HPOS="650"/>
							<String ID="string_245" HPOS="665" VPOS="1283" WIDTH="32" HEIGHT="21" WC="0.93" CONTENT="för"/><SP WIDTH="15" VPOS="1283" HPOS="697"/>
							<String ID="string_246" HPOS="712" VPOS="1282" WIDTH="164" HEIGHT="22" WC="0.92" CONTENT="Ständerhusets"/><SP WIDTH="15" VPOS="1282" HPOS="876"/>
							<String ID="string_247" HPOS="891" VPOS="1281" WIDTH="65" HEIGHT="22" WC="0.91" CONTENT="behof"/>
						</TextLine>
						<TextLine ID="line_32" HPOS="201" VPOS="1312" WIDTH="754" HEIGHT="32">
							<String ID="string_248" HPOS="201" VPOS="1314" WIDTH="39" HEIGHT="21" WC="0.92" CONTENT="och"/><SP WIDTH="23" VPOS="1314" HPOS="240"/>
							<String ID="string_249" HPOS="263" VPOS="1314" WIDTH="214" HEIGHT="28" WC="0.85" CONTENT="planeringsarbetets"/><SP WIDTH="24" VPOS="1314" HPOS="477"/>
							<String ID="string_250" HPOS="501" VPOS="1312" WIDTH="173" HEIGHT="32" WC="0.88" CONTENT="päbegynnande,"/><SP WIDTH="23" VPOS="1312" HPOS="674"/>
							<String ID="string_251" HPOS="697" VPOS="1316" WIDTH="165" HEIGHT="27" WC="0.89" CONTENT="uppenbarligen"/><SP WIDTH="24" VPOS="1316" HPOS="862"/>
							<String ID="string_252" HPOS="886" VPOS="1316" WIDTH="69" HEIGHT="21" WC="0.91" CONTENT="öfver-"/>
						</TextLine>
						<TextLine ID="line_33" HPOS="203" VPOS="1348" WIDTH="753" HEIGHT="29">
							<String ID="string_253" HPOS="203" VPOS="1348" WIDTH="77" HEIGHT="21" WC="0.92" CONTENT="skridit"/><SP WIDTH="16" VPOS="1348" HPOS="280"/>
							<String ID="string_254" HPOS="296" VPOS="1349" WIDTH="40" HEIGHT="21" WC="0.93" CONTENT="den"/><SP WIDTH="15" VPOS="1349" HPOS="336"/>
							<String ID="string_255" HPOS="351" VPOS="1349" WIDTH="153" HEIGHT="27" WC="0.91" CONTENT="Delegationen"/><SP WIDTH="15" VPOS="1349" HPOS="504"/>
							<String ID="string_256" HPOS="519" VPOS="1350" WIDTH="7" HEIGHT="21" WC="0.93" CONTENT="i"/><SP WIDTH="16" VPOS="1350" HPOS="526"/>
							<String ID="string_257" HPOS="542" VPOS="1350" WIDTH="128" HEIGHT="22" WC="0.91" CONTENT="Ständernas"/><SP WIDTH="16" VPOS="1350" HPOS="670"/>
							<String ID="string_258" HPOS="686" VPOS="1350" WIDTH="128" HEIGHT="22" WC="0.93" CONTENT="instruktion"/><SP WIDTH="10" VPOS="1350" HPOS="814"/>
							<String ID="string_259" HPOS="824" VPOS="1350" WIDTH="57" HEIGHT="27" WC="0.93" CONTENT="gifna"/><SP WIDTH="9" VPOS="1350" HPOS="881"/>
							<String ID="string_260" HPOS="890" VPOS="1350" WIDTH="66" HEIGHT="21" WC="0.92" CONTENT="finan-"/>
						</TextLine>
						<TextLine ID="line_34" HPOS="200" VPOS="1382" WIDTH="756" HEIGHT="30">
							<String ID="string_261" HPOS="200" VPOS="1382" WIDTH="53" HEIGHT="22" WC="0.92" CONTENT="siela"/><SP WIDTH="15" VPOS="1382" HPOS="253"/>
							<String ID="string_262" HPOS="268" VPOS="1382" WIDTH="134" HEIGHT="28" WC="0.93" CONTENT="befogenhet,"/><SP WIDTH="11" VPOS="1382" HPOS="402"/>
							<String ID="string_263" HPOS="413" VPOS="1384" WIDTH="86" HEIGHT="22" WC="0.92" CONTENT="hvarför"/><SP WIDTH="7" VPOS="1384" HPOS="499"/>
							<String ID="string_264" HPOS="506" VPOS="1384" WIDTH="44" HEIGHT="28" WC="0.93" CONTENT="jag,"/><SP WIDTH="8" VPOS="1384" HPOS="550"/>
							<String ID="string_265" HPOS="558" VPOS="1397" WIDTH="28" HEIGHT="2" WC="0.93" CONTENT="—"/><SP WIDTH="8" VPOS="1397" HPOS="586"/>
							<String ID="string_266" HPOS="594" VPOS="1384" WIDTH="49" HEIGHT="22" WC="0.96" CONTENT="med"/><SP WIDTH="11" VPOS="1384" HPOS="643"/>
							<String ID="string_267" HPOS="654" VPOS="1384" WIDTH="85" HEIGHT="27" WC="0.96" CONTENT="ledning"/><SP WIDTH="11" VPOS="1384" HPOS="739"/>
							<String ID="string_268" HPOS="750" VPOS="1384" WIDTH="22" HEIGHT="22" WC="0.96" CONTENT="af"/><SP WIDTH="7" VPOS="1384" HPOS="772"/>
							<String ID="string_269" HPOS="779" VPOS="1384" WIDTH="36" HEIGHT="22" WC="0.96" CONTENT="det"/><SP WIDTH="10" VPOS="1384" HPOS="815"/>
							<String ID="string_270" HPOS="825" VPOS="1384" WIDTH="33" HEIGHT="21" WC="0.93" CONTENT="för"/><SP WIDTH="9" VPOS="1384" HPOS="858"/>
							<String ID="string_271" HPOS="867" VPOS="1384" WIDTH="89" HEIGHT="27" WC="0.93" CONTENT="analoga"/>
						</TextLine>
						<TextLine ID="line_35" HPOS="198" VPOS="1412" WIDTH="758" HEIGHT="33">
							<String ID="string_272" HPOS="198" VPOS="1412" WIDTH="39" HEIGHT="25" WC="0.91" CONTENT="fall"/><SP WIDTH="23" VPOS="1412" HPOS="237"/>
							<String ID="string_273" HPOS="260" VPOS="1414" WIDTH="87" HEIGHT="24" WC="0.91" CONTENT="afsedda"/><SP WIDTH="22" VPOS="1414" HPOS="347"/>
							<String ID="string_274" HPOS="369" VPOS="1417" WIDTH="128" HEIGHT="27" WC="0.92" CONTENT="stadgandet"/><SP WIDTH="21" VPOS="1417" HPOS="497"/>
							<String ID="string_275" HPOS="518" VPOS="1418" WIDTH="8" HEIGHT="21" WC="0.96" CONTENT="i"/><SP WIDTH="22" VPOS="1418" HPOS="526"/>
							<String ID="string_276" HPOS="548" VPOS="1418" WIDTH="27" HEIGHT="21" WC="0.96" CONTENT="62"/><SP WIDTH="23" VPOS="1418" HPOS="575"/>
							<String ID="string_277" HPOS="598" VPOS="1420" WIDTH="11" HEIGHT="25" WC="0.81" CONTENT="8"/><SP WIDTH="15" VPOS="1420" HPOS="609"/>
							<String ID="string_278" HPOS="624" VPOS="1408" WIDTH="29" HEIGHT="42" WC="0.96" CONTENT="af"/><SP WIDTH="13" VPOS="1408" HPOS="653"/>
							<String ID="string_279" HPOS="666" VPOS="1417" WIDTH="99" HEIGHT="28" WC="0.93" CONTENT="gällande"/><SP WIDTH="14" VPOS="1417" HPOS="765"/>
							<String ID="string_280" HPOS="779" VPOS="1414" WIDTH="127" HEIGHT="31" WC="0.93" CONTENT="reglemente"/><SP WIDTH="17" VPOS="1414" HPOS="906"/>
							<String ID="string_281" HPOS="923" VPOS="1418" WIDTH="33" HEIGHT="22" WC="0.96" CONTENT="för"/>
						</TextLine>
						<TextLine ID="line_36" HPOS="200" VPOS="1447" WIDTH="642" HEIGHT="32">
							<String ID="string_282" HPOS="200" VPOS="1447" WIDTH="102" HEIGHT="25" WC="0.96" CONTENT="Finlands"/><SP WIDTH="15" VPOS="1447" HPOS="302"/>
							<String ID="string_283" HPOS="317" VPOS="1450" WIDTH="60" HEIGHT="22" WC="0.93" CONTENT="Bank"/><SP WIDTH="15" VPOS="1450" HPOS="377"/>
							<String ID="string_284" HPOS="392" VPOS="1464" WIDTH="28" HEIGHT="3" WC="0.92" CONTENT="—"/><SP WIDTH="15" VPOS="1464" HPOS="420"/>
							<String ID="string_285" HPOS="435" VPOS="1458" WIDTH="35" HEIGHT="16" WC="0.95" CONTENT="ser"/><SP WIDTH="15" VPOS="1458" HPOS="470"/>
							<String ID="string_286" HPOS="485" VPOS="1452" WIDTH="42" HEIGHT="27" WC="0.93" CONTENT="mig"/><SP WIDTH="15" VPOS="1452" HPOS="527"/>
							<String ID="string_287" HPOS="542" VPOS="1452" WIDTH="113" HEIGHT="27" WC="0.93" CONTENT="förpligtad"/><SP WIDTH="16" VPOS="1452" HPOS="655"/>
							<String ID="string_288" HPOS="671" VPOS="1454" WIDTH="33" HEIGHT="20" WC="0.93" CONTENT="att"/><SP WIDTH="14" VPOS="1454" HPOS="704"/>
							<String ID="string_289" HPOS="718" VPOS="1452" WIDTH="124" HEIGHT="22" WC="0.90" CONTENT="hemställa:"/>
						</TextLine>
					</TextBlock>
				</ComposedBlock>
			</PrintSpace>
		</Page>
	</Layout>
</alto>
