1086 1717
240 154 24 18 12

208 216 85 20 område
309 216 103 25 befintligt
435 216 143 26 saltmagasin,
601 222 43 14 som
662 216 66 21 måste
745 216 156 26 undanskaffas,
918 216 39 20 och

208 250 114 20 verkställa
345 250 40 26 köp
402 250 22 20 af
439 251 25 19 de
487 250 103 20 likaledes
615 251 56 19 inom
687 250 219 20 ständerhusområdet
922 251 34 19 be-

208 285 63 25 lägna
286 292 16 13 s.
319 285 18 21 k.
355 284 160 21 Dahlströmska
535 274 264 42 badstugubyggnaderna,
822 285 72 19 hvilka
909 285 47 20 med

208 319 127 20 tillhörande
358 321 51 17 tomt
429 318 128 27 hembjudits
574 319 32 19 till
622 319 80 20 inlösen
719 319 31 20 för
765 325 24 14 en
807 319 20 19 af
843 319 113 26 delegatio-

208 360 40 13 nen
265 356 90 23 antagen
371 353 148 26 köpeskilling,
535 356 43 17 stor
594 354 76 24 20,000
686 354 64 19 mark.
781 353 106 26 Därjämte
903 353 53 26 egde

208 388 97 20 bemälda
322 388 199 26 byggnadsstyrelse
537 388 45 20 låta
597 388 69 20 utföra
682 388 60 20 äfven
754 388 66 19 andra
831 388 79 20 mindre
921 387 35 20 be-

209 422 92 27 tydande
318 422 152 20 förberedelser
485 422 32 20 för
532 422 75 27 sjelfva
628 422 198 27 byggnadsarbetet,
842 422 66 20 såsom
926 424 30 18 ut-

208 457 86 26 pälning
310 457 39 19 och
365 457 88 26 förnyad
471 457 124 26 nivellering
612 457 21 20 af
640 457 148 20 meranämnda
800 456 85 20 omräde
895 459 60 22 samt,

208 498 32 13 om
258 491 39 20 den
313 497 50 14 sena
379 491 91 20 årstiden
487 491 36 20 det
537 491 73 26 tilläte,
622 491 129 26 sprängning
766 491 38 19 och
821 491 109 26 planering
943 491 12 20 å

208 526 121 19 detsamma.

275 559 8 20 I
300 559 78 20 medlet
393 560 23 19 af
436 560 114 19 november
566 559 54 20 hade
642 557 117 22 arkitekten
777 559 100 26 Sjöström
894 559 57 20 imel-

207 594 61 19 lertid
285 594 83 19 slutfört
383 594 25 19 de
425 594 108 20 definitiva
548 594 130 26 ritningarne
702 593 31 20 till
752 593 147 20 ständerhuset
914 594 38 19 och

204 629 65 25 jämte
286 628 79 26 bifogat
389 628 179 26 kostnadsförslag
584 628 102 20 inlemnat
701 629 106 18 desamma
823 627 32 20 till
871 628 81 26 delega-

206 663 82 19 tionens
313 662 95 27 pröfning
431 663 40 19 och
496 663 161 26 godkännande.
687 662 59 20 Efter
761 669 25 12 en
802 662 151 20 förberedande

207 697 202 26 detaljeranskning,
435 697 106 20 verkstäld
557 697 23 19 af
589 696 132 20 förbemälda
731 696 221 25 fackmanna-utskott,

206 731 39 20 och
268 731 64 20 sedan
356 734 77 17 smärre
456 731 114 25 ändringar
585 731 7 20 i
608 731 187 26 situationsplanen
819 733 54 18 samt
888 731 65 26 några

206 765 156 26 tilläggsposter
371 766 7 19 i
388 765 218 25 kostnandsförslaget
616 767 79 18 ansetts
704 765 83 26 nödiga,
797 765 67 20 beslöt
872 765 81 26 delega-

206 800 70 19 tionen
294 800 46 19 med
364 799 155 26 öfvervägande
542 799 109 26 pluralitet
670 801 33 18 att
718 799 35 20 till
768 798 116 28 utförande
898 799 54 28 gilla

205 833 37 20 och
258 835 82 26 antaga
363 833 172 28 ifrågavarande
557 833 113 27 definitiva
691 833 118 27 ritningar,
825 833 72 20 hvilka
912 834 40 19 till-

205 869 75 18 vunnit
302 868 32 26 sig
356 868 157 27 delegationens
537 868 138 26 enstämmiga
698 868 134 19 erkännande
848 867 58 20 såväl
921 868 32 20 för

205 903 46 18 sina
267 902 107 19 artistiska
390 902 119 27 förtjenster
525 909 43 13 som
586 902 87 20 emedan
690 902 26 20 de
733 901 104 20 befunnits
857 908 49 14 vara
922 905 30 17 ut-

204 937 100 19 arbetade
326 937 6 18 i
356 936 118 26 fullkomlig
497 937 216 19 öfverensstämmelse
736 936 54 20 både
812 936 46 20 med
882 937 34 19 det
932 937 23 19 af

206 970 82 26 deleg:n
306 971 109 19 faststälda
440 973 142 24 programmet
597 971 39 20 och
653 971 35 20 det
703 971 28 26 på
746 971 65 25 grund
829 971 61 19 däraf
903 977 49 20 upp-

204 1005 76 25 gjorda
304 1007 53 17 samt
372 1005 32 20 till
420 1005 86 26 ledning
529 1004 133 27 föreskrifna,
680 1007 83 18 senaste
779 1005 173 26 eskissförslaget.

203 1039 32 19 De
252 1041 72 18 trenne
347 1039 158 26 reservationer,
530 1045 42 14 som
591 1039 64 20 likväl
673 1041 43 18 mot
731 1039 138 20 omförmälda
884 1039 68 20 beslut

203 1073 91 26 gjordes,
312 1073 65 26 draga
393 1073 64 20 också
473 1073 87 20 alldeles
576 1074 48 19 icke
639 1074 6 19 i
662 1073 127 20 tvifvelsmål
806 1073 65 26 sagda
880 1073 71 20 ritnin-
974 1067 2 2 -

203 1114 48 19 gars
274 1107 105 20 utmärkta
401 1107 151 26 beskaffenhet,
573 1110 48 17 utan
639 1107 49 26 utgå
704 1107 75 20 endast
795 1107 44 20 från
855 1107 96 20 finansiel

203 1141 39 20 och
259 1141 81 26 rättslig
362 1142 114 25 synpunkt,
495 1142 124 26 grundande
634 1142 32 25 sig
682 1141 66 26 därpå
763 1144 31 17 att
809 1141 141 20 kostnadsför-

203 1175 68 26 slaget
287 1175 105 27 betydligt
406 1176 138 26 öfverskjuter
560 1177 36 19 det
611 1177 79 26 anslag,
706 1183 44 12 som
774 1176 33 19 för
823 1175 128 27 uppförande

202 1209 24 20 af
239 1211 30 18 ett
284 1210 123 19 ständerhus
423 1211 34 19 vid
476 1211 52 19 1882
543 1210 34 20 års
593 1211 102 26 landtdag
711 1210 103 26 beviljats.
833 1221 22 4 —
873 1210 30 20 De
919 1211 31 19 så-

204 1243 64 20 lunda
284 1243 23 20 af
321 1244 82 27 deleg:n
419 1245 114 25 godkända
547 1245 131 26 ritningarne
694 1245 63 19 hafva
768 1245 39 18 den
822 1245 23 18 15
857 1244 93 21 sistlidne

202 1277 118 21 December
342 1278 69 20 blifvit
425 1279 7 19 i
449 1279 98 20 afseende
562 1279 13 20 å
590 1279 70 27 Nådig
682 1278 135 21 stadfästelse
831 1278 119 20 inlemnade

202 1312 30 19 till
250 1312 117 26 Kejserliga
393 1313 97 25 Senaten,
506 1314 38 19 och
561 1314 48 19 kort
626 1313 64 27 derpå
706 1316 80 22 mottog
803 1313 146 26 delegationen

201 1346 70 20 anbud
288 1349 32 17 att
335 1347 21 19 få
370 1347 69 20 inlösa
455 1348 121 20 förenämda
592 1348 135 25 saltmagasin
753 1347 31 20 för
800 1354 25 12 en
840 1347 110 25 köpesum-

203 1386 34 14 ma
252 1380 23 20 af
292 1381 59 25 1,500
367 1380 42 20 mk.

269 1414 42 20 För
326 1417 31 17 att
373 1416 77 19 bereda
465 1416 83 20 tillfälle
563 1416 31 19 till
612 1422 24 13 en
653 1416 122 25 fullständig
790 1414 81 21 inblick
886 1415 6 19 i
908 1414 42 20 alla

202 1448 25 20 de
243 1449 153 26 förhållanden,
413 1450 66 20 under
495 1450 71 20 hvilka
582 1450 158 26 delegationens
757 1449 134 20 verksamhet
901 1449 49 20 fort-
