1086 1717
230 150 28 19 90

200 213 30 21 dä
245 213 45 21 han
306 213 52 22 från
372 213 104 23 bankens
492 214 73 29 tjenst
580 214 72 30 afgär.
668 215 100 28 uppnått
783 214 127 22 trettiofem
920 215 36 21 års

200 248 65 22 ålder
280 248 42 22 och
337 246 72 24 minåt
424 249 89 22 femton
529 250 25 21 år
569 250 60 21 varit
644 250 8 20 i
668 250 86 21 allmän
770 249 73 29 tjenst
859 249 96 26 anstäld,

200 283 54 21 Men
277 283 82 22 varder
381 283 46 22 han
449 284 70 22 dömd
541 284 103 29 tjensten
659 284 111 28 förlustig
785 284 56 22 eller
855 284 102 22 inträder

200 317 47 22 han
270 318 60 29 ånyo
345 318 8 22 i
369 318 84 22 allmän
476 319 80 29 tjenst,
579 319 41 22 har
641 319 46 22 han
702 318 98 23 förlorat
815 319 141 28 rättigheten

199 352 38 22 till
252 353 104 28 pension.

268 388 144 22 Pensionens
434 388 85 30 belopp
542 389 138 22 bestämmes
704 388 26 22 af
746 388 210 29 bankfullmäktige

199 422 75 29 enligt
297 422 27 22 de
347 423 106 28 grunder,
479 431 48 14 som
543 424 62 29 gälla
621 424 120 29 angående
755 424 99 29 pension
869 423 39 23 vid
924 423 32 22 af-

199 457 57 22 sked
272 465 27 14 ur
314 459 88 21 statens
425 459 78 28 tjenst.
534 459 66 22 Dock
622 460 38 21 må
682 455 211 32 bankfullmäktige
915 466 41 14 un-

199 491 135 30 dantagsvis
350 493 89 22 tilldela
459 493 195 30 afskedstagande
678 494 141 29 tjensteman
841 494 8 21 i
865 493 91 22 banken

198 527 99 28 pension
320 527 37 22 till
379 527 71 30 högre
472 529 92 28 belopp,
588 533 29 17 än
640 529 45 28 det,
709 529 97 21 hvartill
822 528 45 22 han
883 528 73 29 enligt

198 561 151 22 förenämnda
364 563 101 28 grunder
480 571 55 14 vore
551 563 138 29 berättigad.

267 596 148 29 Tjensteman
431 605 48 14 som
495 597 156 23 tillförsäkras
667 598 53 21 hela
735 598 40 21 lön
790 598 8 21 i
813 598 103 28 pension,
932 601 24 18 är

197 630 88 29 pligtig
300 633 40 26 att,
357 639 37 14 om
417 632 212 29 bankfullmäktige
646 633 83 22 sådant
744 632 95 29 påyrka,
855 632 101 21 inlemna

198 665 133 30 ansökning
354 674 36 14 om
410 667 87 27 afsked,
513 667 40 22 vid
569 667 109 29 äfventyr
694 669 35 20 att
746 667 56 28 eljes
818 666 70 22 varda
903 666 52 22 från

197 699 104 30 tjensten
316 701 68 22 skild.

266 735 165 23 Gratifikation
453 737 60 21 efter
532 737 85 21 afliden
632 737 141 28 tjensteman
789 736 8 21 i
813 736 91 22 banken
919 738 35 19 ut-

197 770 41 28 går
253 769 75 30 enligt
343 770 28 22 de
386 770 36 23 för
437 771 134 30 statstjenst
586 771 108 29 gällande
710 771 108 29 grunder.

511 868 61 33 Kap.
589 869 47 24 VIL

429 921 38 22 Om
482 921 238 23 diskontkomitéerna.

543 980 13 25 8
572 981 33 20 61.

264 1017 151 23 Komiterade
439 1019 66 22 skola
527 1019 69 22 ställa
611 1019 37 29 sig
664 1019 38 22 till
718 1018 155 22 efterrättelse
891 1019 63 21 säväl

194 1051 66 23 detta
274 1053 142 28 reglemente
432 1061 49 14 som
497 1053 61 22 hvad
574 1053 213 28 bankfullmäktige
803 1054 48 21 eller
859 1054 95 22 direktio-

194 1095 40 14 nen
249 1087 9 21 i
274 1087 73 29 öfrigt
369 1087 80 22 kunna
471 1088 64 22 finna
556 1088 84 29 nödigt
656 1090 34 20 att
705 1088 9 21 i
729 1087 109 23 afseende
854 1088 13 21 &
882 1087 27 22 de
924 1088 30 29 pä

195 1121 143 23 komiterade
354 1123 168 22 ankommande
538 1123 107 29 ätgärder
660 1122 149 23 föreskrifva.

263 1157 138 22 Komiterad
420 1159 37 20 mä
473 1158 20 29 ej
509 1165 63 22 yppa
587 1158 79 28 nägot,
682 1165 51 14 som
749 1158 72 28 angär
837 1157 115 22 enskildes

194 1191 239 24 kreditförhällanden
449 1193 8 21 i
472 1193 100 22 banken.

541 1258 13 26 8
571 1259 33 20 62.

262 1297 207 23 Diskontkomitön
485 1297 181 23 sammanträder
680 1297 31 29 pä
727 1296 42 28 tid,
787 1303 49 15 som
851 1296 25 22 af
889 1297 62 21 bank-

191 1334 131 27 fullmäktige
337 1333 51 27 efter
403 1334 89 21 samråd
505 1334 47 21 med
567 1332 149 22 direktionen
731 1332 30 28 pä
776 1330 115 23 komitens
906 1330 46 22 för-

192 1367 52 29 slag
258 1367 146 23 bestämmes.

261 1402 47 22 Vid
330 1402 201 22 sammanträdena
552 1402 134 28 föredragas
711 1400 116 22 ärendena
842 1399 27 23 af
880 1399 72 22 bank-

192 1437 183 28 kommissarien,
399 1445 50 15 som
469 1438 8 22 i
492 1437 95 23 korthet
609 1436 128 23 antecknar
763 1435 28 22 de
814 1434 138 22 förevordna

192 1472 116 22 ärendena
321 1472 72 30 jemte
409 1472 28 22 de
452 1473 8 21 i
476 1472 52 22 dem
544 1472 88 22 fattade
646 1472 110 22 besluten
767 1471 8 21 i
785 1468 111 24 särskildt
906 1476 45 14 me-
