1086 1717
833 154 25 19 89

134 224 77 14 annan
233 216 68 22 orsak
323 216 104 29 ledighet
449 216 53 22 från
525 216 109 29 tjensten,
657 217 134 22 ankommer
807 216 39 22 det
860 217 30 29 pä

134 251 146 23 direktionen
296 253 34 20 att
344 252 9 21 i
368 250 96 23 ärendet
478 251 93 23 besluta
587 254 60 20 samt
662 254 40 26 att,
718 252 9 22 i
739 252 110 22 händelse
859 252 30 22 le-

134 286 82 29 dighet
236 286 104 29 beviljas,
363 286 110 22 förordna
495 286 78 29 någon
592 286 79 23 dertill
686 287 99 29 lämplig
798 294 91 22 person,
908 282 6 6 ”

133 321 63 22 helst
210 321 62 22 inom
288 320 87 28 verket,
392 322 34 20 att
437 320 104 30 tjensten
551 321 74 23 under
635 322 135 29 ledigheten
780 321 107 23 bestrida.

479 403 14 26 8
509 404 33 20 57.

202 449 104 29 Beviljas
328 448 105 29 ledighet
453 450 23 21 åt
493 449 123 28 tjensteman
634 450 48 21 eller
698 450 75 27 betjent
788 451 8 20 i
810 450 80 21 banken

132 485 30 28 på
184 483 76 30 grund
282 483 26 22 af
328 483 77 30 styrkt
424 483 109 29 sjukdom
550 484 56 21 eller
622 486 71 20 annat
708 483 78 30 dylikt
800 483 89 28 hinder,

133 519 68 28 utgår
216 518 116 22 vikariens
356 517 83 23 arvode
455 517 37 22 för
508 525 29 15 en
552 518 36 22 tid
604 518 26 22 af
646 518 71 29 högst
731 520 36 20 tre
781 518 109 22 månader

133 553 26 22 af
167 553 103 22 bankens
282 553 74 22 medel
367 553 38 21 till
414 552 93 29 belopp,
529 561 50 14 som
594 553 26 22 af
632 553 213 29 bankfullmäktige
860 553 31 29 på

134 587 159 23 direktionens
320 587 175 29 framställning
517 587 47 22 kan
586 587 71 22 varda
679 587 126 23 faststäldt.
835 587 55 22 Men

133 621 59 23 efter
213 622 118 29 förloppet
350 622 24 22 af
385 621 102 23 nämnda
503 622 35 21 tid
553 622 122 23 äfvensom
690 622 30 22 då
735 622 104 29 ledighet
855 625 35 19 sö-

133 657 41 22 kes
190 657 36 22 för
242 657 105 22 enskilda
362 656 204 29 angelägenheter,
590 657 90 29 åligger
695 657 114 29 tjenstens
825 657 65 22 inne-

133 691 95 22 hafvare
250 693 35 20 att
306 691 26 22 af
352 691 50 22 sina
416 691 173 22 löneförmoner
608 691 60 22 afstå
684 692 26 21 så
724 691 99 29 mycket,
840 699 49 14 som

133 725 37 22 för
191 725 114 30 tjenstens
327 725 111 29 behöriga
453 725 150 23 bestridande
617 725 75 23 under
707 725 134 30 ledigheten
857 733 33 14 er-

133 759 95 23 fordras.

474 825 13 26 8
504 826 35 20 58.

202 863 219 29 Semesterledighet
436 863 37 22 för
489 863 161 23 direktionens
666 863 148 23 medlemmar
830 866 59 21 samt

133 897 263 23 bankkommissarierne
420 897 119 23 meddelas
564 899 26 22 af
616 899 219 29 bankfullmäktige,
859 899 31 29 på

133 932 78 22 derom
226 933 24 22 af
263 933 146 22 direktionen
425 932 68 30 gjord
508 933 181 30 framställning,
704 941 53 15 men
767 933 36 23 för
814 933 75 30 öfriga

132 967 140 29 tjenstemän
288 967 25 22 af
326 967 153 22 direktionen.
511 968 44 22 Om
570 968 164 23 användandet
749 969 44 22 och
805 968 84 23 fördel-

131 1002 88 29 ningen
235 1002 25 22 af
272 1002 39 22 det
326 1003 13 21 å
353 1002 104 22 bankens
478 1004 47 20 stat
540 1003 37 22 för
592 1003 175 29 ifrågavarande
783 1003 106 22 ändamål

131 1038 119 27 upptagna
262 1037 81 29 anslag
353 1044 42 22 ega
408 1036 214 31 bankfullmäktige
633 1039 29 28 på
672 1038 160 23 direktionens
842 1037 47 23 för-

131 1071 51 28 slag
196 1071 97 22 besluta.

473 1139 14 26 8
503 1140 35 20 59.

199 1181 174 30 Fördelningen
392 1183 26 22 af
431 1183 40 22 det
486 1184 31 29 på
531 1183 106 22 bankens
653 1185 47 20 stat
714 1185 120 28 upptagna
849 1190 40 14 an-

131 1215 51 30 slag
196 1216 38 21 till
249 1216 154 24 diskretioner
425 1219 36 22 för
475 1218 142 29 tjenstemän
633 1218 44 22 och
692 1217 103 30 betjente
809 1217 9 22 i
833 1217 55 22 ban-

132 1249 46 23 ken
194 1250 133 23 ankommer
342 1253 29 28 på
386 1254 193 27 bankfullmäktige,
596 1254 51 27 efter
662 1254 35 21 det
707 1253 128 22 direktionen
845 1253 43 27 för-

130 1285 45 28 slag
190 1286 9 21 i
213 1286 64 22 saken
292 1287 89 28 afgifvit.

475 1358 13 26 8
505 1359 34 20 60.

181 1400 51 22 Den
240 1400 104 23 bankens
352 1402 97 22 embets-
459 1402 58 22 eller
525 1402 140 30 tjensteman
670 1402 56 22 eller
733 1402 96 29 betjent,
839 1409 49 15 som

128 1434 30 29 på
172 1442 58 21 egen
243 1436 99 29 begäran
355 1436 98 23 erhåller
462 1437 90 28 afsked,
561 1441 25 18 är
594 1437 37 23 för
639 1437 37 22 sin
684 1436 145 24 återstående
837 1436 51 22 lifs-

129 1468 34 22 tid
179 1469 130 31 berättigad
320 1472 36 21 till
364 1472 60 28 årlig
431 1472 101 29 pension
541 1472 26 22 af
573 1472 104 22 bankens
686 1472 81 29 medel,
776 1472 51 22 ifall
834 1472 53 28 han,
