1086 1717
264 126 31 23 U.
311 126 38 23 B.
364 125 57 26 N:o
436 126 29 24 9.
482 137 24 3 —
523 122 248 30 Stäpderhuset.

419 531 163 24 Statsutskottets
604 531 72 29 förslag
708 531 31 24 till
764 531 139 30 sammanjemk-

352 566 45 29 ning
407 565 20 25 af
441 565 89 25 ständens
545 565 113 30 skiljaktiga
673 565 64 25 beslut
751 565 80 26 rörande
838 565 63 26 Stats-

352 600 106 27 utskottets
478 599 118 26 betänkande
618 599 30 24 N:o
669 600 10 23 7
694 600 6 23 i
716 599 101 30 anledning
834 599 21 24 af
868 599 34 24 den

353 635 29 25 vid
405 634 45 25 1882
473 637 32 22 års
528 634 91 29 landtdag
634 634 91 25 nedsatta
739 633 164 27 Ständerhusdele-

353 669 98 28 gationens
466 669 110 24 berättelse.

218 755 41 21 Vid
274 755 180 26 handläggningen
477 754 23 21 af
523 754 154 21 ofvannämnda
691 754 135 21 betänkande
841 754 63 21 hatva

151 789 94 26 stånden,
262 789 64 27 enligt
340 789 99 21 inkomna
453 789 202 26 protokollsutdrag,
671 791 86 19 stannat
767 789 4 20 i
782 788 122 27 skiljaktiga

151 823 75 27 beslut,
242 823 7 22 i
264 823 39 22 det'

220 885 158 26 Ridderskapet
393 885 37 20 och
446 885 77 22 Adeln,
539 885 49 21 med
602 885 136 21 förkastande
754 885 23 21 af
782 884 121 22 Utskottets

151 919 84 27 förslag,
260 919 86 21 beslutit
369 921 30 19 att
422 921 31 19 ett
472 919 73 27 anslag
560 919 22 21 af
595 919 55 21 ända
665 919 32 21 till
714 919 114 26 1,500,000
842 919 61 21 mark

151 954 71 21 skulle
243 953 72 22 ställas
337 954 32 21 till
391 953 142 27 Regeringens
548 953 123 28 förfogande
686 953 33 22 för
733 953 132 28 uppförande
880 953 23 22 af

151 990 31 19 ett
207 988 39 21 hus
271 987 32 22 för
328 988 25 21 de
377 990 32 19 tre
425 988 77 21 ofrälse
517 988 95 23 ständen,
627 988 35 21 vid
676 988 83 22 hvilket
773 988 131 21 förhällande

152 1022 40 21 den
207 1022 119 21 nuvarande
351 1022 287 27 Ständerhusdelegationens
661 1023 97 26 uppdrag
772 1023 84 20 komme
871 1024 32 19 att

151 1056 105 27 upphöra;

220 1119 159 20 Presteståndet
402 1119 46 21 med
472 1119 154 26 godkännande
648 1119 32 20 till
700 1119 41 21 alla
758 1116 58 24 delar
831 1119 23 21 af
866 1118 38 22 Ut-

152 1153 90 21 skottets
264 1153 139 26 betänkande,
427 1153 82 26 antagit
528 1152 120 22 Utskottets
664 1153 46 20 deri
725 1153 79 26 afgifna
819 1153 85 27 förslag,

152 1189 31 19 att
197 1187 33 20 för
245 1187 131 27 uppförande
391 1187 23 21 af
427 1189 31 19 ett
472 1187 133 25 ständerhus,
621 1187 84 21 utöfver
720 1187 137 22 härförinnan
867 1193 36 16 an-

151 1221 73 26 slagna:
249 1221 116 26 1,200,000
384 1221 66 26 mark,
476 1223 32 19 ett
530 1221 122 27 ytterligare
668 1221 73 27 anslag
756 1221 22 22 af
793 1222 111 25 1,300,000

151 1255 65 21 mark'
226 1255 72 21 mätte'
306 1255 87 27 beviljas
400 1262 4 17 ;

220 1317 187 27 Borgareständet,
432 1318 49 21 med
505 1317 140 22 förkastande
660 1318 23 21 af
695 1318 122 22 Utskottets
832 1319 74 21 betän-

151 1352 75 25 kande,
249 1352 93 26 godkänt
358 1352 35 21 det
407 1352 78 26 förslag
501 1352 33 21 till
549 1352 75 24 beslut,
640 1358 44 16 som
700 1352 75 22 herrar
790 1352 116 27 Snellman,

151 1386 111 23 Lindblom
282 1386 38 21 :och
345 1386 156 27 Langenskiöld
516 1386 7 21 i
539 1387 31 21 sin
585 1387 144 21 betänkandet
743 1386 114 28 vidfogade
872 1393 32 15 re-

151 1420 105 22 servation
271 1420 85 22 förorda
370 1420 38 22 till'
423 1421 129 26 antagande;
568 1421 83 21 hvadan
666 1421 85 21 ständet
766 1421 89 21 sälunda
869 1421 36 21 be-

151 1454 60 21 slutit
236 1456 32 20 att
288 1454 33 21 till
344 1454 40 21 den
406 1454 34 21 vid
455 1456 85 20 senaste
554 1455 102 27 landtdag
670 1455 99 22 nedsatta
783 1455 121 27 Delegatio-

220 1494 146 17 Statsutskottets
379 1494 115 17 betänkande
508 1496 34 16 N:o
555 1494 16 17 7.
