1086 1717
845 154 24 20 31

144 219 123 21 återfinnes
283 219 9 21 i
306 219 144 29 protokollet
471 218 38 22 för
531 218 39 22 det
592 225 171 21 gemensamma
790 224 111 16 samman-

144 253 76 21 trädet
235 253 53 21 med
303 253 219 21 Bankdirektionen
537 252 45 22 den
598 255 26 19 23
640 252 127 21 December
784 255 61 19 1882.

213 290 19 22 €)
249 287 77 22 Sedan
341 287 144 21 Ledamoten
499 287 9 21 i
523 286 105 22 komitén
643 286 37 22 för
695 286 76 22 finska
787 285 114 23 ärendena
908 289 18 20 ec)
944 287 39 18 Vid
997 286 49 28 kon-

145 322 113 21 Senatorn
266 321 129 27 Ehrström,
402 328 49 14 som
457 320 95 29 jemlikt
558 320 134 29 Kejserliga
701 320 113 22 Senatens
823 320 78 22 derom
916 305 122 53 maa

144 356 45 21 den
209 358 26 19 27
253 355 103 22 Oktober
373 358 55 19 1880
444 354 67 29 gifna
526 354 156 22 förordnande
698 354 108 22 förrättat
821 354 28 22 de
864 354 9 21 i
889 356 12 25 8

146 392 38 20 111
202 389 26 21 af
241 389 108 29 gällande
359 389 206 28 bankreglemente
576 388 142 22 föreskrifna
727 389 175 28 inventeringar

144 423 26 22 af
182 424 112 22 kassorna
309 423 40 22 vid
363 423 111 22 Bankens
490 423 85 22 kontor
590 423 9 21 i
615 423 35 22 S:t
664 422 148 29 Petersburg,
823 422 79 23 anhäl-

145 458 28 21 lit
188 460 34 19 att
238 457 74 22 blifva
327 457 52 22 frän
395 457 65 22 detta
475 457 106 29 uppdrag
591 457 116 27 frikallad,
718 457 42 22 har
770 457 133 29 Kejserliga

146 493 101 21 Senaten
262 492 46 21 den
323 496 13 18 4
352 493 68 28 April
440 495 61 24 1882,
511 492 72 29 jemte
594 492 39 21 det
644 492 115 21 Senatorn
769 492 133 21 Ehrströms

145 527 151 21 förenämnda
311 526 109 22 anhällan
436 527 106 27 bifallits,
558 528 75 20 utsett
648 527 43 21 och
702 526 121 22 förordnat
833 527 70 21 Sena-

145 563 52 19 torn
205 568 46 15 von
259 561 127 21 Haartman
395 563 34 19 att
435 561 318 22 omförmäldainventeringar
770 557 133 37 verkställa.

214 597 23 26 d)
253 595 47 23 Vid
316 598 154 25 agenturerna
485 596 9 21 i
509 595 118 22 Kexholm
642 595 44 22 och
697 595 126 22 Sordavala
833 595 70 22 hafva
910 596 20 22 d)
944 596 39 17 Vid
991 600 57 18 agen-

144 629 74 22 under
234 631 55 20 ären
306 633 61 24 1882,
386 633 54 19 1883
457 629 43 22 och
511 630 63 21 intill
585 629 45 22 den
643 633 7 18 1
664 629 50 22 Juli
726 633 61 24 1884,
796 629 29 22 dä
833 629 70 28 sagde
936 621 83 16 turerna;

146 666 123 26 agenturer
292 663 117 29 indrogos,
432 663 142 22 föreskrifna
595 664 176 28 inventeringar
793 663 110 28 blifvit,
893 659 13 37 i

146 698 105 29 enlighet
273 698 53 21 med
342 698 79 21 derom
436 697 26 22 af
474 698 220 28 Bankfullmäktige
708 698 134 21 meddelade
857 697 46 22 för-

146 733 140 26 ordnanden,
302 732 139 27 verkstälde,
459 739 84 21 genom
558 732 135 29 Aptekaren
709 732 26 21 O.
751 732 26 21 E.
795 731 53 22 Thil
863 731 41 22 vid

147 769 127 26 agenturen
297 767 8 20 i
328 767 117 21 Kexholm
468 767 44 21 och
531 773 84 22 genom
634 767 180 28 Borgmästaren
829 767 30 21 K.
875 766 28 21 G.

146 802 62 27 Berg
223 801 40 22 vid
279 803 128 26 agenturen
423 801 8 21 i
448 801 132 22 Sordavala.

491 860 13 25 8
522 861 33 19 10.

218 903 77 22 Sedan
310 904 45 21 den
369 911 48 21 nya
432 903 176 22 instruktionen
622 903 37 22 för
669 903 112 22 Finlands
793 903 110 22 Ständers
920 904 124 22 Granskning

150 938 217 28 Bankfullmäktige
387 938 64 21 trädt
465 938 9 21 i
490 938 108 28 gällande
613 937 69 28 kraft,
699 937 70 22 hafva
783 937 121 22 Bankfull-
920 927 17 42 a
961 927 83 42 panen

149 972 109 28 mäktige,
268 972 94 29 jemlikt
377 979 68 15 mom.
462 974 20 24 c)
497 972 9 21 i
522 972 138 25 densamma,
676 972 80 29 hvarje
771 972 90 27 mänad,
877 972 29 28 pä

149 1007 76 28 grund
240 1006 26 22 af
278 1007 111 22 Bankens
400 1006 86 22 böcker
496 1006 41 22 vid
548 1006 201 22 hufvudkontoret
757 1009 60 19 samt
824 1006 83 22 vecko-

148 1043 151 26 rapporterna
314 1040 51 22 frän
381 1041 116 21 kontoren
512 1041 9 20 i
536 1041 166 27 landsorterna,
718 1041 137 28 genomgätt
865 1040 42 22 och

149 1075 113 28 granskat
284 1075 111 22 Bankens
416 1075 87 22 rörelse
527 1075 43 22 och
584 1075 110 28 utläning
707 1073 74 24 under
796 1075 112 21 nästföre-

149 1109 90 29 gäende
262 1109 90 28 mänad,
371 1109 43 22 och
433 1109 72 22 hafva
523 1109 217 28 Bankfullmäktige
755 1109 88 28 dervid,
859 1109 48 21 dels

149 1143 36 22 för
200 1143 146 22 kontrollens
362 1144 69 27 skull,
448 1143 49 22 dels
514 1146 34 19 för
564 1146 34 19 att
613 1144 72 21 vinna
696 1151 28 14 en
734 1144 90 21 klarare
833 1143 75 22 öfver-

150 1179 47 27 sigt
212 1177 26 22 af
250 1178 53 21 hela
318 1178 109 27 rörelsen,
443 1178 81 29 hvarje
540 1179 62 28 gäng
617 1179 7 20 i
636 1178 135 22 tabellarisk
778 1178 61 21 form
851 1185 57 14 sam-

149 1212 120 21 manställt
292 1212 28 21 de
342 1212 145 29 mänadtliga
506 1213 128 21 resultaten
651 1212 26 22 af
690 1213 28 21 de
733 1213 77 21 skilda
825 1213 83 21 konto-

149 1254 53 14 rens
217 1247 154 27 verksamhet,
388 1247 65 21 såväl
467 1247 64 21 hvad
545 1247 123 22 inhemska
678 1247 85 28 vexlar,
775 1254 50 14 som
835 1246 73 29 hypo-

150 1281 51 21 teks
226 1281 39 21 län
292 1281 44 21 och
359 1281 172 21 kassakreditiv
554 1281 115 22 beträffar.
700 1281 151 22 Hänvisande
870 1280 38 22 till

150 1315 67 21 dessa
231 1315 150 21 tabellariska
397 1315 146 29 öfversigter,
561 1323 49 15 som
625 1316 75 21 finnas
712 1316 109 28 bifogade
831 1315 77 21 Bank-

149 1349 161 29 fullmäktiges
324 1350 150 28 protokoller,
485 1357 55 14 men
550 1350 82 22 hvilka
641 1352 126 26 utrymmet
777 1350 53 21 icke
845 1349 62 21 med-

150 1383 70 28 gifvit
229 1386 35 18 att
273 1384 81 28 intaga
364 1384 9 20 i
383 1384 77 21 denna
468 1384 132 28 berättelse,
608 1384 24 21 fä
640 1384 224 28 Bankfullmäktige,
874 1384 34 20 sä-

150 1424 49 14 som
214 1418 8 20 i
237 1418 79 28 någon
330 1418 54 21 män
398 1418 127 28 belysande
542 1420 66 20 arten
624 1418 42 22 och
682 1418 86 22 vidden
783 1418 26 22 af
819 1418 89 21 länerö-

149 1451 76 21 relsen
250 1452 40 21 vid
313 1452 28 21 de
356 1452 77 21 skilda
452 1452 116 22 kontoren
588 1452 63 22 inom
666 1452 85 28 landet,
767 1452 43 22 här
825 1452 83 21 endast

149 1485 105 22 meddela
267 1485 174 22 nedanstående
457 1486 71 22 tablå.
