1086 1717
243 172 13 20 4
439 172 33 23 St.
489 172 53 23 Skr.
559 184 29 3 —
604 172 24 22 U.
646 172 25 22 B.
687 171 38 22 N:o
741 170 21 22 5.

217 234 56 22 fullt
290 235 100 29 lämplig
405 236 134 28 anordning
554 236 25 22 af
592 235 55 23 hela
662 235 156 27 inredningen
830 235 72 22 ernås.
925 234 41 23 Af-

216 276 46 15 ven
285 277 27 15 ur
335 270 172 22 arkitektonisk
523 270 125 29 synpunkt
663 277 70 21 synes
750 268 63 24 detta
827 276 81 16 senare
922 270 44 22 för-

216 304 54 28 slag
291 312 65 15 mera
376 304 225 24 tillfredsställande.
631 304 166 23 Kostnaderna
819 304 93 22 komme
934 306 33 20 att

217 338 54 22 med
294 339 109 28 omkring
419 341 63 27 8,000
497 340 69 22 mark
582 339 125 28 öfverstiga
722 338 29 23 de
766 340 8 21 i
790 339 39 22 det
843 338 65 23 äldre
922 338 44 22 för-

217 373 76 28 slaget
315 376 125 26 upptagna.
471 374 37 22 Då
524 382 28 14 en
568 373 129 30 påbygnad
713 373 75 28 enligt
803 372 63 24 detta
881 372 86 28 förslag

217 407 80 23 skulle
312 409 61 27 stiga
388 408 37 23 till
441 408 111 29 omkring
567 409 79 29 35,000
660 408 75 30 mark,
750 408 72 22 hafva
836 407 131 23 Ständerna

216 442 34 23 för
266 442 133 24 ändamålet
413 443 116 23 beräknat
544 451 29 15 en
588 451 94 15 summa
692 443 24 23 af
725 443 70 28 högst
805 443 78 30 45,000
893 442 73 23 mark.

286 477 95 23 Jemväl
404 477 38 24 det
467 479 25 22 af
512 479 53 22 herr
581 478 128 28 Tilgmann
723 477 133 30 uppgjorda
872 477 95 30 detalje-

217 511 55 23 rade
294 512 226 29 kostnadsförslaget
542 513 34 22 för
599 513 136 29 tryckeriets
755 512 126 28 inredning
896 511 72 23 hafva

217 546 132 23 Ständerna
369 547 78 23 funnit
462 550 118 20 motsvara
596 547 140 29 ändamålet,
751 554 54 15 men
821 547 75 22 likväl
911 554 57 15 vara

217 581 73 28 något
304 581 92 30 knappt
410 582 107 29 tilltaget.
547 582 231 23 Kostnadssumman
793 581 93 29 uppgår
894 581 74 28 enligt

217 615 64 23 detta
304 616 87 29 förslag
405 617 37 22 till
457 618 79 28 40,000
550 617 74 22 mark.
655 616 81 23 Under
751 616 166 27 förutsättning
934 617 34 21 att

217 652 86 21 tvenne
318 651 138 29 plantrycks
473 659 91 22 pressar
579 651 81 23 kunde
674 652 52 22 visa
741 651 36 28 sig
793 658 55 15 vara
863 650 104 23 nödvän-

220 684 56 29 diga
299 685 44 23 och
365 685 54 23 med
440 686 96 29 hänsyn
552 686 70 23 äfven
636 686 39 23 till
690 685 75 24 andra
779 685 98 30 möjliga
891 685 76 30 behof,

219 719 71 23 hafva
313 719 131 24 Ständerna
467 721 75 22 derför
564 722 110 28 upptagit
696 728 29 15 en
747 727 93 16 summa
861 720 25 22 af
899 720 69 28 högst

217 754 79 26 55,000
319 755 68 22 mark
409 755 78 23 såsom
510 757 7 20 i
540 755 82 30 hvarje
646 755 114 22 händelse
782 754 130 29 tillräcklig
934 755 34 22 för

219 788 212 24 åstadkommande
447 790 25 22 af
485 797 29 15 en
529 790 57 23 fullt
601 789 190 28 ändamålsenlig
805 789 125 28 inredning
945 789 25 22 af

218 823 38 23 det
272 824 177 28 ifrågavarande
465 825 131 28 tryckeriet.

286 859 149 22 Beträffande
449 859 83 28 frågan
548 867 38 14 om
602 859 100 22 Banken
717 858 72 23 borde
804 858 33 23 för
849 865 57 21 egen
914 857 54 23 räk-

218 893 59 28 ning
292 893 88 30 inköpa
391 893 28 23 de
430 893 87 29 nödiga
529 893 151 24 maskinerna
690 893 57 23 eller
758 900 37 15 om
806 892 67 23 dessa
883 892 85 28 skulle,

218 927 78 22 såsom
318 929 8 21 i
348 928 53 23 herr
423 929 140 28 Tilgmanns
586 929 88 28 förslag
696 928 67 30 afses,
783 927 87 23 inlösas
886 927 24 22 af
923 927 44 22 den

218 969 50 15 som
288 962 116 33 öfvertoge
419 963 231 30 sedeltryckningen,
666 963 72 22 hafva
753 962 64 23 olika
832 963 85 27 åsigter
932 964 36 20 ut-

218 997 75 22 talats.
323 997 23 22 A
362 1005 43 14 ena
419 997 69 23 sidan
504 998 42 22 har
562 998 86 22 anförts
664 1000 34 20 att
713 997 39 22 det
767 1005 53 14 vore
835 996 133 23 ändamåls-

219 1031 105 28 enligare
346 1034 61 20 samt
429 1033 69 22 äfven
521 1032 76 23 stälde
620 1033 36 28 sig
678 1032 115 30 billigast,
816 1039 38 15 om
869 1030 99 23 Banken

219 1065 52 23 icke
294 1065 79 24 skulle
395 1067 31 28 på
448 1067 73 28 något
542 1069 47 20 sätt
604 1067 127 22 inblandas
747 1067 8 22 i
770 1066 84 30 sjelfva
869 1065 99 23 affärens

220 1099 158 32 bedrifvande,
400 1103 57 21 utan
477 1101 79 23 denna
570 1102 51 23 helt
636 1102 43 23 och
695 1101 76 23 hållet
785 1099 183 24 öfverlemnades

218 1135 24 22 åt
272 1135 95 22 enskild
388 1143 91 23 person,
502 1139 61 20 samt
585 1139 34 20 att
641 1136 101 23 Banken
764 1135 102 23 sålunda
887 1135 82 22 lättare

218 1169 82 23 kunde
315 1170 80 28 återgå
409 1171 38 22 till
463 1171 40 22 det
517 1171 77 22 hittils
609 1170 139 29 begagnade
763 1171 69 21 sättet
846 1169 34 23 för
895 1168 74 23 sedel-

218 1203 188 29 tillverkningen
421 1206 8 21 i
445 1205 45 23 den
505 1205 115 23 händelse
635 1208 34 20 att
684 1205 46 22 den
746 1212 32 15 nu
789 1203 132 34 föreslagna
928 1211 41 15 an-

218 1237 132 29 ordningen
372 1239 52 23 icke
446 1239 82 24 visade
550 1241 37 27 sig
609 1238 211 25 tillfredställande.
850 1239 23 22 Ä
897 1238 72 23 andra

218 1272 69 23 sidan
302 1274 48 22 åter
365 1273 43 23 har
423 1274 141 23 framhållits
580 1277 34 20 att
624 1274 107 30 Banken,
743 1281 38 15 om
792 1273 44 23 den
847 1273 56 30 sjelf
911 1273 57 29 egde

218 1308 138 28 tryekeriets
380 1308 134 31 inredning,
537 1310 82 22 lättare
642 1308 81 24 kunde
745 1308 96 28 vidtaga
859 1308 111 28 önskliga

218 1342 163 29 förändringar
395 1344 68 22 såväl
477 1345 9 21 i
501 1344 109 22 afseende
625 1345 13 21 å
654 1344 85 30 sjelfva
753 1342 156 29 inredningen
919 1350 50 15 som

218 1377 145 23 beträffande
386 1378 130 28 ledningen
539 1379 25 22 af
585 1379 129 28 tryckeriet.
751 1377 133 23 Ständerna
898 1377 72 23 hafva

219 1412 143 22 härutinnan
385 1412 52 23 icke
459 1413 68 22 fattat
541 1414 72 28 något
627 1412 118 24 bestämdt
760 1412 84 30 beslut,
860 1414 56 20 utan
932 1419 38 15 ve-

219 1446 35 22 lat
275 1446 142 22 öfverlemna
433 1446 63 24 detta
512 1447 99 23 likasom
628 1446 158 24 öfverhufvud
802 1446 49 23 alla
865 1447 105 21 närmare

219 1480 97 30 detaljer
338 1480 37 23 till
398 1482 199 29 Bankstyrelsens
620 1481 131 29 afgörande.
783 1480 66 24 Dock
873 1480 42 23 har
931 1480 39 22 det
