1086 1717
801 136 40 22 115

109 201 56 21 form
186 200 87 22 komma
288 200 70 20 under
375 198 160 28 öfvervägande
550 198 41 21 och
607 197 168 29 öfverläggning,
792 198 71 22 funnit

110 235 44 27 mig
169 235 79 21 manad
264 236 32 19 att
312 233 33 21 till
360 234 84 20 ämnets
459 232 113 28 belysning
587 232 73 21 lemna
675 234 32 20 ett
722 239 34 14 om
767 234 28 20 än
803 233 63 27 ringa

110 269 82 27 bidrag,
208 268 89 22 hvarvid
310 268 38 27 jag
363 267 34 21 för
413 269 32 19 att
460 267 97 22 undvika
566 266 136 28 vidlyftighet
713 267 70 21 såsom
793 267 74 22 kända

111 304 68 21 måste
202 302 117 22 förutsätta
336 302 155 27 grunddragen
506 302 25 20 af
544 302 42 20 den
602 300 136 28 lagstiftning
754 308 46 14 som
815 309 29 13 nu
859 302 7 21 i

111 337 94 22 Finland
220 336 72 28 gäller.

179 372 41 21 Till
243 378 27 14 en
294 370 76 28 början
393 370 36 21 må
449 370 77 21 endast
542 369 138 27 erinringsvis
694 371 92 27 antydas
801 370 64 22 huru-

108 406 61 22 ledes
177 407 35 20 det
220 413 30 14 nu
258 406 24 20 så
290 405 46 21 ofta
344 405 68 21 hörda
420 404 152 22 förmenandet
582 406 33 20 att
624 405 41 21 den
674 404 7 21 i
689 412 105 14 mannens
802 405 63 21 måls-

111 441 105 27 manskap
238 440 113 27 grundade
375 439 131 27 befogenhet
521 441 33 19 att
569 439 94 22 förvalta
678 439 59 22 såväl
752 439 114 23 makarnes

109 481 160 22 gemensamma
290 481 46 14 som
359 473 104 22 hustruns
487 473 99 22 enskilda
611 475 105 26 egendom
731 474 68 21 skulle
815 482 50 15 vare

111 510 32 27 sig
166 508 165 28 ursprungligen
354 507 138 28 uppkommit
515 515 78 20 genom
616 510 31 19 ett
664 508 107 22 missbruk
787 509 24 21 af
824 510 41 21 den

109 543 111 22 starkares
235 544 43 20 rätt
294 542 52 22 eller
360 542 66 21 hafva
441 542 33 21 sin
489 543 72 26 grund
576 543 7 20 i
598 544 32 19 ett
644 543 185 22 underkännande
845 543 24 22 af

110 579 72 27 vigten
205 577 24 22 af
248 577 82 22 hennes
352 576 87 28 uppgift
461 577 7 20 i
490 576 98 28 familjen
610 577 52 21 eller
685 577 25 22 af
727 577 81 22 hennes
823 578 42 21 för-

111 613 65 21 stånd
190 612 40 21 och
244 612 100 26 förmåga
359 613 32 19 att
407 610 112 28 öfvertaga
535 611 63 22 äfven
614 612 42 20 den
671 614 35 19 art
721 612 24 21 af
758 612 107 22 verksam-

110 647 37 22 het
162 647 33 21 för
210 646 104 27 familjen,
329 645 34 22 för
378 645 88 22 hvilken
481 648 93 19 naturen
589 652 60 15 mera
659 653 63 20 synes
733 647 66 21 danat
807 655 60 14 man-

111 689 48 17 nen,
183 682 24 20 är
228 687 78 20 genom
329 679 70 26 enkla,
416 686 25 14 ur
456 679 160 22 rättshistorien
632 680 41 21 och
688 681 77 27 sjelfva
779 681 88 28 lagarne

111 716 138 27 framgående
262 714 48 21 skäl
318 715 24 20 så
350 714 41 21 lätt
399 714 128 27 vederlagdt
535 716 33 19 att
576 715 26 20 de
611 721 64 20 synas
683 714 84 29 knappt
775 715 92 22 behöfva

111 753 68 20 annat
194 751 28 20 än
237 751 91 20 nämnas
343 748 33 21 för
391 750 33 19 att
438 749 69 21 varda
523 748 102 21 erkända.
648 749 89 28 Hvarpå
752 750 62 21 beror
825 751 41 21 den

111 784 125 28 myndighet
260 783 59 22 inom
334 783 69 26 huset,
419 789 45 14 som
481 783 7 20 i
505 783 26 20 de
546 782 72 27 gamla
632 783 99 27 lagarnes
746 784 121 28 kärnspråk

111 819 116 21 betecknas
249 818 70 21 såsom
343 818 42 20 den
407 817 92 27 laggifta
520 817 90 21 makens
625 817 86 22 heders-
727 819 40 20 och
782 819 84 22 husfru-

111 854 64 20 döme
190 854 54 19 samt
260 853 44 20 rätt
319 851 33 21 till
361 851 32 21 lås
404 851 40 21 och
455 851 95 28 nycklar,
562 851 84 28 hvarpå
656 852 75 27 sjelfva
740 853 127 27 giftorätten

112 895 34 14 om
155 887 61 22 icke
208 878 10 40 i
225 886 139 21 erkännande
373 882 24 25 af
402 886 105 21 hustruns
512 886 136 27 jembördiga
656 887 102 27 ställning
768 891 56 18 samt
834 890 33 19 att

111 922 81 21 hennes
208 920 136 23 verksamhet
360 921 58 20 inom
433 920 64 21 huset
513 920 63 22 äfven
592 920 33 21 för
639 920 62 22 boets
716 923 151 21 sammanhåll-

112 957 52 26 ning
179 955 40 22 och
233 954 112 22 förkofran
356 954 141 28 uppskattats
507 954 45 21 lika
562 955 53 27 högt
626 962 45 14 som
681 963 100 16 mannen,
807 957 61 21 Huru

112 990 70 22 skulle
196 989 138 27 lagstiftaren
349 989 22 21 åt
386 989 94 20 hustrun
495 989 85 21 anvisat
596 991 32 19 att
643 989 36 22 vid
694 997 105 15 mannens
809 991 58 22 från-

111 1025 59 26 fälle,
185 1024 35 21 vid
235 1023 55 22 hans
305 1023 126 27 långvariga
446 1023 116 21 bortovaro
576 1023 49 21 från
640 1023 93 22 hemmet
749 1025 51 21 eller
809 1026 57 27 sjuk-

114 1060 57 24 dom,
193 1058 36 21 vid
251 1057 24 21 af
294 1057 80 21 honom
391 1057 74 21 vållad
481 1057 221 28 äktenskapsskilnad
717 1059 51 21 eller
783 1059 85 22 skilnad

113 1093 34 22 till
169 1093 53 26 säng
245 1091 40 22 och
309 1093 52 24 säte,
378 1091 113 27 öfvertaga
506 1091 64 22 äfven
586 1092 41 21 den
642 1094 57 25 yttre
714 1093 115 28 ledningen
845 1094 25 22 af

111 1128 62 21 boets
188 1125 188 28 angelägenheter,
399 1125 52 22 eller
467 1125 36 22 vid
519 1125 116 28 utredning
651 1133 34 14 om
700 1127 55 21 hans
770 1129 97 27 ovärdig-

112 1162 38 21 het
172 1161 51 21 eller
242 1159 142 28 oskicklighet
399 1161 34 20 att
447 1159 127 22 handhafva
588 1159 62 22 boets
665 1160 138 29 förvaltning,
817 1163 50 21 låtit

114 1196 76 25 henne,
206 1194 90 22 oaktadt
311 1195 42 20 den
368 1193 169 28 äktenskapliga
552 1194 199 23 sammanlefnaden
767 1197 18 26 ej
795 1197 72 28 afbry-

112 1232 39 24 tes,
167 1236 76 21 genom
259 1228 115 21 boskilnad
389 1228 173 27 omhändertaga
576 1229 33 20 sin
625 1235 53 20 egen
694 1229 40 22 lott
749 1231 52 20 eller
815 1234 16 19 t.
847 1239 19 14 o.

112 1272 29 15 m.
156 1262 178 28 förmynderskap
350 1262 59 22 öfver
425 1269 102 19 mannen,
543 1269 34 14 om
586 1263 63 27 lagen
656 1263 36 22 vid
704 1263 162 25 bestämmande

112 1299 25 22 af
158 1298 71 27 regeln
244 1297 35 21 för
294 1297 115 22 makarnes
425 1296 100 28 rättsliga
541 1297 102 27 ställning
658 1298 8 20 i
680 1298 102 22 afseende
797 1301 13 20 &
824 1300 43 22 för-

111 1332 143 28 mögenheten
278 1332 71 26 utgått
371 1331 49 21 från
443 1333 31 19 ett
497 1331 34 21 för
546 1332 82 21 hennes
643 1332 88 28 andliga
745 1333 122 29 förmögen-

112 1367 62 22 heter
191 1366 144 21 nedsättande
350 1365 192 27 åskådningssätt?

181 1400 103 22 Grunden
300 1399 33 21 till
344 1400 42 20 den
396 1399 84 21 olikhet
490 1399 8 21 i
509 1399 115 22 makarnes
634 1398 108 30 ställning,
753 1402 63 27 lagen
825 1402 42 22 for-

111 1436 51 21 dom
172 1434 83 22 införde
264 1434 40 22 och
313 1435 59 20 ännu
382 1433 127 28 bibehåller,
520 1434 68 28 ligger
595 1434 47 22 icke
652 1434 52 22 deri.
720 1435 45 22 Och
773 1438 42 20 den
823 1444 46 15 om-
