1086 1717
221 135 28 21 34

193 197 124 27 kenskaper
342 196 111 26 afkortas,
476 204 51 14 men
550 196 121 22 emellertid
693 196 149 22 besväranden
864 197 25 21 A.
912 196 41 22 och

194 231 147 22 Handlanden
358 231 39 27 W.,
413 231 74 21 hvilka
503 232 29 26 på
546 232 44 26 god
604 233 34 19 tro
656 230 25 22 af
694 231 79 21 aflidne
788 231 35 21 T:s
838 231 116 21 rättsinne-

194 266 91 22 hafvare
306 266 42 20 den
365 267 25 20 16
406 266 62 26 April
492 266 56 21 1872
570 265 126 21 tillhandlat
720 265 32 27 sig
774 265 129 27 hemmanet,
920 266 34 21 för

196 301 120 21 detsamma
333 300 34 20 till
384 300 164 21 vederbörande
570 300 164 27 uppbördsmän
758 300 69 26 erlagt
850 300 103 21 kronout-

195 334 117 28 skylderna
333 334 58 21 ifrån
409 334 41 21 och
470 334 35 21 för
523 334 25 21 år
568 335 56 21 1866
639 334 33 20 till
688 333 41 22 och
743 334 35 21 för
793 335 25 19 år
833 334 56 22 1873
905 336 49 20 med

196 370 40 22 701
258 369 62 21 mark
336 370 27 20 74
378 369 73 27 penni,
475 368 122 28 Kejserliga
621 368 95 22 Senaten
740 368 104 28 pröfvade
867 369 86 21 rättvist

194 403 99 22 förklara
314 403 164 22 besvärandene
500 403 137 27 berättigade
655 405 33 19 att
708 402 71 22 återfå
794 404 26 20 de
836 403 25 21 af
873 402 24 22 A.
913 403 40 21 och

195 439 33 20 W.
244 438 35 21 för
294 438 123 21 hemmanet
436 437 90 27 eflagda
548 437 191 28 kronoutskylder,
755 437 62 27 dock,
834 439 49 20 med
898 437 55 22 afse-

195 473 55 21 ende
266 473 54 20 derå
335 474 32 19 att
382 472 25 21 A.
423 472 41 21 och
480 471 32 22 W.
528 473 70 20 under
616 473 53 20 åren
689 473 56 20 1872
763 471 41 22 och
821 473 54 21 1873
892 472 61 21 suttit

194 507 8 21 i
212 507 133 26 förvaltning
360 507 24 20 af
397 507 131 26 lägenheten
546 506 40 21 och
605 507 45 26 åtnj
664 507 42 20 utit
715 506 124 21 inkomsten
851 507 102 25 derifrån,

195 543 77 20 endast
290 541 57 21 ifrån
366 541 40 21 och
422 541 35 21 för
472 542 25 20 år
515 542 53 21 1866
584 541 34 21 till
633 541 41 21 och
689 541 34 21 för
739 541 24 21 år
780 542 52 21 1871
849 542 50 20 med
914 541 40 21 till-

195 583 109 14 sammans
320 576 42 21 545
377 575 62 21 mark
455 577 27 20 73
498 576 73 27 penni,
591 575 113 22 hvaremot
727 575 172 22 besvärandenes
918 583 35 14 an-

195 610 67 28 språk
276 610 8 21 i
300 610 65 27 öfrigt
379 609 145 22 förkastades.
554 610 47 21 Och
616 611 91 20 emedan
723 610 163 27 länestyrelsen,
899 610 55 21 efter

195 646 37 20 det
254 645 95 20 berörda
371 644 101 21 hemman
486 645 13 20 å
515 644 118 21 auktionen
657 645 42 20 den
720 645 25 21 16
765 645 61 26 April
849 645 52 22 1869
920 645 34 20 för

194 680 97 21 kronans
313 678 94 28 räkning
425 679 105 27 inropats,
546 679 48 21 icke
610 679 94 21 allenast
722 678 128 21 försummat
865 679 88 26 vidtaga

194 715 26 20 de
236 714 8 21 i
259 713 55 28 följd
329 713 25 21 af
366 713 66 28 köpet
448 714 13 21 å
476 713 155 28 länestyrelsen
654 713 160 22 ankommande
830 714 100 27 åtgärder
945 713 7 21 i

194 748 68 21 saken
278 750 53 19 utan
347 747 40 22 ock
402 750 53 19 utan
471 748 72 21 dertill
558 747 117 22 utverkadt
696 747 98 21 tillstånd
809 748 42 20 den
868 749 26 20 16
910 748 42 21 Ok-

194 783 62 21 tober
272 783 56 21 1873
342 781 77 22 försålt
434 789 83 14 samma
531 782 107 27 lägenhet,
655 782 80 21 aktade
751 782 120 27 Kejserliga
887 783 65 20 Sena-

194 820 39 18 ten
248 817 75 26 nödigt
338 816 133 21 öfverlemna
486 816 162 27 handlingarna
658 817 7 20 i
676 817 65 20 målet
756 816 33 21 till
804 816 148 21 Prokuratorn

194 851 34 21 för
243 851 132 26 vidtagande
391 850 24 21 af
429 851 41 20 den
487 850 167 27 embetsåtgärd,
671 857 46 14 som
732 851 50 20 med
798 851 116 27 anledning
930 851 24 21 af

193 885 169 28 länestyrelsens
376 884 127 22 förfarande
519 885 133 27 påkallades.

263 920 11 20 I
296 919 118 27 anledning
436 919 65 21 häraf
516 919 126 21 infordrade
656 919 148 22 Prokuratorn
820 919 47 22 från
883 920 69 21 Läne-

195 954 105 28 styrelsen
322 954 69 27 några
413 955 100 20 närmare
531 954 158 27 upplysningar
707 954 8 21 i
730 953 68 22 saken
814 956 55 19 samt
885 954 68 21 öfver-

194 989 68 21 sände
277 987 94 22 derefter
390 987 161 28 handlingarna
566 988 7 21 i
590 988 48 21 bref
650 988 25 21 af
688 989 42 20 den
747 990 25 20 11
788 988 43 27 Maj
849 990 55 21 1882
920 989 33 21 till

194 1021 271 23 Advokatfiskalsembetet
487 1022 8 21 i
514 1022 27 21 N.
556 1022 88 21 Hofrätt
658 1023 50 20 med
723 1023 110 20 anmodan
849 1025 32 19 att
896 1028 57 16 emot

193 1057 162 22 vederbörande
378 1056 73 21 utföra
471 1056 50 27 laga
539 1057 45 21 åtal
599 1057 41 21 och
655 1057 75 21 dervid
745 1058 53 26 göra
813 1057 27 21 de
855 1064 98 15 ansvars-

194 1091 40 22 och
258 1091 275 27 ersättningspästäenden,
548 1091 88 22 hvartill
651 1091 214 27 omständigheterna
879 1091 73 22 kunde

192 1125 120 22 föranleda.

262 1159 48 21 Den
326 1160 27 21 12
369 1159 127 27 September
511 1166 82 15 samma
608 1161 25 20 är
645 1160 65 27 ingaf
718 1159 191 22 Advokatfiskalen
920 1161 33 20 till

192 1193 118 22 Hofrätten
326 1195 31 19 ett
375 1193 118 26 memorial,
511 1194 45 21 deri
571 1194 51 25 han,
638 1194 56 21 efter
709 1194 160 27 framställning
885 1195 24 21 af
922 1196 30 20 of-

192 1228 138 22 vananförda
354 1228 190 27 omständigheter,
567 1228 107 26 framhöll,
694 1229 103 21 hurusom
813 1229 62 21 deraf
888 1229 64 21 fram-

191 1263 73 27 gioge,
280 1264 32 19 att
337 1262 162 27 länestyrelsen,
515 1263 67 21 sedan
601 1263 93 21 berörda
708 1263 102 21 hemman
825 1264 42 20 den
883 1265 27 20 16
924 1264 28 20 A-

192 1298 42 28 pril
251 1298 55 21 1869
322 1296 24 22 af
360 1297 123 21 dåvarande
498 1299 15 19 t.
530 1297 14 21 f.
559 1298 216 21 Landskamreraren
790 1298 48 21 P.ä
852 1298 100 22 exekutiv

191 1332 91 21 auktion
297 1330 34 22 för
346 1330 95 22 kronans
460 1331 93 27 räkning
568 1332 105 27 inropats,
690 1332 18 28 ej
725 1332 84 21 mindre
825 1332 127 22 försummat

191 1366 90 26 vidtaga
304 1366 26 20 de
344 1365 8 20 i
367 1365 119 27 anledning
506 1366 63 21 deraf
585 1367 13 20 ä
612 1366 158 28 länestyrelsen
793 1366 159 22 ankommande

192 1400 110 26 åtgärder,
310 1399 108 27 nemligen
435 1402 33 18 att
483 1406 35 14 om
533 1400 157 28 försäljningen
706 1400 41 22 och
761 1400 90 28 inköpet
862 1400 25 22 af
894 1401 57 21 hem-

191 1436 77 20 manet
283 1434 127 20 underrätta
425 1434 163 22 vederbörande
602 1434 135 28 kronofogde
748 1439 55 17 samt
815 1436 73 20 derom
898 1436 54 26 göra
