1086 1717
824 149 23 19 11

131 210 145 20 kostnadsfritt
300 210 101 20 öfverläta
424 210 64 26 sagde
512 212 51 18 tomt
578 212 43 18 mot
636 210 76 26 vilkor,
727 210 65 20 bland
808 213 70 22 annat,

131 247 43 25 »att
188 244 277 26 Ständerhusdelegationen
482 247 130 23 gemensamt
628 244 45 20 med
685 244 86 20 stadens
785 244 94 26 myndig-

132 280 57 19 heter
204 280 6 19 i
226 278 133 27 vederbörlig
375 278 90 28 ordning
480 276 90 23 ansöker
584 279 48 19 icke
648 279 54 19 blott
716 285 32 13 om
765 278 66 20 sådan
844 282 35 16 än-

133 314 59 26 dring
208 313 23 21 af
244 313 99 27 gällande
359 313 115 26 stadsplan,
489 320 44 13 som
544 313 120 20 erfordrads
676 313 31 19 för
719 313 160 20 Ständerhusets

131 348 130 26 uppförande
278 348 11 19 &
305 348 39 20 den
368 347 120 27 föreslagna
510 348 90 26 platsen,
621 349 49 18 utan
687 348 60 19 äfven
765 354 32 13 om
813 348 66 20 stads-

131 382 89 26 planens
237 382 140 20 färändrande
393 382 87 26 derhän,
497 384 30 18 att
542 382 26 20 de
584 382 122 20 nuvarande
723 382 157 26 magasinstom-

134 420 58 17 terna
208 419 90 18 österom
313 416 148 27 Badhusgatan
479 416 128 21 fortfarande
623 416 21 21 fä
660 416 32 21 för
711 416 120 21 ändamälet
845 423 36 13 an-

134 452 78 19 vändas
227 454 55 17 samt
305 451 141 26 nyssnämnda
469 454 50 23 gata
535 451 96 26 utvidgas
647 451 33 20 till
696 458 25 13 en
737 451 66 20 bredd
818 451 24 20 af
855 451 26 20 60

134 486 49 21 fot”,
200 497 23 4 —
242 485 44 20 Den
303 486 23 19 31
345 486 6 19 i
368 492 79 13 samma
463 486 75 19 månad
554 486 113 25 godkände
688 485 145 27 delegationen
850 485 31 20 till

135 520 42 20 alla
192 520 59 20 delar
267 520 25 20 de
308 520 23 19 af
345 519 196 28 Stadsfullmäktige
558 520 112 27 uppstälda
686 520 68 19 vilkor
769 520 40 19 och
821 519 61 20 valde

135 557 29 18 ett
179 555 87 24 utskott,
283 554 112 21 bestäende
412 555 23 19 af
449 555 46 26 fyra
511 555 123 25 ledamöter,
649 561 25 14 en
686 555 32 20 för
728 554 72 27 hvarje
814 554 67 25 ständ,

135 591 30 18 att
180 592 130 24 gemensamt
326 589 46 20 med
388 589 85 20 stadens
496 589 146 26 myndigheter
658 589 86 26 vidtaga
760 589 123 20 förberörda

134 623 211 27 ansökningsätgärd,
356 623 105 20 hvarefter
472 622 218 27 ansökningsskriften
701 623 7 20 i
719 623 60 26 fräga
787 623 94 20 förekom

135 657 32 20 till
183 657 157 27 delegationens
354 657 103 26 justering
473 658 38 19 den
531 658 23 20 16
571 657 132 26 därpäföljde
718 657 124 20 November.
873 656 9 20 I

135 692 63 19 slutet
212 692 25 19 af
250 691 112 26 nästsagde
378 691 74 20 månad
465 691 167 20 öfverlemnades
643 692 122 19 densamma
776 691 46 20 med
835 691 46 20 der-

136 726 31 20 till
184 726 76 26 fogade
275 725 124 27 handlingar
415 725 31 20 till
463 726 135 27 Magistraten
615 726 31 20 för
659 728 31 17 att
700 732 75 20 genom
786 725 47 20 dess
844 725 39 20 för-

135 767 48 19 sorg
199 759 108 21 befordras
323 759 31 20 till
371 759 67 20 länets
453 759 117 28 Guvernör,
586 767 44 13 som
646 760 40 20 den
703 761 11 19 9
730 760 86 19 Januari
829 760 53 19 1884

131 795 66 25 jämte
214 796 48 25 eget
276 794 99 26 yttrande
390 794 87 20 insände
501 795 88 20 iirendet
604 795 32 19 till
652 794 176 27 högvederbörlig
843 796 38 18 ort.

136 828 45 20 Den
197 829 13 20 2
225 828 142 26 nästföljande
383 827 95 21 Oktober
494 829 107 26 föredrogs
617 829 65 19 saken
698 829 98 26 slutligen
812 829 6 19 i
835 828 48 26 Kej-

135 863 49 20 serl.
202 862 97 25 Senaten,
315 868 43 14 som
375 862 80 27 därvid,
471 863 52 20 efter
539 865 31 18 att
584 863 64 20 hafva
663 863 102 20 inhemta!
780 863 102 20 underdä-

137 897 43 26 nigt
196 896 108 20 utlätande
319 897 6 19 i
340 896 63 20 saken
418 897 79 25 jemväl
513 897 23 20 af
549 894 169 29 Öfverstyrelsen
733 897 33 20 för
777 897 106 20 allmänna

136 931 157 26 byggnaderna,
309 931 113 27 ,pröfvade
437 931 79 27 skäligt
531 931 73 21 tillåta
615 931 35 21 det
665 930 156 22 Ständerhuset
832 937 51 21 uvp-

129 965 62 30 föres
207 965 13 20 &
236 965 41 20 den
296 965 131 28 föreslagna
446 966 94 26 platsen,
563 966 39 20 och
619 968 31 18 att
675 966 208 26 magasinstomterna

137 1002 55 18 öster
206 1006 33 15 om
255 999 150 26 badhusvägen
421 999 123 26 bibehällas,
568 1001 47 19 med
632 1000 69 20 vilkor
716 1003 30 17 att
762 1000 25 20 de
804 1001 12 18 &
831 1002 51 18 tom-

137 1037 59 17 terna
211 1041 27 12 nu
264 1034 114 27 befintliga,
400 1034 66 20 delvis
482 1035 6 19 i
505 1034 93 21 förfallet
612 1035 61 20 skick
688 1035 92 19 varande
796 1034 88 27 magasi-

137 1075 36 13 ner
187 1069 55 20 inom
267 1069 28 19 tio
312 1069 22 19 är
350 1068 92 20 härefter
465 1069 116 26 ombyggas
602 1069 21 20 af
637 1071 46 18 sten
700 1069 45 20 med
762 1069 85 25 fagader
863 1069 22 18 åt

135 1105 63 24 gatan
216 1103 38 20 och
270 1103 105 26 ingängen
391 1103 75 20 endast
481 1104 22 19 ät
519 1104 91 25 sjösidan
626 1106 54 17 samt
690 1105 31 18 att
731 1103 151 26 badhusvägen

135 1138 55 19 inom
207 1144 79 13 samma
303 1137 29 20 tid
348 1149 27 3 —
389 1149 28 3 —
433 1150 25 3 —
476 1138 98 26 utvidgas
590 1131 31 26 till
636 1145 26 13 en
673 1140 50 23 gata
732 1138 23 19 af
763 1137 68 20 sextio
843 1137 42 20 fots

138 1171 84 22 bredd”,
253 1171 73 20 Denna
342 1171 56 27 Kejs.
415 1171 103 21 Senatens
533 1172 114 20 resolution
663 1172 153 20 tillhandakom
827 1171 57 20 dele-

137 1206 98 26 gationen
253 1206 39 20 den
307 1207 26 19 28
351 1206 121 20 förenämde
488 1206 100 21 Oktober.

202 1240 42 20 Det
259 1243 91 17 närmast
365 1240 96 26 följande
477 1241 24 20 af
515 1241 158 26 delegationens
692 1240 140 27 tillgöranden
848 1247 38 12 var

138 1281 27 13 nu
180 1276 32 18 att
227 1275 89 20 tillsätta
331 1282 25 13 en
372 1275 91 20 särskild
479 1275 89 27 styrelse
583 1275 33 20 för
638 1275 203 27 byggnadsarbetets
857 1275 29 19 vi-

137 1310 49 19 dare
210 1309 153 21 förberedande
387 1310 40 20 och
442 1310 87 26 slutliga
545 1310 117 20 utförande.
692 1310 41 19 Till
748 1309 138 21 medlemmar

137 1344 44 19 däri
207 1344 84 26 utsägos
315 1344 159 20 undertecknad
498 1344 108 25 Sohlman,
630 1344 180 26 öfveringeniören
829 1342 57 21 Tall-

135 1378 61 26 gvist,
204 1378 192 26 ingenörkaptenen
407 1378 103 20 Sanmark
521 1378 39 21 och
570 1378 118 20 arkitekten
698 1378 107 26 Sjöström,
813 1377 75 20 hvilka

136 1412 32 20 till
190 1419 26 13 en
232 1412 73 27 början
330 1413 129 19 anmodades
477 1415 32 17 att
531 1413 63 20 träffa
612 1412 52 21 aftal
679 1413 47 20 med
741 1411 145 21 handelsföre-

135 1447 77 26 ningen
228 1447 75 27 ang:de
319 1449 30 18 ett
364 1447 121 20 densamma
497 1447 109 27 tillhörigt,
618 1447 28 27 pä
656 1447 159 20 ständerhusets
826 1448 60 18 tomt-
