1086 1717
229 126 40 20 142
545 125 61 21 XVII

266 193 71 18 Genom
350 192 56 24 nådig
418 194 111 22 förordning
541 194 21 18 af
573 194 36 18 den
624 195 21 17 14
658 194 46 18 Juni
718 194 45 18 1882
775 194 36 18 har
824 194 53 18 Hans
884 194 74 23 Kejser-

196 228 38 23 liga
252 228 90 23 Majestät
360 228 83 18 faststält
455 228 36 18 den
504 228 20 18 af
535 230 65 16 senast
611 228 114 18 församlade
738 228 89 23 Ständer,
839 229 6 17 i
859 228 99 23 anledning

196 262 20 18 af
227 262 29 18 till
270 262 41 18 dem
324 263 6 17 i
343 264 62 16 ämnet
422 262 68 18 afläten
505 262 56 23 nådig
573 263 123 23 proposition,
709 265 83 21 antagna
804 263 110 23 förordning
927 268 31 13 an-

196 296 71 23 gående
285 296 168 24 bevillningsafgift
471 297 29 18 för
516 297 64 17 tobak.
605 297 31 18 Uti
650 297 22 18 de
685 298 6 16 i
703 298 107 18 relationen
824 299 96 21 upptagna
931 298 27 17 in-

195 332 127 25 komstposter
335 332 20 17 af
365 332 80 18 berörda
457 332 108 22 bevillning,
581 337 39 12 som
628 332 76 22 jemlikt
712 332 126 18 förenämnda
846 331 67 24 nådiga
921 332 37 18 för-

195 366 81 23 ordning
294 366 62 18 blifvit
374 366 64 23 erlagd
456 365 42 19 från
517 366 35 18 och
571 366 43 18 med
632 366 36 18 den
681 368 23 16 20
715 366 47 18 Juni
777 367 50 21 1882,
840 366 44 23 ingå
896 366 28 18 för
936 365 22 19 år

197 401 43 17 1882
259 401 7 17 i
284 401 54 23 ryskt
356 402 51 22 mynt
425 402 62 20 61,349
505 400 54 18 rubel
578 402 22 16 96
615 401 62 23 kopek
690 402 35 17 och
738 401 6 17 i
757 401 60 18 finskt
829 402 63 20 79,928
904 401 53 17 mark

194 437 24 16 20
235 436 57 22 penni
310 437 49 16 samt
370 436 29 17 för
411 435 22 18 år
445 437 44 16 1883
505 436 73 20 165,043
591 436 53 18 rubel
658 437 22 16 30
692 436 63 23 kopek
769 436 36 17 och
817 437 76 20 255,849
904 436 53 17 mark

195 471 22 16 47
230 470 62 23 penni.

264 505 63 18 Sedan
346 505 89 17 Finlands
449 505 79 18 Ständer
546 505 32 17 vid
594 504 114 23 landtdagen
723 506 116 17 1877—1878
853 505 29 18 för
891 505 65 23 uppfö-

196 539 58 18 rande
272 539 21 18 af
310 539 36 18 fem
365 539 218 23 upptagningsanstalter
601 539 29 18 för
648 540 127 22 sinnessjuka,
788 540 96 18 äfvensom
899 541 20 17 af
934 546 22 12 en

193 574 123 18 kombinerad
329 575 42 17 kur-
385 575 34 17 och
434 573 118 19 vårdanstalt
563 575 52 17 invid
627 575 75 22 Kuopio
715 575 43 18 stad
775 575 17 23 ej
803 575 72 18 mindre
883 575 74 18 anvisat

194 609 35 18 den
248 614 73 13 summa
338 609 21 18 af
375 610 75 20 400,000
462 609 59 21 mark,
534 614 40 13 som
587 609 49 18 varit
648 609 21 18 af
680 609 90 18 behållna
782 609 174 24 bevillningsmedel

193 644 30 18 för
240 643 108 19 ändamålet
365 644 114 21 reserverad,
498 646 23 16 än
541 644 35 18 ock
595 644 109 23 ytterligare
723 645 80 22 beviljat
817 647 28 15 ett
857 645 67 22 belopp
937 645 21 17 af

193 679 75 21 500,000
281 679 59 20 mark,
353 679 34 17 har
399 679 21 17 af
430 679 30 18 till
473 679 107 22 Kejserliga
595 679 81 18 Senaten
688 679 91 18 inkomna
791 679 129 22 räkenskaper
929 679 27 18 in-

192 713 87 22 hemtats,
293 715 28 16 att
332 713 6 17 i
351 713 107 18 förberördt
472 713 88 18 afseende
572 713 63 18 blifvit
648 713 20 18 af
679 713 176 23 bevillningsmedel
867 713 49 19 intill
926 716 28 15 ut-

192 747 73 23 gången
278 747 20 18 af
309 747 21 18 år
344 748 43 17 1883
399 747 83 18 användt
493 747 82 23 tillhopa
590 749 90 20 1,117,239
693 748 54 17 mark
762 749 21 16 13
796 749 63 22 penni.

263 783 9 16 I
284 782 47 23 följd
344 782 55 18 häraf
411 783 34 17 och
459 788 39 12 som
511 783 53 17 Hans
576 783 107 22 Kejserliga
695 783 97 22 Majestät,
806 783 74 18 utöfver
888 782 66 24 ifråga-

192 817 83 18 varande
293 817 178 23 bevillningsanslag
489 817 21 18 af
524 818 76 20 900,000
611 817 59 22 mark,
683 817 78 18 hvilken
775 823 73 12 summa
860 818 96 17 befunnits

192 851 116 23 otillräcklig
325 851 30 18 till
374 852 115 22 uppförande
502 852 70 23 jemväl
591 851 21 19 af
625 852 36 17 den
673 852 80 17 afsedda
765 852 134 18 kombinerade
911 852 44 18 kur-

191 886 36 17 och
246 885 145 23 vårdanstalten,
410 886 29 18 för
460 886 116 18 densammas
595 887 132 17 fullbordande
749 887 21 17 af
787 887 95 17 allmänna
900 888 55 16 stats-

192 920 60 18 medel
271 921 6 17 i
295 920 58 19 nåder
371 921 78 22 beviljat
467 921 119 22 erforderligt
604 921 90 21 tillskott,
713 921 36 18 har
768 921 33 18 det
819 921 73 22 belopp,
909 921 46 18 eller

191 955 75 21 217,239
285 955 53 18 mark
358 956 20 17 13
396 955 61 22 penni,
472 955 90 18 hvarmed
580 955 111 18 förberörda
710 955 20 18 af
748 955 107 18 Ständerna
867 955 87 18 anvisade

190 989 66 22 anslag
269 989 136 22 öfverskridits,
418 990 62 17 blifvit
492 989 186 24 bevillningsmedlen
691 990 62 17 under
765 989 21 18 år
801 991 44 16 1884
857 991 63 16 ersatt.

261 1023 69 19 Vidare
348 1024 54 18 torde
421 1025 46 17 böra
485 1026 113 19 omnämnas,
618 1026 28 16 att
664 1024 22 17 de
701 1023 190 24 bevillningsmedlen
903 1024 51 18 förut

191 1057 81 24 påförda
284 1058 88 23 anslagen
384 1058 30 18 till
427 1058 98 18 aflönande
534 1058 20 17 af
562 1053 169 28 Öfverinspektorn
741 1059 30 17 för
779 1058 131 18 folkskolorna
918 1059 35 17 och

190 1092 70 18 dennes
280 1092 78 22 biträde,
376 1093 30 17 till
426 1093 134 17 seminarierna
578 1093 30 17 för
626 1092 88 18 bildande
727 1093 22 17 af
760 1093 146 17 folkskollärare
918 1093 35 17 och

189 1127 107 18 lärarinnor
314 1129 49 16 samt
381 1127 73 18 diverse
473 1126 71 18 mindre
563 1127 66 22 anslag
647 1127 29 17 för
695 1127 177 18 folkskolväsendet
886 1127 67 21 blifvit,

188 1161 78 23 jemlikt
277 1160 65 24 nådigt
354 1161 125 18 förordnande
492 1161 35 18 och
541 1161 196 18 Statssekretariatets
750 1161 101 18 skrifvelse
863 1161 20 18 af
895 1161 35 18 den
942 1162 10 17 3

189 1195 93 18 Februari
300 1196 32 23 (22
349 1195 86 22 Januari)
455 1196 43 17 1883
511 1194 42 19 från
566 1201 71 12 samma
649 1195 30 18 års
692 1195 68 23 början
774 1195 79 22 påförda
865 1195 88 18 statsfon-

190 1230 41 18 den.
257 1230 65 22 Enligt
333 1229 50 18 hvad
395 1229 154 22 räkenskaperna
561 1229 61 18 utvisa
636 1229 58 18 hafva
706 1230 31 17 väl
751 1230 60 17 under
819 1229 22 18 år
851 1231 43 16 1883
903 1231 49 16 ännu

188 1264 122 18 förekommit
322 1263 58 24 några
392 1263 145 23 utbetalningar,
550 1263 17 23 ej
581 1263 72 18 mindre
666 1264 30 17 för
709 1264 174 23 skolinspektioner
892 1266 22 15 än
923 1264 30 18 för

188 1299 140 21 seminarierna,
348 1304 41 12 men
403 1298 55 18 dessa
471 1298 139 22 utbetalningar
622 1298 82 18 hänföra
716 1298 29 23 sig
757 1298 31 18 till
801 1298 112 23 föregående
926 1298 26 19 år.
