1086 1717
441 96 41 20 XX

80 167 27 15 att
120 165 58 22 enligt
190 164 70 18 Finans
271 164 148 22 Expeditionens
429 164 43 17 bref

56 199 20 18 af
87 199 36 18 den
136 200 20 16 31
171 199 103 17 December
288 199 43 17 1877
343 204 22 12 ur
374 198 96 18 bränvins-

57 233 139 18 medelsfonden
210 233 35 18 den
260 234 20 16 14
292 233 79 17 Januari
385 234 44 16 1878
442 235 29 15 ut-

57 268 63 22 gifvits
139 269 28 16 ett
180 267 30 18 lån
223 268 29 17 till
266 267 168 18 donationsfonden
447 257 17 38 på
473 261 8 30 |

58 308 23 12 en
93 302 66 22 miljon
168 302 58 22 mark,
235 302 73 17 hvilket
316 301 109 19 återbetalts
435 302 35 17 den
480 294 2 20 |

58 338 22 16 24
100 337 37 22 Maj
159 337 49 21 1880,
229 338 44 16 utan
292 338 28 16 att
338 336 59 22 någon
417 333 65 21 ränta
472 329 14 34 |

58 370 61 18 blifvit
136 366 9 32 —
148 370 229 19 bränvinsmedelsfonden
390 366 11 32 —
408 370 64 19 derför

58 405 105 23 godtgjord.

160 464 211 26 Donationsfonden.

81 510 36 17 Att
135 509 23 18 dä
173 509 56 18 bland
242 509 102 22 utgifterna
356 509 117 18 förekomma

59 544 59 17 under
128 544 90 17 rubriken
228 543 244 23 ,förvaltningskostnader,

60 578 102 23 utskylder,
175 579 198 22 godemannaarvoden
385 579 31 17 vid
425 580 47 16 stor-

59 613 70 17 skiften
148 619 24 11 m.
190 614 35 17 m.'
240 613 35 17 den
288 613 185 22 betydande'posten

60 647 19 18 af
91 648 74 21 501,525
177 647 53 18 mark
243 648 22 17 80
277 653 24 16 p.,
315 647 31 18 det
358 653 43 12 vore
415 647 20 18 af
446 648 27 17 in-

59 684 60 15 tresse
137 681 30 18 för
186 681 104 18 Ständerna
303 683 28 16 att
343 681 71 18 erhälla
427 687 46 17 upp-

60 716 74 23 lysning
146 717 50 16 huru
208 718 40 15 stor
261 716 29 17 del
304 716 20 17 af
331 715 142 24 ifrägavarande

60 752 44 21 post
115 751 75 22 belöpte
204 751 27 22 sig
243 749 25 24 pä
280 751 144 22 förvaltningen,
432 756 42 12 men

61 785 94 18 böckerna
168 791 43 12 vore
224 784 21 18 sä
257 785 59 21 förda,
333 787 28 16 att
374 785 100 22 utredning

61 820 64 17 härom
138 820 42 17 icke
192 819 64 18 kunde
268 820 65 17 vinnas
346 821 44 16 utan
404 821 28 16 att
444 825 30 17 ge-

61 853 67 23 nomgä
149 859 21 12 en
192 856 38 15 stor
249 854 67 22 mängd
335 854 20 17 af
372 854 112 23 räkningari

248 888 144 18 Statsutskottet
413 890 62 16 ansett

61 923 28 22 sig
107 923 46 17 böra
171 923 60 17 uttala
250 923 34 17 den
298 923 77 21 önskan,
388 925 29 16 att
428 923 46 18 bok-

61 957 85 22 föringen
159 957 29 18 för
201 957 168 18 donationsfonden
381 957 62 18 blefve
454 956 21 19 sä

62 991 76 22 ordnad,
160 993 27 16 att
208 992 55 17 derur
281 992 108 23 framginge,
409 992 65 17 hvilka

62 1026 77 23 utgifter
152 1026 69 23 fonden
234 1026 42 18 haft
288 1027 59 17 skildt
359 1026 29 17 för
397 1026 77 18 förvalt-

61 1061 68 22 ningen
143 1061 35 17 och
191 1061 59 17 skildt
262 1061 29 17 för
304 1061 102 22 utskylder.

61 888 35 18 och
117 889 107 22 gvittenser,

85 1163 91 23 Slutligen
191 1164 35 17 har
240 1164 101 21 Utskottet,
354 1164 80 17 rörande
447 1169 27 12 re-

62 1199 93 17 lationens
176 1199 128 22 uppställning
325 1199 29 17 för
373 1198 102 18 framtiden

61 1232 105 18 framhällit
183 1233 149 18 önskvärdheten
352 1233 57 21 deraf,
429 1233 46 18 atti

61 1267 105 18 relationen
179 1267 61 18 skulle
253 1267 95 18 meddelas
361 1267 16 22 ej
391 1267 48 18 blott
449 1269 26 16 ett

62 1302 130 22 sammandrag
204 1302 20 17 af
232 1302 153 22 räkenskaperna
394 1302 29 18 för
431 1302 44 18 hela

863 96 10 8 7

483 96 31 20 XI
865 102 6 15 7

835 96 24 20 19

513 164 54 17 Efter
580 164 63 17 dertill
657 163 80 19 erhållet
745 163 64 23 nådigt
817 162 86 19 tillstånd

489 199 36 17 har
533 198 230 18 bränvinsmedelsfonden
772 198 21 18 år
801 198 44 17 1884
851 198 52 22 godt-

489 233 60 22 gjorts
568 233 6 16 i
593 235 54 15 ränta
665 232 29 18 för
713 232 142 23 ifrågavarande
873 231 30 19 lån

491 268 73 20 106,250
577 268 59 17 mark.

515 509 205 22 Kapitalräkningarna
738 508 56 18 hafva
808 508 6 17 i
827 508 47 23 följd
887 508 19 17 af

492 542 117 19 motstående
623 543 97 18 uttalande
732 542 42 18 från
787 543 33 17 och
835 543 41 17 med
885 541 21 19 år

493 579 43 16 1881
554 577 76 18 erhållit
642 577 34 18 den
690 577 112 18 förändrade
816 577 89 22 uppställ-

491 613 51 22 ning,
556 614 28 16 att
597 612 55 17 derur
665 611 82 24 framgår
759 612 88 22 beloppet
855 611 21 18 af
883 611 22 18 de

493 647 78 22 utgifter
579 647 29 17 för
617 647 51 17 olika
678 645 91 23 ändamål,
779 652 39 12 som
826 646 42 17 med
875 646 30 17 do-

493 681 154 18 nationsfondens
660 681 59 18 medel
732 681 63 18 blifvit
805 681 100 18 bestridda.

517 1163 26 18 På
556 1165 38 16 sätt
604 1164 20 17 af
632 1164 122 17 förevarande
763 1162 80 19 relation
851 1163 56 18 fram-

494 1197 33 24 går
548 1199 34 17 har
602 1198 108 18 densamma
729 1197 100 23 undergått
850 1197 57 18 sådan

493 1233 103 18 förändrad
608 1233 133 22 uppställning,
754 1234 27 16 att
790 1237 23 12 en
821 1232 86 17 fullstän-

495 1267 63 22 digare
577 1267 71 18 inblick
662 1267 6 17 i
681 1267 100 18 fondernas
794 1266 114 22 förvaltning

495 1302 36 18 och
544 1302 22 18 de
578 1302 136 22 förändringar,
728 1307 39 12 som
780 1301 42 17 med
831 1301 41 17 dem
881 1300 26 18 in-

60 1336 134 22 tidsperioden,
213 1338 45 16 utan
278 1336 54 18 äfven
351 1332 118 39 summariska
478 1342 7 25 |

61 1370 104 23 räkningar
177 1370 29 18 för
217 1371 66 22 hvarje
296 1369 26 19 år.
484 1368 1 24 |

494 1336 70 21 träffat,
581 1336 57 18 borde
651 1336 64 18 kunna
728 1336 65 17 vinnas
806 1336 35 17 och
854 1335 54 17 äfven

495 1371 200 22 granskningsarbetet
707 1370 122 18 underlättas.
