1086 1717
492 142 11 21 I
823 144 26 20 27

119 211 40 21 och
175 210 86 22 teknisk
276 210 109 27 synpunkt
401 210 88 27 nådigst
504 210 96 21 tillsatta
615 210 89 26 komité,
715 210 91 22 hvarvid
817 210 62 22 Stän-

120 246 72 24 derna,
208 247 54 19 enär
278 244 139 22 derförinnan
433 244 106 22 särskildt
555 245 121 21 redovisats
687 244 34 22 för
731 245 27 21 de
769 246 34 21 till
814 246 65 20 stats-

117 280 155 27 jernvägarnes
301 279 114 21 underhåll
443 280 40 20 och
509 279 129 27 trafikering
664 280 82 26 årligen
772 280 108 27 beviljade

119 314 135 27 statsanslag
276 314 40 21 och
336 314 104 21 särskildt
455 313 34 21 för
505 314 156 27 inkomsterna,
677 314 74 21 hvilka
767 314 114 22 efterhand

118 349 35 21 till
168 349 104 21 Finlands
288 348 139 22 Statskontor
443 348 150 26 inlevererats,
609 348 99 21 förordat
723 348 38 21 det
776 348 23 21 af
812 349 68 21 komi-

118 384 38 20 tén
178 383 123 26 föreslagna
323 382 179 27 bokföringssätt,
529 382 67 27 enligt
619 382 84 22 hvilket
722 383 61 21 såväl
798 382 82 22 inkom-

119 420 74 20 sterna
216 424 45 15 som
284 416 117 28 utgifterna
420 417 37 22 vid
476 418 83 20 statens
573 417 117 27 jernvägar
705 417 54 21 böra
775 417 7 21 i
798 423 83 16 samma

119 453 93 26 räkning
232 453 111 26 upptagas.
381 452 51 21 Med
447 452 158 21 föranledande
620 452 66 21 häraf
699 452 40 21 har
753 452 61 21 Hans
830 452 51 27 Kej-

119 487 79 26 serliga
213 487 103 26 Majestät
330 487 8 20 i
353 487 68 21 nåder
435 486 82 27 tillåtit,
536 486 36 21 det
588 487 68 20 sådan
672 486 209 27 räkenskapsmetod

120 523 36 20 må
171 522 36 20 vid
221 521 262 27 jernvägsförvaltningen
498 521 49 21 från
564 521 40 21 och
620 521 49 21 med
685 522 24 20 år
725 522 55 20 1885
791 521 89 27 införas,

122 558 33 19 att
179 556 43 21 alla
245 556 118 21 inkomster
387 556 39 21 och
449 555 92 27 utgifter
556 556 7 21 i
579 562 27 15 en
620 555 177 27 hufvudräkning
812 555 69 21 under

121 590 64 22 debet
209 590 39 21 och
271 590 70 21 kredit
361 592 57 19 emot
433 590 123 21 hvarandra
572 592 115 25 upptagas,
702 590 120 27 hvarjemte
837 589 43 22 för-

121 625 95 27 ordnats,
232 626 33 19 att
282 625 209 26 statsjernvägarnes
507 625 91 26 utgifter
615 625 63 20 skola
692 625 123 25 framdeles,
831 624 50 21 räk-

120 660 54 21 nadt
195 659 48 21 från
266 659 40 21 och
329 659 48 21 med
399 659 69 27 sagda
491 660 31 26 år,
541 659 109 21 bestridas
666 659 50 21 med
731 658 149 22 trafikinkom-

121 696 73 19 sterna
210 695 58 20 samt
283 693 77 22 endast
374 693 144 22 öfverskottet
531 693 23 22 af
564 694 63 21 dessa
637 694 120 21 inkomster
768 693 33 21 till
811 693 69 22 Stats-

120 728 102 21 kontoret
237 728 137 21 inlevereras.

190 763 122 21 Ständerna
326 763 64 20 hafva
404 763 80 26 jemväl
500 762 120 21 framhållit
635 762 109 21 komiténs
755 761 82 27 förslag
848 763 33 20 att

119 797 215 27 Jernvägsstyrelsen
354 797 70 21 skulle
443 797 122 26 berättigas
581 799 33 18 att
629 797 8 20 i
651 797 176 28 förekommande
842 795 38 22 fall

121 832 40 21 och
182 831 55 22 efter
256 831 33 27 sig
304 831 125 22 företeende
445 831 185 27 omständigheter
647 831 78 27 bevilja
740 831 141 26 nedsättning

121 867 14 20 å
151 866 26 21 de
192 866 7 21 i
214 865 130 22 trafiktaxan
360 866 115 21 faststälda
486 866 77 26 priser.
589 865 38 22 Uti
638 867 12 20 6
661 865 12 28 $
685 865 23 22 af
717 865 80 27 nådiga
807 864 74 22 trafik-

121 901 143 26 reglementet
286 901 33 20 för
342 901 200 26 statsjernvägarne
566 900 23 21 af
610 900 41 21 den
673 901 26 20 18
719 900 90 21 Januari
827 900 53 21 1883

121 935 41 21 har
177 935 120 27 stadgande
313 935 41 21 fått
369 935 75 27 inflyta
461 935 81 27 derom,
554 937 32 19 att
598 935 213 26 Jernvägsstyrelsen
822 940 57 21 eger,

121 971 29 26 på
165 969 104 28 ansökan,
288 969 34 22 för
337 969 106 22 särskilda
459 969 39 21 fall
515 969 40 22 och
570 969 104 27 uppgifna
690 969 191 21 varuförsändnin-

122 1010 41 21 gar
184 1004 81 27 bevilja
288 1004 58 21 ända
367 1004 33 21 till
422 1004 63 27 tjugu
508 1005 101 26 procents
631 1003 141 27 nedsättning
791 1003 24 21 af
833 1003 48 21 de
869 999 17 36 i

123 1039 101 27 gällande
239 1041 53 19 taxa
306 1039 115 21 bestämda
435 1038 155 27 fraktafgifter.

190 1073 138 22 Beträffande
352 1073 41 21 den
417 1073 22 21 af
460 1073 98 21 komitén
574 1073 77 21 väckta
667 1073 40 21 och
723 1073 22 21 af
760 1073 122 21 Ständerna

121 1107 131 22 framhållna
266 1107 62 27 fråga
344 1113 34 16 om
393 1107 132 27 indragning
536 1107 23 21 af
568 1105 314 29 gensdarmpoliskommandot

123 1143 14 20 å
149 1142 144 27 jernvägarne
312 1142 57 21 inom
385 1141 66 22 finskt
467 1142 96 27 område,
578 1142 97 21 kommer
690 1144 100 19 närmare
806 1141 76 26 nådigt

124 1176 146 22 förordnande
286 1178 33 20 att
334 1177 115 21 framdeles
464 1177 119 21 meddelas.

190 1212 56 20 49:0.
277 1211 71 22 Jemte
362 1211 138 27 underdånig
517 1211 113 22 skrifvelse
646 1211 24 21 af
684 1211 41 21 den
739 1212 13 20 2
763 1210 52 22 Juni
827 1211 54 20 1882

122 1245 64 21 hafva
210 1245 122 22 Ständerna
356 1246 88 21 insändt
467 1245 180 22 Statsutskottets
667 1245 139 22 betänkande
821 1244 8 21 i
844 1251 38 14 an-

122 1280 89 27 ledning
226 1279 24 22 af
262 1280 246 27 Finansexpeditionens
525 1281 6 20 i
548 1280 106 22 Senatens
664 1279 219 27 Ekonomiedeparte-

122 1316 60 19 ment
196 1314 34 21 till
246 1314 121 22 Ständerna
383 1314 84 28 afgifna
477 1315 94 21 relation
583 1321 34 15 om
628 1315 144 21 statsverkets
783 1313 100 22 tillstånd

122 1348 8 22 i
153 1348 102 22 afseende
278 1350 13 20 å
314 1349 130 27 vidtagande
463 1349 24 21 af
505 1349 27 21 de
552 1349 109 27 åtgärder,
681 1349 34 21 till
730 1348 74 22 hvilka
819 1348 26 21 de
861 1347 24 22 af

123 1382 173 22 Statsutskottet
314 1384 76 26 gjorda
413 1383 123 27 erinringar
555 1384 41 21 och
614 1384 87 26 förslag,
718 1384 24 20 så
757 1383 46 21 vidt
819 1382 27 22 de
861 1382 24 21 af

123 1417 123 22 Ständerna
268 1418 113 27 godkänts,
404 1418 73 21 kunde
497 1418 58 26 gifva
575 1418 124 26 anledning.
729 1417 64 21 Hvad
807 1417 8 21 i
829 1416 54 27 följd

123 1451 64 22 häraf
207 1451 72 22 blifvit
301 1452 114 28 tillgjordt,
439 1452 126 22 framhälles
581 1452 7 21 i
604 1452 42 21 den
660 1452 34 21 till
710 1452 123 21 Ständerna
847 1450 37 22 vid
