1086 1717
219 142 21 16 02
482 142 21 17 U.
516 142 21 16 B.
549 152 22 2 —
584 143 82 16 XXXIIL.

548 198 12 28 8
576 199 21 21 9.

240 232 69 35 Har
326 223 190 44 'bankfullmäktig,
525 233 83 29 "medan
624 230 63 30 detta
696 238 54 26 hans
765 228 97 42 uppdrag
876 236 70 29 varar,

194 271 71 21 blifvit
287 263 56 29 stäld
358 270 75 22 under
451 278 82 14 annans
548 268 237 30 förmyndareinseende
800 271 53 21 eller
867 271 80 22 afträdt

194 305 38 20 sitt
246 304 28 21 bo
289 305 33 21 till
338 305 47 21 sina
400 305 130 27 borgenärer
544 305 53 21 eller
612 306 70 20 dömts
697 305 99 27 förlustig
811 306 135 25 medborger-

192 338 41 26 ligt
247 338 122 21 förtroende
385 338 52 21 eller
452 338 118 21 förklarats
583 339 89 26 ovärdig
686 340 32 20 att
731 338 47 22 föra
788 345 81 15 annans
879 338 67 26 talan,

194 372 55 20 skall
262 372 43 29 hån
317 372 50 30 från
383 369 279 30 fullmäktigsbefattningen
678 372 55 27 afgä.

260 473 190 27 Bankfullmäktig,
473 479 45 16 som
538 473 44 22 icke
601 475 25 20 är
639 474 95 21 ledamot
748 474 7 21 i
770 474 176 21 bankfullmäkti-

191 512 38 20 ges
252 507 88 26 utskott,
363 507 98 26 åtnjuter,
477 514 32 13 om
525 506 42 21 han
582 508 26 19 är
624 507 65 21 bosatt
703 507 10 20 i
727 507 142 27 Helsingfors,
885 507 61 28 tjugu

191 539 61 21 mark
273 540 36 25 för
329 540 72 27 hvarje
423 541 40 26 dag
485 541 28 20 då
531 541 157 20 sammanträde
702 541 73 26 hålles,
791 547 47 16 men
854 542 91 26 uppbär,

192 579 33 15 om
248 574 42 21 han
312 576 24 19 är
358 574 46 21 från
427 581 69 14 annan
519 577 39 23 ort,
576 575 69 20 trettio
660 575 61 20 mark
736 575 6 20 i
758 575 187 26 dagtraktamente

190 607 109 23 äfvensom
321 613 70 16 annan
405 608 273 29 resekostnadsersättning
692 609 33 20 till
736 609 115 26 enabanda
863 609 81 26 belopp

190 647 46 15 som
258 641 27 20 de
307 641 8 20 i
336 641 69 26 fjerde
427 641 85 22 klassen
535 641 23 21 af
578 641 100 27 gällande
696 638 179 57 resereglamente
889 649 54 20 upp-

189 676 65 25 tagne
269 675 138 24 embetsmän.
490 697 1 3 N

257 709 106 24 Ledamot
384 709 7 21 i
414 709 105 21 utskottet
537 709 93 26 åtnjuter
644 709 7 21 i
663 688 73 51 årligt.
745 684 80 56 arvode
836 709 106 26 femtusen

188 742 61 21 mark
264 743 49 20 med
329 743 75 26 tillägg
415 743 65 22 likväl
495 743 34 20 för
544 743 47 25 den,
607 749 46 21 som
668 743 40 24 för
716 743 93 25 nämnda
823 743 118 27 befattning

188 775 48 21 från
259 782 69 15 annan
351 778 34 19 ort
407 776 32 23 till
463 775 135 28 Helsingfors
620 775 141 28 inflyttat,
735 771 26 37 af
774 778 91 19 tretusen
879 777 62 22 mark

189 809 83 27 årligen
294 810 68 21 under
383 810 27 21 de
433 812 33 19 tre
483 810 73 25 första
571 810 58 21 åren.
658 810 43 21 För
716 810 41 28 den
772 811 38 25 tid,
825 811 94 22 ledamot
933 811 7 21 i

188 843 106 21 utskottet
316 843 94 27 ätnjuter
431 843 101 27 ledighet,
555 843 118 22 innehälles
696 844 149 23 motsvarande
868 845 35 21 del
918 845 24 21 af

188 877 53 22 hans
256 877 93 26 arvode,.
358 877 119 27 beräknadt
492 877 54 22 efter
560 877 104 26 fermtusen
678 877 63 29 mark
755 884 34 15 om
804 877 52 26 året.

257 911 118 26 Suppleant
389 911 88 26 uppbär,
493 911 28 20 dä
534 911 42 20 han
591 911 121 23 företräder
726 911 94 26 ledamot
834 911 8 21 i
857 912 83 22 utskot-

187 945 38 24 tet,
248 944 34 21 för
304 944 73 26 hvarje
396 945 42 26 dag
457 944 81 21 femton
553 944 67 25 mark,
636 951 33 14 om
684 945 42 20 han
741 946 25 19 är
780 945 72 21 bosatt
865 945 7 22 i
888 945 51 22 Hel-

187 977 101 27 singfors,
311 980 61 23 samt,
395 978 6 21 i
424 978 102 21 händelse
544 978 40 21 han
596 978 41 27 bor
654 979 145 24 annorstädes,
815 979 123 26 dagtrakta-

186 1013 71 19 mente
280 1011 39 21 och
342 1011 276 27 resekostnadsersättning,
641 1012 33 21 till
696 1018 81 15 samma
799 1012 78 27 belopp
892 1018 45 15 som

186 1044 189 27 bankfullmäktig;
391 1044 51 21 dock
456 1045 37 20 mä
507 1045 121 26 suppleants
643 1044 176 27 dagtraktamente
833 1045 66 21 under
910 1047 28 19 ett

186 1078 26 20 är
234 1077 44 22 icke
300 1078 112 27 öfverstiga
434 1078 92 27 beloppet
548 1079 23 25 af
592 1079 34 21 det
648 1079 80 26 arvode,
751 1085 44 15 som
813 1078 124 22 tillkommer

186 1110 95 29 ledamot.

529 1145 15 50 8
562 1169 32 20 1.
812 1178 1 3 i

253 1208 75 21 Denna
350 1207 130 22 instruktion
502 1207 50 22 vare
571 1207 99 27 gällande
684 1179 60 49 int
756 1207 49 22 dess
819 1212 77 17 annan.
903 1208 32 21 in-

183 1241 107 20 struktion
313 1241 33 20 för
368 1241 190 26 bankfullmäktige
580 1241 70 21 blifvit
668 1240 24 22 af
710 1237 118 25 Ständerna
843 1243 91 24 antagen

183 1276 56 19 samt
253 1275 7 20 i
276 1274 50 27 laga
342 1275 89 26 ordning
446 1275 112 26 kungjord.

238 1383 2 2 *
251 1375 39 22 Om
306 1376 140 22 förenämnda
461 1353 81 54 förslag
554 1378 64 21 vinna
628 1378 131 21 Ständernas
769 1357 163 69 godkännande,

181 1410 35 20 får
224 1407 172 24 Bänkutskottöt
411 1410 110 22 vördsamt
533 1412 91 20 föreslå:
668 1414 49 11 In.

249 1449 138 17 Bankutskottets
399 1450 103 16 betänkande
514 1450 34 16 N:o
560 1450 18 16 3.
