1086 1717
822 146 27 22 29

190 208 204 22 Rådstufvurättens
409 208 8 22 i
432 208 24 22 Y.
473 209 42 21 den
532 210 26 20 15
573 208 123 22 November
720 210 55 21 1879
798 208 80 22 afkun-

122 244 56 21 nade
200 243 72 27 utslag
287 243 33 21 uti
335 245 30 19 ett
381 243 36 21 vid
432 242 99 22 bemälde
554 244 44 20 rätt
620 243 84 21 utfördt
722 243 45 21 mål
787 242 92 22 emellan

122 278 141 22 Direktionen
277 277 35 22 för
326 278 26 22 X.
367 278 236 27 sjöassuransförening
618 278 14 21 å
646 284 42 15 ena
703 280 56 19 samt
774 278 105 22 Kofferdi-

122 312 122 28 skepparen
260 312 19 22 J.
296 312 29 27 på
340 313 69 20 andra
423 312 70 27 sidan,
509 314 82 20 ömsom
606 312 98 22 kärande
715 313 40 21 och
766 314 111 26 svarande,

123 347 113 27 angående
255 346 107 22 särskilda
377 346 25 22 af
414 348 103 26 parterne
533 349 57 19 emot
605 347 124 22 hvarandra
744 347 79 22 väckta
836 348 43 21 for-

123 381 81 28 drings-
226 381 41 21 och
290 381 235 27 ersättningsanspråk,
546 381 46 21 blef
604 381 25 21 af
641 382 26 20 N.
683 381 94 27 Hofrätt,
792 382 87 21 hvarest

123 415 221 28 Kofferdiskepparen
360 415 19 22 J.
396 416 29 27 på
440 415 85 28 erlagdt
542 416 43 22 vad
604 416 62 21 sökte
689 416 98 27 ändring,
803 422 77 21 genom

124 452 50 21 dom
189 451 42 20 den
246 451 26 21 21
288 450 106 21 Februari
410 451 55 21 1881
482 451 108 27 upphäfdt
605 451 29 27 på
644 451 42 21 den
697 451 76 27 grund,
785 453 32 19 att
825 451 55 27 Våg-

125 487 109 20 mästaren
256 485 25 21 B.
297 485 71 21 såsom
386 485 7 20 i
413 485 195 22 Rådstufvurätten
629 485 135 28 adjungerad
786 485 95 22 ledamot

125 519 55 28 tagit
196 519 35 21 del
245 519 33 21 uti
293 519 76 21 målets
385 519 89 27 slutliga
489 519 119 28 afgörande
622 521 117 25 derstädes,
755 519 68 22 ehuru
838 520 43 21 han

125 553 48 22 icke
196 553 66 28 aflagt
276 554 27 21 de
318 553 34 22 för
366 553 87 22 inträde
468 553 37 22 vid
524 554 207 27 rättegångsverken
753 554 130 21 föreskrifna

125 587 165 28 kunskapsprof
307 587 41 22 och
363 588 90 25 således,
467 588 87 27 jemlikt
569 589 121 27 Kejserliga
705 589 83 22 brefvet
803 589 25 21 af
840 589 42 21 den

127 623 26 22 26
169 623 60 27 April
245 623 57 21 1870
316 623 113 26 angående
444 622 128 28 förändring
582 623 25 21 af
615 623 152 27 Magistratens
777 623 41 21 och
825 623 57 21 Råd-

126 657 156 22 stufvurättens
298 657 7 20 i
321 657 25 20 Y.
361 657 196 28 sammansättning
576 657 40 22 och
631 657 144 27 verksamhet,
791 657 19 28 ej
827 657 56 22 varit

126 692 89 27 behörig
236 694 32 19 att
286 692 72 21 såsom
381 692 87 21 domare
491 692 88 27 deltaga
594 692 8 21 i
617 693 26 20 de
658 692 36 21 vid
713 691 98 22 bemälde
826 692 58 21 Råd-

128 726 116 22 stufvurätt
260 725 176 22 förekommande
452 727 108 20 ärendens
578 726 169 27 handläggning,
763 726 120 27 hvarjemte

128 761 65 22 målet
208 761 24 21 af
246 760 115 21 Hofrätten
383 760 119 22 förvisades
525 760 91 21 tillbaka
635 761 34 20 till
683 760 199 26 Rådstufvurätten,

128 797 46 20 sbm
189 796 53 26 egde
265 796 119 20 detsamma
399 795 29 27 på
443 795 102 21 anmälan
565 795 48 21 åter
628 795 98 27 företaga
741 795 40 21 och
797 795 87 21 dermed

128 830 93 27 lagligen
236 829 81 22 förfara
332 831 53 19 utan
400 829 78 22 hinder
493 829 24 22 af
525 831 36 20 det
571 829 67 28 förra,
646 829 91 22 sålunda
748 830 137 27 undanröjda

128 864 100 27 utslaget.

196 899 11 20 I
222 897 118 28 anledning
355 897 65 22 häraf
432 898 85 28 yrkade
540 898 221 27 Kofferdiskepparen
777 898 20 21 J.
812 898 72 27 någon

129 933 32 22 tid
177 932 92 22 derefter
283 932 33 21 uti
332 939 26 14 en
373 932 34 21 till
421 932 117 22 Hofrätten
553 933 96 27 ingifven
664 933 69 26 skrift,
745 935 33 19 att
787 933 98 21 Justitie-

130 968 134 21 rådmannen
278 967 26 21 L.
320 966 41 22 och
375 967 283 25 Rådstufvurättsnotarien,
682 968 123 21 sedermera
819 967 67 21 Justi-

129 1002 171 25 tierådmannen,
323 1001 32 26 Å.,
377 1008 79 21 genom
478 1001 86 22 hvilkas
586 1003 78 26 åtgärd
686 1002 156 27 Vågmästaren
861 1001 24 22 B.

130 1036 70 22 blifvit
218 1036 4 21 i
236 1035 192 22 Rådstufvurätten
448 1037 142 27 adjungerad,
606 1037 73 20 derför
694 1037 67 21 måtte
775 1036 64 21 fällas
855 1036 33 21 till

131 1077 78 16 ansvar
224 1070 42 21 och
280 1070 115 27 förpligtas
409 1071 108 26 godtgöra
533 1071 20 22 J.
568 1071 60 21 lösen
639 1071 33 21 för
682 1071 206 22 Rådstufvurättens

131 1105 108 28 protokoll
254 1105 41 21 och
310 1105 71 27 utslag
391 1105 8 20 i
409 1105 144 22 omförmälda
568 1105 44 22 mål
627 1107 56 20 samt
698 1105 147 22 kostnaderna
855 1105 34 22 för

131 1141 76 21 vadets
230 1139 136 28 fullföljande
388 1140 8 20 i
415 1139 122 22 Hofrätten.
568 1140 71 21 Sedan
662 1140 115 21 Hofrätten
792 1140 8 21 i
815 1139 74 22 anled-

132 1175 52 27 ning
204 1174 64 21 häraf
288 1174 73 21 utlåtit
377 1175 32 26 sig
424 1181 79 20 genom
522 1175 71 27 utslag
609 1175 41 21 den
668 1175 27 21 14
710 1175 52 21 Juni
778 1175 54 21 1881
849 1175 41 21 och

132 1209 72 22 funnit
218 1209 142 21 Rädmännen
374 1209 37 20 L:s
427 1209 40 21 och
483 1209 37 21 A:s
535 1209 172 27 ofvanuppgifna
729 1208 124 22 förfarande
869 1209 19 27 ej

133 1250 52 15 vara
200 1243 24 22 af
237 1244 68 20 sådan
327 1243 156 26 beskaffenhet,
505 1245 32 19 att
560 1244 120 21 detsamma
702 1243 73 21 kunde
793 1243 34 21 för
842 1244 49 20 dem

133 1278 67 27 något
218 1285 78 15 ansvar
316 1277 51 22 eller
389 1277 99 28 påyrkad
511 1277 253 29 ersättningsskyldighet
787 1277 104 25 medföra,

135 1314 55 20 samt
209 1312 65 28 förty.
287 1312 81 21 lemnat
391 1312 223 28 Kofferdiskepparen
630 1312 32 22 J:s
678 1313 116 21 omordade
809 1312 80 26 klagan

134 1349 54 19 utan
203 1346 73 22 vidare
299 1346 108 27 afseende,
427 1346 91 22 anförde
535 1347 19 21 J.
570 1346 100 22 häröfver
692 1346 149 27 underdåniga
856 1346 36 21 be-

135 1383 54 24 svär,
206 1382 52 20 derå
273 1381 120 27 Kejserliga
416 1381 95 21 Senaten
527 1382 32 20 uti
574 1381 72 27 utslag
662 1382 42 20 den
722 1383 25 20 15
762 1381 57 21 Mars
837 1382 54 20 1882

135 1416 123 21 förklarade
274 1415 115 21 Hofrätten
404 1415 49 21 icke
469 1416 66 21 hafva
545 1418 35 24 egt
592 1416 117 26 anledning
720 1418 31 18 att
762 1415 72 21 lemna
842 1415 51 21 Kof-

136 1450 178 27 ferdiskepparen
331 1450 31 21 J:s
378 1449 80 28 klagan
469 1453 55 18 utan
535 1450 101 21 afseende
647 1450 40 21 och
697 1449 134 22 fördenskull
839 1456 55 20 upp-
