1086 1717
219 152 25 20 52

187 422 37 24 III.
250 422 259 32 Bankfullmäktiges
525 422 230 32 framställningar
771 421 48 26 och
836 422 106 32 förslag.

291 489 18 19 1.
336 487 80 27 Tillägg
431 487 37 22 oeh
483 487 150 27 förändringar
648 487 8 20 i
670 487 101 21 Bankens
787 489 49 20 stat.

58 563 10 10 a
91 556 41 18 Stat
144 556 29 18 för
257 553 25 21 a)
298 549 80 22 Säsom
393 549 72 22 ofvan
480 549 71 22 redan
566 549 96 28 anförts,
678 549 48 28 har,
737 549 30 28 pä
777 549 77 28 grund
864 549 27 22 af
899 549 45 22 den

60 580 105 40 kontoret
164 576 12 48 i
189 586 25 20 14
229 583 133 22 November
378 587 53 19 1883
448 583 132 22 meddeladt
594 583 84 29 nådigt
692 583 68 22 bifall
771 583 38 22 till
819 583 124 22 Bankfull-

98 616 4 3 =
153 616 3 4 =
186 618 117 29 mäktiges
325 617 180 29 framställning,
528 620 34 19 ett
582 617 112 22 Finlands
712 618 81 21 Banks
809 618 85 21 kontor
908 618 35 21 in-

186 654 84 19 rättats
286 652 8 21 i
308 652 106 22 Joensuu
437 652 52 21 stad
513 654 59 19 samt
595 654 99 27 öppnats
718 651 45 22 den
780 655 9 19 1
807 652 50 22 Juli
881 655 61 25 1884,

186 687 128 29 hvarjemte
337 687 110 21 Bankens
463 689 123 26 agenturer
601 687 8 21 i
624 687 119 21 Kexholm
758 687 43 21 och
818 687 125 22 Sordavala

187 721 121 29 samtidigt
322 721 121 29 indragits.
475 722 48 21 För
537 721 100 22 nämnda
652 721 85 22 kontor
753 721 121 22 faststälde
887 722 56 29 Kej-

186 756 87 29 serliga
296 757 106 27 Senaten,
418 757 9 20 i
443 757 105 28 enlighet
570 756 52 21 med
644 755 230 29 Bankfullmäktiges
896 756 48 22 för-

188 790 56 29 slag,
261 798 29 14 en
306 790 124 29 sälydande
447 792 56 20 stat:

256 865 52 22 Stat
323 865 37 22 för
374 865 113 22 Finlands
503 865 79 22 Banks
599 865 85 22 kontor
700 865 8 21 i
723 864 112 23 Joensuu.

719 951 34 18 mg
780 953 21 16 |14|
842 951 33 18 Fm
915 956 17 12 |m

203 1000 8 19 1
227 994 14 38 |
243 998 228 22 Bankkommissarie
493 999 30 28 pä
545 1000 64 19 extra
635 1000 53 26 stat,

274 1033 84 21 arvode
398 1049 4 5 .
434 1050 4 4 .
541 1049 111 6 LL
684 1050 4 4 L
708 1035 98 26 16,000—]
848 1044 28 3 —
912 1045 25 3 |—

273 1067 301 28 missräkningspenningar
612 1085 3 4 .
648 1084 4 5 .
684 1069 121 25 .|2,000—':
837 1069 101 25 8,000/—

204 1103 10 20 1|
243 1101 153 22 Kontrollant
434 1118 5 5 .
469 1118 4 4 so
505 1118 5 5 so
541 1117 4 5 <
577 1118 39 5 sv
648 1118 4 4 cv
690 1117 1 5 I
732 1113 27 3 —
778 1113 28 3 |—]
838 1103 100 25 1,500/—

203 1137 10 20 1|
243 1135 220 22 Kontorsskrifvare
507 1153 4 4 i.
542 1153 4 4 .
578 1152 4 5 .
613 1152 4 4 .
649 1153 4 4 .
689 1152 1 5 |
734 1147 72 17 —|—]
836 1137 102 25 2,400/—|

203 1172 9 19 1
224 1165 13 38 |
244 1169 163 22 Vaktmästare
436 1187 4 4 .
471 1187 4 5 .
544 1165 13 38 <
613 1186 4 5 «vo
689 1186 1 5 |
732 1170 75 15 —1i—|
858 1171 80 20 —600/—

244 1203 48 22 Till
309 1203 51 28 ved,
379 1203 46 29 ljus
442 1203 43 22 och
501 1211 112 22 expenser
628 1206 63 19 emot

274 1238 164 28 redovisning.
469 1255 5 4 .
506 1255 5 4 .
541 1255 5 5 .
577 1255 4 4 +
613 1255 40 5 <.
684 1255 5 5 «|
732 1251 27 2 —
773 1251 38 14 i
837 1240 101 25 1,000/—|

596 1278 94 22 Summa|
732 1291 27 3 —
774 1273 164 33 '-|13,500/—|

255 1353 35 21 De
312 1353 57 28 skäl,
393 1360 50 15 som
465 1353 40 21 vid
527 1352 173 29 behandlingen
723 1352 26 22 af
769 1352 174 28 ifrägavarande

184 1386 86 22 ärende
293 1388 61 21 varit
375 1387 38 22 för
435 1387 217 29 Bankfullmäktige
675 1386 181 28 bestämmande,
873 1386 71 22 hafva

184 1421 72 21 redan
278 1422 110 28 utförligt
407 1422 147 22 framhållits.
585 1422 49 22 Och
648 1422 62 28 våga
724 1420 219 28 Bankfullmäktige

184 1455 79 22 derför
285 1456 88 29 hoppas
396 1459 35 19 att
453 1456 112 29 åtgärden
584 1456 60 22 skall
660 1456 73 22 vinna
747 1455 135 23 Utskottets
899 1455 44 21 och

184 1490 143 22 Ständernas
341 1490 108 30 benägna
463 1490 177 30 godkännande.
