1086 1717
416 230 25 22 U.
457 230 24 22 B.
497 243 27 3 —
540 230 37 22 N:o
592 230 20 22 2.
837 230 14 20 3

344 297 31 19 att
388 294 159 28 Ridderskapet
558 294 38 21 och
604 294 72 21 Adeln
685 296 56 19 samt
748 293 86 21 Preste-
843 292 38 22 och

275 328 190 29 Borgarestånden
487 329 50 21 ville
561 328 85 22 tilldela
668 328 213 27 Folkupplysnings-

278 364 117 27 sällskapet
411 366 30 18 ett
457 363 74 28 belopp
546 363 30 27 af
587 364 65 26 4,000
668 363 62 21 mark
739 362 42 28 för
796 363 56 24 året;

345 406 30 19 att
390 403 159 28 Ridderskapet
564 403 38 21 och
617 403 71 21 Adeln
703 405 56 19 samt
774 402 107 29 Borgare-

277 439 85 21 ståndet
383 439 50 20 ville
443 439 102 26 jörunna
561 437 178 28 Finsk-Ugriska
749 437 132 28 föreningen

276 480 26 14 en
317 480 83 14 summa
416 473 30 27 af
456 474 67 26 2,000
538 473 62 21 mark
616 473 93 27 årligen;

345 516 31 18 att
391 513 159 28 Ridderskapet
558 513 38 21 och
603 513 72 21 Adeln
683 515 55 19 samt
746 513 135 21 Bondestän-

280 548 34 21 det
330 548 47 21 ville
393 549 22 20 åt
430 547 85 22 Finska
534 547 131 28 Vetenskaps
681 547 116 22 Societeten
811 548 70 21 såsom

279 582 76 28 bidrag
377 583 34 20 till
435 582 127 21 bekostande
578 583 29 26 af
618 582 140 28 tryckningen
773 583 30 26 af
809 582 73 27 finska

278 617 229 27 polarexpeditionens
523 617 85 21 arbeten
623 617 64 21 anslå
702 618 80 26 10,000
798 617 61 21 mark
875 617 7 20 i

279 653 28 19 ett
324 651 41 28 för
387 651 46 25 allt,
449 652 109 26 äfvensom

346 688 31 19 att
393 686 103 27 samtliga
512 685 76 28 Stånd,
604 687 48 20 med
668 686 137 28 nedsättning
816 688 23 25 af
842 686 40 21 det

280 720 29 27 af
324 719 100 22 Utskottet
439 720 146 27 härförinnan
598 720 130 29 föreslagna
743 721 38 20 och
797 723 24 25 af
822 721 59 21 Rid-

278 755 113 27 derskapet
413 755 38 20 och
473 755 69 21 Adeln
566 758 56 18 samt
636 755 182 28 Borgareständet
830 755 52 28 god-

277 788 74 21 kända
362 789 81 27 belopp,
458 790 50 20 ville
524 790 21 21 ät
558 789 129 28 föreningen
704 807 8 9 ,
716 789 95 22 Svenska
820 789 63 28 folk-

280 823 87 21 skolans
381 825 93 20 vänner"
493 824 77 27 bevilja
586 826 28 19 ett
630 824 76 28 bidrag
716 825 28 27 af
748 825 65 27 1,500
821 825 62 20 mark

270 857 46 27 för
330 859 51 20 året.

209 903 145 28 Helsingfors,
369 904 41 21 den
428 905 26 20 12
469 905 44 27 Maj
531 905 61 21 1885.

210 1576 153 18 Bankutskottets
376 1577 115 18 betänkande
502 1577 37 18 N:o
550 1578 18 17 2.
