1086 1717
430 152 21 16 U.
463 152 21 16 B.
509 161 20 3 —
543 152 83 16 XXXII
867 151 21 16 53

224 209 46 21 Har
284 208 143 22 föreskrifven
441 208 135 26 inventering
590 208 131 29 uraktlätits,
735 213 51 15 vare
801 208 48 25 den,
866 212 46 16 som

156 243 33 21 sin
211 240 270 28 inventeringsskyldighet
503 240 133 28 försummat,
649 238 86 30 pligtig
751 242 32 20 att
795 242 66 26 jemte
877 246 35 16 ve-

157 276 139 22 derbörande'
313 276 129 26 redögörare
465 277 81 20 ersätta
569 276 61 25 brist,
649 274 51 22 Som
714 275 39 21 vid
756 272 156 24 nästskeende

155 310 136 26 inventering
306 310 42 20 kan
363 315 73 21 yppas,
453 316 48 15 men
517 316 49 14 vare
583 310 120 26 berättigad
718 310 32 20 att
765 308 23 22 af
802 309 69 21 denne
880 306 33 24 el-

157 345 38 27 ler,
211 345 38 21 der
260 343 38 22 tvä
317 344 53 21 eller
385 344 51 21 flere
452 346 37 19 äro
505 344 33 21 för
554 344 80 21 bristen
650 344 119 26 ansvarige,
785 343 23 21 af
823 344 48 20 dem
880 348 33 16 er-

156 378 58 22 hällä
230 378 120 26 ersättning
364 378 34 20 för
413 378 54 20 hvad
484 378 42 21 han
541 378 68 26 iföljd
619 377 63 21 häraf
687 377 90 21 kommit
785 378 31 20 att
824 376 89 27 utgifva.

225 412 11 21 I
258 412 44 20 alla
324 412 26 21 de
373 412 44 26 fall,
434 412 27 20 dä
477 411 253 27 ersättningsskyldighet
745 410 23 22 af
781 411 39 21 här
835 410 78 22 omför-

157 447 57 20 mäld
238 446 145 21 beskaffenhet
406 446 27 27 pä
455 446 84 27 engång
562 446 82 26 åligger
666 445 57 26 flere,
746 447 37 19 äro
799 445 27 21 de
841 444 73 22 derför

158 480 112 26 ansvarige
292 486 26 15 en
340 480 34 21 för
392 480 43 21 alla
454 479 39 22 och
509 480 42 21 alla
566 479 34 22 för
615 486 33 15 en.
668 475 11 35 :
678 479 52 22 Men
743 479 40 21 har
799 479 66 21 sådan
881 484 33 15 er-

158 513 231 28 sästningsskyldighet
412 510 70 25 blifvit
503 514 71 26 någon
597 513 85 22 åhvälfd
705 513 30 27 på
751 513 69 27 grund
835 513 23 21 af
871 513 43 20 för-

159 548 114 21 summelse
288 548 7 20 i
310 548 78 21 honom
404 547 113 27 åliggande
532 548 102 25 kontroll,
650 548 25 20 är
690 547 41 21 han
747 547 120 26 berättigad
883 548 31 19 att

159 581 33 22 för
207 582 55 21 hvad
278 581 42 22 han
335 582 6 20 i
358 580 77 23 sådant
449 581 102 22 afseende
566 581 87 27 utgifvit
660 581 81 22 erhålla
749 581 136 28 godtgörelse
893 580 23 22 af

159 616 47 26 den,
223 622 45 15 som
284 615 34 22 för
334 616 81 21 bristen
430 617 97 20 närmast
541 616 86 21 har-att
642 621 97 16 ansvara.

507 677 11 28 8
535 678 33 21 72.

228 717 72 26 Yppas
316 717 75 21 balans
407 717 38 21 och
461 718 78 21 varder
553 717 82 21 bristen
650 717 47 26 icke
712 692 75 52 genast
801 717 52 26 fyld,
865 723 51 20 eger

161 749 141 28 direktionen,
326 751 66 21 sedan
414 751 168 27 balansräkning
604 751 71 21 blifvit
690 751 104 27 uppgjord
809 752 56 20 samt
880 757 35 14 ve-

160 785 133 21 derbörande
312 785 129 26 redogörare
457 785 91 21 lemnats
564 785 86 22 tillfälle
665 787 32 20 att
712 785 31 26 sig
759 785 98 21 deröfver
872 784 43 21 för-

160 819 67 26 klara,
244 819 107 20 fastställa
366 819 93 20 bristens
474 819 77 26 belopp
570 825 69 20 genom
654 819 81 26 utslag,
752 818 113 21 hvaröfver
879 818 37 21 be-

161 855 48 18 svär
224 852 34 21 fär
273 853 57 20 inom
346 853 73 20 trettio
435 853 66 26 dagar
517 853 54 21 efter
586 853 124 21 delfäendet
724 852 86 22 anföras
825 853 7 20 i
850 852 66 21 Sena-

160 888 48 20 tens
223 886 118 21 Ekonomie
356 886 161 27 Departement.

507 949 12 26 8
535 949 34 21 73.

230 988 50 26 Mål,
296 988 60 21 hvari
372 988 186 27 bankfullmäktig,
574 988 120 21 komiterad
706 989 53 20 eller
769 988 96 21 bankens
873 994 43 15 em-

161 1023 57 20 bets-
241 1022 53 21 eller
316 1022 130 27 tjensteman
467 1023 91 20 tilltalas
580 1022 34 21 för
633 1022 29 21 fel
678 1022 53 21 eller
744 1022 150 21 försummelse
908 1022 8 21 i

161 1057 99 26 tjensten,
283 1058 105 25 upptages
411 1056 39 21 och
472 1056 85 27 afgöres
575 1056 24 21 af
616 1057 40 20 den
676 1056 86 26 hofrätt,
780 1056 57 21 inom
852 1056 64 21 hvars

163 1090 108 27 domvärjo
294 1089 52 22 felet
368 1090 54 21 eller
443 1089 165 22 försummelsen
631 1092 37 24 egt
682 1096 53 15 rum.
764 1090 98 21 Embets-
877 1090 39 21 och

161 1124 129 27 tjenstemän
312 1124 35 21 vid
369 1123 102 22 kontoret
485 1124 7 20 i
509 1124 32 21 S:t
559 1124 131 27 Petersburg
705 1124 49 27 lyda
768 1124 8 20 i
791 1124 59 21 detta
865 1123 51 44 hän

163 1158 78 21 seende
257 1158 67 21 under
339 1157 101 27 Wiborgs
454 1157 95 22 Hofrätt.
767 1174 2 2 n

504 1220 17 27 '8
538 1221 33 20 74.
817 1242 2 3 N

230 1260 66 21 Detta
311 1260 131 28 reglemente
457 1260 74 21 träder
546 1260 5 20 i
568 1259 100 27 gällande
682 1259 59 28 kraft
755 1260 42 21 den
911 1274 6 11 ,

163 1294 27 21 dä
212 1294 43 21 alla
276 1294 140 21 härförinnan
430 1294 114 21 utfärdade
559 1294 134 26 stadganden
708 1294 96 21 rörande
814 1293 103 21 Finlands

162 1327 68 27 Bank,
253 1328 70 21 sävidt
345 1328 26 21 de
386 1328 8 20 i
409 1328 141 26 reglementet
568 1328 48 20 icke
631 1328 111 26 åberopas,
757 1328 33 20 till
805 1326 59 22 kraft
879 1327 39 21 och

163 1361 81 21 verkan
266 1362 103 26 upphöra.
398 1361 62 21 Dock
475 1361 62 21 skola
552 1362 44 20 alla
610 1361 91 27 tidigare
717 1356 111 36 ingångna.
834 1360 84 26 förbin-

163 1395 72 21 delser
250 1395 39 21 och
304 1394 205 22 rättsförhällanden
525 1395 78 21 mellan
619 1394 85 22 banken
720 1394 38 22 och
774 1394 97 24 enskilde
882 1394 36 22 be-

164 1429 74 21 dömas
253 1428 56 22 efter
323 1429 26 21 de
364 1428 53 22 aftal
433 1429 40 20 och
488 1429 141 26 stadganden,
644 1428 66 22 hvarä
722 1429 25 21 de
755 1430 37 19 äro
800 1428 118 27 grundade.

232 1460 139 24 Bankutskottets
383 1468 105 16 betänkande
500 1468 35 16 N:o
548 1468 17 16 3.
