1086 1717
470 113 72 21 XNXXI

106 184 28 16 att
152 182 59 17 under
229 182 53 21 femte
301 182 135 17 inkomsititeln:
453 182 45 17 Till-

83 217 66 22 fälliga
167 216 89 22 intrader,
274 217 6 16 i
299 217 200 22 kapitalräkningarna

84 251 61 18 såsom
155 264 10 8 ,,
167 251 107 17 Inkomster
282 250 42 18 från
332 251 111 22 jernvägar''
452 256 46 17 upp-

82 288 58 20 tagna
153 291 107 12 summorna
273 286 77 17 omfatta
360 286 138 17 bruttoinkom-

83 322 64 16 sterna
165 319 41 18 från
227 320 87 22 samtliga
326 320 172 22 statsjernvägarne

82 355 6 17 i
99 354 70 22 landet,
179 360 41 12 men
230 354 166 18 öfverensstämma
405 355 41 17 icke
456 354 42 18 med

83 389 131 18 motsvarande
234 394 82 13 summor
332 388 69 18 sådana
415 389 22 17 de
450 389 58 17 före-
500 384 11 32 |

83 424 75 17 komma
176 424 5 17 i
201 424 195 22 Jernvägsstyrelsens
409 423 99 27 berättel-
501 419 10 35 |

83 463 35 16 ser,
134 458 39 17 lika
185 458 42 17 litet
240 463 38 12 som
293 458 22 17 de
328 458 5 17 i
348 457 160 18 Statskontorets
501 453 11 30 !

83 492 129 22 räkenskaper
223 492 52 17 öfver
284 493 214 17 kommunikationsfon-

83 527 36 17 den
132 526 91 23 ingäende
237 532 82 12 summor
332 512 158 43 öfverensstämma
499 516 9 35 !

83 561 42 18 med
138 561 130 18 motsvarande
282 561 61 18 siffror
355 562 29 17 för
397 561 40 19 året
450 563 5 16 i
465 552 43 27 ka-
499 548 11 41 |

82 596 175 22 pitalräkningarna
272 597 36 16 och
320 597 6 16 i
338 597 159 22 Jernvägsstyrel-

83 635 43 13 sens
142 631 116 21 berättelser,
272 631 98 18 hvarutom
383 631 6 17 i
403 631 22 18 de
438 631 60 18 under

83 665 70 17 åttonde
166 666 113 22 utgifistiteln
289 665 29 18 för
326 666 171 23 statsjernvägarne
507 662 1 19 |

84 702 95 21 upptagna
198 700 134 23 utgiftsbelopp
352 701 43 22 ingä
411 701 42 17 icke
466 707 31 11 en-
506 692 2 28 |

84 737 49 15 samt
145 735 22 17 de
180 735 85 22 verkliga
278 735 102 22 utgifterna
392 735 29 17 för
430 735 78 24 under-
504 731 8 32 |

83 768 40 19 häll
142 769 35 18 och
196 769 111 22 trafikering
322 769 59 18 under
393 769 46 22 äret,
453 772 45 15 utan

84 803 40 18 dels
137 803 29 18 för
179 803 39 18 äret
231 804 129 18 utanordnade
373 804 68 22 anslag,
458 804 39 17 dels

83 839 159 22 tillskottsanslag
257 839 29 17 för
299 838 112 23 föregäende
424 839 20 17 är
457 839 40 17 dels
507 830 1 23 |

83 872 55 18 äfven
151 873 65 22 anslag
229 873 29 17 för
271 873 106 22 byggandet
389 873 20 18 af
421 879 36 16 nya
467 873 31 18 ba-

83 913 40 16 nor,
143 906 60 19 säsom
222 908 112 22 exempelvis
348 908 59 17 under
419 907 21 18 är
454 909 44 16 1879

83 942 29 17 till
126 942 118 17 direktionen
258 942 29 17 för
299 943 106 22 byggandet
413 943 20 17 af
441 943 68 26 Wasa
501 938 10 35 |

82 977 80 22 jernväg
180 976 138 18 öfverlemnade
332 978 91 20 1,090,000
435 977 63 22 mark;

107 1023 32 20 att,
159 1024 45 16 enär
217 1023 59 17 under
292 1028 69 12 samma
373 1023 126 18 inkomsttitel

84 1058 91 21 upptages
188 1057 5 17 i
207 1057 200 23 kapitalräkningarna
418 1057 42 18 med
469 1063 30 12 ru-

83 1091 43 17 brik
139 1105 9 8 ,
151 1091 72 18 diverse
236 1093 53 16 extra
298 1092 168 22 uppbördsmedel'!
476 1097 33 16 en
505 1087 8 32 |

864 114 38 20 193

507 183 2 18 |
542 182 7 16 1
563 182 87 17 afseende
664 180 10 19 &
688 182 34 17 den
735 181 24 23 pä
771 182 89 18 Kammar
871 182 59 22 Expe-

507 235 2 3 |
518 216 83 22 ditionen
622 216 136 18 ankommande
773 216 71 23 ätgärd,
863 216 67 18 beträf-

507 272 2 5 |
518 250 55 18 fande
587 251 119 22 upptagande
717 251 6 17 i
732 251 199 23 kapitalräkningarna

507 278 31 35 jaf
555 286 129 17 inkomsterna
702 284 41 19 frän
759 286 124 22 jernvägarne
897 286 33 17 och

507 314 2 31 |
520 320 100 23 utgifterna
638 320 30 18 för
687 320 103 18 desammas
809 322 72 16 remont
897 320 33 18 och

507 348 2 26 |
519 344 114 39 trafikering,
647 356 34 17 har
694 355 107 23 Kejserliga
814 355 79 18 Senaten
905 354 25 18 lä-

518 390 23 17 tit
559 390 81 22 delgifva
659 390 84 18 bemälde
759 390 113 22 Expedition
886 391 44 16 mot-

518 424 76 18 stäende
608 425 128 22 anmärkning.

541 1022 78 17 Diverse
632 1023 54 16 extra
697 1022 170 23 uppbördsmedlen
876 1021 55 18 hafva

508 1057 52 25 Ifrån
579 1057 34 17 och
633 1057 41 17 med
693 1057 97 18 bokslutet
808 1057 29 17 för
854 1055 20 19 är
889 1057 42 16 1880

519 1092 61 17 blifvit
604 1094 85 15 närmare
713 1091 136 23 specificerade,
871 1091 60 18 sävidt

83 1126 68 22 mängd
165 1126 104 22 betydande
283 1127 34 16 och
329 1127 70 22 vigtiga
408 1127 91 17 inkomst-
507 1116 2 25 |
518 1127 74 22 möjligt
604 1127 53 20 varit,
671 1128 45 16 utan
729 1128 28 15 att
770 1126 71 17 belasta
852 1125 78 23 kapital-

83 1161 69 22 poster,
167 1165 38 12 som
219 1161 28 22 sig
260 1161 79 17 emellan
352 1161 56 17 hafva
417 1161 43 22 föga
468 1167 41 18 ge-
503 1157 8 32 |

83 1196 97 19 mensamt,
191 1195 101 21 Utskottet,
304 1195 5 17 i
319 1195 60 18 likhet
388 1195 42 18 med
440 1196 58 17 Stats-
507 1186 2 14 |

84 1229 93 18 utskottet
188 1229 31 18 vid
234 1231 113 16 1877—1878
360 1229 29 18 ärs
403 1230 95 23 landtdag,

83 1265 63 16 ansett
165 1264 27 22 sig
210 1264 46 17 böra
268 1263 79 23 päpeka,
361 1266 28 16 att
401 1265 58 22 sagda
471 1265 28 17 in-

84 1298 127 22 komstposter
232 1298 20 18 sä
270 1300 75 21 mycket
363 1300 59 16 hellre
441 1299 58 18 borde

83 1332 123 22 specificeras,
220 1338 39 12 som
272 1333 50 18 detta
335 1339 44 12 vore
391 1334 54 17 fallet
457 1334 6 17 i
476 1334 23 17 de

83 1368 126 16 summariska
220 1368 138 22 räkningarna;

518 1161 128 22 räkningarna
664 1161 42 17 med
722 1160 144 23 uppräknandet
878 1160 20 17 af
909 1165 22 12 en

517 1196 68 22 mängd
598 1195 72 18 mindre
684 1197 63 21 poster
757 1195 20 18 af
785 1195 34 18 den
829 1197 48 16 mest
886 1195 44 17 olik-

518 1230 64 18 artade
595 1230 134 18 beskaffenhet.

107 1414 28 16 att
148 1413 97 17 Utskottet
257 1412 112 19 äterhemtat
379 1414 35 17 den
423 1414 20 17 af
451 1414 48 18 före-

83 1445 72 23 gäende
167 1447 121 23 landtdagars
298 1448 126 18 Statsutskott
433 1448 67 22 gjorda

508 1424 1 22 |
542 1414 8 17 I
570 1414 100 22 anledning
685 1414 20 17 af
716 1413 117 18 motstående
846 1413 85 17 anmärk-

508 1447 1 22 I
519 1449 44 21 ning
572 1448 36 18 har
616 1448 130 22 Domkapitlet
754 1448 6 17 i
769 1448 62 23 Borgå
840 1447 92 18 anbefalts
