1086 1717
207 148 27 39 64
474 159 21 18 U.
508 150 22 26 B.
541 170 22 2 —
575 160 83 16 XXXIIL

481 471 175 24 Reservation.

259 555 35 22 Dä
309 555 37 27 jag
364 555 19 27 ej
402 555 43 21 kan
459 555 74 25 förena
547 555 44 26 mig
605 555 49 22 med
668 555 146 26 majoritetens
829 555 8 20 i
851 554 95 22 Bankut-

191 589 81 21 skottet
294 589 55 26 äsigt
367 589 79 27 derom,
462 591 32 19 att
513 589 121 30 kännedom
650 589 23 21 af
686 589 83 21 landets
784 589 68 26 begge
866 589 80 20 inhem-

191 623 39 20 ska
245 621 71 29 spräk
325 623 19 26 ej
359 623 67 21 borde
440 624 77 25 utgöra
531 611 195 42 kompetensvilkor
740 619 34 36 för
788 622 115 22 befordran
914 622 33 21 till

191 655 99 23 embeten
306 657 38 21 och
359 657 89 27 tjenster
462 657 8 21 i
483 652 103 25 Finlands
600 656 64 27 bank,
681 652 68 26 anser
754 652 38 32 jäg
807 657 42 44 mig
864 656 83 27 skyldig

192 693 33 19 att
240 691 40 20 här
294 689 117 28 framlägga
425 691 45 21 min
481 688 126 29 skiljaktiga
621 690 92 27 mening.

261 725 65 32 Uti
309 721 23 40 '$
346 730 12 21 7
381 730 7 21 i
409 728 84 28 Nådiga
515 725 151 31 förordningen.
688 729 23 22 af
731 729 42 22 den
792 721 28 40 20
834 728 113 23 -Februari

193 764 61 26 1865,
264 769 45 16 som
323 763 117 22 innehåller
454 763 136 22 föreskrifter.
602 769 34 15 om
651 763 69 21 finska
730 763 97 27 språkets
837 762 110 21 införande

191 797 36 21 vid
241 797 85 21 landets
340 797 117 22 domstolar
473 797 39 21 och
527 797 141 26 embetsverk,
684 797 92 26 stadgas,
792 799 32 19 att
838 797 36 21 vid
889 796 58 21 dom-

192 831 72 26 stolar,
282 831 133 21 embetsverk
437 831 40 21 och
499 831 147 26 myndigheter
668 831 38 21 der
724 831 41 21 den
783 830 69 21 finska
866 829 82 22 befolk-

191 865 79 26 ningen
286 865 42 20 kan
343 864 64 21 hafva
422 865 176 26 angelägenheter
614 866 32 20 att
656 865 125 26 ombesörja,
790 864 158 21 vederbörande

192 898 61 21 skola
268 898 56 21 tillse
339 900 32 19 att
385 899 7 20 i
407 899 79 20 sådana
501 898 151 27 befattningar,
663 905 46 14 som
722 898 111 21 föranleda
845 897 33 22 till
892 903 55 16 ome-

192 932 86 21 delbart
299 932 100 27 muntligt
424 932 139 21 meddelande
588 933 49 20 med
660 933 26 20 de
706 931 157 26 rättssökande,
885 931 19 27 ej
926 931 22 21 få

192 965 110 22 användas
316 965 67 21 andra
397 967 28 19 än
440 965 33 26 de,
488 971 47 16 som
550 965 150 27 erforderligen
716 965 71 22 känna
801 965 60 22 detta
876 965 70 27 språk.

192 998 59 22 Utan
265 999 74 20 tvifvel
353 1001 25 18 är
392 999 101 21 Finlands
508 999 57 21 bank
580 1001 32 20 att
624 1000 76 21 sådant
710 999 139 26 embetsverk,
858 999 38 20 der
907 999 41 21 den

192 1031 70 22 finska
277 1031 152 28 befolkningen
447 1033 43 21 kan
508 1033 64 21 hafva
590 1033 177 27 angelägenheter
782 1034 33 20 att
829 1033 119 26 ombesörja

193 1066 40 21 och
248 1072 50 15 man
313 1066 62 21 torde
389 1066 19 27 ej
423 1067 72 20 kunna
510 1067 55 20 neka
575 1068 32 20 att
617 1067 97 21 bankens
725 1067 128 27 tjenstemän
861 1066 67 21 måste
940 1067 8 20 i

192 1100 34 20 sin
240 1099 135 21 verksamhet
385 1100 118 27 muntligen
514 1100 96 21 meddela
625 1101 32 26 sig
672 1100 62 21 äfven
749 1100 49 21 med
809 1100 75 21 finnar.
906 1100 41 21 Till

192 1133 54 26 följd
264 1133 24 21 af
308 1133 54 20 hvad
383 1133 63 22 ofvan
461 1134 80 21 anförts
556 1136 25 19 är
595 1134 37 21 det
646 1134 57 21 klart
718 1135 32 20 att
764 1133 103 22 Finlands
881 1133 67 22 banks

192 1167 129 26 tjenstemän
336 1167 19 26 ej
370 1167 22 21 få
407 1167 66 21 sakna
488 1167 124 27 erforderlig
626 1168 99 26 kunskap
739 1168 8 21 i
761 1167 91 21 finskan.

263 1206 12 27 $
293 1207 25 20 16
336 1207 7 20 i
361 1207 142 26 nyssnämnda
524 1207 78 26 nådiga
622 1207 125 26 förordning
768 1213 46 15 som
831 1207 8 20 i
857 1206 91 22 bankut-

192 1240 94 21 skottets
308 1240 133 21 betänkande
460 1240 108 27 åberopas,
584 1241 128 21 bestämmer
727 1242 32 19 att
774 1240 85 21 banken
873 1241 75 20 under-

192 1273 92 27 lydande
304 1274 127 26 tjenstemän
445 1274 53 21 böra
513 1274 22 21 åt
549 1274 84 22 landets
647 1274 69 21 finska
730 1273 125 27 befolkning
869 1273 27 28 på
910 1273 38 22 fin-

192 1307 40 21 ska
254 1307 87 27 språket
361 1307 86 27 'utgifva
471 1308 253 27 förrättningsprotokoll,
748 1308 121 26 räkningar,
896 1308 53 26 qvit-

192 1342 74 20 tanser
285 1341 41 21 och
344 1341 70 27 betyg,
430 1341 28 21 då
475 1342 37 20 det
526 1342 7 20 i
548 1342 62 21 deras
624 1342 96 26 förmåga
735 1341 44 21 står
795 1341 40 21 och
850 1340 99 22 anhållan

194 1375 74 21 derom
286 1376 68 25 göres,
370 1375 41 21 och
425 1375 116 27 uppställes
556 1376 60 20 detta
630 1376 70 21 såsom
716 1374 127 27 oeftergiflig
857 1374 92 28 skyldig-

193 1408 38 21 het
252 1408 34 21 för
308 1408 54 26 dem,
377 1408 73 21 hvilka
472 1408 54 22 efter
541 1410 11 20 1
572 1409 89 21 Januari
677 1409 56 21 1872
750 1409 65 21 vinna
836 1408 83 22 inträde
942 1409 7 20 i

194 1442 62 20 dessa
272 1441 133 21 embetsverk
420 1442 101 21 anställas
537 1442 51 22 eller
601 1442 67 24 vinna
675 1442 122 23 befordran.
815 1442 67 20 Detta
891 1442 58 21 stad-

263 1480 139 18 Bankutskottets
413 1481 104 17 betänkande
528 1481 35 17 N:o
575 1482 17 16 3.
