1086 1717
479 151 24 22 U.
518 152 24 22 B.
848 151 12 21 7

136 218 134 22 Prokurator
287 217 97 28 förbigår
401 217 27 22 de
442 217 34 22 för
490 218 42 22 vår
545 216 188 28 statsförfattning
747 217 65 27 högst
827 222 64 22 egen-

139 252 93 28 domliga
246 252 40 22 och
299 253 80 26 ytterst
393 251 86 28 vigtiga
493 251 131 27 funktioner,
638 250 76 23 hvilka
728 250 119 23 tillkomma
855 251 36 21 ho-

137 293 49 15 nom
200 286 8 22 i
223 286 109 28 egenskap
354 285 25 23 af
391 286 76 27 lagens
482 286 91 22 väktare
588 285 8 22 i
611 285 124 28 Kejserliga
749 285 101 22 Senaten.
879 284 13 21 I

139 320 96 28 enlighet
249 320 49 22 med
312 320 81 28 nådiga
407 320 158 22 instruktionen
580 319 24 22 af
618 320 42 22 den
676 320 27 22 12
718 319 105 22 Februari
837 320 55 20 1812

139 361 51 22 eger
214 355 136 26 Prokurator,
365 354 78 22 såvida
457 354 54 22 hans
525 354 72 28 öfriga
611 354 98 28 göromål
724 354 37 22 det
775 352 116 28 modgifva,

139 396 54 16 vara
207 389 107 23 tillstädes
328 388 37 22 vid
380 388 105 22 Senatens
499 389 71 27 begge
585 389 191 27 Departementers
791 388 56 22 både
857 394 36 21 ge-

139 430 129 16 mensamma
282 423 40 22 och
336 422 106 23 särskilda
456 422 173 23 sammanträden
639 425 63 25 samt,
713 423 26 22 så
748 422 68 23 framt
825 422 68 27 något

139 459 127 27 lagstridigt
288 457 37 22 vid
346 457 130 22 ärendernas
495 457 132 28 behandling
641 457 142 28 förekommit,
799 457 72 22 derom
886 456 8 22 i

141 493 129 27 protokollet
292 492 107 21 anteckna
421 491 33 22 sin
469 491 139 28 påminnelse.
638 491 44 22 För
696 491 199 28 representationen

141 527 44 22 kan
200 527 37 22 det
251 526 117 28 ingalunda
382 533 54 15 vara
450 526 108 28 likgiltigt
572 528 34 20 att
619 528 53 21 veta
686 526 113 26 huruvida,
819 525 4 22 i
837 525 58 23 hvad

142 562 50 21 mån
216 561 39 22 och
276 561 28 27 på
319 561 57 22 hvad
390 562 45 20 sätt
450 561 132 22 Prokurator
596 561 59 28 gjort
670 561 139 27 användning
824 560 25 22 af
861 560 34 22 sin

143 596 96 27 antydda
261 597 45 20 rätt
328 597 33 20 att
375 595 119 22 öfvervaka
508 595 163 28 lagenligheten
686 595 24 22 af
725 595 120 22 ärendenas
859 595 36 22 be-

142 630 105 28 handling
268 630 8 22 i
297 629 122 29 Kejserliga
441 630 100 22 Senaten.
570 625 73 27 Äfven
665 637 34 15 om
714 629 121 29 någonting
849 630 46 27 lag-

143 665 89 28 stridigt
245 665 49 22 icke
308 665 108 27 förefallit,
433 671 44 16 som
491 665 100 27 påkallat
606 665 104 28 åtgärder
724 666 15 21 å
752 665 143 22 Prokurators

143 699 48 22 sida
205 699 8 22 i
228 699 219 23 öfverensstämmelse
462 700 48 22 med
525 701 55 20 hans
594 700 137 28 instruktion,
744 706 63 21 synes
818 705 33 16 oss
862 701 33 20 att

145 735 36 21 det
203 734 65 22 äfven
287 734 8 22 i
311 734 60 22 detta
386 734 39 22 fall
440 735 75 27 ålegat
529 735 133 22 Prokurator
677 737 35 19 att
724 735 74 22 härom
813 733 85 28 afgifva

144 769 136 28 upplysning.
309 769 43 22 För
366 769 106 27 fyllandet
487 769 25 22 af
525 769 179 28 ofvanpåpekade
719 769 64 22 lucka
797 769 9 21 i
817 769 81 21 Proku-

145 805 85 20 ratorns
251 804 116 21 berättelse
390 804 56 21 hade
461 803 33 22 för
509 804 107 21 utskottet
631 803 109 28 sjelffallet
755 803 94 28 erbjudit
864 803 34 27 sig

145 840 95 25 utvägen
263 840 34 20 att
318 839 29 26 på
368 839 71 26 grund
461 839 24 21 af
498 839 25 21 L.
539 839 25 21 O.
580 840 29 20 40
623 839 11 26 $
650 838 50 22 från
715 839 184 21 Prokuratorsem-

146 873 60 21 betet
220 872 126 23 införskaffa
360 873 117 27 utredning
491 873 107 22 huruvida
612 873 134 22 Prokurator
760 874 44 20 sett
813 872 35 27 sig
857 872 42 21 för-

147 907 88 22 anlåten
254 909 33 20 att
301 907 89 28 vidtaga
405 908 104 27 åtgärder
524 908 8 21 i
547 908 78 27 antydt
639 907 64 28 syfte.
733 907 114 22 Utskottet
859 907 41 21 har

148 941 53 22 dock
221 941 48 22 icke
284 944 70 20 ansett
369 943 48 21 skäl
431 942 133 22 förekomma
578 944 35 20 att
627 943 102 27 begagna
743 942 34 27 sig
792 941 25 22 af
830 941 70 22 denna

148 976 48 22 dess
218 977 189 28 grundlagsenliga
429 979 51 25 rätt,
497 977 91 22 oaktadt
604 977 97 28 formligt
716 977 97 27 yrkande
829 976 72 21 derom

148 1010 24 21 af
192 1017 33 16 oss
248 1011 132 22 framställts.
410 1011 125 22 Utskottets
550 1011 127 22 förfarande
692 1011 130 22 härutinnan
837 1013 25 19 är
876 1010 24 22 så

148 1045 85 28 mycket
248 1052 58 15 mera
321 1045 218 28 anmärkningsvärdt
554 1052 44 15 som
613 1046 8 21 i
636 1046 26 21 de
677 1046 134 26 uttalanden,
827 1044 74 23 hvilka

149 1079 73 28 åtföljt
244 1081 140 21 berättelsens
403 1081 75 21 remiss
494 1080 50 22 från
558 1081 84 21 Preste-
658 1081 40 21 och
712 1079 190 28 Borgarestånden

148 1115 145 27 uttryckligen
315 1115 110 27 päyrkats.

216 1149 40 27 Då,
280 1150 70 21 såsom
371 1149 22 22 vi
415 1149 48 22 haft
485 1152 53 19 äran
560 1149 120 27 framhålla,
704 1149 143 22 Prokurators
868 1147 34 22 till

149 1183 121 22 Ständerna
289 1183 84 28 afgifna
387 1183 117 22 berättelse

216 1218 31 21 I:o
262 1217 48 22 icke
325 1218 7 21 i
348 1218 97 27 enlighet
466 1218 49 22 med
537 1218 165 22 bestämmelsen
716 1218 8 21 i
739 1217 164 28 Förordningen

150 1251 42 22 den
206 1252 13 21 8
234 1252 44 27 Maj
297 1253 61 27 1876,
372 1252 73 22 såvidt
461 1253 37 21 det
512 1252 58 22 varit
584 1253 86 27 möjligt
684 1253 39 21 och
733 1252 104 22 särskildt
846 1251 57 22 hvad

150 1285 143 23 Prokurators
311 1293 55 21 egna
383 1287 187 27 embetsåtgärder
584 1287 76 27 angår,
677 1286 102 22 omfattar
798 1286 49 22 hela
862 1285 41 22 den

151 1320 89 22 emellan
255 1320 159 28 landtdagarna
429 1320 103 22 förflutna
546 1321 67 27 tiden,

218 1355 42 21 I:o
282 1355 49 22 icke
350 1356 119 21 innehåller
483 1356 74 27 någon
571 1355 131 28 upplysning
718 1354 113 29 angående
853 1354 50 22 Pro-

131 1397 2 2 +
150 1389 100 21 kurators
271 1389 88 28 möjliga
381 1390 136 26 åtgöranden
541 1390 8 21 i
571 1390 38 21 det
626 1389 173 22 Tammerforska
820 1388 84 22 valord-

150 1422 136 29 ningsmålet,

219 1458 54 22 IIT:o
291 1458 47 22 icke
353 1458 92 27 redogör
459 1457 34 22 för
504 1458 156 22 efterlefnaden
674 1458 38 21 och
727 1456 177 23 handhafvandet

220 1497 139 23 Lagutskottets
371 1496 117 18 betänkande
501 1498 36 18 N:o
550 1498 26 18 12.
