1086 1717
147 171 84 23 Ständ.
243 172 55 22 und.
310 172 50 22 skr.
370 184 27 4 —
408 172 228 28 Bankfullmäktige
651 178 21 18 o.
683 174 197 23 Bankrevisorer.

413 491 94 21 Finlands
524 491 99 22 Ständers
639 491 140 27 underdäniga
794 491 94 21 anmälan

344 531 29 21 till
391 531 54 21 Hans
461 531 115 27 Kejserliga
592 531 94 27 Majestät
701 536 32 17 om
749 531 31 21 val
797 531 21 22 af
829 531 62 21 Bank-

344 571 125 27 fulimäktige
485 571 37 21 och
539 571 158 22 Bankrevisorer
711 571 62 27 jemte
783 571 108 27 supplean-

343 611 32 21 ter
389 611 32 21 för
436 611 53 21 dem.

155 679 277 28 Stormäktigste,
455 679 259 28 Allernädigste
736 679 141 28 Kejsare

379 713 58 22 och
460 713 198 22 Storfurste.

208 776 50 21 Hos
280 776 86 21 Eders
388 776 166 29 Kejserliga
576 776 133 29 Majestät
734 776 23 21 fä
780 776 113 21 Finlands

138 811 103 21 Ständer
256 811 8 20 i
279 810 188 29 underdänighet
483 811 98 26 anmäla,
592 812 42 23 att,
644 811 30 21 dä
690 811 137 25 Ständerna;
837 810 57 29 jem-

139 845 47 21 likt
209 844 140 28 stadgandet
367 845 8 20 i
394 846 13 26 8
426 845 27 22 68
477 845 26 21 af
520 845 108 28 gällande
648 844 246 29 Landtdagsordning,

141 879 87 21 anstält
249 878 39 22 val
307 878 52 21 icke
375 878 100 21 allenast
489 879 27 21 af
528 879 166 28 Fullmäktige,
710 879 35 21 för
761 881 35 19 att
814 878 82 21 utöfva

140 913 113 21 inseende
269 913 65 21 öfver
349 913 177 28 förvaltningen
542 913 26 21 af
580 913 115 21 Finlands
711 913 75 27 Bank,
801 914 60 20 samt
872 912 26 21 af

141 947 125 22 Revisorer
281 947 36 21 för
332 949 35 19 att
381 947 100 22 förrätta
496 947 46 22 den
556 947 111 26 revision,
677 947 111 21 Bankens
799 946 96 22 förvalt-

141 982 59 27 ning
216 981 90 28 ärligen
321 981 42 22 bör
377 981 112 29 undergä,
504 984 59 19 utan
579 982 70 21 äfven
665 981 27 22 af
700 981 149 29 suppleanter
859 981 36 20 för

141 1017 36 20 att
199 1015 41 22 vid
262 1015 121 22 inträffadt
405 1016 79 21 förfall
504 1016 82 28 intaga
605 1015 230 28 Bankfullmäktiges
851 1014 44 22 och

141 1050 168 23 Revisorernes
324 1050 68 29 plats,
408 1050 67 21 dessa
490 1050 39 21 val
545 1051 91 21 utfallit
651 1050 108 22 sälunda:

341 1108 52 21 inom
411 1108 147 27 Ridderskapet
573 1109 37 21 och
627 1108 73 22 Adeln:

209 1153 39 22 till
263 1153 204 28 Bankfullmäktig:
482 1153 283 22 Protokollsekreteraren
781 1153 8 21 i
804 1152 91 21 Eders

141 1187 161 29 Majestäts
328 1187 71 22 Senat
419 1188 37 21 för
482 1187 104 22 Finland
608 1187 101 22 Fredrik
731 1187 89 22 Gustaf
840 1187 55 21 Otto

141 1222 75 21 Selim
231 1222 138 28 Stjernvall;

210 1256 39 21 till
264 1256 66 27 förste
345 1256 329 29 Bankfullmäktigssuppleant:
697 1256 138 21 Professorn
855 1255 40 20 vid

142 1290 146 22 Alexanders
304 1291 177 26 Universitetet,
496 1291 65 21 Juris
576 1291 129 27 Utriusgue
721 1290 114 26 Doktorn,
846 1289 51 21 Fri-

142 1325 67 21 herre
225 1324 82 22 Rabbe
322 1325 61 21 Axel
397 1325 97 21 Wrede:

211 1359 38 21 till
269 1360 69 21 andre
357 1359 327 28 Bankfullmäktigssuppleant:
708 1358 159 22 Handlanden
889 1357 8 21 i

143 1392 150 29 Helsingfors
309 1394 58 20 Karl
381 1394 108 28 Hjalmar
504 1394 91 21 Fabian
612 1392 102 27 Schildt;

212 1427 38 21 till
267 1428 65 28 tredje
347 1428 328 28 Bankfullmäktigssuppleant:
690 1426 65 22 Juris
766 1426 131 27 Utriusgue

144 1461 150 27 kandidaten,
312 1462 107 21 Friherre
435 1462 60 21 Bror
509 1462 59 21 Karl
586 1461 79 22 Johan
680 1460 186 28 Langenskiöld;
