1086 1717
405 144 19 24 U.
441 144 19 23 B.
477 156 25 4 —
519 143 108 24 HI—XXXI.
837 144 26 21 15

207 201 42 21 Vid
264 201 130 27 granskning
409 201 23 21 af
445 201 91 21 fondens
544 201 146 27 räkenskaper
700 201 39 21 har
751 200 142 22 Statsutskot-

137 237 32 20 tet
194 235 70 21 funnit
279 235 46 21 skäl
341 236 32 20 till
388 236 141 26 anmärkning
544 236 77 21 endast
635 235 133 21 beträffande
783 234 40 22 den
838 234 8 21 i
861 240 32 16 re-

137 270 95 21 lationen
261 271 108 25 upptagna
393 270 122 21 inkomsten
539 269 48 22 från
611 269 226 26 tobaksbevillningen.
874 263 20 26 Ä

138 310 48 20 pag.
197 304 41 21 134
252 304 8 20 i
274 304 118 21 relationen
407 304 96 26 angifves
517 304 107 27 nämligen
640 304 69 21 denna
723 303 93 21 inkomst
825 302 69 22 under

137 338 53 21 ären
206 338 55 22 1882
276 338 40 21 och
333 338 54 20 1883
410 338 33 21 till
466 344 56 20 resp.
539 338 99 26 325,328:
654 338 28 21 04
698 338 39 21 och
753 337 97 26 916,022:
867 337 26 20 67

137 372 68 26 mark,
230 372 89 21 hvarvid
341 372 41 21 den
404 372 7 21 i
433 372 62 21 rubel
510 372 91 21 influtna
616 372 84 21 skatten
715 371 131 22 förvandlats
860 370 34 22 till

137 406 65 22 finskt
210 408 59 25 mynt
277 406 54 21 efter
339 406 118 28 beräkning
466 406 23 21 af
495 406 48 28 fyra
550 406 61 22 mark
626 406 28 27 pä
669 406 81 21 rubeln.
770 405 34 21 Dä
818 405 76 21 rubeln

137 441 121 21 emellertid
274 447 49 20 eger
338 442 31 19 ett
384 441 133 26 väsentligen
533 441 58 26 lägre
606 441 66 21 värde
690 440 40 21 och
746 441 31 20 ett
791 440 48 27 agio
857 439 37 22 ob-

137 481 96 16 serveras
256 475 76 21 endast
354 475 33 21 för
403 475 23 22 sä
441 475 46 21 vidt
502 475 85 27 vexling
602 475 23 21 af
638 475 60 27 ryskt
712 476 59 25 mynt
786 473 109 28 verkligen

139 509 142 26 förekommit,
308 509 103 27 ätergifva
425 509 176 28 räkenskaperna
620 509 47 21 icke
688 509 89 21 kassans
801 507 94 22 faktiska

138 544 102 26 ställning
264 543 52 22 eller
339 543 40 22 den
404 543 100 27 inkomst,
531 550 45 15 som
602 543 22 21 af
644 543 220 26 tobaksbevillningen
887 542 7 21 i

138 578 76 27 sjelfva
228 577 75 22 verket
317 577 84 22 influtit.
429 577 80 22 Medan
525 577 89 22 sälunda
629 578 7 20 i
652 577 117 21 relationen
785 576 110 21 bevillnin-

137 618 41 21 gen
199 612 34 21 för
255 611 66 22 tobak
342 611 111 28 uppgifves
476 612 65 21 hafva
555 612 81 21 lemnat
654 618 26 15 en
694 611 94 22 inkomst
802 610 23 22 af
838 616 55 21 resp.

138 647 100 25 325,328:
261 646 27 20 04
311 645 39 22 och
373 646 98 26 916,022:
488 647 27 20 67
531 646 61 21 mark
608 647 56 20 samt
678 645 13 21 ä
706 645 67 22 andra
788 645 60 21 sidan
863 645 32 20 ett

137 681 48 26 agio
200 682 106 25 upptages
320 680 49 21 med
383 686 55 21 resp.
457 681 46 20 164:
523 681 26 21 10
564 680 40 21 och
620 680 76 26 39,721
708 679 67 27 mark,
796 679 98 27 utgjorde

138 715 41 21 den
202 714 94 21 faktiska
311 714 99 21 intraden
424 715 69 20 under
509 715 63 21 dessa
586 715 78 20 tvenne
680 714 30 26 är,
726 714 36 21 vid
776 713 117 26 beräkning

139 749 54 21 efter
201 755 26 15 en
237 748 122 22 medelkurs
369 748 23 21 af
400 749 13 20 2
423 749 62 20 mark
493 749 28 21 55
532 749 64 26 penni
610 748 34 21 för
659 748 81 26 rubeln,
752 747 76 22 endast
837 753 55 20 resp.

139 783 98 26 236,370:
248 783 26 22 59
283 783 40 21 och
331 783 98 25 676,710:
437 783 28 21 40
473 783 63 21 mark
551 783 52 21 eller
618 783 35 20 för
667 783 56 20 bäda
739 782 51 21 ären
805 781 89 22 tillsam-

138 823 61 16 mans
214 817 98 26 913,080:
330 817 26 21 99
371 817 68 21 mark.
469 817 44 21 För
529 818 32 20 att
576 817 24 21 sä
609 817 46 21 vidt
670 817 82 26 möjligt
762 816 132 28 förekomma

140 852 71 27 dylika
234 851 123 22 differenser
379 851 91 22 emellan
493 851 176 28 räkenskaperna
691 851 39 22 och
753 851 25 21 de
802 850 93 21 faktiska

140 886 167 26 förhållandena,
330 892 62 21 synes
415 886 36 21 det
474 886 112 21 Utskottet
608 887 32 20 att
663 886 35 21 det
720 885 35 22 vid
770 885 125 27 uppbörden

139 921 113 26 mottagna
273 920 63 27 ryska
351 921 81 26 myntet
447 920 68 21 borde
531 921 7 20 i
553 920 174 27 räkenskaperna
741 919 102 22 bokföras
858 925 37 14 an-

139 955 73 27 tingen
234 955 33 20 till
289 955 37 20 det
347 955 65 20 värde
435 955 120 21 detsamma
573 954 69 21 blifvit
657 955 117 26 emottaget
789 953 51 21 eller
855 953 41 21 ock

139 989 34 22 till
192 995 26 15 en
234 989 128 26 medelkurs,
385 995 45 15 som
445 989 24 21 af
482 989 105 27 styrelsen
602 989 32 21 tid
644 989 58 21 efter
717 995 70 14 annan
801 987 94 21 faststäl-

137 1023 44 26 des,
206 1025 56 19 samt
283 1023 36 21 vid
341 1023 57 22 årets
421 1023 43 21 slut
486 1023 101 27 möjligen
609 1023 135 21 återstående
770 1021 118 28 skiljaktig-

139 1058 61 21 heter
214 1064 77 21 genom
306 1058 167 27 agioberäkning
488 1058 112 26 utjemnas.

208 1092 34 21 Då
264 1091 186 22 finansrelationen
466 1092 102 21 omfattar
583 1091 51 22 åren
652 1091 139 22 1881—1883
807 1090 40 21 och
862 1089 34 22 så-

140 1126 66 21 Junda
222 1126 75 21 endast
312 1127 32 20 ett
358 1126 30 26 år,
404 1126 107 27 nämligen
527 1125 25 22 är
568 1126 61 25 1883,
645 1125 41 22 hör
700 1125 33 22 till
749 1125 41 21 den
805 1124 90 26 budget-

139 1160 82 28 period,
245 1166 45 15 som
312 1160 97 27 utgjorde
431 1159 91 22 föremäl
544 1160 34 21 för
600 1162 84 19 senaste
700 1159 103 22 Ständers
818 1158 77 26 beslut,

140 1195 40 21 har
193 1194 113 22 Utskottet
316 1195 90 26 nödgats
421 1194 33 21 till
470 1195 62 20 detta
545 1194 25 21 år
579 1194 117 21 inskränka
706 1194 40 21 den
757 1193 138 28 granskning,

140 1235 45 15 som
198 1229 85 26 jemlikt
297 1229 12 27 &
325 1229 27 20 36
367 1229 7 20 i
388 1229 235 26 landtdagsordningen
638 1228 40 21 bör
693 1227 23 22 af
729 1227 167 22 Statsutskottet

140 1263 127 21 verkställas
289 1263 162 21 vidkommande
474 1263 37 21 det
527 1264 49 25 sätt,
598 1262 83 27 hvarpä
703 1262 26 21 de
751 1262 36 21 vid
811 1262 84 21 senaste

140 1298 103 26 landtdag
264 1298 34 21 för
312 1298 57 21 vissa
384 1297 100 22 ändamål
498 1297 106 27 beviljade
619 1297 74 27 anslag
707 1296 70 22 blifvit
792 1295 103 22 använda.

140 1332 42 21 Vid
205 1332 55 21 1882
283 1332 35 21 års
342 1332 151 26 ständermöte,
519 1331 28 22 dä
564 1330 215 28 folkskolebudgeten
801 1330 7 21 i
831 1329 66 27 öfrigt

141 1366 131 22 Ofverfördes
294 1366 13 21 &
329 1366 107 21 allmänna
455 1366 134 21 statsfonden
604 1366 60 20 utom
679 1364 132 22 beträffande
826 1364 71 20 ansla-

140 1406 41 21 gen
202 1400 34 21 till
257 1400 114 21 underhäll
392 1400 23 21 af
427 1400 148 21 folkskolorna
589 1400 8 20 i
611 1400 101 20 städerna
727 1399 40 21 och
781 1398 28 27 pä
823 1398 74 20 landet

141 1436 55 20 samt
205 1434 34 21 till
254 1434 195 27 löneförhöjningar
463 1434 41 22 och
514 1434 168 27 pensionerande
698 1433 23 21 af
733 1432 163 22 folkskollärare

141 1469 39 21 och
201 1469 123 21 lärarinnor
340 1468 28 28 pä
382 1468 79 26 landet,
477 1468 75 22 hvilka
566 1468 157 26 anslagsposter
738 1466 23 22 af
775 1466 122 22 Ständerna

209 1508 150 18 Statsutskottets
371 1508 116 18 betänkande
500 1506 39 19 N:o
552 1507 30 18 13.
