1086 1717
226 145 12 21 6
393 144 22 23 U.
432 144 23 23 B.
472 144 40 23 N:o
528 145 20 22 7.
565 156 29 5 —
612 144 162 23 Ständerhuset.

643 198 48 41 TML
732 206 38 51 e
833 202 42 26 TMJ
918 205 26 23 Td

465 236 117 26 Transport
598 237 118 25 1,196,447:

196 269 248 28 Timmermansarbeten,
460 271 70 21 säsom
541 270 45 26 golf

225 304 38 21 och
280 304 99 22 takvasor
394 306 39 20 ete.
471 320 5 5 .
509 320 3 4 .
544 320 4 4 .
581 320 4 5 .
618 304 97 26 100,213:
731 305 34 21 35.

197 338 147 27 Taktäckning
363 355 4 4 .
399 355 4 4 .
434 355 4 4 .
471 355 4 5 .
507 354 4 4 .
543 355 5 5 .
580 354 4 4 .
630 339 83 25 24,947:
731 339 33 21 30.

196 372 60 22 Jern-
272 372 39 22 och
326 372 151 22 zinkarbeten
476 368 12 35 .
509 389 4 4 .
544 390 4 4 .
581 388 5 4 .
631 374 84 25 97,278
731 373 34 21 75.

196 406 135 28 Jernbjelkar
346 407 32 21 till
389 407 63 21 taken
462 407 7 21 i
481 407 59 21 2:dra
550 408 34 20 vå-

227 441 83 27 ningen,
334 441 31 22 till
381 441 203 22 kommunikations-

226 475 38 21 och
281 475 202 28 läktar-trapporna,
497 477 53 20 etc..
582 492 4 4 .
632 476 84 26 46,359:
734 476 31 21 15.

198 510 92 21 Fönster
306 510 38 21 och
361 510 73 21 dörrar
475 527 3 4 .
510 527 5 4 .
546 526 4 4 .
583 526 4 4 .
620 510 96 25 126,720:
733 510 28 21 30

196 544 114 21 Eldstäder
333 561 1 6 ,
365 561 4 4 .
437 561 4 4 <
509 560 77 5 00.0.
646 545 70 24 5,100:
733 556 26 3 —

198 578 193 27 Mälningsarbeten
406 595 1 3 .
438 595 4 4 .
475 594 4 5 .
511 595 4 3 .
546 594 5 5 .
583 595 3 3 .
633 578 83 26 76,953:
733 579 30 20 80

198 606 275 33 Ängvattenuppvärmning
511 629 3 4 .
545 629 5 5 .
582 629 4 4 .
620 613 96 24 140,000:
733 625 24 2 —

197 646 170 27 Vattenledning,
376 647 133 26 reservoirer,
514 647 77 21 brand-

226 681 98 26 redskap,
341 681 166 27 afloppsledning
522 683 39 20 etc.
585 697 2 4 .
633 681 83 26 30,000:
734 693 26 2 —

198 715 109 21 Elektrisk
322 715 118 28 belysning.
473 731 4 4 .
509 732 5 4 -
582 731 4 4 <
633 715 83 25 —60,000:
736 727 21 2 —

197 749 136 27 Ställningar,
343 728 207 53 instrumentalierm.
555 755 27 15 m.
627 749 85 24 —40,000:
729 761 25 2 —
783 755 117 26 1,944,019:
917 756 33 20 75.

198 789 114 22 Terrassen
334 789 48 22 med
405 791 94 25 trappor,
515 789 72 22 asfalt-

227 823 118 26 trottoirer,
363 819 217 35 makadamiseringete
618 823 97 25 —=217,829:
733 823 27 21 80

198 857 112 27 Körvägar
325 857 39 22 och
379 858 111 21 trottoirer
514 874 2 5 .
547 875 5 4 .
584 873 4 5 .
635 857 83 25 37,690:
735 857 33 21 20.

200 891 161 25 Ovartersmans
376 893 78 20 arvode
465 892 66 21 under
542 892 12 21 3
565 892 24 21 år
610 887 12 35 =
635 891 81 26 10,800:
747 903 6 2 -

198 925 87 22 Arbets-
302 926 39 21 och
355 926 168 27 detaljritningar
533 928 55 19 samt

228 959 32 22 för
276 959 93 22 arbetets
385 959 168 22 öfvervakande.
586 976 5 5 .
638 960 84 26 46,000:
741 971 22 2 —

197 994 45 21 För
252 994 106 27 inlösning
368 993 22 22 af
395 994 128 55 byggnader,
535 994 57 27 plan-

228 1028 94 27 teringar
338 1030 37 19 ete.
408 1045 3 4 .
444 1045 3 3 .
479 1044 4 5 .
552 1045 4 3 +
588 1045 4 4 .
626 1029 96 25 120,000:
741 1041 22 2 —
805 1033 98 26 —432,320:
920 1045 24 3 —

627 1074 86 21 Summa
727 1075 43 25 fp
785 1073 118 26 2,376,339:
920 1074 32 20 75.

269 1108 74 21 Denna
365 1114 81 15 summa
467 1108 124 26 öfverstiger
606 1107 34 22 väl
656 1108 79 26 ganska
749 1107 105 27 betydligt
868 1107 36 21 det
918 1107 36 21 be-

198 1141 57 27 lopp,
272 1144 71 19 senast
353 1141 127 22 församlade
491 1142 91 21 Ständer
592 1141 33 22 för
635 1141 120 22 ändamälet
766 1141 95 27 anslagit.
885 1141 69 21 Emel-

198 1175 64 22 lertid
278 1176 61 21 torde
354 1176 46 21 icke
415 1177 65 26 nägot
495 1176 133 26 fullständigt
643 1176 39 21 och
697 1175 197 27 representationen
909 1177 45 18 vär-

199 1209 45 27 digt
268 1210 125 21 ständerhus
415 1210 72 21 kunna
508 1209 92 22 erhållas
615 1210 33 21 för
657 1209 136 22 sistnämnda
807 1213 82 17 summa
903 1209 51 21 eller

198 1250 38 15 ens
262 1244 32 21 för
318 1245 125 20 nämnvärdt
467 1243 96 27 billigare
588 1247 27 18 än
640 1244 56 21 hvad
721 1250 44 14 som
787 1249 28 15 nu
830 1242 122 28 föreslagits.

198 1277 154 27 Föreliggande
374 1278 181 27 kostnadsförslag
576 1278 40 22 har
639 1279 114 25 dessutom,
769 1277 65 27 enligt
848 1277 106 21 fackmäns

198 1314 82 24 utsago,
297 1312 40 21 den
358 1312 136 28 obestridliga
508 1312 68 22 fördel
592 1314 32 20 att
639 1319 50 14 vara
704 1312 47 21 fullt
766 1311 97 27 pälitligt,
879 1311 29 27 ity
923 1313 32 19 att

198 1345 169 27 beräkningarne
389 1346 113 22 verkstälts
522 1348 23 20 sä
561 1347 63 27 drygt
639 1349 35 19 att:
685 1346 35 21 vid
736 1346 93 21 arbetets
844 1344 110 22 utförande

198 1380 41 21 den
254 1380 119 27 föreslagna
388 1387 96 15 summan
499 1381 108 21 sannolikt
618 1381 46 21 icke
674 1380 103 22 behöfver
786 1380 7 20 i
803 1380 94 26 ringaste
907 1385 48 15 mon

196 1414 60 24 ökas,
274 1415 80 21 medan
378 1415 97 22 deremot
490 1415 119 27 respektive
624 1415 123 25 arkitekter,
771 1414 34 21 vid
819 1413 136 29 uppgörande

196 1447 23 22 af
240 1448 27 21 de
289 1448 88 27 tidigare
393 1449 136 27 ritningarne,
552 1449 33 21 för
601 1448 71 22 hvilka
688 1455 25 14 en
729 1448 78 22 allmän
823 1448 64 21 täflan
902 1448 54 21 varit

195 1482 73 27 utlyst,
293 1482 44 22 haft
360 1483 31 21 till
414 1484 128 26 ögnamärke
565 1485 37 24 att,
624 1485 50 19 utan
690 1482 174 22 öfverskridande
879 1482 22 20 af
915 1482 39 20 den
