1086 1717
332 130 30 24 U.
378 130 39 24 B.
433 143 30 3 —
478 129 206 23 111-XXXI

338 433 216 24 Statsutskottets
572 432 147 25 betänkande
735 432 40 24 N:o
790 432 26 24 13
832 432 5 23 i
846 439 43 22 an-

270 467 72 30 ledning
365 467 20 24 af
412 467 212 29 Finansexpeditionens
647 468 5 23 i
675 467 106 29 Kejserliga
809 467 81 24 Senaten

270 501 27 24 till
312 502 107 23 Ständerna
434 502 73 29 afgifna
525 501 79 24 relation
623 508 29 17 om
667 501 118 24 statverkets
799 501 90 24 tillstånd.

202 565 89 22 Jemlikt
306 565 26 21 27
348 565 11 28 $
374 565 7 21 i
397 565 102 27 gällande
515 565 215 26 Landtdagsordning
737 564 40 21 har
787 564 33 22 till
829 563 62 23 Stän-

134 600 67 21 derna
216 599 149 22 öfverlemnats
381 605 28 16 en
424 599 24 22 af
462 599 231 27 Finansexpeditionen
708 599 8 21 i
725 599 119 27 Kejserliga
855 598 37 22 Se-

134 635 66 20 naten
215 633 41 22 den
271 633 27 22 30
313 633 96 22 sistlidne
425 633 92 22 Januari
532 633 91 27 afgifven
638 633 91 22 relation
745 639 35 16 om
790 635 102 20 statsver-

134 668 48 21 kets
204 667 104 27 tillstånd,
331 667 134 22 omfattande
485 667 200 27 kapitalräkningar
700 667 58 22 öfver
773 669 65 20 stats-
852 667 40 22 och

134 701 178 22 militiefonderna
333 702 34 21 för
389 701 53 22 åren
466 702 63 26 1880,
554 702 54 21 1881
632 701 40 22 och
688 701 60 26 1882,
765 701 128 22 summarisk

134 736 91 27 räkning
241 736 59 21 öfver
314 736 108 22 allmänna
437 736 136 22 statsfonden
587 736 34 21 för
636 735 24 22 år
676 736 61 26 1883,
753 736 73 27 kalkyl
835 735 58 22 öfver

135 770 145 22 statsfondens
295 769 114 28 tillgångar
424 770 33 21 till
473 770 139 21 bestridande
627 769 23 22 af
664 771 56 21 1884
734 770 36 21 års
785 771 61 20 extra
859 771 34 20 ut-

135 805 71 27 gifter,
222 804 128 22 summarisk
365 804 102 27 öfversigt
482 804 35 21 för
532 803 51 22 åren
600 805 61 26 1881,
678 804 55 22 1882
749 804 40 22 och
805 804 54 22 1883
872 803 23 22 af

135 839 109 22 allmänna
266 838 161 27 militiefonden,
448 838 246 22 militieboställskassan
710 838 39 22 och
764 839 130 26 krigsmans-

136 873 126 26 huskassan,
278 873 135 26 statsförslag
427 873 34 21 tör
477 872 25 22 år
519 873 62 25 1884,
596 872 109 22 äfvensom
720 873 105 21 särskilda
840 872 54 21 rela-

136 907 70 22 tioner
220 907 34 21 för
270 907 52 21 åren
338 907 61 26 1881,
424 907 55 22 1882
495 906 42 21 och
553 907 55 22 1883
624 906 108 27 angående
747 906 148 22 kommunika-

136 941 143 26 tionsfonden,
295 941 194 26 bränvinsskatten,
511 940 108 22 allmänna
634 941 209 26 bevillningsfonden,
860 946 35 16 ex-

136 976 36 21 tra
193 975 143 26 bevillningen
357 975 33 21 till
411 975 85 21 förmon
511 975 34 21 för
568 975 54 21 röda
636 975 74 21 korset
725 977 56 20 samt
795 975 100 26 stämpel-

136 1009 217 27 bevillningsmedlen,
377 1009 92 27 räkning
491 1009 60 21 öfver
575 1009 210 27 bevillningsmedlen
803 1009 34 21 för
852 1008 43 22 till-

136 1043 104 27 verkning
262 1043 30 27 afj
306 1043 145 27 maltdrycker
469 1043 35 22 för
521 1042 25 22 år
570 1043 61 26 1883,
654 1043 115 22 relationer
790 1043 33 22 för
844 1043 52 21 åren

138 1078 62 26 1881,
224 1078 55 21 1882
302 1077 40 22 och
365 1077 56 22 1883
435 1077 113 28 angående
570 1077 326 28 lagmanstingsgästningsspan-

137 1110 77 28 målen,
238 1111 79 22 fonden
338 1111 34 22 för
394 1111 84 22 inlösen
493 1111 24 22 af
538 1111 167 27 donationsgods
721 1111 39 22 och
775 1111 122 22 amortisse-

137 1145 155 27 mentsfonden,
323 1146 116 21 relationer
469 1145 112 28 angående
607 1145 227 28 undsättningsfonden
857 1145 40 22 och

138 1180 146 22 statsskulden
299 1182 56 20 samt
370 1187 27 15 en
412 1180 93 22 relation
520 1186 35 16 om
570 1180 58 21 hvad
642 1180 104 28 tillgjordt
760 1180 70 22 blifvit
845 1180 52 22 ian-

138 1215 87 26 ledning
239 1214 24 21 af
283 1213 179 23 Statsutskottets
477 1215 36 21 vid
530 1215 55 22 1882
604 1214 35 21 ärs
653 1214 103 28 landtdag
770 1215 76 26 gjorda
859 1221 38 15 an-

138 1248 139 27 märkningar
299 1250 57 21 emot
371 1248 29 22 dä
421 1248 82 28 afgifna
525 1249 93 21 relation
640 1255 34 15 om
696 1249 141 22 statsverkets
855 1249 42 22 till-

139 1282 70 23 ständ.

208 1317 75 22 Denna
305 1318 90 22 relation
418 1318 41 22 har
474 1318 24 22 af
518 1318 100 27 samtliga
639 1316 90 23 ständen
747 1318 7 21 i
769 1318 100 22 afseende
885 1318 12 21 ä

139 1351 156 23 förberedande
310 1351 161 28 handläggning
486 1352 133 22 remitterats
626 1352 33 21 till
670 1351 170 27 Statsutskottet,
852 1358 45 16 som

130 1386 87 32 "jemväl
240 1387 36 26 egt
297 1386 89 28 tillgång
408 1386 33 22 till
463 1386 44 22 alla
531 1386 142 22 statsverkets
694 1386 145 28 räkenskaper
858 1387 40 21 och

137 1420 137 31 handlingar.
304 1420 43 22 För
368 1420 137 28 fullgörande
529 1420 24 22 af
572 1420 93 22 nämnda
687 1420 97 28 uppdrag
805 1420 40 22 har
859 1420 40 22 Ut-

141 1454 82 22 skottet
237 1454 46 22 dels
298 1454 54 27 tagit
362 1454 122 23 kännedom
499 1461 36 15 om
543 1454 225 28 kapitalräkningarne
777 1454 35 23 för
821 1454 78 28 ifräga-

210 1499 152 19 Statsutskottets
374 1500 118 20 betänkande
502 1502 38 16 N:o
548 1500 30 17 13.
