1086 1717
401 158 63 22 U..B.
480 170 27 4 —
523 158 84 22 XXXIIL
833 157 14 21 3

135 221 79 28 belopp
230 222 72 21 skulle
317 221 66 22 hafva
397 221 94 22 medfört
503 221 150 27 olägenheter,
661 221 8 21 i
677 220 40 22 fall
725 220 89 22 banken
822 220 53 21 nöd-

135 257 49 26 gats
206 256 29 27 på
246 262 38 15 en
306 256 60 27 gång
381 256 82 27 afyttra
478 255 37 21 det
530 256 117 27 omyntade
662 255 78 27 silfret,
756 254 97 22 infördes
868 254 7 21 i

135 290 100 21 bankens
258 296 30 15 nu
303 290 103 27 gällande
421 290 133 27 reglemente
570 291 30 19 ett
616 289 123 28 stadgande
755 288 73 22 derom
844 290 32 20 att

137 324 71 22 säsom
226 324 112 21 metallisk
358 324 68 21 kassa
440 324 57 28 finge
513 324 123 21 tillsvidare
650 324 83 21 räknas
749 323 65 21 äfven
830 322 46 22 silf-

137 366 37 14 ver
193 359 8 21 i
216 359 81 27 plants,
312 359 57 21 dock
385 358 19 28 ej
421 358 34 22 till
469 358 69 28 högre
553 358 80 28 belopp
649 360 28 19 än
694 364 26 15 en
736 357 103 22 femtedel
854 356 25 22 af

136 394 90 21 kassan.
256 393 42 21 Vid
321 393 53 21 1881
391 393 35 21 ärs
442 393 85 27 utgäng
541 392 97 28 uppgick
653 392 98 22 förrädet
767 391 24 21 af
803 397 74 21 omyn-

137 428 47 22 tadt
199 427 77 22 silfver
291 427 121 22 emellertid
427 427 77 22 endast
520 427 34 21 till
570 427 102 27 omkring
687 427 27 28 1/,
730 426 36 22 del
781 425 26 22 af
819 425 36 22 det
870 425 8 22 i

137 462 88 21 banken
241 461 115 22 förvarade
371 461 151 28 guldförrädet
537 461 41 22 och
593 461 40 21 har
648 467 91 15 numera
753 460 126 21 reducerats

138 497 35 20 till
187 496 91 27 288,137
294 496 63 21 mark
371 496 28 21 52
414 496 66 27 penni
497 497 55 20 samt
568 495 102 28 utgjorde
686 495 93 22 sålunda
793 495 38 21 vid
846 496 32 19 ut-

138 531 88 27 gängen
249 530 25 21 af
290 531 24 20 är
330 531 55 21 1884
400 531 68 27 nägot
483 530 61 22 öfver
559 537 26 14 en
601 531 91 26 procent
708 529 25 22 af
746 530 42 21 den
803 529 76 21 metal-

140 565 58 21 liska
212 564 89 27 kassan,
316 571 46 15 som
378 565 87 27 belöpte
480 565 35 27 sig
525 565 35 20 till
568 564 129 27 21,565,910
704 564 63 21 mark
777 563 28 22 45
813 563 67 27 penni

139 599 54 21 eller
215 599 101 27 omkring
339 599 47 28 11/,
401 599 76 28 miljon
493 606 46 14 mer
554 601 28 19 än
598 599 50 21 dess
663 599 7 21 i
686 599 143 26 reglementet
844 597 36 21 be-

140 633 87 22 stämda
248 633 119 22 minimum.
397 634 49 21 Den
462 634 25 21 31
505 633 119 22 December
640 633 54 22 1881
711 633 102 28 utgjorde
827 632 54 21 ban-

139 668 57 21 kens
211 667 128 28 guldförräd
354 668 127 27 18,687,142
496 668 68 21 mark.
595 668 50 21 Men
661 667 29 22 dä
704 667 34 22 till
754 667 57 27 följd
821 666 25 21 af
853 673 28 14 en

141 701 120 28 uppdagad
281 701 148 28 förfalskning
451 701 25 22 af
496 702 181 21 tiomarkssedlar
692 702 67 21 dessa
773 701 69 21 mäste
856 707 26 14 ur

141 736 97 21 rörelsen
258 736 104 27 indragas
378 736 40 21 och
434 736 160 22 allmänhetens
609 736 69 21 behof
691 736 26 21 af
729 735 152 22 cirkulations-

141 770 72 21 medel
227 770 172 21 tillfredsställas
415 777 77 20 genom
504 770 128 27 utgifvande
640 770 26 21 af
672 770 117 27 guldmynt
797 769 24 21 af
826 775 56 15 sam-

142 811 37 14 ma
193 805 68 26 valör,
277 805 95 27 nedgick
386 805 136 26 guldkassan
537 805 70 21 under
621 805 60 21 förra
696 805 84 21 hälften
797 804 25 21 af
828 804 54 21 1882

141 839 36 21 till
202 839 126 27 17,939,196
351 839 66 20 mark.
448 839 51 21 Med
514 839 120 27 anledning
649 839 67 21 häraf
728 839 41 21 och
785 839 7 20 i
808 839 75 26 utbyte

143 876 44 19 mot
203 880 26 15 en
245 873 94 28 ungefär
354 873 113 27 samtidigt
483 873 69 21 skedd
568 873 130 27 realisering
713 873 25 21 af
751 873 61 21 säväl
823 879 60 21 myn-

143 907 48 22 tadt
213 914 45 15 som
279 907 112 28 omyntadt
406 907 77 21 silfver
497 908 90 27 inköpte
602 907 89 21 banken
707 907 70 28 sagda
791 907 25 21 är
831 906 54 27 guld

145 942 34 21 för
201 942 79 21 inalles
302 941 113 27 2,864,115
437 941 64 22 mark
517 942 27 21 10
559 941 73 28 penni.
664 941 47 22 Och
727 942 28 21 dä
771 941 36 22 det
823 940 62 28 guld-

144 978 68 26 mynt,
228 982 46 15 som
290 975 53 22 efter
359 975 168 28 ifrägavarande
542 976 84 21 sedlars
642 975 135 28 indragning
784 977 101 20 utström-

146 1010 63 21 made
224 1017 26 14 ur
265 1010 95 27 banken,
376 1010 48 21 icke
440 1010 66 27 länge
521 1010 97 21 bibehöll
633 1010 35 27 sig:
688 1010 7 21 i
712 1010 104 26 rörelsen,
832 1011 53 19 utan

145 1044 69 21 redan
237 1044 99 27 följande
359 1044 24 21 är
397 1044 96 27 begynte
509 1044 47 21 äter
570 1043 78 29 inflyta
668 1045 3 20 i
686 1044 100 21 bankens
801 1044 85 26 kassor,

146 1078 155 27 stegibankens
313 1074 120 36 guldförräd
444 1078 75 21 ultimo
530 1078 121 21 December
664 1079 62 26 1884,
735 1078 73 21 såsom
818 1078 68 21 redan

147 1112 112 27 nämndes,
272 1112 40 23 till:
328 1112 121 27 21,565,910
459 1113 66 22 :mark
534 1112 34 23 .45
583 1113 74 26 penni.
680 1112 67 22 Såväl
761 1112 67 22 häraf
841 1118 46 15 som

148 1147 66 21 afi:de
229 1146 31 22 niti
272 1147 48 21 tab.
337 1147 11 21 1
361 1146 43 23 sid:
421 1147 27 21 16
459 1147 10 21 i
484 1146 220 28 Bankfallmäktiges:
715 1147 119 21 berättelse
850 1153 37 14 an-

148 1181 66 27 gifna
223 1181 72 22 siffror
310 1181 95 27 framgår
416 1182 38 20 att
468 1176 162 36 allmänhetens.
639 1181 114 22 behof;'-af
773 1180 120 28 guldmynt

147 1215 73 22 såsom
234 1215 195 27 bytesförmedlare
443 1214 143 23 fortfarande:
596 1216 24 22 är
635 1215 87 26 ganska
731 1215 79 27 ringa.
830 1214 63 23 Utan;

147 1244 82 36 tvifvel.
242 1249 76 27 ligger
340 1249 98 22 orsaken
449 1249 262 27 härtill:iden;genom
724 1249 55 23 våra:
794 1249 100 27 tidigare:

146 1282 217 29 myntförhällanden
381 1283 114 23 utbildade
506 1287 77 19 vanan
590 1285 48 21 att.
645 1283 152 27 vid:ligvider
803 1285 92 21 använ-.

147 1317 31 23 da
184 1316 94 28 sedlar,
295 1317 76 23 hvilka.
388 1318 31 26 ju:
434 1316 63 23 ock
484 1312 15 39 i
509 1316 55 24 flere
581 1317 226 30 afseenden.:erhjuda
820 1320 76 20 större:

148 1351 267 28 begvämlighet:och
377 1347 40 37 för
430 1351 67 27 öfrigt
513 1351 49 23 vida
578 1351 86 23 mindre.
673 1352 47 22 lätt
736 1354 25 19 än
775 1352 115 27 guldmyn-

149 1387 38 20 ten.
202 1386 86 24 ikuhna:
298 1385 69 29 under
383 1385 35 22 :det
428 1385 97 28 "dagliga
537 1381 193 38 varuutbytet:gä,
737 1381 140 38 förlonade.::
893 1388 7 19 I

211 1420 83 23 iRellan
311 1420 25 22 år
353 1420 60 23 1878
421 1419 59 24 hade;
486 1419 214 30 Bankfullmäktige
709 1420 90 24 trädt
784 1414 13 39 i
806 1420 92 23 under:

149 1454 108 26 handling
274 1448 54 38 med:
338 1448 137 38 statsverket:
481 1454 133 23 om.inlösen
622 1454 34 24 ;af
664 1461 28 16 en
705 1454 195 23 delaf.detiban-!

218 1493 154 20 Bankutskottets
384 1492 95 22 berättelse
486 1492 134 22 (betänkande
627 1493 38 20 N:o
677 1494 89 18 1):-:..
817 1500 12 12 a

922 1419 52 19 Sidd.
987 1420 17 20 +;

922 1448 74 18 21—23.
