1086 1717
216 157 26 20 14
382 155 23 23 U.
421 156 28 22 B..
460 155 39 23 N:o
515 156 21 22 7.
552 166 30 6 —
598 155 163 23 Ständerhuset.

185 213 67 21 rande
267 212 23 22 af
303 219 26 15 en
346 212 95 28 byggnad
456 212 33 22 för
505 212 129 22 Ständernas
650 218 53 21 egen
718 212 95 26 räkning,
828 212 47 21 icke
889 212 53 21 böra

185 246 73 28 sjelfve
280 248 52 26 göra
351 247 31 27 sig
406 247 96 27 skyldige
520 246 33 22 till
568 246 81 25 slöseri,
665 248 51 20 utan
731 246 42 22 fast
788 246 67 22 hellre
870 246 72 26 föregå

186 281 49 21 med
250 282 53 26 godt
318 281 94 27 exempel
427 282 39 20 och
482 281 72 27 åtnöja
570 281 32 27 sig
617 282 48 21 med
680 282 34 20 ett
727 281 46 25 hus,
783 280 82 22 mindre
875 281 67 27 skryt-

186 317 54 19 samt
256 315 40 21 och
311 315 116 22 storartadt
443 318 27 19 än
486 316 42 25 det,
542 315 153 27 Delegationen
712 315 113 27 föreslagit.
857 316 38 20 Att
910 316 32 20 ett

186 349 78 21 sådant
279 349 39 21 hus
334 349 99 27 uppfördt
447 350 7 20 i
471 350 68 26 enkel,
556 349 74 27 värdig
644 349 36 22 stil
696 349 38 22 och
749 349 8 21 i
772 349 43 21 alla
830 348 112 22 afseenden

186 382 48 22 fullt
250 383 83 27 tjenligt
348 383 32 22 för
394 384 99 21 behofvet
508 384 42 21 kan
569 384 91 21 erhållas
676 384 34 20 för
726 383 46 21 vida
787 383 96 27 billigare
899 383 42 27 pris

186 418 28 21 än
230 417 49 28 2'/,
302 418 96 27 miljoner
420 420 36 19 äro
472 418 20 21 vi
508 418 136 27 öfvertygade
661 424 41 21 om,
718 418 40 21 och
773 420 34 19 tro
822 417 19 21 vi
857 417 32 22 för
905 418 37 20 vär

187 451 35 22 del
237 453 33 20 att
292 452 76 27 planen
392 453 42 21 kan
456 453 48 21 bäst
527 453 39 21 och
590 453 93 26 billigast
698 453 117 26 realiseras,
831 458 34 15 om
881 451 61 21 Stän-

187 485 72 28 derna,
276 486 48 22 med
339 487 179 21 underkännande
533 487 23 22 af
562 487 41 21 den
611 487 63 27 plats,
683 487 152 26 Delegationen
844 485 50 27 valt,
902 485 40 22 och

186 519 87 22 hvilken
288 521 20 20 vi
324 527 49 15 anse
391 521 3 20 i
410 522 77 25 mänga
501 521 113 21 afseenden
622 521 82 21 mindre
712 520 91 27 lämplig,
814 520 47 21 ville
869 520 73 26 ätergä

187 553 33 21 till
236 556 108 25 gvarteret
366 555 128 25 ,Servalen'
513 568 23 2 —
558 555 40 21 den
614 555 56 27 plats
686 555 6 21 i
708 555 80 26 staden,
805 561 45 15 som
866 554 22 21 af
901 553 42 22 alla

187 588 84 21 utskott
286 589 40 21 och
349 589 148 27 delegationer,
521 589 71 21 hvilka
614 589 33 22 till
663 590 39 21 och
718 589 48 21 med
781 589 52 21 sista
848 588 95 22 landtda-

187 627 40 21 gen
251 622 116 22 behandlat
387 623 208 27 ständerhusfrägan,
619 625 81 20 ansetts
722 630 51 14 vara
795 623 40 21 den
858 622 33 21 för
912 623 31 20 ett

187 656 128 22 ständerhus
330 657 137 27 lämpligaste.
487 670 23 3 —
528 658 64 21 Emot
607 657 136 28 förläggande
758 657 22 22 af
796 657 147 22 ständerhuset

187 689 7 21 i
210 691 92 21 nämnda
318 693 85 24 gvarter
424 691 60 21 anför
499 692 154 26 Delegationen
669 695 47 22 ,att
736 691 161 22 Bondeständet
911 693 32 18 ut-

188 724 120 28 tryckligen
318 725 115 26 förkastat
448 726 71 21 denna
533 727 60 26 plats
608 726 38 21 och
662 729 33 18 att
710 725 65 26 äfven
783 725 161 22 Presteständet

188 761 72 18 ansett
274 759 125 21 densamma
413 760 46 20 icke
470 760 52 21 böra
532 760 183 27 ifrägakomma*.
731 761 102 20 Deremot
843 760 39 21 bör
891 760 53 21 erin-

188 795 83 19 rasvatt
286 793 155 28 Ridderskapet
456 795 39 20 och
512 795 68 21 Adeln
596 795 94 26 godkänt
706 795 82 27 platsen
804 795 39 21 och
855 796 31 19 att
893 795 52 20 Bor-

188 827 137 26 gareständet
340 828 34 21 vid
389 830 84 20 senaste
488 828 102 27 landtdag
606 830 65 26 ansäg
680 829 200 26 ständerhusfrägan
897 828 48 21 bäst

188 860 73 22 kunna
275 861 110 22 realiseras
407 869 76 20 genom
505 863 81 21 inlösen
609 863 22 22 af
652 863 144 22 Riddarhuset
818 863 39 21 och
876 863 69 21 dettas

188 895 125 27 utvidgning
336 896 88 22 medelst
446 897 131 27 tillbyggnad
596 897 32 21 till
652 899 31 20 ett
705 897 165 28 fyraständshus.
908 897 37 21 Sä-

188 929 45 21 vidt
248 929 21 21 vi
285 929 71 22 erfarit
371 931 62 21 torde
449 931 26 22 de
490 931 162 28 ifrägavarande
668 933 107 20 tomterna
791 931 56 22 inom
863 933 82 25 gvarte-

188 965 34 20 ret
237 964 128 25 ,,Servalen*
388 967 57 19 ännu
467 967 34 20 stä
517 967 32 20 att
568 966 62 25 lösas,
647 972 34 15 om
698 965 39 22 ock
753 965 32 22 till
800 967 65 25 något
880 965 66 27 högre

187 998 45 27 pris
248 1000 27 19 än
290 998 56 22 hvad
369 999 135 22 härförinnan
527 1001 34 20 för
576 1000 110 21 desamma
701 1000 126 25 erfordrats;
845 999 39 22 och
899 999 47 22 med

188 1032 87 27 ledning
290 1033 23 21 af
326 1034 36 21 det
377 1034 90 27 projekt,
484 1041 46 14 som
546 1034 81 27 föreläg
642 1036 85 20 senaste
737 1034 155 25 Ständermöte,
903 1035 43 20 mä-

188 1068 33 19 ste
237 1067 37 21 det
289 1067 34 22 väl
338 1070 88 24 antagas
442 1070 32 19 att
489 1071 32 19 ett
536 1068 126 22 ständerhus
678 1069 13 21 &
708 1069 68 21 denna
791 1068 55 27 plats
869 1067 77 22 endera

188 1107 78 20 genom
281 1102 153 22 Riddarhusets
456 1103 123 26 förändring
601 1103 32 21 till
660 1105 32 19 ett
714 1102 159 27 fyraständshus
895 1101 53 22 eller

188 1142 77 21 genom
281 1143 25 14 en
322 1137 91 21 särskild
436 1137 98 28 byggnad
556 1137 32 21 för
612 1137 25 22 de
660 1139 32 20 tre
711 1137 68 26 öfriga
801 1136 89 22 ständen
904 1137 43 20 kan

188 1171 160 22 åstadkommas
362 1171 33 21 för
410 1177 26 16 en
452 1172 92 21 kostnad
560 1171 22 22 af
596 1172 64 27 högst
678 1172 47 26 11/,
741 1171 78 27 miljon.

258 1205 48 21 Den
330 1205 114 27 besparing
460 1206 21 21 af
496 1207 9 20 1
525 1205 80 28 miljon,
621 1212 47 15 som
682 1205 125 27 härigenom
822 1211 86 20 vunnes,
924 1207 25 19 är

188 1239 24 21 sä
228 1239 95 27 betydlig
338 1241 31 20 att
384 1240 20 20 vi
420 1241 54 26 väga
488 1240 89 27 hoppas,
598 1240 36 21 det
651 1240 124 21 densamma
790 1239 33 21 väl
839 1239 54 21 skall
908 1239 40 21 för-

188 1273 78 22 anleda
282 1273 60 22 äfven
364 1274 84 22 Preste-
471 1275 40 21 och
535 1274 165 22 Bondeständen
723 1275 32 20 att
775 1274 47 21 äter
837 1273 113 27 godkänna

188 1309 110 25 gvarteret
314 1308 127 25 ,Servalen*
457 1309 73 21 såsom
545 1308 56 28 plats
616 1308 33 21 för
665 1308 161 22 Ständerhuset.

259 1342 32 21 På
306 1342 67 26 grund
389 1342 22 22 af
425 1342 37 22 det
483 1342 129 27 ofvansagda
633 1343 55 26 våga
704 1342 19 21 vi
739 1342 109 21 vördsamt
862 1340 87 22 föreslå:

399 1407 45 25 natt
459 1405 129 27 Ständerna,
598 1406 48 20 med
656 1404 149 28 förkastande
820 1403 31 27 af
866 1403 83 22 Utskot-

330 1441 39 19 tets
382 1438 147 26 förevarande
544 1439 141 25 betänkande,
701 1439 50 21 ville
767 1438 92 21 besluta:

398 1481 34 18 att
455 1479 35 21 till
513 1479 41 20 den
573 1479 37 20 vid
624 1481 86 19 senaste
725 1478 109 27 landtdag
850 1478 100 21 nedsatta
