1086 1717
860 143 11 19 3

146 207 55 21 bara
216 206 122 30 störingar.
361 206 46 22 För
417 206 114 22 Finlands
540 206 68 22 Bank
618 206 71 23 hafva
700 206 28 22 de
736 206 103 30 menliga
848 206 54 30 följ-

147 241 71 22 derna
235 241 69 22 häraf
320 241 73 22 under
407 249 33 14 nu
455 241 193 29 tilländagångna
664 241 155 29 treårsperiod
834 242 67 21 emel-

146 276 70 22 lertid
234 276 51 22 icke
303 276 60 22 varit
382 276 26 22 af
420 277 79 27 någon
515 278 73 20 större
603 276 130 28 betydelse;
749 276 96 22 fastmer
860 276 42 22 har

147 310 75 22 denna
237 310 87 30 period,
340 311 74 21 såsom
429 310 26 22 af
469 310 39 22 det
523 310 103 30 följande
642 310 65 22 torde
718 310 97 29 framgå,
827 310 74 23 öfver-

147 345 91 23 hufvud
252 346 61 22 varit
328 353 28 14 en
371 345 26 22 af
410 345 28 22 de
453 345 38 22 för
505 346 99 21 Banken
619 348 179 26 gynsammaste.

215 380 52 22 Den
282 380 37 21 till
335 382 77 20 senast
426 380 139 22 församlade
576 380 110 22 Ständers
697 380 162 22 Bankutskott
869 380 32 22 af-

147 415 65 30 gifna
227 415 123 22 berättelse
365 414 58 23 hade
439 415 8 22 i
462 414 98 23 främsta
574 417 100 20 rummet
689 417 34 20 att
738 415 113 29 redogöra
865 415 37 23 för

147 450 113 29 åtgärder,
276 449 111 29 vidtagna
401 450 9 21 i
421 450 127 29 anledning
558 449 27 23 af
592 449 46 22 den
649 449 129 30 öfvergång
788 450 38 21 till
836 450 66 29 guld-

147 485 109 28 mynttot,
273 492 49 14 som
337 485 86 22 beslöts
439 484 26 23 af
479 487 141 20 1877—1878
636 485 36 21 års
689 485 100 22 Ständer
799 485 43 22 och
853 485 49 22 der-

147 519 59 22 efter
226 519 26 22 af
266 519 66 22 Hans
352 519 133 29 Kejserliga
503 519 109 29 Majestät
631 519 8 22 i
654 519 71 22 nåder
741 519 160 22 stadfästades.

147 554 90 25 Genom
260 553 196 29 ändamålsenliga
475 554 157 28 anordningar
650 553 140 30 förebygdes
809 553 28 22 de
857 555 45 20 stö-

147 588 71 23 rande
237 588 128 29 inflytelser
380 589 29 28 på
424 588 114 22 Finlands
553 588 69 22 Bank
638 588 43 22 och
696 589 29 28 på
740 588 139 22 affärslifvet
894 588 9 21 i

148 623 52 22 dess
218 622 86 29 helhet,
323 629 48 15 som
386 622 37 22 till
439 630 30 14 en
485 622 80 29 början
580 623 91 22 kunnat
685 622 75 23 blifva
775 622 90 30 följden
879 622 26 23 af

148 658 76 22 denna
243 657 91 29 vigtiga
351 657 92 28 reform,
461 657 153 29 hvarigenom
633 659 55 21 våra
710 657 193 30 myntförhållan-

148 692 45 22 den
212 692 120 29 ändtligen
352 692 86 21 stäldes
459 693 31 28 på
505 700 29 14 en
549 692 56 22 fullt
621 693 67 21 säker
703 692 122 29 grundval.
855 692 48 23 Un-

148 727 40 22 der
206 727 45 22 den
270 727 108 28 tidrymd,
399 734 49 15 som
466 727 162 29 föreliggande
647 727 124 22 berättelse
788 727 115 28 omfattar,

148 761 70 23 hafva
232 762 56 29 inga
302 761 143 29 rubbningar
460 762 9 21 i
484 761 46 22 den
544 762 133 22 metalliska
692 762 84 21 kassan
792 764 40 26 egt
842 769 61 21 rum;

148 797 93 22 banken
260 797 41 21 har
321 796 78 22 ostörd
420 797 43 22 och
481 799 58 20 utan
559 797 119 29 svårighet
692 797 91 22 kunnat
798 798 105 27 upprätt-

148 832 63 22 hålla
226 832 37 21 sin
278 831 191 29 sedelinvexling.
491 832 52 21 Den
555 835 24 19 31
592 832 127 21 December
731 835 52 19 1881
795 831 109 30 utgjorde

148 867 132 28 tillgången
294 867 30 28 pä
338 866 107 29 myntadt
455 866 44 22 och
510 867 123 28 omyntadt
643 866 57 29 guld
710 868 47 27 Za
771 868 132 27 18,687,142.

148 902 71 21 Detta
236 901 84 29 belopp
339 901 100 28 nedgick
454 901 140 29 visserligen
610 901 74 22 under
698 901 63 22 förra
775 901 91 22 hälften
881 901 25 22 af

149 937 25 21 år
192 939 52 20 1882
260 936 38 22 till
312 937 72 28 något
399 935 74 23 under
490 939 25 19 18
531 936 114 29 miljoner,
661 943 53 15 men
724 936 41 22 har
777 936 128 22 sedermera

149 971 61 22 varit
228 971 8 22 i
254 971 148 28 temmeligen
421 971 154 29 regelbundet
595 971 107 29 stigande
722 973 60 20 samt
797 970 107 30 utgjorde

149 1006 83 22 ultimo
247 1005 125 23 December
390 1008 53 20 1884
459 1007 48 26 Zag
519 1008 133 26 21,565,910.
672 1006 96 22 Banken
780 1006 42 22 har
832 1005 73 22 under

146 1041 29 22 är
195 1043 53 20 1882
268 1048 83 21 genom
371 1040 42 22 sitt
428 1040 85 23 ombud
532 1041 9 21 i
561 1041 96 22 Läbeck
673 1041 107 28 uppköpt
795 1040 58 29 guld
868 1039 36 23 för

153 1077 110 26 1,182,746
284 1075 65 22 mark
369 1078 26 19 78
414 1075 78 29 penni,
511 1075 37 22 för
568 1075 68 22 hvars
652 1075 143 29 indragande
811 1075 94 22 kostna-

150 1110 45 21 den
210 1111 100 28 uppgätt
325 1110 37 21 till
378 1113 62 25 6,370
455 1110 67 21 mark
538 1112 26 20 35
580 1110 78 29 penni,
676 1112 59 20 samt
749 1117 85 22 genom
849 1110 57 21 kon-

150 1147 61 20 toret
226 1145 8 21 i
250 1145 34 22 S:t
299 1145 141 28 Petersburg
454 1145 38 22 för
511 1147 109 26 1,625,598
637 1145 65 21 mark
714 1147 25 19 32
750 1145 79 28 penni,
840 1144 66 22 hvar-

150 1181 66 20 utom
237 1186 84 21 genom
343 1179 149 28 myntverket
514 1179 120 22 härstädes
656 1179 119 29 uppköpts
794 1178 57 30 guld
871 1178 35 23 för

151 1216 77 26 55,770
253 1214 71 21 mark.
354 1214 109 21 Deremot
483 1213 42 22 har
547 1214 104 21 bankens
674 1213 136 29 guldförräd
834 1213 74 22 under

153 1251 53 19 1883
228 1248 66 22 ökats
314 1248 60 22 blott
392 1248 52 22 med
459 1248 40 22 det
513 1248 92 29 belopp,
622 1255 49 15 som
686 1248 150 29 myntverket
850 1255 57 22 upp-

150 1283 65 29 köpt,
231 1283 56 21 eller
302 1285 76 26 27,562
394 1283 65 22 mark
475 1286 27 19 44
518 1283 78 29 penni.
624 1283 80 23 Under
720 1282 153 23 sistförflutna
883 1283 25 21 är

151 1318 41 22 har
208 1318 57 28 guld
280 1318 94 28 inköpts
390 1318 37 22 till
442 1318 94 22 banken
550 1318 37 22 för
602 1320 48 27 Zag
662 1320 83 26 24,444:
762 1320 27 19 24
801 1322 32 24 ji.
848 1318 60 21 Ban-

151 1353 59 21 kens
226 1352 126 29 guldkassa
366 1353 90 29 uppgär
472 1353 98 22 sälunda
584 1352 57 23 fullt
651 1352 37 22 till
699 1352 51 22 dess
761 1352 9 22 i
781 1352 127 29 reglemen-

151 1389 35 19 tet
204 1386 142 23 föreskrifna
361 1387 90 29 belopp,
467 1389 35 20 ett
517 1387 145 22 förhällande
678 1394 49 14 som
743 1389 40 27 egt
797 1394 52 14 rum
867 1386 43 22 allt

153 1421 70 22 sedan
241 1424 61 20 1881.
331 1422 69 21 Hvad
415 1422 112 22 särskildt
543 1422 39 22 det
597 1422 9 22 i
620 1422 104 22 bankens
739 1421 80 23 förräd
830 1421 80 22 befint-

152 1456 49 29 liga
220 1456 76 22 finska
314 1456 149 29 guldmyntet
478 1456 117 29 beträffar,
611 1456 41 22 har
668 1456 132 28 detsamma,
816 1455 96 23 öaktadt
