1086 1717
817 160 40 21 129

122 221 61 21 boets
192 221 110 22 skiftande
310 221 53 21 böra
371 220 93 22 emellan
472 220 104 22 hustruns
584 220 42 22 och
636 227 105 15 mannens
751 221 64 22 lotter
825 222 58 21 verk-

123 256 81 24 ställas,
220 256 8 20 i
238 256 103 21 händelse
350 256 126 26 någondera
486 255 35 21 för
529 255 85 21 enskild
622 256 62 26 nytta
692 256 97 21 användt
796 262 86 21 gemen-

123 297 46 14 sam
184 291 110 26 egendom,
306 290 107 21 ändrades
426 289 41 22 och
475 289 157 28 förtydligades
640 290 25 20 så
672 292 34 18 att
714 290 170 28 ersättningsan-

123 324 88 28 språket
235 324 34 21 för
291 325 41 20 den
347 324 70 26 make,
434 331 26 14 ur
477 324 65 21 hvars
557 324 41 21 lott
614 324 42 21 den
672 325 68 20 andra
758 324 77 22 maken
851 326 32 27 sig

127 359 34 21 till
176 361 62 25 nytta
253 359 96 21 användt
365 359 70 27 någon
445 365 125 20 gemensam
580 358 98 28 tillgång,
688 358 70 22 blefve
769 358 48 22 fullt
825 359 58 22 klart

127 393 40 21 och
190 393 63 22 äfven
276 395 109 25 gentemot
407 392 133 28 borgenärer
562 392 71 21 bättre
647 392 108 28 skyddadt
770 394 28 20 än
814 400 29 14 nu
859 395 24 20 är

124 428 152 21 förhållandet.

194 462 50 21 Med
266 463 63 20 dessa
351 461 8 21 i
373 461 102 28 gällande
491 461 48 27 lags
553 461 181 28 grundprinciper
748 462 48 21 icke
811 462 74 22 alltför

125 496 84 28 mycket
231 496 128 27 ingripande
381 495 154 28 förändringar
556 502 51 15 vore
626 495 67 22 likväl
716 498 31 19 ett
767 497 118 27 afgörande

124 531 120 27 inflytande
270 531 28 26 på
320 530 43 21 alla
385 530 106 27 vigtigare
513 529 246 28 förvaltningsåtgärder
787 531 98 22 lemnadt

124 565 98 21 hustrun.
244 565 68 26 Ingen
327 563 263 28 betalningsförbindelse,
608 571 45 14 som
671 571 50 15 vore
732 565 24 21 af
764 565 119 22 beskaffen-

126 599 37 22 het
185 601 33 19 att
242 599 120 21 blottställa
385 599 36 20 det
440 605 163 20 gemensamma
616 598 57 27 boet,
690 599 54 21 intet
760 599 127 28 förfogande

127 634 59 21 öfver
202 634 48 21 dess
264 633 125 22 redbaraste
405 633 118 27 tillgångar
541 645 21 2 —
580 633 7 21 i
596 634 42 20 den
646 633 87 28 fattiges
742 634 27 21 bo
777 635 54 21 höra
840 636 46 21 der-

127 668 33 21 till
169 669 25 20 de
204 668 111 27 nödigaste
324 667 136 27 husgeråden
468 679 29 4 —
506 667 68 21 skulle
583 667 94 28 lagligen
686 668 86 22 komma
782 669 33 21 till
823 670 64 20 stånd

127 705 53 18 utan
206 704 32 19 att
260 702 102 21 hustruns
385 702 38 21 råd
449 701 42 21 och
507 701 109 28 samtycke
632 702 124 22 inhemtats.
785 703 102 22 Deremot

129 743 51 15 vore
194 743 106 14 mannens
316 736 58 21 hand
389 735 137 22 fortfarande
541 735 27 22 fri
583 736 7 21 i
606 737 101 21 afseende
723 738 10 20 å
742 737 67 26 boets,
821 738 24 21 så
855 740 33 19 att

130 772 57 26 säga,
203 771 95 27 löpande
314 770 189 27 angelägenheter.
526 771 10 20 I
551 770 61 27 fråga
628 778 34 13 om
684 772 166 27 användningen
866 772 25 21 af

128 806 27 20 de
178 805 125 26 inkomster,
326 805 115 21 makarnes
463 805 62 21 såväl
547 805 99 22 enskilda
668 813 46 14 som
728 813 161 20 gemensamma

128 839 148 27 förmögenhet
291 839 121 26 afkastade,
428 839 71 21 blefve
510 839 106 27 vällagen
626 839 133 22 oförändrad
767 841 40 21 och
815 841 72 21 kunde

129 875 24 20 så
175 876 52 19 utan
251 873 114 28 olägenhet
383 873 108 26 förblifva,
513 874 90 21 emedan
619 873 103 22 hustruns
736 875 104 21 förökade
855 875 33 21 in-

130 908 94 27 flytande
246 908 8 21 i
278 909 26 20 de
327 907 113 28 vigtigaste
463 907 213 28 angelägenheterna
692 916 41 20 nog
749 909 69 22 skulle
835 911 54 26 göra

129 943 81 20 hennes
235 942 132 27 önskningar
395 941 63 22 äfven
487 943 93 20 rörande
606 943 26 20 de
654 943 83 21 mindre
760 944 129 27 maktpålig-

130 977 70 27 gande
216 977 130 26 tillbörligen
364 976 216 27 uppmärksammad.

198 1011 74 21 Sävidt
291 1011 39 27 jag
352 1011 80 20 förmår
447 1011 48 20 inse
511 1017 50 15 vore
577 1012 26 20 de
618 1011 100 22 tillfällen
733 1012 33 21 till
781 1013 107 21 missbruk

130 1045 24 22 af
174 1046 195 25 målsmansrätten,
386 1052 46 14 som
448 1045 44 20 den
508 1047 136 20 närvarande
658 1046 165 28 lagstiftningen
837 1047 51 21 lem-

131 1087 47 18 nar,
193 1087 78 20 genom
286 1087 30 13 nu
330 1080 96 27 antydda
441 1079 155 28 förändringar
615 1080 7 21 i
637 1080 107 28 familjens
752 1081 91 22 intresse
854 1083 37 20 vä-

131 1115 120 26 sendtligen
274 1114 132 27 förebyggda
429 1113 41 22 och
486 1114 71 21 tillika
572 1121 77 20 genom
666 1115 42 21 den
723 1115 111 28 möjlighet
850 1115 39 22 hu-

130 1152 60 17 strun
206 1148 40 21 har
260 1151 34 18 att
305 1153 98 16 närmare
413 1147 55 28 följa
478 1149 51 20 med
538 1147 273 29 förvaltningsåtgärderna
823 1150 68 27 sörjdt

130 1183 34 21 för
179 1185 38 24 att,
234 1183 38 21 der
288 1183 26 20 de
330 1182 91 21 sålunda
436 1181 93 22 afsedda
544 1183 140 26 garantierna
699 1183 66 22 likväl
775 1184 74 21 visade
859 1185 32 26 sig

131 1217 149 27 otillräckliga,
303 1217 243 26 boskilnadsprocessen
565 1217 43 21 kan
623 1217 86 22 inledas
731 1219 78 20 medan
825 1219 66 27 något

134 1253 58 20 ännu
214 1252 70 21 finnes
306 1254 32 18 att
359 1252 74 20 rädda.
464 1251 112 21 Måhända
598 1251 73 22 kunde
693 1252 61 21 äfven
773 1253 119 21 vinnandet

130 1286 25 22 af
167 1286 114 22 boskilnad
299 1286 7 20 i
321 1286 72 26 någon
407 1285 52 21 mån
475 1285 147 27 underlättas,
638 1288 15 18 t.
669 1293 33 14 ex.
718 1293 77 20 genom
810 1289 32 19 att
857 1287 35 21 så-

131 1328 45 14 som
192 1320 46 22 skäl
253 1320 35 21 till
303 1320 69 21 sådan
387 1319 120 27 godkänna
524 1320 62 21 äfven
602 1320 148 27 långvarigare
761 1321 130 27 misshällig-

130 1356 60 20 heter
206 1354 106 22 makarna
326 1354 91 21 emellan
433 1355 95 20 rörande
544 1354 60 21 boets
620 1354 138 28 förvaltning.

200 1390 50 20 Men
273 1389 61 21 äfven
355 1395 34 14 om
406 1390 37 19 det
457 1388 137 27 berättigade
610 1389 7 20 i
633 1389 205 27 reformyrkandena
853 1397 38 14 an-

133 1425 61 26 såges
210 1430 53 15 vara
278 1423 126 27 härigenom
419 1423 143 27 tillgodosett,
580 1423 69 21 finnes
668 1425 36 20 det
719 1424 66 21 likväl
799 1424 47 22 icke
855 1426 38 20 nå-

131 1462 38 24 got
194 1458 72 27 giltigt
289 1457 47 21 skäl
358 1459 33 19 att
406 1457 113 21 bibehålla
535 1458 35 20 det
585 1457 78 21 förbud
679 1460 32 19 att
726 1465 77 20 genom
819 1459 76 21 äkten-

838 1493 10 16 9
