1086 1717
379 174 20 23 U.
415 172 20 24 B.
454 186 21 2 —
495 172 111 24 111—XXXI.
833 174 12 21 5

118 230 115 27 forderliga
247 230 88 27 utgifter
349 230 34 22 för
397 230 94 22 militära
505 230 71 22 behof.
606 230 75 22 Ehuru
696 230 179 27 slutredovisning

120 264 59 21 öfver
193 264 145 22 kostnaderna
352 264 34 22 för
397 265 262 26 reservmötesplatsernas
669 264 138 28 bebyggande
818 266 57 19 ännu

119 298 47 21 icke
188 298 116 27 aflemnats,
328 298 72 22 kunna
423 299 64 21 dessa
501 299 116 21 kostnader
632 299 61 26 dock,
710 299 66 27 enligt
790 298 85 22 Militie-

120 332 158 27 expeditionens
289 332 184 28 ofvanäberopade
484 333 122 26 berättelse,
617 333 106 21 beräknas
734 333 61 21 skola
805 332 71 27 uppgä

119 366 33 22 till
167 366 65 27 nägot
246 373 46 15 mer
306 368 26 20 än
349 368 113 26 2,000,000
483 367 67 21 mark.
570 379 29 3 —
613 367 114 21 Dessutom
743 367 40 21 har
797 366 80 28 Styrel-

120 406 37 16 sen
179 400 35 22 vid
228 400 70 22 denna
319 401 103 27 landtdag
445 401 62 21 äskat
529 403 31 19 ett
582 401 75 27 anslag
671 401 24 21 af
708 402 92 25 275,000
814 400 62 22 mark

119 435 34 21 för
168 435 266 27 kompletteringsarbeten
449 442 28 15 m.
493 442 27 15 m.

189 469 39 21 Att
242 475 28 15 nu
285 469 162 27 ifrägavarande
462 470 118 21 kostnader
594 469 90 22 sälunda
692 470 105 27 betydligt
808 469 68 22 öfver-

121 503 58 27 stigit
201 503 26 22 de
242 503 122 22 beräknade
387 505 40 20 och
448 504 35 21 för
505 504 123 21 ändamälet
650 505 103 26 anslagna
771 504 105 27 beloppen

121 537 46 27 har,
182 538 8 21 i
204 538 115 27 synnerhet
333 538 56 21 hvad
405 539 233 27 barackbyggnaderna
652 539 138 26 vidkommer,
801 540 75 25 antag-

121 571 56 27 ligen
199 572 65 21 delvis
286 572 133 22 förorsakats
435 573 23 21 af
472 573 41 21 den
531 573 159 27 skyndsamhet,
706 579 45 15 som
766 573 35 20 vid
816 572 61 21 arbe-

121 607 61 20 tenas
205 606 138 22 bedrifvande
365 607 56 21 varit
435 607 24 21 af
479 607 77 26 nöden,
579 607 81 21 hvilket
675 607 47 21 åter
737 607 62 21 torde
813 607 64 21 hafva

122 640 56 21 varit
200 646 25 15 en
240 640 53 27 följd
315 641 62 21 deraf
389 643 34 19 att
444 641 79 27 nödiga
545 641 155 22 förberedande
716 641 100 27 ätgärder
830 641 47 21 icke

122 674 68 21 blifvit
205 675 7 20 i
226 675 32 21 tid
272 675 107 27 vidtagna.
395 675 62 22 Dock
471 675 69 22 måste
556 675 140 27 tillökningen
710 676 8 20 i
732 675 146 22 kostnaderna

122 709 33 20 för
178 709 25 20 de
226 709 106 27 egentliga
354 709 232 28 kasernbyggnaderna
614 715 62 16 anses
701 709 177 27 hufvudsakligen

123 743 52 21 bero
198 743 62 22 deraf
274 745 33 20 att
329 750 49 15 man
393 744 35 21 vid
443 744 64 21 deras
526 744 139 27 uppförande,
681 743 70 22 säsom
767 744 61 21 äfven
842 743 36 22 vid

123 777 142 26 uppförandet
279 777 24 22 af
316 778 67 21 andra
398 778 109 21 allmänna
522 778 122 27 byggnader
659 778 55 21 visat
729 778 32 27 sig
775 784 52 15 vara
838 777 41 22 fal-

123 811 36 26 let,
181 811 57 21 velat
253 811 96 28 tillämpa
364 812 26 21 de
404 814 57 19 mest
482 812 71 21 ideala
568 813 86 26 system,
672 812 72 21 hvilka
759 813 7 20 i
780 811 99 22 utlandet

124 845 113 26 uppstälts,
256 845 66 28 nägot
337 852 45 15 som
397 845 114 22 Utskottet
526 848 46 19 tror
586 845 65 22 hafva
665 846 56 21 varit
731 846 95 21 hvarken
835 845 44 22 rik-

124 879 41 27 tigt
187 879 51 22 eller
254 880 23 21 af
289 880 163 21 förhällandena
474 880 118 27 päkalladt.
622 875 68 26 Äfven
708 886 26 15 en
748 880 82 21 mindre
845 880 34 21 rik

125 913 110 22 dekorativ
250 915 101 26 utstyrsel
367 914 128 22 åtminstone
512 915 13 21 å
539 915 95 26 Nylands
650 914 105 27 bataljons
770 915 108 26 kaserner,

124 948 72 21 hvilka
211 947 111 22 Utskottet
336 949 47 21 haft
397 949 84 21 tillfälle
497 950 34 20 att
545 951 51 25 taga
610 949 8 20 i
632 948 167 27 skärskådande,
811 948 68 21 skulle

125 982 111 26 sannolikt,
257 982 66 27 jemte
346 983 35 21 det
404 983 121 21 kostnaden
539 983 34 21 för
591 983 151 27 byggnaderna
757 983 122 26 derigenom

124 1016 143 27 förminskats,
290 1017 65 26 enligt
377 1017 124 21 Utskottets
516 1017 56 27 åsigt
586 1017 64 22 hafva
668 1017 56 21 varit
738 1023 60 16 mera
813 1017 67 21 öfver-

125 1051 169 21 ensstämmande
310 1051 48 21 med
373 1051 73 21 dessas
461 1051 113 21 karaktär.

192 1085 11 21 I
218 1085 153 27 sammanhang
392 1085 90 22 härmed
504 1091 64 16 anser
582 1085 112 22 Utskottet
709 1085 31 27 sig
755 1085 53 22 böra
823 1085 57 21 åter-

125 1119 73 22 hemta
212 1121 72 19 senast
298 1119 129 22 församlade
444 1119 103 22 Ständers
562 1119 101 21 anhållan
679 1121 32 19 att
726 1119 109 27 Styrelsen
844 1118 36 22 vid

125 1153 73 27 hvarje
213 1153 102 28 landtdag
329 1154 49 21 ville
392 1153 34 22 för
438 1153 121 22 Ständerna
574 1153 106 28 uppgifva,
691 1153 72 22 hvilka
773 1153 108 22 allmänna

126 1188 121 27 byggnader
269 1188 108 27 Styrelsen
400 1188 41 21 har
454 1188 35 21 för
504 1188 64 27 afsigt
583 1189 33 20 att
634 1187 46 22 låta
694 1188 67 21 under
777 1188 40 21 den
831 1189 50 19 när-

126 1224 56 19 mast
195 1222 93 27 följande
303 1222 170 27 finansperioden
488 1222 102 27 uppföra;
606 1222 40 21 och
660 1222 40 21 har
710 1221 112 22 Utskottet
831 1221 50 22 här-

127 1257 32 21 till
180 1256 117 22 föranledts
317 1256 101 21 särskildt
441 1256 89 21 derutaf
549 1258 34 19 att
597 1256 65 21 bland
678 1256 26 21 de
723 1255 158 28 nybyggnader,

126 1290 78 26 hvilka,
225 1290 83 27 jemlikt
331 1290 130 22 Ständernas
477 1290 93 22 berörda
590 1289 107 27 anhållan,
712 1290 123 27 uppräknas
849 1290 33 21 uti

127 1325 40 21 den
182 1325 32 21 till
230 1325 68 21 denna
312 1324 102 28 landtdag
429 1325 80 27 afgifna
524 1325 170 27 approximativa
708 1324 99 28 kalkylen
823 1324 59 22 öfver

127 1359 139 21 statsverkets
282 1359 111 21 sannolika
406 1359 120 21 inkomster
548 1358 41 22 och
603 1358 66 22 behof
682 1358 34 22 för
731 1358 51 22 åren
798 1358 84 22 1886—

128 1394 62 26 1888,
205 1393 77 21 saknas
305 1393 128 21 åtminstone
449 1393 36 21 det
504 1393 114 21 tillernade
632 1399 43 21 nya
689 1393 62 21 huset
765 1393 34 21 för
813 1392 70 22 finska

128 1428 187 26 konstföreningen
331 1427 39 21 och
385 1427 229 27 konstflitföreningen,
630 1427 86 21 hvartill
731 1428 32 20 ett
772 1427 78 26 belopp
861 1426 24 21 af

128 1462 108 21 allmänna
250 1462 69 21 medel
334 1462 61 21 torde
410 1461 65 21 hafva
489 1462 111 26 anslagits.

196 1496 169 21 Vidkommande
387 1495 78 27 sjunde
480 1495 148 28 hufvudtiteln
648 1495 40 21 har
702 1495 112 22 Utskottet
828 1496 55 20 trott

197 1535 148 18 Statsutskottets
358 1535 116 17 betänkande
486 1535 39 18 N:o
539 1536 29 17 13.
