1086 1717
74 909 54 18 Sidd.
135 909 74 18 26—28.

101 1209 39 18 Sid.
153 1211 28 17 13.

236 156 30 21 14
476 156 24 23 U.
516 156 25 22 B.
556 169 28 3 —
598 156 84 22 XXXII

208 218 121 28 bindelser,
352 225 45 15 som
420 219 34 21 till
475 220 105 27 beloppet
601 219 53 21 vida
676 218 118 28 öfverstiga
817 219 63 21 deras
895 225 57 21 egna

207 252 127 28 tillgängar.
364 253 70 27 Dock,
456 254 69 21 innan
540 254 7 20 i
562 254 48 21 värt
633 254 53 21 land
704 253 79 28 uppstä
803 253 64 22 äfven
883 253 69 21 andra

207 287 170 28 förlagsgifvare
399 290 28 19 än
449 288 122 27 bankerna,
595 288 72 21 blefve
692 288 81 27 många
797 288 153 27 affärsgrenar,

208 321 131 22 framförallt
354 322 158 28 sägindustrin,
528 322 118 22 beröfvade
662 322 37 21 sitt
715 322 173 28 rörelsekapital,
904 322 47 21 der-

208 358 33 20 est
258 356 119 29 principen
401 363 34 15 om
457 356 145 22 affärsvexlar
617 356 7 22 i
640 356 30 22 all
685 356 34 23 sin
734 356 115 28 stränghet
864 363 86 21 genom-

208 390 81 22 fördes.
319 391 42 21 Det
387 393 24 19 är
437 391 70 21 ocksä
529 390 122 28 ingalunda
673 390 33 22 för
729 393 31 19 att
783 391 113 27 tillstyrka
921 392 30 20 ett

207 424 101 28 plötsligt
331 425 84 22 afbrott
436 425 8 22 i
467 425 44 22 den
533 425 39 22 hos
595 432 36 15 oss
639 425 116 28 gällande
773 425 178 27 bank-coutume,

208 465 46 15 som
277 459 112 22 Utskottet
412 461 71 20 ansett
506 461 31 20 ett
560 459 114 22 uttalande
690 460 7 21 i
713 460 77 27 frågan
807 466 52 15 vara
873 460 29 27 pä
917 459 34 22 sin

208 493 66 28 plats,
302 495 28 20 än
353 494 82 21 mindre
459 494 34 21 för
513 496 32 19 att
560 494 60 21 rikta
635 494 67 27 nägot
716 493 93 22 klander
824 496 43 19 mot
882 493 69 22 bank-

208 527 172 28 förvaltningen,
395 527 97 28 hvilken,
509 528 69 27 enligt
593 528 59 21 hvad
667 528 112 22 Utskottet
793 530 52 19 trott
861 528 34 27 sig
908 528 42 21 för-

208 561 85 26 märka,
315 564 100 25 nogsamt
433 562 92 21 beaktat
540 569 52 21 nyss
609 563 112 21 skildrade
737 562 213 27 missförhällanden;

208 598 54 19 utan
285 596 41 21 har
347 596 112 22 Utskottet
482 597 50 21 med
550 597 37 21 det
605 597 65 21 ofvan
686 597 69 27 sagda
771 597 54 21 blott
840 597 58 21 velat
913 603 37 14 an-

208 630 55 28 tyda
285 633 81 24 gagnet
381 631 25 20 af
419 637 26 15 en
461 631 152 22 modifikation
629 631 7 21 i
652 631 36 22 det
703 631 37 22 vid
756 638 27 14 en
799 631 35 21 del
849 631 100 21 bankens

209 664 206 27 afdelningskontor
430 672 30 15 nu
475 665 97 22 rädande
588 667 110 26 systemet.

277 699 112 21 Utskottet
411 699 40 22 har
473 700 127 27 genomgått
622 699 103 28 samtliga
743 699 130 22 instrument
891 699 60 22 öfver

208 733 28 21 de
258 733 30 27 pä
302 733 72 27 grund
389 733 25 22 af
427 735 12 25 8
457 735 38 20 111
512 736 7 19 i
534 734 204 27 bankreglementet
753 733 25 22 af
790 734 160 27 bankmyndig-

208 767 92 21 heterna
315 767 128 22 verkstälda
458 768 110 21 ordinarie
583 768 165 28 inventeringar
763 768 40 21 och
819 768 76 21 dervid
903 768 47 21 fun-

208 801 32 21 nit
264 803 32 20 att
319 801 64 22 dessa
405 802 118 28 försiggätt
542 802 76 28 hvarje
634 803 86 20 mänad.
751 802 118 21 Likaledes
883 802 67 22 hafva

209 837 62 20 extra
279 835 164 28 inventeringar
455 836 25 21 af
489 836 169 22 handkassorna
672 837 7 20 i
695 837 100 20 bankens
809 837 92 21 hufvud-
910 837 40 21 och

209 869 207 28 afdelningskontor
431 871 146 26 förekommit,
594 871 69 21 ehuru
678 871 56 21 blott
749 873 31 19 ett
795 871 55 21 fätal
860 871 88 27 gänger.

279 896 30 31 Ät
330 904 214 28 Bankfullmäktiges
562 905 14 21 &
591 905 56 21 sidd.
670 905 85 21 26—28
770 905 7 20 i
793 905 64 21 deras
880 905 70 21 berät-

208 938 55 21 telse
278 938 92 22 anförda
379 939 61 23 mått
455 939 41 21 och
511 941 52 25 steg
574 939 137 23 beträffande
727 939 100 22 enskilde
837 945 113 21 personers

208 972 146 24 förbindelser
369 973 34 21 till
422 973 93 22 banken:
527 973 103 23 äfvensom
651 973 23 21 ät
689 973 72 27 öfriga
771 973 109 22 likartade
889 975 61 20 ären-

208 1007 50 26 den,
274 1007 77 21 hvilka
365 1007 50 21 icke
430 1007 8 21 i
453 1007 70 28 sagda
539 1007 118 22 berättelse
672 1007 106 22 särskildt
788 1007 105 27 påpekas,
901 1013 50 16 men

208 1041 97 21 deremot
320 1040 141 31 :omförmälas
476 1041 7 21 i
499 1041 150 28 fullmäktiges
662 1041 119 28 'protokoll,
803 1041 48 22 har:
862 1041 89 22 Utskot-

208 1077 31 22 tet
255 1077 66 25 egnat
336 1082 27 14 en
378 1078 168 25 samvetsgrann
559 1076 106 27 pröfoing
680 1076 41 22 och
737 1075 77 23 dervid
822 1075 78 22 vunnit
908 1075 42 22 den

208 1109 154 28 Ofvertygelse.
379 1112 32 20 att
432 1110 225 27 hankförvaltningen
675 1110 33 21 uti
726 1109 78 28 ahtydt
823 1109 128 22 hänseende

207 1143 8 22 i
229 1143 122 23 allmänhöt
358 1143 93 24 handlat
461 1144 50 23 med
522 1144 134 27 trskiljning
664 1144 42 23 och
715 1143 56 23 efter
779 1143 70 22 bästa,
847 1143 103 54 jk

203 1177 55 24 sökt
273 1177 79 28 främja
367 1178 100 23 bankens
482 1178 86 29 fördel.

278 1211 169 28 Förmedlingen
466 1212 25 21 af
503 1204 38 30 det
554 1206 38 28 län
607 1212 56 21 å:10
678 1212 101 27 miljoner
789 1190 72 54 finska
874 1194 5 32 -
877 1185 75 53 arki

207 1252 49 16 som
276 1245 89 24 banken
381 1246 24 21 är
421 1246 56 22 1882
493 1248 135 25 gemensamt
643 1246 50 23 med
708 1245 157 23 bankirfieman
880 1245 72 24 M.A.

206 1286 43 16 von
264 1279 131 25 Rothschild
411 1280 20 22 &
434 1280 86 24 Söhne
534 1280 101 28 &fvertog
649 1280 188 23 för:statsverkets
847 1279 105 28 räkning,

206 1314 44 24 hör
270 1314 184 28 egentligen
411 1310 57 37 till.
469 1315 26 22 de
511 1315 145 27 operationer,
671 1314 77 23 hvilka
761 1314 56 22 falla
827 1316 63 20 tom.
906 1317 45 19 oma;

207 1348 63 24 rådet
286 1348 33 23 för
330 1348 104 26 hankens
449 1349 8 21 i.
472 1347 145 29 reglementet'
622 1349 106 29 angifna'
738 1348 158 23 verksamhet.
895 1343 4 39 i
908 1348 44 21 Deti

203 1376 61 38 med,
276 1376 96 38 nämnda,
383 1376 71 38 firma:
460 1383 110 23 afslutade
584 1383 170 27 lånefördraget;
766 1382 107 22 hvilket
858 1376 18 38 :i
885 1381 67 28 öfrigt

207 1416 127 24 innehåller:
347 1423 96 17 :sammga.
461 1417 154 27 stipulationer
632 1423 52 17 som
700 1417 103 27 ingingo:
815 1416 8 22 i
829 1416 122 28 fördraget

208 1450 116 30 angående.
347 1450 58 24 1881;
417 1451 36 23 års
470 1451 110 27 :statsläm,
594 1446 130 40 bestämmer
736 1450 218 22 lånets:emissions-

276 1490 155 19 Bankutskottets
443 1491 98 19 berättelse
550 1490 125 24 (betänkaude
686 1490 37 19 N:o
735 1491 50 22 1):
811 1498 2 2 >
