1086 1717
228 173 40 19 100

197 236 52 22 från
265 244 77 15 annan
357 239 36 19 ort
408 236 36 23 till
454 236 150 30 Helsingfors
616 236 109 30 inflyttat,
737 236 27 22 af
771 237 109 22 tvåtusen
888 237 66 22 mark

198 272 90 28 årligen
302 272 73 22 under
391 272 28 22 de
434 274 34 20 tre
484 272 74 22 första
573 273 61 21 åren.
666 272 46 22 För
728 272 45 22 den
783 272 42 28 tid,
836 272 117 22 bankfull-

197 306 91 29 mäktig
310 306 101 30 åtnjuter
430 306 111 29 ledighet,
556 306 129 23 innehålles
701 306 162 23 motsvarande
878 306 37 22 del
931 306 25 22 af

198 341 58 22 hans
272 341 92 29 arvode,
379 341 129 23 beräknadt
523 341 59 22 efter
598 344 110 20 sextusen
722 342 66 21 mark
804 349 37 14 om
857 342 53 22 året.

268 376 129 30 Suppleant
427 376 100 22 erhåller
552 376 75 22 under
656 376 236 30 tjenstgöringstiden
917 376 37 22 för

198 411 81 30 hvarje
301 411 45 30 dag
367 411 90 23 femton
480 412 72 28 mark,
575 419 37 14 om
628 411 46 22 han
689 415 26 18 är
730 412 77 22 bosatt
822 412 8 21 i
845 411 109 28 Helsing-

198 447 55 28 fors,
277 449 65 25 samt,
358 447 9 21 i
381 446 111 23 händelse
514 446 47 23 han
576 446 42 23 bor
633 446 157 29 annorstädes,
806 446 68 29 tjugu
889 445 65 23 mark

198 481 37 23 för
250 481 76 29 dagen
341 481 43 22 och
398 481 72 22 sådan
485 481 132 30 ersättning
631 481 37 22 för
680 481 213 28 resekostnaderna,
905 488 49 15 som

199 517 28 21 de
242 517 8 22 i
265 517 74 28 fjerde
354 517 93 22 klassen
463 517 26 22 af
503 517 107 28 gällande
628 517 192 28 resereglemente
835 518 119 27 upptagne

199 551 149 23 embetsmän.

267 587 75 22 Dessa
356 586 129 29 aflöningar
501 587 43 22 och
559 587 99 28 utgifter
672 586 113 22 anordnas
796 587 9 21 i
815 586 80 29 vanlig
904 585 51 22 ord-

199 621 59 29 ning
272 621 38 22 till
325 621 121 29 betalning
461 629 27 14 ur
503 621 99 22 banken.
633 621 109 22 Derifrån
757 621 57 29 utgå
825 621 43 22 ock
879 620 76 22 sekre-

199 659 103 19 terarens
324 656 84 22 arvode
431 658 60 20 samt
513 663 143 22 expenserna
678 656 36 22 för
732 655 222 29 bankfullmäktiges

198 691 79 22 kansli
299 691 37 22 till
355 693 34 20 ett
403 691 92 30 belopp,
512 699 49 14 som
576 691 26 22 af
615 691 52 22 dem
683 690 83 30 sjelfve
781 690 60 23 efter
855 692 100 21 omstän-

199 726 138 29 digheterna
352 729 104 19 närmare
472 726 144 22 bestämmes.
