1086 1717
229 150 22 18 16

207 208 28 22 48
251 209 26 20 st.
297 208 64 28 ryska
375 209 209 22 riksbanksbilletter
606 209 28 27 på
648 209 44 22 300
706 208 61 22 rubel
789 208 72 28 hvarje
875 208 85 22 realise-

206 243 51 21 rats.
287 243 73 27 Enligt
381 244 60 21 Hans
462 244 120 27 Kejserliga
598 241 118 29 Majestäts
733 242 78 28 nådiga
833 242 127 28 reglemente

206 276 34 22 för
255 276 235 24 folkskolelärarinnors
505 278 8 21 i
527 278 92 22 Finland
632 278 150 27 pensionering
796 276 23 22 af
833 277 40 21 den
889 278 25 20 18
924 277 36 21 Ja-

206 311 62 21 nuari
291 312 54 21 1877
367 312 12 27 8
401 312 12 21 5
436 312 41 21 bör
495 313 78 21 räntan
594 312 13 21 &
623 312 70 22 denna
707 312 62 21 fonds
783 311 82 27 kapital
879 310 81 28 årligen

207 345 75 22 ställas
303 346 33 21 till
351 342 180 32 Öfverstyrelsens
549 346 35 22 för
599 346 155 22 Skolväsendet
769 346 7 21 i
791 346 90 21 Finland
896 345 64 21 förfo-

204 380 76 26 gande.

537 480 53 20 Litt.
604 480 26 19 B.

277 540 70 22 Sedan
369 541 59 21 Hans
449 541 120 27 Kejserliga
591 541 101 27 Majestät
714 541 6 20 i
744 539 74 28 nådigt
832 539 91 27 reskript
938 539 24 21 af

208 575 41 21 den
272 575 45 27 15/,,
339 575 118 22 December
479 576 56 21 1876
557 575 74 22 tillåtit
646 577 33 20 att
694 575 32 21 till
742 581 27 16 en
783 574 51 22 fond
848 573 34 22 för
897 573 63 28 utgif-

206 609 70 21 vande
298 608 24 22 af
334 609 106 27 tillfälliga
454 609 118 22 understöd
586 609 24 22 åt
623 609 229 22 folkskolelärarinnor
867 609 6 20 i
888 608 72 21 landet

206 643 24 22 af
249 643 70 21 finska
340 643 107 22 allmänna
461 644 70 21 medel
545 643 55 28 finge
616 643 72 22 anslås
703 643 78 26 30,000
795 643 68 26 mark,
877 642 83 21 förord-

206 677 56 22 nade
276 677 119 27 Kejserliga
411 677 92 22 Senaten
521 679 32 20 att
567 678 93 21 nämnda
676 683 83 16 summa
773 677 68 22 skulle
857 683 103 15 samman-

207 711 44 22 slås
272 711 48 22 med
344 712 40 21 den
399 712 22 21 af
435 711 92 23 General
542 712 173 27 Standertskjöld
730 711 108 22 donerade
852 711 108 27 pensions-

207 745 52 22 fond
280 746 34 21 för
336 746 225 22 folkskolelärarinnor
583 749 55 19 samt
660 753 77 21 genom
759 746 86 27 uppköp
861 745 23 22 af
897 745 63 22 säkra

206 780 197 27 statsobligationer
423 781 107 21 förräntas
552 781 39 21 och
614 781 42 21 den
671 780 53 22 derä
738 780 109 27 upplupna
862 781 75 20 räntan
952 780 8 20 i

205 814 76 27 början
304 814 22 21 af
346 815 73 27 hvarje
441 815 24 21 är
486 815 28 27 pä
536 815 92 22 skeende
650 815 126 27 regvisition
798 814 107 21 utbetalas
927 814 32 21 till

206 848 222 28 Skolöfverstyrelsen,
444 856 45 15 som
505 849 28 28 pä
547 849 137 22 föreskrifvet
699 850 44 20 sätt
758 855 50 21 eger
822 849 73 20 utdela
910 848 50 22 den-

205 888 87 16 samma.

410 987 23 24 8.
471 984 283 35 Barnträdgärdsfonden.

276 1053 70 21 Sedan
367 1059 26 15 en
416 1054 92 21 onämnd
526 1060 78 21 person
619 1054 33 21 till
667 1050 170 31 Öfverstyrelsen
851 1053 34 22 för
900 1053 60 22 Skol-

204 1087 102 21 väsendet
328 1087 41 22 den
393 1088 25 21 12
434 1087 96 22 Oktober
554 1089 54 22 1880
630 1089 103 21 inlemnat
748 1089 43 21 500
805 1088 60 21 mark
880 1088 33 21 för
928 1090 32 19 att

205 1121 70 21 säsom
291 1122 31 21 ett
336 1122 109 21 räntefritt
459 1122 36 21 län
510 1122 27 27 pä
552 1122 81 22 femton
648 1123 36 21 ärs
698 1123 38 26 tid,
759 1123 73 26 hvarje
846 1122 55 28 gäng
916 1124 44 20 mot

206 1155 290 28 äterbetalningsskyldighet
519 1157 67 21 under
608 1157 27 20 de
657 1158 84 20 senaste
766 1157 27 21 10
808 1157 51 21 eller
874 1157 12 21 5
902 1157 57 26 åren,

204 1188 96 27 ätnjutas
314 1189 24 22 af
349 1189 76 28 någon,
441 1197 46 15 som
502 1190 74 27 ätager
590 1191 32 27 sig
637 1192 33 20 att
684 1191 69 21 under
763 1191 59 21 tiden
832 1191 79 21 inrätta
921 1191 39 21 och

206 1223 148 27 upprätthälla
376 1230 26 15 en
424 1224 156 28 barnträdgärd
602 1225 8 21 i
624 1225 141 27 Helsingfors,
789 1225 39 21 har
843 1225 118 28 Kejserliga

204 1257 95 22 Senaten
313 1258 41 21 den
369 1259 13 20 9
397 1259 103 21 Februari
517 1260 52 21 1881
586 1259 116 28 uppdragit
718 1259 22 22 åt
755 1259 159 22 Statskontoret
928 1261 32 20 att

203 1292 93 22 förvalta
311 1293 62 21 dessa
387 1294 76 26 medel,
479 1300 46 15 som
540 1294 108 22 användas
656 1294 67 27 enligt
731 1290 179 31 Öfverstyrelsens
918 1294 42 22 för-

204 1326 116 22 ordnande.
350 1327 129 27 Ytterligare
494 1328 40 21 har
557 1324 169 32 Öfverstyrelsen
751 1328 34 22 för
808 1328 153 22 Skolväsendet

203 1360 35 21 till
261 1361 69 21 denna
352 1361 50 22 fond
423 1362 105 22 levererat
548 1363 65 26 jemte
633 1363 112 21 skrifvelse
761 1363 23 21 af
797 1363 41 21 den
854 1364 26 20 14
895 1363 66 21 Okto-

204 1394 39 22 ber
260 1396 53 21 1881
330 1396 41 21 270
389 1396 67 27 mark,
471 1396 24 22 af
509 1397 39 21 den
564 1397 13 21 8
592 1397 58 21 Mars
667 1398 55 21 1882
738 1398 43 21 200
795 1397 67 26 mark,
885 1397 23 21 af
920 1398 41 21 den

204 1430 27 20 26
248 1429 125 27 September
396 1431 55 21 1882
473 1431 42 21 200
534 1431 61 21 mark
611 1432 39 21 och
665 1432 24 21 af
702 1432 41 21 den
759 1432 27 21 23
801 1432 89 20 Januari
907 1432 53 22 1883

204 1464 41 21 275
262 1464 67 21 mark.
