<?xml version="1.0" encoding="UTF-8"?>
<alto xmlns="http://www.loc.gov/standards/alto/ns-v3#" xmlns:xlink="http://www.w3.org/1999/xlink" xmlns:xsi="http://www.w3.org/2001/XMLSchema-instance" xsi:schemaLocation="http://www.loc.gov/standards/alto/ns-v3# http://www.loc.gov/alto/v3/alto-3-0.xsd">
	<Description>
		<MeasurementUnit>pixel</MeasurementUnit>
		<sourceImageInformation>
			<fileName>/tmp/tess_b93b8jvn_input.PNG</fileName>
		</sourceImageInformation>
		<OCRProcessing ID="OCR_0">
			<ocrProcessingStep>
				<processingSoftware>
					<softwareName>tesseract 5.3.4</softwareName>
				</processingSoftware>
			</ocrProcessingStep>
		</OCRProcessing>
	</Description>
	<Layout>
		<Page WIDTH="1086" HEIGHT="1717" PHYSICAL_IMG_NR="0" ID="page_0">
			<PrintSpace HPOS="0" VPOS="0" WIDTH="1086" HEIGHT="1717">
				<ComposedBlock ID="cblock_0" HPOS="442" VPOS="159" WIDTH="414" HEIGHT="23">
					<TextBlock ID="block_0" HPOS="442" VPOS="159" WIDTH="414" HEIGHT="23">
						<TextLine ID="line_0" HPOS="442" VPOS="159" WIDTH="414" HEIGHT="23">
							<String ID="string_0" HPOS="442" VPOS="160" WIDTH="21" HEIGHT="21" WC="0.92" CONTENT="U."/><SP WIDTH="17" VPOS="160" HPOS="463"/>
							<String ID="string_1" HPOS="480" VPOS="159" WIDTH="23" HEIGHT="22" WC="0.91" CONTENT="B."/><SP WIDTH="18" VPOS="159" HPOS="503"/>
							<String ID="string_2" HPOS="521" VPOS="173" WIDTH="25" HEIGHT="3" WC="0.91" CONTENT="—"/><SP WIDTH="15" VPOS="173" HPOS="546"/>
							<String ID="string_3" HPOS="561" VPOS="160" WIDTH="37" HEIGHT="22" WC="0.92" CONTENT="N:o"/><SP WIDTH="16" VPOS="160" HPOS="598"/>
							<String ID="string_4" HPOS="614" VPOS="159" WIDTH="20" HEIGHT="23" WC="0.96" CONTENT="5."/><SP WIDTH="209" VPOS="159" HPOS="634"/>
							<String ID="string_5" HPOS="843" VPOS="160" WIDTH="13" HEIGHT="20" WC="0.96" CONTENT="9"/>
						</TextLine>
					</TextBlock>
				</ComposedBlock>
				<ComposedBlock ID="cblock_1" HPOS="144" VPOS="222" WIDTH="746" HEIGHT="787">
					<TextBlock ID="block_1" HPOS="144" VPOS="222" WIDTH="746" HEIGHT="649">
						<TextLine ID="line_1" HPOS="144" VPOS="222" WIDTH="741" HEIGHT="28">
							<String ID="string_6" HPOS="144" VPOS="222" WIDTH="71" HEIGHT="22" WC="0.92" CONTENT="skulle"/><SP WIDTH="23" VPOS="222" HPOS="215"/>
							<String ID="string_7" HPOS="238" VPOS="222" WIDTH="67" HEIGHT="22" WC="0.96" CONTENT="hafva"/><SP WIDTH="21" VPOS="222" HPOS="305"/>
							<String ID="string_8" HPOS="326" VPOS="223" WIDTH="28" HEIGHT="27" WC="0.96" CONTENT="pä"/><SP WIDTH="16" VPOS="223" HPOS="354"/>
							<String ID="string_9" HPOS="370" VPOS="223" WIDTH="60" HEIGHT="21" WC="0.96" CONTENT="detta"/><SP WIDTH="15" VPOS="223" HPOS="430"/>
							<String ID="string_10" HPOS="445" VPOS="223" WIDTH="57" HEIGHT="27" WC="0.93" CONTENT="parti"/><SP WIDTH="16" VPOS="223" HPOS="502"/>
							<String ID="string_11" HPOS="518" VPOS="223" WIDTH="146" HEIGHT="27" WC="0.86" CONTENT="inbesparats."/><SP WIDTH="30" VPOS="223" HPOS="664"/>
							<String ID="string_12" HPOS="694" VPOS="223" WIDTH="82" HEIGHT="21" WC="0.86" CONTENT="Dervid"/><SP WIDTH="15" VPOS="223" HPOS="776"/>
							<String ID="string_13" HPOS="791" VPOS="223" WIDTH="40" HEIGHT="22" WC="0.93" CONTENT="bör"/><SP WIDTH="13" VPOS="223" HPOS="831"/>
							<String ID="string_14" HPOS="844" VPOS="224" WIDTH="41" HEIGHT="20" WC="0.93" CONTENT="vis-"/>
						</TextLine>
						<TextLine ID="line_2" HPOS="146" VPOS="258" WIDTH="739" HEIGHT="27">
							<String ID="string_15" HPOS="146" VPOS="258" WIDTH="95" HEIGHT="26" WC="0.88" CONTENT="serligen"/><SP WIDTH="23" VPOS="258" HPOS="241"/>
							<String ID="string_16" HPOS="264" VPOS="258" WIDTH="117" HEIGHT="21" WC="0.88" CONTENT="anmärkas"/><SP WIDTH="23" VPOS="258" HPOS="381"/>
							<String ID="string_17" HPOS="404" VPOS="259" WIDTH="32" HEIGHT="20" WC="0.93" CONTENT="att"/><SP WIDTH="24" VPOS="259" HPOS="436"/>
							<String ID="string_18" HPOS="460" VPOS="258" WIDTH="123" HEIGHT="21" WC="0.91" CONTENT="kostnaden"/><SP WIDTH="23" VPOS="258" HPOS="583"/>
							<String ID="string_19" HPOS="606" VPOS="258" WIDTH="33" HEIGHT="21" WC="0.93" CONTENT="för"/><SP WIDTH="15" VPOS="258" HPOS="639"/>
							<String ID="string_20" HPOS="654" VPOS="260" WIDTH="81" HEIGHT="25" WC="0.92" CONTENT="vatten,"/><SP WIDTH="16" VPOS="260" HPOS="735"/>
							<String ID="string_21" HPOS="751" VPOS="260" WIDTH="79" HEIGHT="24" WC="0.92" CONTENT="värme,"/><SP WIDTH="15" VPOS="260" HPOS="830"/>
							<String ID="string_22" HPOS="845" VPOS="264" WIDTH="40" HEIGHT="20" WC="0.96" CONTENT="gas"/>
						</TextLine>
						<TextLine ID="line_3" HPOS="144" VPOS="292" WIDTH="741" HEIGHT="28">
							<String ID="string_23" HPOS="144" VPOS="292" WIDTH="40" HEIGHT="21" WC="0.93" CONTENT="och"/><SP WIDTH="15" VPOS="292" HPOS="184"/>
							<String ID="string_24" HPOS="199" VPOS="292" WIDTH="101" HEIGHT="27" WC="0.92" CONTENT="kontroll,"/><SP WIDTH="9" VPOS="292" HPOS="300"/>
							<String ID="string_25" HPOS="309" VPOS="292" WIDTH="84" HEIGHT="21" WC="0.92" CONTENT="hvilket"/><SP WIDTH="16" VPOS="292" HPOS="393"/>
							<String ID="string_26" HPOS="409" VPOS="292" WIDTH="39" HEIGHT="21" WC="0.96" CONTENT="allt"/><SP WIDTH="17" VPOS="292" HPOS="448"/>
							<String ID="string_27" HPOS="465" VPOS="292" WIDTH="68" HEIGHT="28" WC="0.96" CONTENT="enligt"/><SP WIDTH="16" VPOS="292" HPOS="533"/>
							<String ID="string_28" HPOS="549" VPOS="292" WIDTH="61" HEIGHT="24" WC="0.96" CONTENT="detta"/><SP WIDTH="10" VPOS="292" HPOS="610"/>
							<String ID="string_29" HPOS="620" VPOS="292" WIDTH="84" HEIGHT="28" WC="0.96" CONTENT="förslag"/><SP WIDTH="11" VPOS="292" HPOS="704"/>
							<String ID="string_30" HPOS="715" VPOS="292" WIDTH="36" HEIGHT="21" WC="0.93" CONTENT="det"/><SP WIDTH="10" VPOS="292" HPOS="751"/>
							<String ID="string_31" HPOS="761" VPOS="292" WIDTH="63" HEIGHT="27" WC="0.92" CONTENT="äläge"/><SP WIDTH="8" VPOS="292" HPOS="824"/>
							<String ID="string_32" HPOS="832" VPOS="292" WIDTH="53" HEIGHT="21" WC="0.92" CONTENT="ban-"/>
						</TextLine>
						<TextLine ID="line_4" HPOS="144" VPOS="326" WIDTH="741" HEIGHT="28">
							<String ID="string_33" HPOS="144" VPOS="326" WIDTH="44" HEIGHT="22" WC="0.96" CONTENT="ken"/><SP WIDTH="16" VPOS="326" HPOS="188"/>
							<String ID="string_34" HPOS="204" VPOS="328" WIDTH="31" HEIGHT="20" WC="0.93" CONTENT="att"/><SP WIDTH="15" VPOS="328" HPOS="235"/>
							<String ID="string_35" HPOS="250" VPOS="326" WIDTH="104" HEIGHT="27" WC="0.91" CONTENT="bestrida,"/><SP WIDTH="9" VPOS="326" HPOS="354"/>
							<String ID="string_36" HPOS="363" VPOS="326" WIDTH="77" HEIGHT="21" WC="0.90" CONTENT="härvid"/><SP WIDTH="15" VPOS="326" HPOS="440"/>
							<String ID="string_37" HPOS="455" VPOS="326" WIDTH="50" HEIGHT="22" WC="0.88" CONTENT="icke"/><SP WIDTH="15" VPOS="326" HPOS="505"/>
							<String ID="string_38" HPOS="520" VPOS="327" WIDTH="61" HEIGHT="21" WC="0.93" CONTENT="torde"/><SP WIDTH="15" VPOS="327" HPOS="581"/>
							<String ID="string_39" HPOS="596" VPOS="327" WIDTH="68" HEIGHT="21" WC="0.92" CONTENT="hafva"/><SP WIDTH="15" VPOS="327" HPOS="664"/>
							<String ID="string_40" HPOS="679" VPOS="327" WIDTH="68" HEIGHT="27" WC="0.92" CONTENT="tagits"/><SP WIDTH="14" VPOS="327" HPOS="747"/>
							<String ID="string_41" HPOS="761" VPOS="326" WIDTH="50" HEIGHT="22" WC="0.96" CONTENT="med"/><SP WIDTH="15" VPOS="326" HPOS="811"/>
							<String ID="string_42" HPOS="826" VPOS="326" WIDTH="7" HEIGHT="21" WC="0.93" CONTENT="i"/><SP WIDTH="15" VPOS="326" HPOS="833"/>
							<String ID="string_43" HPOS="848" VPOS="326" WIDTH="37" HEIGHT="21" WC="0.92" CONTENT="be-"/>
						</TextLine>
						<TextLine ID="line_5" HPOS="144" VPOS="360" WIDTH="741" HEIGHT="29">
							<String ID="string_44" HPOS="144" VPOS="361" WIDTH="132" HEIGHT="27" WC="0.91" CONTENT="räkningen."/><SP WIDTH="30" VPOS="361" HPOS="276"/>
							<String ID="string_45" HPOS="306" VPOS="361" WIDTH="50" HEIGHT="21" WC="0.88" CONTENT="Men"/><SP WIDTH="16" VPOS="361" HPOS="356"/>
							<String ID="string_46" HPOS="372" VPOS="361" WIDTH="7" HEIGHT="21" WC="0.88" CONTENT="i"/><SP WIDTH="16" VPOS="361" HPOS="379"/>
							<String ID="string_47" HPOS="395" VPOS="360" WIDTH="76" HEIGHT="28" WC="0.92" CONTENT="hvarje"/><SP WIDTH="16" VPOS="360" HPOS="471"/>
							<String ID="string_48" HPOS="487" VPOS="361" WIDTH="40" HEIGHT="21" WC="0.93" CONTENT="fall"/><SP WIDTH="15" VPOS="361" HPOS="527"/>
							<String ID="string_49" HPOS="542" VPOS="368" WIDTH="66" HEIGHT="21" WC="0.92" CONTENT="synes"/><SP WIDTH="15" VPOS="368" HPOS="608"/>
							<String ID="string_50" HPOS="623" VPOS="368" WIDTH="51" HEIGHT="14" WC="0.97" CONTENT="man"/><SP WIDTH="15" VPOS="368" HPOS="674"/>
							<String ID="string_51" HPOS="689" VPOS="361" WIDTH="76" HEIGHT="21" WC="0.96" CONTENT="kunna"/><SP WIDTH="15" VPOS="361" HPOS="765"/>
							<String ID="string_52" HPOS="780" VPOS="368" WIDTH="53" HEIGHT="14" WC="0.93" CONTENT="vara"/><SP WIDTH="10" VPOS="368" HPOS="833"/>
							<String ID="string_53" HPOS="843" VPOS="361" WIDTH="42" HEIGHT="21" WC="0.92" CONTENT="för-"/>
						</TextLine>
						<TextLine ID="line_6" HPOS="144" VPOS="395" WIDTH="741" HEIGHT="29">
							<String ID="string_54" HPOS="144" VPOS="396" WIDTH="76" HEIGHT="21" WC="0.92" CONTENT="vissad"/><SP WIDTH="15" VPOS="396" HPOS="220"/>
							<String ID="string_55" HPOS="235" VPOS="402" WIDTH="34" HEIGHT="14" WC="0.96" CONTENT="om"/><SP WIDTH="16" VPOS="402" HPOS="269"/>
							<String ID="string_56" HPOS="285" VPOS="397" WIDTH="31" HEIGHT="19" WC="0.96" CONTENT="att"/><SP WIDTH="15" VPOS="397" HPOS="316"/>
							<String ID="string_57" HPOS="331" VPOS="395" WIDTH="150" HEIGHT="21" WC="0.96" CONTENT="kostnaderna"/><SP WIDTH="9" VPOS="395" HPOS="481"/>
							<String ID="string_58" HPOS="490" VPOS="396" WIDTH="34" HEIGHT="20" WC="0.93" CONTENT="för"/><SP WIDTH="11" VPOS="396" HPOS="524"/>
							<String ID="string_59" HPOS="535" VPOS="396" WIDTH="208" HEIGHT="28" WC="0.88" CONTENT="sedeltryckningen"/><SP WIDTH="11" VPOS="396" HPOS="743"/>
							<String ID="string_60" HPOS="754" VPOS="395" WIDTH="49" HEIGHT="21" WC="0.92" CONTENT="icke"/><SP WIDTH="11" VPOS="395" HPOS="803"/>
							<String ID="string_61" HPOS="814" VPOS="395" WIDTH="71" HEIGHT="21" WC="0.96" CONTENT="skulle"/>
						</TextLine>
						<TextLine ID="line_7" HPOS="145" VPOS="429" WIDTH="740" HEIGHT="29">
							<String ID="string_62" HPOS="145" VPOS="430" WIDTH="62" HEIGHT="28" WC="0.96" CONTENT="ökas,"/><SP WIDTH="15" VPOS="430" HPOS="207"/>
							<String ID="string_63" HPOS="222" VPOS="430" WIDTH="69" HEIGHT="22" WC="0.96" CONTENT="under"/><SP WIDTH="16" VPOS="430" HPOS="291"/>
							<String ID="string_64" HPOS="307" VPOS="430" WIDTH="36" HEIGHT="21" WC="0.96" CONTENT="det"/><SP WIDTH="16" VPOS="430" HPOS="343"/>
							<String ID="string_65" HPOS="359" VPOS="432" WIDTH="31" HEIGHT="19" WC="0.93" CONTENT="att"/><SP WIDTH="15" VPOS="432" HPOS="390"/>
							<String ID="string_66" HPOS="405" VPOS="430" WIDTH="65" HEIGHT="27" WC="0.96" CONTENT="högst"/><SP WIDTH="15" VPOS="430" HPOS="470"/>
							<String ID="string_67" HPOS="485" VPOS="430" WIDTH="124" HEIGHT="28" WC="0.96" CONTENT="väsentliga"/><SP WIDTH="15" VPOS="430" HPOS="609"/>
							<String ID="string_68" HPOS="624" VPOS="430" WIDTH="96" HEIGHT="21" WC="0.93" CONTENT="fördelar"/><SP WIDTH="14" VPOS="430" HPOS="720"/>
							<String ID="string_69" HPOS="734" VPOS="437" WIDTH="83" HEIGHT="15" WC="0.92" CONTENT="vunnes"/><SP WIDTH="16" VPOS="437" HPOS="817"/>
							<String ID="string_70" HPOS="833" VPOS="430" WIDTH="7" HEIGHT="21" WC="0.93" CONTENT="i"/><SP WIDTH="14" VPOS="430" HPOS="840"/>
							<String ID="string_71" HPOS="854" VPOS="429" WIDTH="31" HEIGHT="22" WC="0.71" CONTENT="af-"/>
						</TextLine>
						<TextLine ID="line_8" HPOS="145" VPOS="465" WIDTH="740" HEIGHT="28">
							<String ID="string_72" HPOS="145" VPOS="465" WIDTH="81" HEIGHT="22" WC="0.93" CONTENT="seende"/><SP WIDTH="22" VPOS="465" HPOS="226"/>
							<String ID="string_73" HPOS="248" VPOS="465" WIDTH="14" HEIGHT="20" WC="0.92" CONTENT="å"/><SP WIDTH="22" VPOS="465" HPOS="262"/>
							<String ID="string_74" HPOS="284" VPOS="465" WIDTH="103" HEIGHT="20" WC="0.96" CONTENT="säkerhet"/><SP WIDTH="20" VPOS="465" HPOS="387"/>
							<String ID="string_75" HPOS="407" VPOS="465" WIDTH="40" HEIGHT="21" WC="0.93" CONTENT="och"/><SP WIDTH="16" VPOS="465" HPOS="447"/>
							<String ID="string_76" HPOS="463" VPOS="465" WIDTH="170" HEIGHT="28" WC="0.92" CONTENT="begvämlighet."/><SP WIDTH="31" VPOS="465" HPOS="633"/>
							<String ID="string_77" HPOS="664" VPOS="465" WIDTH="46" HEIGHT="21" WC="0.96" CONTENT="Och"/><SP WIDTH="16" VPOS="465" HPOS="710"/>
							<String ID="string_78" HPOS="726" VPOS="465" WIDTH="33" HEIGHT="21" WC="0.96" CONTENT="för"/><SP WIDTH="16" VPOS="465" HPOS="759"/>
							<String ID="string_79" HPOS="775" VPOS="465" WIDTH="41" HEIGHT="21" WC="0.93" CONTENT="den"/><SP WIDTH="16" VPOS="465" HPOS="816"/>
							<String ID="string_80" HPOS="832" VPOS="465" WIDTH="53" HEIGHT="20" WC="0.89" CONTENT="hän-"/>
						</TextLine>
						<TextLine ID="line_9" HPOS="146" VPOS="499" WIDTH="739" HEIGHT="28">
							<String ID="string_81" HPOS="146" VPOS="499" WIDTH="59" HEIGHT="21" WC="0.91" CONTENT="delse"/><SP WIDTH="17" VPOS="499" HPOS="205"/>
							<String ID="string_82" HPOS="222" VPOS="501" WIDTH="31" HEIGHT="19" WC="0.96" CONTENT="att"/><SP WIDTH="16" VPOS="501" HPOS="253"/>
							<String ID="string_83" HPOS="269" VPOS="499" WIDTH="41" HEIGHT="22" WC="0.96" CONTENT="den"/><SP WIDTH="16" VPOS="499" HPOS="310"/>
							<String ID="string_84" HPOS="326" VPOS="506" WIDTH="29" HEIGHT="14" WC="0.96" CONTENT="nu"/><SP WIDTH="16" VPOS="506" HPOS="355"/>
							<String ID="string_85" HPOS="371" VPOS="499" WIDTH="126" HEIGHT="27" WC="0.92" CONTENT="föreslagna"/><SP WIDTH="16" VPOS="499" HPOS="497"/>
							<String ID="string_86" HPOS="513" VPOS="500" WIDTH="159" HEIGHT="27" WC="0.92" CONTENT="anordningen,"/><SP WIDTH="16" VPOS="500" HPOS="672"/>
							<String ID="string_87" HPOS="688" VPOS="502" WIDTH="57" HEIGHT="19" WC="0.96" CONTENT="emot"/><SP WIDTH="16" VPOS="502" HPOS="745"/>
							<String ID="string_88" HPOS="761" VPOS="499" WIDTH="29" HEIGHT="21" WC="0.93" CONTENT="all"/><SP WIDTH="17" VPOS="499" HPOS="790"/>
							<String ID="string_89" HPOS="807" VPOS="500" WIDTH="78" HEIGHT="20" WC="0.92" CONTENT="förmo-"/>
						</TextLine>
						<TextLine ID="line_10" HPOS="146" VPOS="533" WIDTH="740" HEIGHT="28">
							<String ID="string_90" HPOS="146" VPOS="534" WIDTH="51" HEIGHT="27" WC="0.92" CONTENT="dan,"/><SP WIDTH="15" VPOS="534" HPOS="197"/>
							<String ID="string_91" HPOS="212" VPOS="533" WIDTH="49" HEIGHT="22" WC="0.96" CONTENT="icke"/><SP WIDTH="23" VPOS="533" HPOS="261"/>
							<String ID="string_92" HPOS="284" VPOS="533" WIDTH="70" HEIGHT="22" WC="0.93" CONTENT="skulle"/><SP WIDTH="24" VPOS="533" HPOS="354"/>
							<String ID="string_93" HPOS="378" VPOS="534" WIDTH="48" HEIGHT="21" WC="0.96" CONTENT="visa"/><SP WIDTH="21" VPOS="534" HPOS="426"/>
							<String ID="string_94" HPOS="447" VPOS="534" WIDTH="35" HEIGHT="27" WC="0.93" CONTENT="sig"/><SP WIDTH="19" VPOS="534" HPOS="482"/>
							<String ID="string_95" HPOS="501" VPOS="534" WIDTH="183" HEIGHT="27" WC="0.95" CONTENT="ändamålsenlig,"/><SP WIDTH="23" VPOS="534" HPOS="684"/>
							<String ID="string_96" HPOS="707" VPOS="541" WIDTH="50" HEIGHT="14" WC="0.96" CONTENT="vore"/><SP WIDTH="22" VPOS="541" HPOS="757"/>
							<String ID="string_97" HPOS="779" VPOS="534" WIDTH="36" HEIGHT="21" WC="0.93" CONTENT="det"/><SP WIDTH="22" VPOS="534" HPOS="815"/>
							<String ID="string_98" HPOS="837" VPOS="533" WIDTH="49" HEIGHT="22" WC="0.96" CONTENT="icke"/>
						</TextLine>
						<TextLine ID="line_11" HPOS="145" VPOS="568" WIDTH="741" HEIGHT="28">
							<String ID="string_99" HPOS="145" VPOS="568" WIDTH="102" HEIGHT="21" WC="0.92" CONTENT="förenadt"/><SP WIDTH="15" VPOS="568" HPOS="247"/>
							<String ID="string_100" HPOS="262" VPOS="568" WIDTH="49" HEIGHT="21" WC="0.96" CONTENT="med"/><SP WIDTH="15" VPOS="568" HPOS="311"/>
							<String ID="string_101" HPOS="326" VPOS="568" WIDTH="69" HEIGHT="27" WC="0.93" CONTENT="några"/><SP WIDTH="14" VPOS="568" HPOS="395"/>
							<String ID="string_102" HPOS="409" VPOS="569" WIDTH="140" HEIGHT="27" WC="0.92" CONTENT="väsendtliga"/><SP WIDTH="15" VPOS="569" HPOS="549"/>
							<String ID="string_103" HPOS="564" VPOS="569" WIDTH="136" HEIGHT="27" WC="0.96" CONTENT="svårigheter"/><SP WIDTH="16" VPOS="569" HPOS="700"/>
							<String ID="string_104" HPOS="716" VPOS="571" WIDTH="31" HEIGHT="18" WC="0.96" CONTENT="att"/><SP WIDTH="16" VPOS="571" HPOS="747"/>
							<String ID="string_105" HPOS="763" VPOS="568" WIDTH="76" HEIGHT="27" WC="0.95" CONTENT="återgå"/><SP WIDTH="13" VPOS="568" HPOS="839"/>
							<String ID="string_106" HPOS="852" VPOS="568" WIDTH="34" HEIGHT="21" WC="0.95" CONTENT="till"/>
						</TextLine>
						<TextLine ID="line_12" HPOS="147" VPOS="603" WIDTH="740" HEIGHT="27">
							<String ID="string_107" HPOS="147" VPOS="603" WIDTH="36" HEIGHT="22" WC="0.96" CONTENT="det"/><SP WIDTH="22" VPOS="603" HPOS="183"/>
							<String ID="string_108" HPOS="205" VPOS="603" WIDTH="58" HEIGHT="21" WC="0.96" CONTENT="förra"/><SP WIDTH="19" VPOS="603" HPOS="263"/>
							<String ID="string_109" HPOS="282" VPOS="605" WIDTH="109" HEIGHT="25" WC="0.93" CONTENT="systemet."/><SP WIDTH="30" VPOS="605" HPOS="391"/>
							<String ID="string_110" HPOS="421" VPOS="603" WIDTH="171" HEIGHT="21" WC="0.92" CONTENT="Bankutskottet"/><SP WIDTH="15" VPOS="603" HPOS="592"/>
							<String ID="string_111" HPOS="607" VPOS="603" WIDTH="45" HEIGHT="21" WC="0.96" CONTENT="kan"/><SP WIDTH="17" VPOS="603" HPOS="652"/>
							<String ID="string_112" HPOS="669" VPOS="603" WIDTH="70" HEIGHT="21" WC="0.96" CONTENT="derför"/><SP WIDTH="16" VPOS="603" HPOS="739"/>
							<String ID="string_113" HPOS="755" VPOS="603" WIDTH="49" HEIGHT="21" WC="0.96" CONTENT="icke"/><SP WIDTH="15" VPOS="603" HPOS="804"/>
							<String ID="string_114" HPOS="819" VPOS="604" WIDTH="68" HEIGHT="19" WC="0.96" CONTENT="annat"/>
						</TextLine>
						<TextLine ID="line_13" HPOS="147" VPOS="637" WIDTH="738" HEIGHT="27">
							<String ID="string_115" HPOS="147" VPOS="640" WIDTH="28" HEIGHT="18" WC="0.96" CONTENT="än"/><SP WIDTH="17" VPOS="640" HPOS="175"/>
							<String ID="string_116" HPOS="192" VPOS="644" WIDTH="53" HEIGHT="15" WC="0.96" CONTENT="anse"/><SP WIDTH="23" VPOS="644" HPOS="245"/>
							<String ID="string_117" HPOS="268" VPOS="637" WIDTH="35" HEIGHT="21" WC="0.96" CONTENT="det"/><SP WIDTH="14" VPOS="637" HPOS="303"/>
							<String ID="string_118" HPOS="317" VPOS="644" WIDTH="53" HEIGHT="14" WC="0.96" CONTENT="vara"/><SP WIDTH="14" VPOS="644" HPOS="370"/>
							<String ID="string_119" HPOS="384" VPOS="637" WIDTH="8" HEIGHT="22" WC="0.96" CONTENT="i"/><SP WIDTH="15" VPOS="637" HPOS="392"/>
							<String ID="string_120" HPOS="407" VPOS="637" WIDTH="44" HEIGHT="27" WC="0.96" CONTENT="hög"/><SP WIDTH="15" VPOS="637" HPOS="451"/>
							<String ID="string_121" HPOS="466" VPOS="638" WIDTH="56" HEIGHT="26" WC="0.93" CONTENT="grad"/><SP WIDTH="15" VPOS="638" HPOS="522"/>
							<String ID="string_122" HPOS="537" VPOS="637" WIDTH="126" HEIGHT="27" WC="0.93" CONTENT="önskvärdt,"/><SP WIDTH="17" VPOS="637" HPOS="663"/>
							<String ID="string_123" HPOS="680" VPOS="640" WIDTH="31" HEIGHT="19" WC="0.95" CONTENT="att"/><SP WIDTH="16" VPOS="640" HPOS="711"/>
							<String ID="string_124" HPOS="727" VPOS="644" WIDTH="26" HEIGHT="15" WC="0.96" CONTENT="en"/><SP WIDTH="16" VPOS="644" HPOS="753"/>
							<String ID="string_125" HPOS="769" VPOS="637" WIDTH="69" HEIGHT="22" WC="0.93" CONTENT="sådan"/><SP WIDTH="15" VPOS="637" HPOS="838"/>
							<String ID="string_126" HPOS="853" VPOS="637" WIDTH="32" HEIGHT="21" WC="0.92" CONTENT="in-"/>
						</TextLine>
						<TextLine ID="line_14" HPOS="147" VPOS="671" WIDTH="740" HEIGHT="29">
							<String ID="string_127" HPOS="147" VPOS="672" WIDTH="98" HEIGHT="28" WC="0.96" CONTENT="rättning"/><SP WIDTH="22" VPOS="672" HPOS="245"/>
							<String ID="string_128" HPOS="267" VPOS="672" WIDTH="33" HEIGHT="21" WC="0.96" CONTENT="fås"/><SP WIDTH="22" VPOS="672" HPOS="300"/>
							<String ID="string_129" HPOS="322" VPOS="671" WIDTH="34" HEIGHT="22" WC="0.96" CONTENT="till"/><SP WIDTH="20" VPOS="671" HPOS="356"/>
							<String ID="string_130" HPOS="376" VPOS="671" WIDTH="65" HEIGHT="22" WC="0.96" CONTENT="stånd"/><SP WIDTH="16" VPOS="671" HPOS="441"/>
							<String ID="string_131" HPOS="457" VPOS="672" WIDTH="70" HEIGHT="27" WC="0.96" CONTENT="enligt"/><SP WIDTH="15" VPOS="672" HPOS="527"/>
							<String ID="string_132" HPOS="542" VPOS="672" WIDTH="27" HEIGHT="21" WC="0.96" CONTENT="de"/><SP WIDTH="16" VPOS="672" HPOS="569"/>
							<String ID="string_133" HPOS="585" VPOS="672" WIDTH="95" HEIGHT="27" WC="0.96" CONTENT="grunder"/><SP WIDTH="15" VPOS="672" HPOS="680"/>
							<String ID="string_134" HPOS="695" VPOS="679" WIDTH="46" HEIGHT="14" WC="0.96" CONTENT="som"/><SP WIDTH="15" VPOS="679" HPOS="741"/>
							<String ID="string_135" HPOS="756" VPOS="672" WIDTH="8" HEIGHT="21" WC="0.96" CONTENT="i"/><SP WIDTH="16" VPOS="672" HPOS="764"/>
							<String ID="string_136" HPOS="780" VPOS="672" WIDTH="35" HEIGHT="21" WC="0.93" CONTENT="det"/><SP WIDTH="16" VPOS="672" HPOS="815"/>
							<String ID="string_137" HPOS="831" VPOS="671" WIDTH="56" HEIGHT="22" WC="0.93" CONTENT="före-"/>
						</TextLine>
						<TextLine ID="line_15" HPOS="147" VPOS="706" WIDTH="741" HEIGHT="28">
							<String ID="string_138" HPOS="147" VPOS="707" WIDTH="85" HEIGHT="27" WC="0.96" CONTENT="gående"/><SP WIDTH="23" VPOS="707" HPOS="232"/>
							<String ID="string_139" HPOS="255" VPOS="706" WIDTH="137" HEIGHT="21" WC="0.90" CONTENT="framhållits."/><SP WIDTH="30" VPOS="706" HPOS="392"/>
							<String ID="string_140" HPOS="422" VPOS="706" WIDTH="33" HEIGHT="21" WC="0.96" CONTENT="De"/><SP WIDTH="22" VPOS="706" HPOS="455"/>
							<String ID="string_141" HPOS="477" VPOS="709" WIDTH="100" HEIGHT="19" WC="0.92" CONTENT="närmare"/><SP WIDTH="23" VPOS="709" HPOS="577"/>
							<String ID="string_142" HPOS="600" VPOS="707" WIDTH="195" HEIGHT="27" WC="0.92" CONTENT="bestämningarna"/><SP WIDTH="18" VPOS="707" HPOS="795"/>
							<String ID="string_143" HPOS="813" VPOS="706" WIDTH="75" HEIGHT="21" WC="0.95" CONTENT="härom"/>
						</TextLine>
						<TextLine ID="line_16" HPOS="147" VPOS="740" WIDTH="743" HEIGHT="28">
							<String ID="string_144" HPOS="147" VPOS="741" WIDTH="113" HEIGHT="22" WC="0.96" CONTENT="äfvensom"/><SP WIDTH="14" VPOS="741" HPOS="260"/>
							<String ID="string_145" HPOS="274" VPOS="741" WIDTH="125" HEIGHT="27" WC="0.96" CONTENT="antagande"/><SP WIDTH="16" VPOS="741" HPOS="399"/>
							<String ID="string_146" HPOS="415" VPOS="740" WIDTH="25" HEIGHT="21" WC="0.96" CONTENT="af"/><SP WIDTH="11" VPOS="740" HPOS="440"/>
							<String ID="string_147" HPOS="451" VPOS="741" WIDTH="93" HEIGHT="27" WC="0.96" CONTENT="lämplig"/><SP WIDTH="14" VPOS="741" HPOS="544"/>
							<String ID="string_148" HPOS="558" VPOS="741" WIDTH="151" HEIGHT="22" WC="0.96" CONTENT="föreståndare"/><SP WIDTH="16" VPOS="741" HPOS="709"/>
							<String ID="string_149" HPOS="725" VPOS="741" WIDTH="34" HEIGHT="21" WC="0.96" CONTENT="för"/><SP WIDTH="11" VPOS="741" HPOS="759"/>
							<String ID="string_150" HPOS="770" VPOS="740" WIDTH="120" HEIGHT="28" WC="0.96" CONTENT="tryckeriet"/>
						</TextLine>
						<TextLine ID="line_17" HPOS="148" VPOS="775" WIDTH="741" HEIGHT="28">
							<String ID="string_151" HPOS="148" VPOS="775" WIDTH="40" HEIGHT="22" WC="0.93" CONTENT="och"/><SP WIDTH="16" VPOS="775" HPOS="188"/>
							<String ID="string_152" HPOS="204" VPOS="775" WIDTH="142" HEIGHT="28" WC="0.91" CONTENT="uppgörande"/><SP WIDTH="15" VPOS="775" HPOS="346"/>
							<String ID="string_153" HPOS="361" VPOS="775" WIDTH="25" HEIGHT="21" WC="0.96" CONTENT="af"/><SP WIDTH="12" VPOS="775" HPOS="386"/>
							<String ID="string_154" HPOS="398" VPOS="775" WIDTH="106" HEIGHT="21" WC="0.96" CONTENT="kontrakt"/><SP WIDTH="16" VPOS="775" HPOS="504"/>
							<String ID="string_155" HPOS="520" VPOS="775" WIDTH="50" HEIGHT="22" WC="0.96" CONTENT="med"/><SP WIDTH="15" VPOS="775" HPOS="570"/>
							<String ID="string_156" HPOS="585" VPOS="775" WIDTH="78" HEIGHT="27" WC="0.96" CONTENT="denne,"/><SP WIDTH="15" VPOS="775" HPOS="663"/>
							<String ID="string_157" HPOS="678" VPOS="775" WIDTH="41" HEIGHT="21" WC="0.96" CONTENT="har"/><SP WIDTH="10" VPOS="775" HPOS="719"/>
							<String ID="string_158" HPOS="729" VPOS="775" WIDTH="112" HEIGHT="22" WC="0.93" CONTENT="Utskottet"/><SP WIDTH="10" VPOS="775" HPOS="841"/>
							<String ID="string_159" HPOS="851" VPOS="782" WIDTH="38" HEIGHT="13" WC="0.92" CONTENT="an-"/>
						</TextLine>
						<TextLine ID="line_18" HPOS="149" VPOS="809" WIDTH="741" HEIGHT="28">
							<String ID="string_160" HPOS="149" VPOS="812" WIDTH="43" HEIGHT="19" WC="0.94" CONTENT="sett"/><SP WIDTH="14" VPOS="812" HPOS="192"/>
							<String ID="string_161" HPOS="206" VPOS="810" WIDTH="55" HEIGHT="21" WC="0.93" CONTENT="böra"/><SP WIDTH="15" VPOS="810" HPOS="261"/>
							<String ID="string_162" HPOS="276" VPOS="809" WIDTH="143" HEIGHT="22" WC="0.90" CONTENT="öfverlemnas"/><SP WIDTH="14" VPOS="809" HPOS="419"/>
							<String ID="string_163" HPOS="433" VPOS="809" WIDTH="22" HEIGHT="21" WC="0.93" CONTENT="åt"/><SP WIDTH="10" VPOS="809" HPOS="455"/>
							<String ID="string_164" HPOS="465" VPOS="810" WIDTH="212" HEIGHT="27" WC="0.91" CONTENT="Bankfullmäktige,"/><SP WIDTH="9" VPOS="810" HPOS="677"/>
							<String ID="string_165" HPOS="686" VPOS="810" WIDTH="76" HEIGHT="21" WC="0.96" CONTENT="hvilka"/><SP WIDTH="9" VPOS="810" HPOS="762"/>
							<String ID="string_166" HPOS="771" VPOS="809" WIDTH="50" HEIGHT="22" WC="0.96" CONTENT="icke"/><SP WIDTH="8" VPOS="809" HPOS="821"/>
							<String ID="string_167" HPOS="829" VPOS="809" WIDTH="61" HEIGHT="21" WC="0.95" CONTENT="torde"/>
						</TextLine>
						<TextLine ID="line_19" HPOS="148" VPOS="844" WIDTH="698" HEIGHT="27">
							<String ID="string_168" HPOS="148" VPOS="844" WIDTH="117" HEIGHT="22" WC="0.95" CONTENT="underlåta"/><SP WIDTH="15" VPOS="844" HPOS="265"/>
							<String ID="string_169" HPOS="280" VPOS="846" WIDTH="32" HEIGHT="19" WC="0.96" CONTENT="att"/><SP WIDTH="15" VPOS="846" HPOS="312"/>
							<String ID="string_170" HPOS="327" VPOS="844" WIDTH="74" HEIGHT="21" WC="0.93" CONTENT="härom"/><SP WIDTH="16" VPOS="844" HPOS="401"/>
							<String ID="string_171" HPOS="417" VPOS="844" WIDTH="90" HEIGHT="21" WC="0.91" CONTENT="rådföra"/><SP WIDTH="15" VPOS="844" HPOS="507"/>
							<String ID="string_172" HPOS="522" VPOS="844" WIDTH="34" HEIGHT="27" WC="0.96" CONTENT="sig"/><SP WIDTH="15" VPOS="844" HPOS="556"/>
							<String ID="string_173" HPOS="571" VPOS="845" WIDTH="50" HEIGHT="20" WC="0.93" CONTENT="med"/><SP WIDTH="15" VPOS="845" HPOS="621"/>
							<String ID="string_174" HPOS="636" VPOS="844" WIDTH="210" HEIGHT="22" WC="0.92" CONTENT="Bankdirektionen."/>
						</TextLine>
					</TextBlock>
					<TextBlock ID="block_2" HPOS="149" VPOS="878" WIDTH="741" HEIGHT="91">
						<TextLine ID="line_20" HPOS="217" VPOS="878" WIDTH="673" HEIGHT="28">
							<String ID="string_175" HPOS="217" VPOS="879" WIDTH="171" HEIGHT="20" WC="0.92" CONTENT="Bankutskottet"/><SP WIDTH="15" VPOS="879" HPOS="388"/>
							<String ID="string_176" HPOS="403" VPOS="878" WIDTH="34" HEIGHT="21" WC="0.96" CONTENT="får"/><SP WIDTH="10" VPOS="878" HPOS="437"/>
							<String ID="string_177" HPOS="447" VPOS="878" WIDTH="80" HEIGHT="27" WC="0.56" CONTENT="derför,"/><SP WIDTH="13" VPOS="878" HPOS="527"/>
							<String ID="string_178" HPOS="540" VPOS="878" WIDTH="3" HEIGHT="21" WC="0.93" CONTENT="i"/><SP WIDTH="11" VPOS="878" HPOS="543"/>
							<String ID="string_179" HPOS="554" VPOS="878" WIDTH="159" HEIGHT="28" WC="0.91" CONTENT="hufvudsaklig"/><SP WIDTH="10" VPOS="878" HPOS="713"/>
							<String ID="string_180" HPOS="723" VPOS="879" WIDTH="167" HEIGHT="20" WC="0.92" CONTENT="öfverensstäm-"/>
						</TextLine>
						<TextLine ID="line_21" HPOS="149" VPOS="912" WIDTH="741" HEIGHT="28">
							<String ID="string_181" HPOS="149" VPOS="913" WIDTH="67" HEIGHT="21" WC="0.91" CONTENT="melse"/><SP WIDTH="16" VPOS="913" HPOS="216"/>
							<String ID="string_182" HPOS="232" VPOS="913" WIDTH="49" HEIGHT="21" WC="0.93" CONTENT="med"/><SP WIDTH="15" VPOS="913" HPOS="281"/>
							<String ID="string_183" HPOS="296" VPOS="912" WIDTH="215" HEIGHT="28" WC="0.91" CONTENT="Bankfullmäktiges"/><SP WIDTH="16" VPOS="912" HPOS="511"/>
							<String ID="string_184" HPOS="527" VPOS="913" WIDTH="64" HEIGHT="21" WC="0.95" CONTENT="ofvan"/><SP WIDTH="16" VPOS="913" HPOS="591"/>
							<String ID="string_185" HPOS="607" VPOS="913" WIDTH="93" HEIGHT="27" WC="0.96" CONTENT="intagna"/><SP WIDTH="14" VPOS="913" HPOS="700"/>
							<String ID="string_186" HPOS="714" VPOS="913" WIDTH="124" HEIGHT="27" WC="0.96" CONTENT="skrifvelse,"/><SP WIDTH="13" VPOS="913" HPOS="838"/>
							<String ID="string_187" HPOS="851" VPOS="913" WIDTH="39" HEIGHT="21" WC="0.90" CONTENT="hos"/>
						</TextLine>
						<TextLine ID="line_22" HPOS="149" VPOS="947" WIDTH="346" HEIGHT="22">
							<String ID="string_188" HPOS="149" VPOS="947" WIDTH="125" HEIGHT="22" WC="0.91" CONTENT="Ständerna"/><SP WIDTH="14" VPOS="947" HPOS="274"/>
							<String ID="string_189" HPOS="288" VPOS="947" WIDTH="110" HEIGHT="22" WC="0.92" CONTENT="vördsamt"/><SP WIDTH="15" VPOS="947" HPOS="398"/>
							<String ID="string_190" HPOS="413" VPOS="947" WIDTH="82" HEIGHT="21" WC="0.96" CONTENT="föreslå"/>
						</TextLine>
					</TextBlock>
					<TextBlock ID="block_3" HPOS="218" VPOS="981" WIDTH="603" HEIGHT="28">
						<TextLine ID="line_23" HPOS="218" VPOS="981" WIDTH="603" HEIGHT="28">
							<String ID="string_191" HPOS="218" VPOS="983" WIDTH="32" HEIGHT="20" WC="0.92" CONTENT="att"/><SP WIDTH="16" VPOS="983" HPOS="250"/>
							<String ID="string_192" HPOS="266" VPOS="981" WIDTH="121" HEIGHT="22" WC="0.89" CONTENT="Ständerna"/><SP WIDTH="15" VPOS="981" HPOS="387"/>
							<String ID="string_193" HPOS="402" VPOS="981" WIDTH="51" HEIGHT="22" WC="0.96" CONTENT="ville"/><SP WIDTH="15" VPOS="981" HPOS="453"/>
							<String ID="string_194" HPOS="468" VPOS="981" WIDTH="135" HEIGHT="28" WC="0.92" CONTENT="bemyndiga"/><SP WIDTH="15" VPOS="981" HPOS="603"/>
							<String ID="string_195" HPOS="618" VPOS="982" WIDTH="203" HEIGHT="27" WC="0.91" CONTENT="Bankfullmäktige"/>
						</TextLine>
					</TextBlock>
				</ComposedBlock>
				<ComposedBlock ID="cblock_2" HPOS="224" VPOS="1044" WIDTH="671" HEIGHT="471">
					<TextBlock ID="block_4" HPOS="288" VPOS="1044" WIDTH="604" HEIGHT="97">
						<TextLine ID="line_24" HPOS="356" VPOS="1044" WIDTH="536" HEIGHT="28">
							<String ID="string_196" HPOS="356" VPOS="1047" WIDTH="21" HEIGHT="23" WC="0.94" CONTENT="a)"/><SP WIDTH="30" VPOS="1047" HPOS="377"/>
							<String ID="string_197" HPOS="407" VPOS="1047" WIDTH="32" HEIGHT="18" WC="0.94" CONTENT="att"/><SP WIDTH="22" VPOS="1047" HPOS="439"/>
							<String ID="string_198" HPOS="461" VPOS="1045" WIDTH="46" HEIGHT="20" WC="0.96" CONTENT="låta"/><SP WIDTH="20" VPOS="1045" HPOS="507"/>
							<String ID="string_199" HPOS="527" VPOS="1045" WIDTH="47" HEIGHT="20" WC="0.96" CONTENT="med"/><SP WIDTH="16" VPOS="1045" HPOS="574"/>
							<String ID="string_200" HPOS="590" VPOS="1051" WIDTH="25" HEIGHT="14" WC="0.95" CONTENT="en"/><SP WIDTH="16" VPOS="1051" HPOS="615"/>
							<String ID="string_201" HPOS="631" VPOS="1045" WIDTH="70" HEIGHT="21" WC="0.96" CONTENT="andra"/><SP WIDTH="15" VPOS="1045" HPOS="701"/>
							<String ID="string_202" HPOS="716" VPOS="1045" WIDTH="80" HEIGHT="27" WC="0.93" CONTENT="våning"/><SP WIDTH="13" VPOS="1045" HPOS="796"/>
							<String ID="string_203" HPOS="809" VPOS="1044" WIDTH="83" HEIGHT="28" WC="0.91" CONTENT="påhöja"/>
						</TextLine>
						<TextLine ID="line_25" HPOS="288" VPOS="1079" WIDTH="604" HEIGHT="28">
							<String ID="string_204" HPOS="288" VPOS="1079" WIDTH="135" HEIGHT="21" WC="0.91" CONTENT="Bankhusets"/><SP WIDTH="16" VPOS="1079" HPOS="423"/>
							<String ID="string_205" HPOS="439" VPOS="1079" WIDTH="197" HEIGHT="28" WC="0.96" CONTENT="ekonomibyggnad"/><SP WIDTH="15" VPOS="1079" HPOS="636"/>
							<String ID="string_206" HPOS="651" VPOS="1080" WIDTH="8" HEIGHT="19" WC="0.95" CONTENT="i"/><SP WIDTH="15" VPOS="1080" HPOS="659"/>
							<String ID="string_207" HPOS="674" VPOS="1079" WIDTH="37" HEIGHT="20" WC="0.96" CONTENT="och"/><SP WIDTH="5" VPOS="1079" HPOS="711"/>
							<String ID="string_208" HPOS="716" VPOS="1079" WIDTH="41" HEIGHT="27" WC="0.96" CONTENT="för"/><SP WIDTH="12" VPOS="1079" HPOS="757"/>
							<String ID="string_209" HPOS="769" VPOS="1079" WIDTH="123" HEIGHT="20" WC="0.96" CONTENT="inrättande"/>
						</TextLine>
						<TextLine ID="line_26" HPOS="288" VPOS="1113" WIDTH="493" HEIGHT="28">
							<String ID="string_210" HPOS="288" VPOS="1113" WIDTH="107" HEIGHT="21" WC="0.91" CONTENT="derstädes"/><SP WIDTH="16" VPOS="1113" HPOS="395"/>
							<String ID="string_211" HPOS="411" VPOS="1113" WIDTH="29" HEIGHT="26" WC="0.96" CONTENT="af"/><SP WIDTH="11" VPOS="1113" HPOS="440"/>
							<String ID="string_212" HPOS="451" VPOS="1113" WIDTH="59" HEIGHT="21" WC="0.96" CONTENT="lokal"/><SP WIDTH="14" VPOS="1113" HPOS="510"/>
							<String ID="string_213" HPOS="524" VPOS="1113" WIDTH="37" HEIGHT="26" WC="0.96" CONTENT="för"/><SP WIDTH="13" VPOS="1113" HPOS="561"/>
							<String ID="string_214" HPOS="574" VPOS="1116" WIDTH="30" HEIGHT="19" WC="0.93" CONTENT="ett"/><SP WIDTH="14" VPOS="1116" HPOS="604"/>
							<String ID="string_215" HPOS="618" VPOS="1114" WIDTH="163" HEIGHT="27" WC="0.91" CONTENT="sedeltryckeri;"/>
						</TextLine>
					</TextBlock>
					<TextBlock ID="block_5" HPOS="287" VPOS="1147" WIDTH="607" HEIGHT="235">
						<TextLine ID="line_27" HPOS="356" VPOS="1147" WIDTH="537" HEIGHT="28">
							<String ID="string_216" HPOS="356" VPOS="1148" WIDTH="20" HEIGHT="25" WC="0.92" CONTENT="b)"/><SP WIDTH="31" VPOS="1148" HPOS="376"/>
							<String ID="string_217" HPOS="407" VPOS="1150" WIDTH="31" HEIGHT="19" WC="0.95" CONTENT="att"/><SP WIDTH="15" VPOS="1150" HPOS="438"/>
							<String ID="string_218" HPOS="453" VPOS="1149" WIDTH="32" HEIGHT="26" WC="0.96" CONTENT="på"/><SP WIDTH="19" VPOS="1149" HPOS="485"/>
							<String ID="string_219" HPOS="504" VPOS="1148" WIDTH="69" HEIGHT="20" WC="0.93" CONTENT="vilkor"/><SP WIDTH="15" VPOS="1148" HPOS="573"/>
							<String ID="string_220" HPOS="588" VPOS="1148" WIDTH="87" HEIGHT="21" WC="0.92" CONTENT="hvarom"/><SP WIDTH="16" VPOS="1148" HPOS="675"/>
							<String ID="string_221" HPOS="691" VPOS="1147" WIDTH="202" HEIGHT="28" WC="0.90" CONTENT="Bankfullmäktige"/>
						</TextLine>
						<TextLine ID="line_28" HPOS="288" VPOS="1181" WIDTH="605" HEIGHT="28">
							<String ID="string_222" HPOS="288" VPOS="1183" WIDTH="51" HEIGHT="26" WC="0.92" CONTENT="egde"/><SP WIDTH="16" VPOS="1183" HPOS="339"/>
							<String ID="string_223" HPOS="355" VPOS="1182" WIDTH="67" HEIGHT="27" WC="0.93" CONTENT="träffa"/><SP WIDTH="15" VPOS="1182" HPOS="422"/>
							<String ID="string_224" HPOS="437" VPOS="1182" WIDTH="64" HEIGHT="27" WC="0.91" CONTENT="aftal,"/><SP WIDTH="16" VPOS="1182" HPOS="501"/>
							<String ID="string_225" HPOS="517" VPOS="1182" WIDTH="131" HEIGHT="27" WC="0.89" CONTENT="öfverlemna"/><SP WIDTH="16" VPOS="1182" HPOS="648"/>
							<String ID="string_226" HPOS="664" VPOS="1182" WIDTH="124" HEIGHT="27" WC="0.96" CONTENT="utförandet"/><SP WIDTH="10" VPOS="1182" HPOS="788"/>
							<String ID="string_227" HPOS="798" VPOS="1182" WIDTH="29" HEIGHT="27" WC="0.93" CONTENT="af"/><SP WIDTH="6" VPOS="1182" HPOS="827"/>
							<String ID="string_228" HPOS="833" VPOS="1181" WIDTH="60" HEIGHT="21" WC="0.90" CONTENT="Ban-"/>
						</TextLine>
						<TextLine ID="line_29" HPOS="288" VPOS="1215" WIDTH="606" HEIGHT="29">
							<String ID="string_229" HPOS="288" VPOS="1217" WIDTH="51" HEIGHT="20" WC="0.93" CONTENT="kens"/><SP WIDTH="15" VPOS="1217" HPOS="339"/>
							<String ID="string_230" HPOS="354" VPOS="1217" WIDTH="172" HEIGHT="27" WC="0.92" CONTENT="sedeltryckning"/><SP WIDTH="15" VPOS="1217" HPOS="526"/>
							<String ID="string_231" HPOS="541" VPOS="1217" WIDTH="110" HEIGHT="20" WC="0.92" CONTENT="derstädes"/><SP WIDTH="15" VPOS="1217" HPOS="651"/>
							<String ID="string_232" HPOS="666" VPOS="1217" WIDTH="23" HEIGHT="20" WC="0.96" CONTENT="åt"/><SP WIDTH="15" VPOS="1217" HPOS="689"/>
							<String ID="string_233" HPOS="704" VPOS="1217" WIDTH="8" HEIGHT="20" WC="0.96" CONTENT="i"/><SP WIDTH="12" VPOS="1217" HPOS="712"/>
							<String ID="string_234" HPOS="724" VPOS="1217" WIDTH="60" HEIGHT="27" WC="0.93" CONTENT="yrket"/><SP WIDTH="5" VPOS="1217" HPOS="784"/>
							<String ID="string_235" HPOS="789" VPOS="1215" WIDTH="105" HEIGHT="28" WC="0.92" CONTENT="förfaren"/>
						</TextLine>
						<TextLine ID="line_30" HPOS="287" VPOS="1251" WIDTH="607" HEIGHT="28">
							<String ID="string_236" HPOS="287" VPOS="1258" WIDTH="85" HEIGHT="21" WC="0.95" CONTENT="person,"/><SP WIDTH="15" VPOS="1258" HPOS="372"/>
							<String ID="string_237" HPOS="387" VPOS="1251" WIDTH="92" HEIGHT="25" WC="0.96" CONTENT="hvilken,"/><SP WIDTH="17" VPOS="1251" HPOS="479"/>
							<String ID="string_238" HPOS="496" VPOS="1258" WIDTH="33" HEIGHT="14" WC="0.96" CONTENT="om"/><SP WIDTH="15" VPOS="1258" HPOS="529"/>
							<String ID="string_239" HPOS="544" VPOS="1251" WIDTH="25" HEIGHT="21" WC="0.96" CONTENT="så"/><SP WIDTH="10" VPOS="1251" HPOS="569"/>
							<String ID="string_240" HPOS="579" VPOS="1251" WIDTH="84" HEIGHT="27" WC="0.93" CONTENT="funnes"/><SP WIDTH="15" VPOS="1251" HPOS="663"/>
							<String ID="string_241" HPOS="678" VPOS="1251" WIDTH="81" HEIGHT="28" WC="0.92" CONTENT="nödigt,"/><SP WIDTH="11" VPOS="1251" HPOS="759"/>
							<String ID="string_242" HPOS="770" VPOS="1257" WIDTH="73" HEIGHT="20" WC="0.92" CONTENT="genom"/><SP WIDTH="10" VPOS="1257" HPOS="843"/>
							<String ID="string_243" HPOS="853" VPOS="1257" WIDTH="41" HEIGHT="14" WC="0.90" CONTENT="un-"/>
						</TextLine>
						<TextLine ID="line_31" HPOS="289" VPOS="1285" WIDTH="604" HEIGHT="27">
							<String ID="string_244" HPOS="289" VPOS="1286" WIDTH="85" HEIGHT="21" WC="0.92" CONTENT="derstöd"/><SP WIDTH="14" VPOS="1286" HPOS="374"/>
							<String ID="string_245" HPOS="388" VPOS="1293" WIDTH="27" HEIGHT="13" WC="0.96" CONTENT="ur"/><SP WIDTH="15" VPOS="1293" HPOS="415"/>
							<String ID="string_246" HPOS="430" VPOS="1285" WIDTH="103" HEIGHT="21" WC="0.96" CONTENT="Bankens"/><SP WIDTH="15" VPOS="1285" HPOS="533"/>
							<String ID="string_247" HPOS="548" VPOS="1285" WIDTH="67" HEIGHT="22" WC="0.96" CONTENT="medel"/><SP WIDTH="16" VPOS="1285" HPOS="615"/>
							<String ID="string_248" HPOS="631" VPOS="1285" WIDTH="63" HEIGHT="21" WC="0.93" CONTENT="borde"/><SP WIDTH="10" VPOS="1285" HPOS="694"/>
							<String ID="string_249" HPOS="704" VPOS="1285" WIDTH="109" HEIGHT="27" WC="0.92" CONTENT="försättas"/><SP WIDTH="16" VPOS="1285" HPOS="813"/>
							<String ID="string_250" HPOS="829" VPOS="1285" WIDTH="8" HEIGHT="20" WC="0.89" CONTENT="i"/><SP WIDTH="14" VPOS="1285" HPOS="837"/>
							<String ID="string_251" HPOS="851" VPOS="1285" WIDTH="42" HEIGHT="20" WC="0.92" CONTENT="till-"/>
						</TextLine>
						<TextLine ID="line_32" HPOS="288" VPOS="1320" WIDTH="606" HEIGHT="28">
							<String ID="string_252" HPOS="288" VPOS="1320" WIDTH="55" HEIGHT="27" WC="0.88" CONTENT="fälle"/><SP WIDTH="19" VPOS="1320" HPOS="343"/>
							<String ID="string_253" HPOS="362" VPOS="1322" WIDTH="31" HEIGHT="19" WC="0.96" CONTENT="att"/><SP WIDTH="14" VPOS="1322" HPOS="393"/>
							<String ID="string_254" HPOS="407" VPOS="1320" WIDTH="8" HEIGHT="21" WC="0.96" CONTENT="i"/><SP WIDTH="15" VPOS="1320" HPOS="415"/>
							<String ID="string_255" HPOS="430" VPOS="1320" WIDTH="99" HEIGHT="21" WC="0.96" CONTENT="utlandet"/><SP WIDTH="14" VPOS="1320" HPOS="529"/>
							<String ID="string_256" HPOS="543" VPOS="1322" WIDTH="51" HEIGHT="26" WC="0.96" CONTENT="taga"/><SP WIDTH="15" VPOS="1322" HPOS="594"/>
							<String ID="string_257" HPOS="609" VPOS="1322" WIDTH="102" HEIGHT="19" WC="0.96" CONTENT="närmare"/><SP WIDTH="15" VPOS="1322" HPOS="711"/>
							<String ID="string_258" HPOS="726" VPOS="1320" WIDTH="120" HEIGHT="21" WC="0.96" CONTENT="kännedom"/><SP WIDTH="15" VPOS="1320" HPOS="846"/>
							<String ID="string_259" HPOS="861" VPOS="1326" WIDTH="33" HEIGHT="14" WC="0.96" CONTENT="om"/>
						</TextLine>
						<TextLine ID="line_33" HPOS="290" VPOS="1352" WIDTH="507" HEIGHT="30">
							<String ID="string_260" HPOS="290" VPOS="1354" WIDTH="207" HEIGHT="28" WC="0.92" CONTENT="sedeltryckningens"/><SP WIDTH="16" VPOS="1354" HPOS="497"/>
							<String ID="string_261" HPOS="513" VPOS="1354" WIDTH="126" HEIGHT="21" WC="0.96" CONTENT="nuvarande"/><SP WIDTH="15" VPOS="1354" HPOS="639"/>
							<String ID="string_262" HPOS="654" VPOS="1352" WIDTH="143" HEIGHT="29" WC="0.95" CONTENT="ståndpunkt;"/>
						</TextLine>
					</TextBlock>
					<TextBlock ID="block_6" HPOS="290" VPOS="1388" WIDTH="605" HEIGHT="96">
						<TextLine ID="line_34" HPOS="359" VPOS="1388" WIDTH="536" HEIGHT="28">
							<String ID="string_263" HPOS="359" VPOS="1391" WIDTH="19" HEIGHT="23" WC="0.78" CONTENT="e)"/><SP WIDTH="30" VPOS="1391" HPOS="378"/>
							<String ID="string_264" HPOS="408" VPOS="1391" WIDTH="30" HEIGHT="18" WC="0.93" CONTENT="alt"/><SP WIDTH="15" VPOS="1391" HPOS="438"/>
							<String ID="string_265" HPOS="453" VPOS="1388" WIDTH="88" HEIGHT="28" WC="0.93" CONTENT="vidtaga"/><SP WIDTH="11" VPOS="1388" HPOS="541"/>
							<String ID="string_266" HPOS="552" VPOS="1389" WIDTH="82" HEIGHT="27" WC="0.92" CONTENT="jemväl"/><SP WIDTH="11" VPOS="1389" HPOS="634"/>
							<String ID="string_267" HPOS="645" VPOS="1389" WIDTH="73" HEIGHT="27" WC="0.97" CONTENT="öfriga"/><SP WIDTH="5" VPOS="1389" HPOS="718"/>
							<String ID="string_268" HPOS="723" VPOS="1389" WIDTH="40" HEIGHT="27" WC="0.93" CONTENT="för"/><SP WIDTH="11" VPOS="1389" HPOS="763"/>
							<String ID="string_269" HPOS="774" VPOS="1388" WIDTH="121" HEIGHT="21" WC="0.91" CONTENT="ästadkom-"/>
						</TextLine>
						<TextLine ID="line_35" HPOS="290" VPOS="1422" WIDTH="605" HEIGHT="28">
							<String ID="string_270" HPOS="290" VPOS="1424" WIDTH="77" HEIGHT="21" WC="0.96" CONTENT="mande"/><SP WIDTH="15" VPOS="1424" HPOS="367"/>
							<String ID="string_271" HPOS="382" VPOS="1423" WIDTH="29" HEIGHT="27" WC="0.96" CONTENT="af"/><SP WIDTH="11" VPOS="1423" HPOS="411"/>
							<String ID="string_272" HPOS="422" VPOS="1422" WIDTH="172" HEIGHT="28" WC="0.96" CONTENT="ifrågavarande"/><SP WIDTH="16" VPOS="1422" HPOS="594"/>
							<String ID="string_273" HPOS="610" VPOS="1423" WIDTH="92" HEIGHT="27" WC="0.96" CONTENT="tryckeri"/><SP WIDTH="10" VPOS="1423" HPOS="702"/>
							<String ID="string_274" HPOS="712" VPOS="1422" WIDTH="143" HEIGHT="28" WC="0.93" CONTENT="erforderliga"/><SP WIDTH="9" VPOS="1422" HPOS="855"/>
							<String ID="string_275" HPOS="864" VPOS="1422" WIDTH="31" HEIGHT="21" WC="0.92" CONTENT="åt-"/>
						</TextLine>
						<TextLine ID="line_36" HPOS="290" VPOS="1458" WIDTH="159" HEIGHT="26">
							<String ID="string_276" HPOS="290" VPOS="1458" WIDTH="89" HEIGHT="26" WC="0.96" CONTENT="gärder;"/><SP WIDTH="14" VPOS="1458" HPOS="379"/>
							<String ID="string_277" HPOS="393" VPOS="1459" WIDTH="56" HEIGHT="19" WC="0.96" CONTENT="samt"/>
						</TextLine>
					</TextBlock>
					<TextBlock ID="block_7" HPOS="224" VPOS="1496" WIDTH="358" HEIGHT="19">
						<TextLine ID="line_37" HPOS="224" VPOS="1496" WIDTH="358" HEIGHT="19">
							<String ID="string_278" HPOS="224" VPOS="1497" WIDTH="153" HEIGHT="18" WC="0.91" CONTENT="Bankutskottets"/><SP WIDTH="12" VPOS="1497" HPOS="377"/>
							<String ID="string_279" HPOS="389" VPOS="1496" WIDTH="115" HEIGHT="18" WC="0.96" CONTENT="betänkande"/><SP WIDTH="13" VPOS="1496" HPOS="504"/>
							<String ID="string_280" HPOS="517" VPOS="1496" WIDTH="36" HEIGHT="18" WC="0.96" CONTENT="N:o"/><SP WIDTH="13" VPOS="1496" HPOS="553"/>
							<String ID="string_281" HPOS="566" VPOS="1498" WIDTH="16" HEIGHT="16" WC="0.96" CONTENT="5."/>
						</TextLine>
					</TextBlock>
				</ComposedBlock>
				<GraphicalElement ID="cblock_3" HPOS="1080" VPOS="706" WIDTH="6" HEIGHT="432"></GraphicalElement >
			</PrintSpace>
		</Page>
	</Layout>
</alto>
