1086 1717
238 139 26 21 16

208 202 24 21 af
245 202 42 21 den
300 203 26 20 14
340 202 43 28 Maj
395 209 83 15 samma
488 203 24 21 är
522 202 33 22 till
566 202 242 22 Advokatfiskalen
768 198 9 36 i
789 198 24 36 N.
819 202 88 21 Hofrätt
914 203 50 20 med

208 236 109 21 anmodan
339 238 32 19 att
394 240 57 18 emot
472 238 42 20 den
531 237 52 22 eller
598 238 49 22 dem
663 244 46 14 som
724 236 133 22 vederborde
873 236 94 21 anställa

208 271 50 27 laga
280 270 50 26 åtal,
346 270 109 22 hvarefter
469 271 195 22 Advokatfiskalen
680 272 33 20 uti
727 270 118 26 memorial,
862 278 46 14 som
924 271 42 21 den

209 306 12 20 8
244 304 127 28 September
393 312 82 15 samma
497 307 25 20 är
544 306 34 21 till
600 306 117 22 Hofrätten
739 305 77 28 ingafs,
836 304 82 29 yrkade
934 306 34 20 att

209 340 91 20 emedan
316 340 24 20 af
356 339 160 29 handlingarna
530 340 128 28 framginge,
674 341 36 21 det
726 339 218 23 Guvernörsembetet
960 339 8 21 i

209 374 117 27 anledning
348 374 25 21 af
393 374 31 22 J:s
443 376 73 20 derom
531 375 78 27 gjorda
624 375 103 21 anhällan
742 374 92 22 medelst
849 374 119 21 resolution

209 410 25 20 af
247 409 42 21 den
305 410 11 20 7
332 408 61 28 April
411 410 54 21 1879
481 409 113 21 förordnat
610 408 318 22 Kommissionslandtmätaren
938 408 28 21 M.

210 445 32 19 att
257 443 117 22 verkställa
389 443 64 22 skifte
468 444 26 21 af
507 444 28 21 H.
546 444 109 25 hemman,
671 444 70 21 ehuru
751 443 51 22 slikt
812 443 155 23 förordnande,

209 479 49 20 med
280 477 102 22 afseende
397 479 52 20 derä
464 481 33 18 att
512 478 126 22 hemmanet
652 479 101 27 utgjorde
769 479 77 20 endast
862 479 37 26 5/,s
907 484 61 14 man-

209 512 38 27 tal,
262 512 48 21 icke
330 512 49 21 bort
394 513 117 25 meddelas,
526 513 68 21 innan
610 512 98 22 tillständ
723 513 33 20 till
772 512 98 27 klyfning
885 511 63 22 deraf
960 511 8 21 i

209 546 89 27 behörig
312 547 91 27 ordning
418 547 118 26 utverkats,
552 549 56 19 samt
624 548 28 20 dä
669 547 162 22 vederbörande
846 549 74 25 parter
934 553 34 20 ge-

209 588 51 14 nom
275 581 227 22 Guvernörsembetets
517 583 133 20 omnämnda
664 581 128 28 lagstridiga
807 582 77 26 ätgärd
899 582 67 20 äsam-

209 616 51 21 kats
276 616 93 27 onödiga
384 616 94 27 utgifter,
493 616 216 22 Landskamreraren
724 616 27 21 H.
767 616 39 21 och
822 615 57 22 förre
892 615 76 28 tjenst-

210 650 134 21 förrättande
371 650 265 22 Vicelandssekreteraren
664 651 31 25 E.
718 650 75 22 hvilka
814 649 155 22 underskrifvit

209 685 146 21 resolutionen
371 685 40 21 och
427 685 84 21 säledes
523 692 50 15 vore
582 685 34 22 för
630 686 126 21 densamma
771 685 120 26 ansvarige,
900 684 68 21 mätte

208 719 34 22 för
264 719 143 22 omförmälda
431 719 104 28 felaktiga
558 721 76 26 ätgärd
656 719 65 22 fällas
744 719 33 21 till
791 726 79 15 ansvar
881 718 87 28 jemlikt

210 755 26 21 12
252 755 11 26 $
280 755 10 20 1
308 754 50 27 kap.
373 754 25 21 R.
414 754 23 21 B.
456 757 55 18 samt
534 754 89 28 åläggas
646 756 82 20 ersätta
751 754 19 22 J.
787 753 40 22 och
842 754 25 21 L.
884 754 62 20 deras
961 753 7 20 i

209 788 67 22 saken
292 788 67 21 hafda
373 788 123 22 kostnader.

278 823 72 21 Sedan
373 823 86 27 uppgift
473 823 7 20 i
496 823 118 26 anledning
637 822 65 21 häraf
714 821 117 22 affordrats
846 821 123 22 Landthus-

208 857 99 21 hällaren
322 857 25 21 L.
363 857 40 21 ock
418 857 194 21 Landthandlaren
628 857 20 21 J.
664 857 94 21 rörande
773 857 42 20 den
825 856 144 27 godtgörelse,

208 891 84 28 hvarpä
307 892 26 20 de
348 891 7 21 i
371 892 76 27 antydt
463 891 101 22 afseende
580 891 49 22 ville
638 892 54 26 göra
706 890 102 28 anspräk,
817 893 56 18 samt
885 890 83 21 Lands-

208 925 140 22 kamreraren
363 925 26 22 H.
413 925 40 22 och
468 925 57 22 förre
541 925 204 28 tjenstförrättande
760 924 210 22 Vicelandssekrete-

209 967 63 14 raren
288 960 25 21 E.
328 960 114 21 inkommit
465 961 50 20 med
530 960 81 21 äskade
626 959 146 28 förklaringar
787 959 40 21 och
843 960 62 20 dessa
922 958 46 21 blif-

208 995 31 21 vit
261 994 25 21 af
306 994 199 21 Advokatfiskalen:
520 995 102 26 bemötta,
639 995 110 27 afgjordes
763 994 66 21 målet
844 1001 78 20 genom
938 996 31 18 ut-

209 1029 52 27 slag,
272 1035 47 15 som
334 1030 41 20 den
391 1030 28 20 24
434 1029 43 27 Maj
495 1030 55 21 1882
566 1029 54 21 efter
636 1028 76 28 anslag
726 1029 79 26 utgafs.
828 1028 80 21 Dervid
915 1027 53 22 fann

209 1063 119 28 Kejserlige
350 1063 115 21 Hofrätten
487 1064 42 20 den
545 1063 25 21 af
581 1063 194 22 Advokatfiskalen
795 1063 121 24 anmärkta,
932 1062 36 21 vid

209 1097 156 28 länestyrelsen
380 1097 115 28 förelupna
510 1097 129 28 felaktighet
655 1097 35 22 vid
706 1097 161 27 behandlingen
883 1097 24 20 af
919 1096 49 21 ifrä-

208 1133 125 26 gavarande
355 1133 80 20 ärende
457 1139 52 14 vara
524 1132 114 21 föranledd
653 1131 152 28 förnämligast
820 1131 24 21 af
858 1131 110 21 bristande

209 1166 193 27 uppmärksamhet
417 1166 40 21 hos
467 1167 125 21 dåvarande
608 1166 38 21 t.f.
654 1165 266 22 Vicelandssekreteraren
935 1165 32 26 E.,

209 1201 33 21 till
264 1201 66 20 hvars
352 1200 153 28 föredragning
528 1208 83 14 samma
633 1201 81 21 ärende
736 1200 57 25 hört,
809 1202 56 19 saint
884 1199 85 21 säledes

209 1235 47 21 icke
280 1235 96 27 skäligen
399 1235 76 21 kunna
496 1235 214 21 Landskamreraren
733 1235 27 20 H.
783 1234 114 21 tillräknas
914 1236 54 18 utan

209 1271 80 19 stanna
303 1269 24 22 E.
344 1276 74 15 ensam
432 1269 34 21 till
480 1270 49 25 last,
545 1270 7 21 i
568 1271 108 21 anseende
691 1269 88 22 hvartill
795 1268 39 21 och
848 1269 67 27 jemte
931 1269 38 20 det

210 1304 214 22 Landskamreraren
443 1304 26 22 H.
485 1305 36 21 vid
537 1305 78 21 sädant
630 1304 138 22 förhällande
784 1303 109 27 undginge
908 1304 60 26 päyr-

209 1339 43 21 kad
268 1346 99 14 ansvars-
382 1338 40 22 och
441 1338 261 28 ersättningsskyldighet,
718 1338 119 28 Kejserlige
853 1337 115 21 Hofrätten

209 1373 105 27 pröfvade
336 1373 87 21 rättvist
444 1373 8 21 i
475 1374 48 20 stöd
546 1373 24 21 af
584 1374 26 20 12
626 1374 11 26 8
656 1375 8 19 1
682 1373 50 27 kap.
749 1373 28 21 R.
792 1372 24 21 B.
832 1372 65 20 döma
910 1371 60 21 förre

209 1412 15 16 t.
240 1407 14 21 f.
271 1407 264 22 Vicelandssekreteraren
551 1408 18 20 E.
591 1410 33 18 att
640 1408 52 21 höta
708 1408 27 21 10
746 1407 61 21 daler
815 1407 48 20 med
873 1408 26 20 19
907 1405 62 22 mark

211 1442 28 21 20
254 1442 73 27 penni,
343 1442 33 20 till
396 1444 69 19 utsatt
479 1442 129 27 fördelning,
624 1442 119 28 hvarjemte
759 1441 24 21 E.
799 1440 74 21 älades
889 1443 32 18 att
936 1446 32 15 er-
