1086 1717
671 178 74 22 Litt.
761 178 40 28 B,

149 230 205 28 Förteckning
372 230 57 22 öfver
445 236 38 22 nya
498 230 87 22 stående
600 231 80 27 anslag,
697 231 82 21 hvarom
791 230 115 28 Kejserliga

220 264 88 23 Senaten
324 265 63 21 under
403 265 152 21 nedannämnde
571 265 64 27 dagar
656 264 104 28 hemstält,
780 270 45 16 men
844 264 62 22 hvarå

220 299 70 27 nådigt
305 305 48 16 svar
368 300 52 20 ännu
437 299 18 27 ej
473 299 119 22 meddelats.

151 438 1 3 i
336 414 70 17 Andra
418 414 150 17 Hufvudtiteln.
876 432 1 8 |

151 442 1 38 |
178 455 44 17 1884
234 454 91 18 Februari
343 455 26 20 11,
385 459 30 12 om
431 454 66 23 anslag
511 454 30 17 för
553 454 43 18 aflö-
876 443 1 35 |

151 481 1 28 i
234 489 60 17 nande
304 489 20 17 af
330 489 123 17 translatorer
462 489 5 16 i
476 489 61 17 finska
545 488 50 23 språ-
876 480 1 32 i

151 513 1 3 |
234 523 33 18 ket
279 529 23 11 m.
315 529 23 12 m.
351 523 31 18 vid
393 523 89 22 Wiborgs
495 523 35 18 och
538 523 58 18 Wasa
876 527 1 8 |

235 557 106 22 Hofrätter;
351 557 29 18 för
388 558 126 17 innevarande
523 557 20 18 är
550 563 46 17 upp-

234 594 53 20 tagas
300 591 123 23 förslagsvis.
449 605 3 3 .
478 606 3 3 .
506 606 4 7 ,
535 605 3 4 .
564 605 3 4 .
592 605 4 4 .
620 593 68 20 25,000:
702 603 21 2 —

151 624 2 26 i
196 640 9 8 oo»
236 627 90 17 Februari
340 627 25 20 18,
379 632 29 11 om
422 627 65 22 anslag
499 627 29 17 till
541 627 55 17 beko-
749 625 2 21 i

236 661 64 18 stande
314 661 20 18 af
345 660 158 23 öfversättningar
511 660 41 19 från
562 661 34 18 och

235 695 29 18 till
282 695 61 18 finska
361 694 76 23 språket
455 695 31 18 vid
499 690 40 23 Åbo
552 695 45 18 Hof-

235 732 39 15 rätt
286 729 80 24 årligen.
391 743 3 4 .
420 743 3 4 .
449 744 4 3 .
478 744 3 3 .
507 743 3 4 <
536 744 3 3 .
564 743 4 4 <
593 743 3 4 .
623 731 65 20 12,000:
703 740 20 2 —
795 735 62 20 37,000
877 737 1 11 '

335 805 74 20 Fjerde
422 805 150 17 Hufvudtiteln.

877 813 1 9 i

196 857 10 9 »
236 844 78 18 Januari
332 845 26 21 15,
375 843 95 24 angående
488 844 108 23 förhöjning
614 844 20 18 af
647 846 82 21 postver-
877 837 2 38 |

235 879 42 18 kets
290 879 105 22 utgiftsstat
406 879 42 17 med
461 877 71 24 årligen
556 893 1 3 .
582 892 4 4 .
611 892 3 4 .
639 893 3 3 .
668 893 3 3 .
696 892 4 4 .
750 877 1 13 |
777 873 10 34 =
795 879 63 20 67,430
877 889 30 14 —;

877 910 2 12 i

338 948 71 17 Femte
421 948 151 18 Hufvudtiteln.

180 989 43 17 1883
236 988 102 18 December
355 989 27 20 21,
402 993 29 12 om
448 988 106 17 inrättande
568 988 31 17 vid

236 1022 191 23 Skolöfverstyrelsen
441 1022 20 18 af
472 1022 82 23 följande
567 1023 30 17 be-
751 1040 1 3 |

235 1057 103 22 fattningar
355 1057 101 22 nemligen:
476 1059 7 15 1
497 1057 101 17 folkskole-
751 1069 1 8 I
878 1065 1 9 i

152 1102 1 10 i
237 1091 97 23 inspektor
352 1092 35 17 och
407 1093 7 15 1
433 1091 81 18 kanslist
527 1093 48 16 samt
586 1091 11 17 8

237 1126 206 22 distriktsinspektörer
461 1131 22 12 m.
503 1131 28 16 m.
552 1131 46 17 upp-
878 1144 1 3 ||

236 1159 71 24 gående
326 1160 88 22 anslagen
433 1160 65 17 härför
509 1160 29 17 till
552 1165 46 12 sam-
907 1171 1 7 i

236 1194 96 23 manlagdt
344 1195 63 21 42,000
419 1194 58 21 mark,
491 1194 67 18 hvaraf
570 1194 29 17 för
907 1198 1 6 |

236 1229 126 18 innevarande
374 1227 21 19 år
407 1228 110 23 förslagsvis
538 1242 3 4 .
567 1243 3 3 .
595 1242 4 4 .
624 1229 67 20 28,000:
704 1239 21 2 —

153 1275 2 17 |
181 1264 44 17 1884
237 1263 79 18 Januari
329 1263 27 21 18,
370 1269 29 12 om
412 1263 65 22 anslag
489 1263 30 17 för
527 1263 73 22 privata
879 1261 1 61 |

879 1376 1 8 i

153 1293 2 24 |
237 1298 61 18 finska
312 1298 61 22 lyceet
384 1298 6 17 i
403 1298 125 17 Tammerfors
541 1298 59 17 under

238 1332 41 23 fyra
288 1331 21 19 är
316 1332 30 18 till
355 1334 27 16 ett
390 1331 137 23 sammanlagdt
533 1332 67 22 belopp

239 1366 19 18 af
275 1367 63 20 29,000
356 1367 58 21 mark,
429 1366 68 18 hvaraf
508 1366 29 18 för
549 1366 50 17 inne-

239 1389 81 39 varande
339 1400 30 18 är.
394 1414 4 4 .
423 1413 177 5 L
636 1393 118 28 6,000:
709 1389 14 39 —
738 1389 21 39 |
908 1393 3 67 |

497 1440 103 23 Transport
624 1441 67 21 34,000:
705 1450 21 2 —
745 1425 14 42 |
787 1440 73 21 104,430
879 1429 2 34 |

879 1332 2 41 |
908 1340 1 3 H
