1086 1717
89 1392 41 18 Sid,
143 1394 17 16 3.

240 154 14 20 2
478 152 24 22 U.
519 152 23 22 B.
565 165 17 3 —
600 151 86 23 XXXII

208 222 157 22 gynsammare
379 215 121 28 vändning.
516 216 50 21 Men
581 216 92 21 oaktadt
681 215 273 28 penningeomsättningen

211 250 7 21 i
234 250 106 22 Finlands
355 250 61 21 bank
430 250 113 28 sjelffallet
558 250 50 21 icke
623 250 86 21 kunnat
723 250 76 27 undgå
814 252 31 19 att
861 249 92 22 rönain-

208 284 86 22 verkan
310 284 26 22 af
348 284 65 22 dessa
423 284 194 28 oristäldikktter,
633 280 59 36 häfra
708 280 51 36 Jhom
779 284 27 22 de
821 284 61 22 olika
889 284 64 22 bran-

211 318 83 22 cherna
308 319 26 21 af
346 319 100 21 bankens
457 319 83 21 rörelse
548 318 106 28 försports
663 318 53 28 föga
723 318 126 28 betydande
859 318 93 22 fluktua-

208 352 80 28 tioner,
311 353 41 21 och
375 353 49 21 dess
444 353 140 21 verksamhet
607 353 41 21 har
666 352 145 22 öfverhufvud
826 353 81 21 lemnat
922 354 31 20 ett

204 375 91 44 fökaön
303 375 64 44 kräk
377 382 94 51 röda
488 384 49 24 280
543 386 71 23 hväjä
614 385 108 23 töämåst
723 386 139 58 iu
876 386 76 28 period

208 421 128 26 wtrisada.
327 417 14 38 +

267 465 5 9 +
285 451 67 38 Bland
367 430 65 53 kak
447 431 34 47 sän
499 435 136 50 painaa
640 440 36 47 EN
684 426 94 61 Aiskont
776 463 23 17 et
789 443 77 45 ringen
881 455 43 22 af
918 462 32 15 in-

208 490 94 21 hemska
316 491 75 21 vexlar
405 493 54 19 utan
474 491 76 21 tvifvel
559 491 42 21 den
610 485 56 27 mest
673 483 153 34 inbringande,
835 497 48 14 men
891 489 59 22 med-

207 521 36 24 för
258 524 65 22 äfven
338 524 43 22 den
396 527 81 20 största
492 525 76 22 risken
582 524 41 22 och
638 525 89 21 kräfver
742 524 73 22 derför
828 523 12 23 å
847 523 102 23 bankför-

208 558 140 28 valtningens
363 559 50 21 sida
426 565 28 16 en
470 559 114 28 synnerlig
598 559 126 22 varsamhet
739 559 31 22 då
783 559 36 21 det
834 558 116 29 gäller:att

207 593 123 26 bestämma
344 593 81 22 vidden
441 593 26 22 af
479 593 42 22 den
537 593 81 26 kredit,
634 599 46 15 som
690 593 7 21 i
705 593 77 27 hvarje
795 587 102 37 särskildt
908 593 40 21 fall

206 626 42 23 bör
262 627 101 28 beviljas.
379 627 32 22 De
427 627 110 28 förluster,
547 627 89 22 banken
641 622 6 38 -
652 627 69 21 under
729 633 30 15 nu
767 627 181 28 tilländagångna

205 661 120 22 triennium
347 662 50 21 lidit
417 668 79 22 genom
511 662 71 27 några
596 663 225 26 trävaruexportörers
837 661 111 28 oförmägä

204 697 36 20 att
254 695 67 22 infria
336 696 49 22 sina
400 696 152 27 förbindelser,
568 695 68 22 hafva
651 693 57 24 dock
716 698 54 19 mest
783 695 87 22 härrört
876 696 71 21 afför:

204 730 164 28 sträckningar,
391 736 46 16 som
453 731 103 27 beviljats
572 730 50 21 dem
637 730 47 21 dels
699 732 58 19 emot
770 732 55 25 pant
840 730 27 21 af
876 730 71 22 träva:

206 765 42 26 rör,
264 764 53 22 dels'
328 766 57 20 emot
401 767 101 25 accepter
517 765 25 21 af
556 771 103 21 personer
674 765 7 20 i
696 763 106 22 utlandet.
823 764 73 21 Ehuru
908 764 38 22 Ut-

203 798 84 22 skottet
302 799 50 21 icke
372 799 100 28 förbiser,
489 801 32 19 att
536 799 78 27 dylika
629 798 109 22 förluster
747 798 34 21 för
796 801 31 19 ett
841 799 118 21 kreditin:"

204 833 64 21 stitut
283 833 25 21 af
321 833 47 21 den.
379 833 133 28 omfattning
527 839 46 15 som
582 833 107 21 Finlands
696 833 61 21 bank
765 835 38 19 äro
813 835 60 19 snart
882 833 64 28 sagdt

202 864 107 31 Omöjliga
332 869 32 20 att
387 867 98 22 undvika
504 867 44 22 och
563 869 33 19 att
610 867 54 21 våra
680 860 102 40 enskilda
798 867 147 28 penningean-

202 899 80 23 stalter'
304 895 97 39 'jemväl"
417 895 90 39 ganska
532 901 98 22 -känbart
650 901 105 21 drabbats
768 914 1 3 :
781 901 25 21 af
828 901 116 22 omordade

201 935 270 28 betalningsinställelser,
493 938 26 19 är
536 935 119 27 Utskottet,
672 942 47 15 som
734 935 7 21 i
757 935 39 22 allt
811 935 66 28 öfrigt
892 936 52 27 god-

200 968 88 23 känner
300 968 218 29 Bankfallmäktiges
533 969 143 28 uppfattning
690 969 26 22 af
725 969 130 23 hithörande
864 970 80 21 förhål-

200 1003 90 28 landen,
312 1004 69 21 "likväl
404 1004 122 21 icke:-ense
542 1004 45 21 med
603 1004 150 27 Fullmäktige:
768 1003 79 28 deruti,
861 1006 32 21 att
906 1005 37 22 ber

200 1035 67 24 rörda
281 1038 102 22 förluster
398 1031 72 40 delvis
483 1031 56 40 finge
557 1038 132 21 tillskrifvas
700 1038 42 21 den
753 1038 189 28 omständigheten

199 1074 35 19 att
248 1073 110 27 prisfallet
375 1068 20 39 å'
394 1072 197 29 skogsprodukter
606 1087 9 13 ,
619 1072 58 28 varit
692 1074 69 20 större
771 1072 46 22 :och
826 1073 116 30 :längvari-

198 1110 69 24 gate;
276 1109 34 19 ät
323 1102 73 37 genom
411 1102 75 37 någon
502 1107 126 28 beräkning
638 1107 85 21 kunnat
733 1107 115 22 förutses”.
863 1108 79 27 Ty:det

197 1138 102 30 törda::ej
311 1141 80 21 kunna
404 1134 66 39 dokas
480 1134 42 39 :att
535 1141 26 28 ju
575 1134 172 39 ifrågavarande
758 1134 125 39 affärsmäns
891 1143 50 21 obp;

197 1175 68 21 stånd
277 1173 160 30 förnämligast
453 1175 120 22 orsakades
582 1175 72 22 deraf
666 1177 40 25 att,
721 1175 70 22 ehuru:
803 1175 66 22 deras.
883 1183 58 20 egna

196 1206 124 31 tillgångar
327 1202 58 41 :voro
400 1202 66 41 ringa
480 1211 44 21 och
538 1211 64 20 deras:
615 1211 85 24 rörpise
715 1210 225 29 redan/flere:år
894 1202 49 41 gått

196 1242 58 22 med:
263 1243 91 26 förlust;
366 1244 46 21 de;
421 1244 69 21 kväl
502 1244 11 21 i
519 1244 48 21 det
580 1244 91 27 längsta
683 1244 85 28 åtnjöto
782 1251 28 14 en
821 1244 118 22 öfvermåt-

195 1274 103 36 tan:stör
317 1274 99 36 personel:
431 1274 69 36 kredit
514 1278 42 22 hos
570 1278 106 28 samtliga
689 1278 106 22 banker;i
805 1278 103 22 landet.
924 1285 12 15 ::::

258 1312 39 21 "Af
309 1307 97 37 bilagda:
418 1311 66 23 tabell
500 1313 66 21 öfver
571 1313 101 21 bankens
681 1313 110 27 ställning
796 1313 105 27 framgår,
907 1315 32 19 att

194 1339 103 40 bankens
317 1339 131 40 metalliska
464 1346 68 22 kassa
550 1353 90 15 numera
655 1349 78 20 nästan
741 1347 146 21 uteslutande
903 1347 35 21 ber

194 1379 47 22 stär
256 1378 237 30 :af:guld,':Emedan
503 1381 95 23 banken
612 1381 115 22 vid:tiden
739 1381 39 21 för
785 1380 152 28 guldmyntfo-

192 1412 183 25 töhs'införside
382 1412 61 26 än
449 1412 116 25 innehäde
570 1417 33 19 ett
608 1414 61 23 stort
677 1415 157 22 förräd:silfrer
841 1415 8 21 i
853 1415 85 27 plants,

192 1444 53 28 Hen
266 1449 43 22 den
329 1449 132 23 metalliska
474 1450 99 22 kassans.
583 1449 183 28 mppbringande:
776 1450 34 20 till
824 1449 113 27 faststäldt

261 1488 401 23 Bankutskottöts:
429 1484 98 32 berättelse
537 1488 125 23 (betänkande
674 1488 79 23 N:o-1).
817 1495 45 9 kek
