1086 1717
210 156 11 15 4
474 155 21 17 U.
507 156 22 16 B.
541 164 22 4 —
576 156 82 17 XXXII.

188 212 116 28 glementet
318 212 130 23 tillkommer
463 212 26 21 de
504 212 23 21 af
539 212 122 22 Ständerna
673 213 62 21 valde
744 213 198 27 bankfullmäktige.

187 252 40 22 Att
240 252 24 21 åt
278 252 135 21 direktionen
428 252 103 21 öfverläta
546 258 27 16 en
584 252 67 22 sådan
662 252 127 27 befogenhet
800 259 51 15 vore
861 253 8 21 i
880 253 64 27 öfrigt

187 292 25 22 så
230 292 86 26 mycket
337 292 143 26 olämpligare,
499 297 45 16 som
563 292 125 26 Ständerna,
704 292 73 22 hvilka
795 292 76 22 endast
885 292 23 21 ät
922 292 24 22 af

186 332 50 22 dem
253 331 91 22 utsedde
357 331 124 22 förtroende
492 333 53 20 män
562 332 72 21 kunde
649 332 98 26 delegera
759 332 113 22 inseendet
886 332 58 22 öfver

187 371 103 22 Finlands
307 371 64 26 bank,
389 371 49 21 icke
459 371 56 22 hade
533 371 66 27 något
621 371 116 27 inflytande
751 372 28 26 på
793 372 150 31 direktörsem-

186 411 90 21 betenas
297 410 132 22 besättande.
464 411 54 22 1877
542 411 35 21 års
595 411 143 21 bankutskott
755 411 52 21 fann
825 411 117 22 emellertid

186 451 108 21 intetdera
308 451 24 21 af
345 451 62 21 dessa
420 451 132 21 sistnämnda
566 451 80 27 förslag
660 457 52 16 vara
723 452 111 27 antagligt,
841 453 53 20 utan
905 458 37 15 an-

186 490 43 22 slöt
242 491 40 26 sig,
297 490 135 27 åberopande
447 491 105 26 exemplet
566 491 23 21 af
602 491 26 21 de
643 491 115 21 utländska
768 491 174 22 statsbankernas

186 529 115 28 konseljer,
317 530 33 21 till
363 530 103 27 förslaget
481 537 35 14 om
531 530 84 22 "ökande
629 531 23 21 af
665 531 106 21 ordinarie
785 531 157 22 bankfullmäk-

186 569 55 27 tiges
260 569 59 22 antal
336 571 55 20 samt
405 570 118 21 hemstälde
538 571 32 20 att
585 569 125 28 Ständerna,
725 571 29 27 pä
769 572 43 20 sätt
826 571 8 21 i
848 571 11 27 $
875 571 28 22 68
917 571 24 21 L.

187 609 26 21 0.
230 609 124 27 medgifves,
373 609 68 22 skulle
459 609 74 22 skrida
549 610 33 21 till
600 610 34 21 val
649 610 23 21 af
684 610 47 21 åtta
745 610 195 27 bankfullmäktige,

185 649 38 21 tvä
238 649 36 21 för
292 649 73 27 hvarje
383 649 70 27 ständ,
471 651 56 20 samt
541 649 41 22 tolf
595 650 137 27 suppleanter
746 649 34 22 för
795 650 67 21 desse.
891 650 50 21 Men

185 689 61 22 detta
260 688 81 27 förslag
355 689 101 27 lyckades
470 689 47 22 icke
532 690 64 21 vinna
612 689 131 22 Ständernas
757 690 67 22 bifall.

254 729 112 26 Förslaget
383 731 93 25 upptogs
494 729 54 28 ånyo
567 729 23 22 af
606 730 165 21 bankutskottet
784 731 37 20 vid
836 731 55 21 1882
906 731 34 21 års

184 769 110 26 landtdag.
314 769 33 21 En
361 769 145 27 förstärkning
521 769 23 21 af
556 769 203 27 bankfullmäktiges
773 770 65 26 antal,
854 776 85 15 vore
921 765 21 35 —

184 809 71 21 såsom
273 809 107 21 utskottet
396 809 85 27 yttrade
497 821 27 3 —
539 809 69 26 egnad
626 811 33 19 att
677 809 57 27 gifva
751 809 149 22 institutionen
914 816 27 15 en

184 848 57 21 ökad
263 848 110 27 betydelse
395 850 55 20 samt
469 849 47 21 dess
534 849 138 21 medlemmar
686 855 27 15 en
727 849 134 21 densammas
876 849 65 21 ända-

184 888 43 21 mål
241 894 59 15 mera
315 889 150 20 motsvarande
481 889 107 26 ställning.
616 889 44 21 Det
673 889 72 21 kunde
759 887 35 23 väl
808 888 63 22 äfven
885 889 7 20 i
907 889 33 21 så-

183 927 53 22 dant
251 927 38 22 fall
303 927 86 22 inträffa
403 929 32 20 att
451 934 26 15 en
491 928 85 26 mening
590 928 59 21 inom
663 928 102 26 kollegiet
775 927 70 22 blefve
855 933 84 22 segran-

184 967 26 21 de
228 973 77 20 genom
324 967 155 21 ordförandens
496 969 74 20 votum
588 967 122 22 decisivum.
742 967 51 21 Men
810 967 129 22 åtminstone

182 1006 103 22 bortfölle
303 1007 75 21 härvid
393 1007 171 26 oegentligheten
579 1007 23 21 af
614 1008 32 20 att
662 1013 27 15 en
704 1007 110 26 pluralitet
828 1007 23 21 af
864 1007 75 22 endast

181 1047 79 20 tvenne
278 1047 137 21 medlemmar
433 1047 72 20 kunde
523 1046 83 21 diktera
624 1046 112 27 kollegiets
750 1046 76 27 beslut,
843 1047 39 21 och
897 1047 41 21 den

181 1086 71 21 starkt
270 1086 121 27 personliga
409 1086 109 26 karaktär,
537 1092 46 15 som
601 1086 61 21 desse
676 1085 149 22 medlemmars
840 1086 99 26 ätgärder

181 1125 41 21 och
240 1125 62 22 deras
320 1125 133 22 förhållande
467 1125 34 22 till
515 1125 134 22 direktionen
663 1125 90 22 sålunda
767 1125 72 22 kunde
853 1127 84 25 antaga,

180 1164 70 22 skulle
265 1165 57 26 gifva
336 1171 47 15 rum
398 1165 34 21 för
447 1167 31 19 ett
492 1171 59 15 mera
565 1165 110 26 kollegialt
688 1165 139 21 förhållande.
856 1165 82 22 Genom

181 1205 178 20 medlemmarnes
373 1204 70 21 ökade
457 1205 59 20 antal
530 1210 80 15 vunnes
622 1204 81 27 jemväl
717 1205 66 26 utsigt
789 1205 34 21 för
830 1206 33 20 att
872 1205 66 21 bland

181 1243 192 27 bankfullmäktige
387 1243 86 22 komme
486 1245 33 20 att
533 1243 49 27 ingå
592 1243 63 22 äfven
666 1243 119 27 affärsmän,
797 1244 82 21 hvilket
889 1245 48 21 med

180 1283 101 21 afseende
295 1283 13 21 å
323 1283 27 21 de
363 1283 73 27 frågor
449 1283 133 27 fullmäktige
596 1283 54 27 egde
664 1285 33 20 att
711 1283 126 27 handlägga,
851 1289 51 17 vore
916 1284 24 22 af

180 1324 46 20 stor
240 1322 118 27 betydelse.
373 1322 45 22 Och
429 1323 100 26 slutligen
535 1329 51 15 vore
594 1323 36 21 det
637 1323 109 21 sannolikt
752 1323 34 21 för
793 1323 84 27 hvarjes
884 1324 52 21 tånd

180 1362 79 21 lättare
278 1364 33 19 att
328 1361 59 22 finna
403 1364 79 20 tvenne
500 1362 52 21 eller
570 1362 50 21 flere
635 1368 108 21 personer,
760 1362 73 22 hvilka
847 1362 89 22 tillsam-

180 1406 61 16 mans
258 1401 70 21 skulle
345 1401 109 22 företräda
471 1402 91 27 ståndet,
581 1404 27 20 än
626 1404 32 20 att
676 1402 119 22 bestämma
808 1402 33 27 sig
855 1402 34 22 för
903 1408 33 21 en,

179 1446 47 16 som
241 1440 53 27 egde
312 1442 52 25 göra
379 1441 36 22 det
430 1442 75 21 allena.
535 1442 31 27 Ty
580 1442 86 27 utsåges
680 1442 71 21 såsom
770 1442 77 21 hittills
861 1443 76 21 endast

251 1480 138 18 Bankutskottets
400 1482 104 16 betänkande
515 1482 35 16 N:o
562 1482 18 16 3.
