1086 1717
220 162 41 21 120

193 225 89 27 gångar,
299 230 45 15 som
360 224 67 28 enligt
441 225 64 21 dessa
519 224 87 22 länders
620 223 62 27 lagar
696 223 55 21 höra
767 222 35 21 till
817 222 42 21 den
867 227 87 21 gemen-

194 265 83 15 samma
292 259 138 26 egendomen,
447 259 19 27 ej
482 258 35 22 till
532 259 42 21 den
590 258 100 21 enskilda
706 258 19 20 d.
734 264 21 14 v.
766 264 18 15 s.
796 256 57 22 hvad
863 255 91 21 hustrun

193 300 78 20 genom
286 293 33 21 sin
334 300 55 20 egen
404 293 150 28 sjelfständiga
568 292 137 23 verksamhet
720 291 113 28 förtjenar.
863 290 10 21 1
892 290 63 20 intet-

194 328 52 20 dera
268 327 75 21 landet
358 327 40 21 har
412 334 51 15 man
478 327 108 28 nemligen
600 327 105 21 fränkänt
720 332 96 15 mannen
832 324 99 28 giftorätt
945 324 8 20 i

194 362 58 22 hvad
274 362 29 27 pä
326 362 71 21 denna
422 363 41 26 väg
478 362 86 28 inflyter
578 362 34 20 till
627 361 57 27 boet,
700 368 50 14 men
765 360 8 21 i
788 358 112 22 Danmark
914 358 40 22 har

194 396 128 21 välbetänkt
344 396 41 21 den
408 396 137 27 bestämning
567 396 83 27 tillagts
672 398 33 18 att
726 394 60 28 dylik
801 394 91 26 tillgång
906 392 48 22 icke

194 431 69 20 under
284 430 103 21 hustruns
408 430 68 22 lifstid
498 430 34 21 fär
553 432 62 26 tagas
637 430 8 21 i
660 431 46 20 mät
720 428 35 23 för
769 428 58 28 gäld,
843 428 33 21 till
890 427 64 22 hvars

194 465 105 21 stiftande
314 465 91 20 hustrun
420 465 47 21 icke
483 465 111 27 samtyckt.
626 465 10 20 I
659 464 94 27 Sverige,
770 464 39 20 der
823 461 132 29 lagstiftnin-

195 506 41 21 gen
260 500 112 26 angäende
394 499 208 27 äktenskapsförord
624 499 46 21 före
689 498 163 22 ofvannämnda
866 497 37 26 lag
917 503 39 14 var

194 533 234 22 Ofverensstämmande
449 534 50 21 med
521 534 42 20 den
584 533 40 21 här
646 533 8 21 i
676 533 75 21 landet
768 531 107 28 gällande,
891 530 63 21 har
942 526 16 37 i

195 575 84 14 samma
293 567 36 28 lag
344 567 78 22 införts
438 569 41 20 den
495 567 127 28 förändring
638 567 46 22 deri
699 569 32 19 att
747 566 75 21 förord
837 565 64 22 äfven
911 565 44 20 kan

194 603 64 26 göras
274 609 34 14 om
327 601 159 28 förvaltningen
501 603 25 20 sä
541 604 32 19 att
589 602 29 21 all
633 603 42 20 den
691 601 114 27 egendom,
821 607 46 14 som
883 600 29 27 pä
927 605 27 15 en

195 637 53 21 eller
270 643 73 14 annan
362 637 77 26 grund,
455 636 179 27 lagbestämning,
650 636 74 21 förord
739 635 54 21 eller
808 634 100 27 vilkorlig
924 633 30 21 öf-

194 671 120 26 verlätelse,
330 671 69 20 under
413 671 145 27 äktenskapet
576 672 24 20 är
610 671 104 21 hustruns
724 669 101 22 enskilda
834 669 121 26 förmögen-

196 705 42 26 het,
254 705 44 22 kan
313 705 48 21 frän
376 712 105 15 mannens
497 705 161 28 mälsmanskap
673 705 140 26 undantagas
828 703 34 22 för
877 705 78 19 attan-

196 740 74 27 tingen
294 739 24 21 af
338 739 91 21 hustrun
451 739 52 28 sjelf
523 739 51 22 eller
593 740 71 27 nägon
680 746 75 14 annan
770 738 104 21 förvaltas
887 738 67 27 jemte

194 774 124 22 afkomsten
340 774 63 21 deraf
424 776 53 19 utan
500 776 33 19 att
556 774 56 21 dock
629 774 68 21 heller
712 773 8 21 i
735 773 104 21 afseende
854 773 13 20 å
883 773 72 20 denna

194 809 95 21 afkomst
302 815 52 15 vare
368 809 32 26 sig
415 809 125 26 giftorätten
556 809 51 21 eller
622 808 173 27 borgenärernes
810 808 44 20 rätt
869 806 34 21 till
917 806 35 21 be-

194 843 85 27 talning
294 850 26 14 ur
334 850 124 20 gemensam
474 843 105 27 egendom
594 843 131 21 förändrats.

264 877 63 22 Hvad
351 877 54 21 först
427 877 123 22 inkomsten
566 877 24 21 af
602 877 104 21 hustruns
722 876 77 21 arbete
814 876 139 25 vidkommer,

194 912 76 21 kunna
284 911 94 22 motiven
393 911 34 21 till
441 913 28 20 de
483 912 96 21 nämnda
593 911 101 27 lagarnes
710 911 144 26 stadganden,
864 912 33 19 att
910 909 44 22 hon

194 946 40 21 bör
255 946 23 21 fä
301 945 97 22 deröfver
408 946 60 24 räda,
485 945 115 28 omöjligen
616 945 156 22 underkännas
788 944 41 21 och
844 944 65 22 hafva
924 944 31 21 äf-

194 987 41 15 ven
243 980 41 21 hos
292 987 34 14 oss
334 981 49 20 med
391 980 91 27 mycken
489 981 72 21 värme
570 979 118 22 omfattats.
705 979 151 22 Grundsatsen
864 979 40 20 har
912 979 43 20 sär-

195 1014 67 21 skildt
276 1016 84 19 ansetts
375 1014 159 22 beaktansvärd
548 1015 50 20 med
613 1015 102 21 afseende
731 1015 14 20 ä
757 1015 26 20 de
794 1013 159 22 samhällsklas-

196 1055 40 19 ser,
260 1055 46 14 som
328 1049 8 20 i
358 1048 95 27 egentlig
475 1049 88 26 mening
578 1049 69 21 kallas
663 1049 27 21 de
705 1048 121 22 arbetande
842 1047 40 22 och
896 1048 59 21 inom

196 1082 74 22 hvilka
284 1082 135 21 missbruken
435 1083 24 21 af
473 1084 41 20 den
530 1083 110 28 ställning,
655 1083 57 21 finsk
727 1083 37 26 lag
780 1083 59 20 ännu
847 1089 38 20 ger
895 1089 60 14 man-

197 1124 49 19 nen,
263 1117 69 21 oftare
347 1116 41 21 och
403 1117 29 27 pä
447 1119 31 19 ett
492 1115 147 24 rättskänslan
654 1125 60 14 mera
729 1117 94 21 särande
839 1118 44 20 sätt
892 1117 65 27 pläga

194 1151 126 21 framträda.
349 1151 52 21 Men
423 1151 64 22 äfven
509 1151 137 22 beträffande
663 1152 128 21 införandet
807 1151 24 22 af
844 1158 27 14 en
887 1152 68 20 sådan

194 1185 37 22 vid
252 1185 70 22 första
343 1185 114 22 anblicken
481 1187 24 20 sä
523 1186 94 27 naturlig
632 1186 140 27 bestämning
787 1187 25 20 är
827 1187 36 20 det
879 1185 76 27 nödigt

196 1222 32 19 att
250 1219 58 22 klart
330 1220 53 26 göra
405 1220 32 27 sig
453 1221 52 20 reda
519 1220 33 21 för
567 1220 56 21 huru
638 1221 42 20 den
696 1221 147 21 sammanstär
857 1221 49 20 med
922 1227 32 20 sy-

195 1256 78 19 stemet
295 1254 7 20 i
318 1254 64 26 öfrigt
397 1254 40 21 och
451 1255 8 20 i
473 1254 58 22 hvad
546 1255 50 20 män
612 1255 41 21 den
668 1255 123 21 innefattar
805 1261 60 14 mera
879 1255 29 20 än
923 1256 31 19 ett

194 1287 104 23 skenbart
313 1287 76 29 skydd.
415 1288 46 22 Och
476 1289 33 21 till
524 1296 27 14 en
566 1288 77 28 början
658 1289 69 27 gäller
742 1289 38 21 det
795 1291 33 19 att
842 1289 59 27 välja
915 1288 39 22 hu-

196 1323 76 21 ruvida
297 1322 123 22 rättsbudet
441 1322 68 22 borde
523 1323 129 21 inskränkas
667 1324 34 20 till
717 1324 38 20 det
770 1323 97 21 innehäll
882 1330 51 14 man
948 1324 8 20 i

194 1356 88 28 Sverige
308 1356 62 28 gifvit
395 1357 121 21 detsamma
541 1357 51 22 eller
616 1359 64 26 göras
705 1358 168 27 fullständigare
898 1358 8 20 i
931 1358 25 21 sä

194 1392 69 20 mätto
288 1393 33 19 att
346 1391 202 29 arbetsförtjensten
574 1392 111 28 verkligen
710 1392 61 22 föres
793 1392 34 21 till
851 1392 103 21 hustruns

194 1425 100 22 enskilda
308 1425 41 21 lott
367 1426 8 20 i
390 1425 56 22 boet.

263 1460 10 20 I
298 1459 150 23 förstnämnda
475 1460 38 22 fall
541 1460 44 22 kan
610 1461 168 27 bestämningen
804 1462 33 20 att
861 1460 93 22 hustrun
