1086 1717
225 160 27 19 38

196 229 88 15 samma
306 223 103 28 oberörd,
433 224 152 28 hvarigenom
607 224 93 21 tillfälle
722 222 119 22 lemnades
857 224 34 20 att
906 230 46 14 om-

195 256 71 29 kring
282 257 156 29 sedeltrycket
455 258 115 28 anbringa
585 260 34 19 ett
634 258 62 21 band
710 257 52 22 med
772 256 95 30 färgade
878 256 74 28 fibrer,

195 291 119 28 placeradt
335 292 30 28 pä
386 292 166 28 ungefärligen
575 300 87 14 samma
684 294 47 19 sätt
753 299 49 14 som
817 292 8 20 i
841 291 28 21 de
884 291 70 28 tyska

197 328 26 19 50
239 326 77 21 marks
333 326 111 28 sedlarne,
461 329 60 19 samt
536 326 222 29 vattenstämplarne
768 326 9 21 i
788 325 91 22 sedelns
891 327 62 19 toma

196 359 50 21 sida
269 360 78 21 kunde
362 360 97 22 framstå
474 361 25 21 så
514 361 91 28 tydliga
621 368 49 14 som
686 360 98 28 möjligt.
814 360 139 28 Pappersar-

195 394 53 21 kets
272 395 117 27 naturliga
408 395 58 21 rand
482 396 76 20 skulle
573 396 13 20 å
601 395 91 21 sedelns
708 394 113 22 hvardera
836 393 118 23 kortsidor

195 427 136 23 bibehållas.
358 429 97 22 Sedelns
467 430 110 27 ornering
588 430 76 21 skulle
672 429 165 22 koncentreras
845 427 108 28 omkring

196 464 35 19 ett
246 463 151 28 synnerligen
412 464 162 28 omsorgsfullt
584 463 90 22 utfördt
685 462 214 23 menniskohufvud
910 461 43 22 och

195 495 53 22 från
264 499 80 19 texten
359 497 70 22 borde
453 498 273 21 straffbestämmelserna
741 499 49 19 mot
805 496 149 29 efterapning

196 530 44 21 och
262 531 158 28 utprångling,
445 534 60 19 samt
525 531 37 22 för
584 531 72 28 öfrigt
671 531 49 27 allt,
737 538 49 14 som
801 530 79 22 kunde
895 530 58 21 und-

196 572 74 21 varas,
286 565 147 22 bortlemnas.

267 599 76 22 Sedan
365 600 218 29 Bankfullmäktige
603 601 98 21 anhållit
723 602 35 19 att
772 599 181 22 Bankdirektio-

195 641 47 14 nen
265 634 55 21 ville
344 634 89 28 afgifva
455 635 108 28 yttrande
587 635 66 21 öfver
668 635 91 21 Doktor
774 634 117 21 Grönviks
908 641 45 14 om-

195 667 115 22 förmälda
331 668 174 29 framställning
529 671 59 19 samt
603 669 79 21 tillika
696 669 75 20 utlåta
787 669 36 27 sig
839 668 115 21 huruvida

196 701 51 21 skäl
264 709 55 14 vore
334 702 129 22 förhanden
479 705 34 19 att
528 703 96 28 vidtaga
639 703 108 28 åtgärder
757 702 93 27 derhän,
862 704 35 19 att
906 709 48 22 nya

196 737 112 27 stämplar
322 736 77 22 blefve
414 737 158 28 förfärdigade
587 737 37 22 för
641 740 25 19 10
682 737 43 21 och
741 739 26 20 20
782 737 77 20 marks
871 737 81 27 sedlar,

195 769 37 22 för
248 772 35 19 att
298 771 7 20 i
320 770 110 22 händelse
453 771 157 28 förfalskning
632 771 26 21 af
676 771 28 21 de
719 771 8 21 i
743 771 93 28 omlopp
852 771 101 21 varande

196 803 108 22 sedlarna
319 804 26 21 af
357 805 70 28 sagde
449 805 91 21 valörer
562 805 135 22 föranledde
719 805 37 21 till
775 805 139 28 utgifvande
930 805 26 21 af

196 845 48 20 nya
267 838 81 27 sedlar,
371 839 64 21 detta
458 839 77 21 kunde
554 841 58 20 utan
626 839 145 28 tidsutdrägt
785 839 112 28 försiggä,
912 839 42 21 har
970 849 2 2 +

196 871 156 22 Direktionen
373 873 36 21 uti
429 873 125 21 skrifvelse
570 873 26 22 af
608 873 46 21 den
671 875 23 20 11
713 873 103 21 Oktober
831 873 122 27 meddelat,

198 908 35 19 att
254 905 143 23 förvaltaren
420 907 26 21 af
466 907 88 21 Tumba
569 907 160 28 pappersbruk
745 907 7 21 i
768 907 97 28 Sverige
881 907 75 21 lofvat

198 939 140 22 ofversända
360 941 55 28 prof
436 941 26 21 af
479 941 63 21 olika
558 941 62 28 slags
636 941 178 22 vattenmärken
831 941 42 21 och
889 941 67 21 fiber-

198 981 94 21 papper,
316 975 151 28 hvarigenom
489 975 155 22 Direktionen
667 975 91 21 komme
767 971 16 37 i
811 975 95 21 tillfälle
921 977 35 19 att

198 1007 84 29 pröfva
297 1008 61 21 hvad
373 1009 100 21 nämnda
488 1009 60 21 bruk
558 1009 8 21 i
576 1009 68 21 dessa
654 1009 126 21 afseenden
790 1009 79 21 kunde
880 1009 76 21 åstad-

198 1041 100 28 komma,
322 1042 120 22 äfvensom
465 1043 97 28 upplyst
577 1045 34 19 att
626 1043 14 21 å
654 1043 90 21 Tumba
759 1042 60 21 bruk
834 1043 8 20 i
858 1050 28 14 en
903 1050 53 14 snar

197 1075 96 22 framtid
318 1077 88 21 komme
429 1079 35 19 att
485 1077 110 21 anställas
611 1076 80 22 försök
707 1076 52 21 med
773 1076 159 29 afbildningar
948 1077 8 20 i

197 1111 151 27 vattentryck
371 1110 26 21 af
416 1110 214 22 menniskohufvud
649 1110 53 21 med
718 1110 151 28 användning
884 1111 25 20 af
923 1111 33 21 af-

199 1144 114 21 vexlande
329 1144 127 21 förtunnad
471 1144 43 22 och
529 1144 131 29 förtjockad
675 1151 183 22 pappersmassa.

268 1178 34 21 På
324 1178 76 28 grund
419 1178 68 21 häraf
500 1179 42 20 har
556 1178 223 27 Bankdirektionen,
796 1185 50 14 som
861 1186 95 13 numera

198 1211 95 22 erhållit
316 1220 29 13 en
367 1212 38 21 del
427 1213 26 20 af
473 1213 28 20 de
524 1212 52 21 från
598 1212 89 21 Tumba
707 1211 125 22 inväntade
847 1219 109 22 pappers-

198 1245 106 29 profven,
320 1246 135 21 förbehållit
474 1247 37 28 sig
527 1249 40 26 att,
584 1247 70 21 sedan
668 1246 87 29 jemväl
770 1246 133 21 återstoden
919 1247 37 20 till

197 1280 157 22 Direktionen
375 1281 114 28 insändts,
505 1281 8 21 i
529 1282 75 21 sinom
622 1281 35 22 tid
671 1280 129 22 framställa
815 1280 89 28 förslag
920 1288 35 14 om

198 1314 28 22 de
242 1314 108 28 åtgärder
365 1314 36 22 för
417 1315 232 29 sedeltryckningens
666 1314 165 29 befrämjande,
843 1322 49 14 som
903 1322 53 21 syn-

197 1351 36 19 tes
249 1348 154 22 Direktionen
419 1349 203 29 ändamålsenliga.

544 1414 13 25 8
575 1415 32 19 13.

62 1454 126 22 Bankbygna-
269 1451 76 22 Sedan
361 1452 103 22 komitén
479 1452 38 21 för
527 1451 173 23 öfvervakande
712 1450 25 22 af
745 1450 144 22 bankhusets
899 1458 58 21 upp-

99 1477 41 17 den.
196 1485 100 22 förande
312 1486 42 21 hos
370 1486 219 28 Bankfullmäktige
600 1486 88 21 anmält
698 1487 35 20 att
743 1484 213 29 byggnadsarbetet
