1086 1717
493 395 176 24 Reservation.

277 451 34 21 Då
333 451 20 21 vi
375 453 19 24 ej
417 451 75 22 kunna
507 451 76 22 förena
598 458 36 15 oss
650 459 36 14 om
701 451 42 22 den
758 452 116 21 utskottets
889 452 63 27 åsigt,

205 486 35 20 att
254 485 277 28 tryckningskostnaderna
546 486 34 21 för
596 485 26 22 de
637 485 108 22 särskilda
754 486 103 21 ståndens
868 486 84 22 diskus-

205 519 196 28 sionsprotokoller
417 520 68 21 borde
501 521 108 21 bestridas
625 521 49 20 med
690 521 122 27 tillgångar,
829 521 26 21 de
871 521 37 22 der
919 521 33 21 in-

206 553 52 28 flyta
274 561 77 20 genom
367 554 118 28 bevillning
501 554 53 22 eller
568 555 69 21 andra
652 555 111 21 allmänna
779 555 69 22 medel
863 555 88 22 hvarom

204 588 120 21 ständerna
345 588 74 22 kunna
441 589 93 28 förfoga,
554 590 24 20 så
592 589 92 21 hänvisa
699 589 19 21 vi
734 589 33 21 till
783 589 26 22 de
824 589 126 22 reservatio-

203 628 47 19 ner,
274 629 46 14 som
342 622 70 22 finnas
432 623 103 28 bifogade
549 623 34 21 till
598 623 178 22 Statsutskottets
792 623 35 21 vid
845 624 53 21 1882
914 625 36 21 års

204 656 107 28 landtdag
326 657 137 22 betänkande
478 657 41 22 N:o
535 659 13 20 8
565 657 41 22 och
620 657 41 22 N:o
679 659 32 25 16,
726 657 8 21 i
749 657 73 22 hvilka
835 658 115 28 ådagaläg-

204 697 44 21 ges,
265 692 34 20 att
314 692 31 20 ett
359 691 79 21 sådant
454 691 73 22 beslut
542 691 80 22 strider
637 693 46 20 mot
693 691 256 29 Landtdagsordningens

203 725 27 21 82
246 726 20 26 8.
298 725 77 22 Dertill
391 725 66 28 bedja
472 727 19 20 vi
507 728 34 19 att
556 727 23 20 få
594 726 96 27 tillägga,
707 727 32 20 att
755 726 28 21 då
797 726 73 27 hvarje
885 726 63 21 stånd

203 759 53 28 sjelf
278 760 33 21 får
334 760 85 21 besluta
435 761 109 21 huruvida
559 761 37 21 det
610 761 37 21 vill
662 761 77 28 trycka
754 761 48 20 sina
816 761 133 27 protokoller

202 793 55 22 eller
272 794 72 21 lemna
359 794 48 21 dem
424 795 106 27 otryckta,
546 795 26 21 så
587 795 72 21 kunde
675 795 37 21 det
726 794 94 26 inträffa,
830 796 33 19 att
873 795 75 21 endast

202 829 38 24 ett,
257 829 36 20 två
308 828 53 21 eller
375 831 34 18 tre
425 829 75 21 stånds
516 829 135 27 protokoller
666 829 69 21 blefve
743 829 91 28 tryckta,
843 835 48 15 men
900 829 47 21 med

203 862 44 21 alla
262 863 104 21 ståndens
382 863 108 21 samfälda
506 863 122 28 tillgångar.
659 863 35 21 Då
707 863 71 21 dertill
786 863 162 27 protokollerna

202 897 19 27 ej
238 897 114 21 utkomma
366 898 29 27 på
409 897 87 22 landets
513 897 67 28 begge
596 897 113 22 inhemska
724 897 72 28 språk,
807 898 24 20 så
841 904 62 21 synes
912 897 36 21 det

201 938 54 14 vara
278 931 77 28 billigt,
378 933 33 19 att
434 931 99 22 talarena
555 932 68 27 sjefva
637 931 58 28 finge
710 931 57 28 välja
781 931 37 22 det
833 932 70 27 språk,
918 932 30 27 på

201 965 83 22 hvilket
306 965 26 22 de
355 965 98 22 önskade
476 966 122 21 framträda
619 966 8 21 i
648 966 68 28 tryck.
745 965 50 22 Men
810 965 83 21 likvisst
907 966 40 20 har

200 1000 42 21 hos
256 999 160 28 Ridderskapet
431 1000 41 21 och
489 1000 69 21 Adeln
575 999 41 22 den
631 999 99 28 tolkning
744 1000 24 21 af
775 999 108 28 grundlag
889 999 58 28 gjort

200 1034 35 27 sig
256 1033 78 22 hittills
356 1033 108 28 gällande,
487 1036 33 19 att
543 1033 108 28 grundlag
672 1034 71 21 skulle
762 1033 102 28 förbjuda
877 1033 69 21 finska

200 1068 102 27 språkets
324 1068 142 27 begagnande
481 1069 35 21 vid
533 1068 97 22 ståndets
647 1068 153 22 diskussioner.
830 1067 32 22 På
877 1067 69 22 denna

200 1102 72 27 grund
294 1102 81 21 föreslå
397 1103 21 20 vi
433 1102 118 26 vördsamt,
568 1104 32 19 att
616 1102 178 22 Statsutskottets
810 1101 136 22 betänkande

198 1137 21 28 ej
236 1137 68 22 måtte
319 1137 25 22 af
357 1137 124 22 Ständerna
495 1137 136 27 godkännas.

266 1189 20 22 F.
300 1189 28 22 W.
344 1189 21 22 G.
383 1189 59 27 Hjelt.
472 1189 20 22 A.
509 1189 109 22 Meurman.
649 1189 20 22 K.
685 1189 69 21 Wärri.
784 1189 15 21 J.
815 1188 68 22 Klami.

237 1497 128 23 Helsingfors,
377 1497 100 23 Tidnings-
490 1498 17 17 &
519 1497 224 23 Tryckeriaktiebolagets
755 1495 86 24 tryckeri,
853 1496 50 18 1885.
