1086 1717
218 157 26 19 22

188 220 42 22 hos
258 213 68 29 Hans
347 220 134 29 Kejserliga
503 220 110 28 Majestät
634 219 170 29 underdänigst
826 220 122 22 hemställa

188 254 80 22 derom
284 256 34 20 att
332 254 110 29 beloppet
457 254 26 22 af
496 254 40 22 det
546 254 38 22 till
592 254 175 28 nedsmältning
779 254 120 22 bestämda
906 256 42 20 fin-

189 289 43 21 ska
246 289 179 29 silfvermyntet,
441 289 98 28 hvilket,
555 289 75 28 enligt
640 288 134 30 Kejserliga
787 289 113 21 Senatens
908 288 41 22 vid

188 323 102 22 nämnda
300 323 235 22 öfverenskommelse
543 323 126 29 uppstälda
676 323 84 27 vilkor,
769 323 71 21 borde
849 323 98 21 omfatta

190 358 42 21 allt
242 357 41 22 det
292 358 37 21 för
341 358 222 28 penningerörelsen
580 357 132 29 obehöfliga
727 357 82 28 silfret,
818 357 129 29 utgörande

190 392 60 21 efter
260 392 112 22 Senatens
383 392 112 29 pröfning
503 392 47 22 fem
558 392 108 29 miljoner
674 392 72 28 mark,
755 392 62 28 finge
827 392 119 21 nedsättas

189 426 38 22 till
239 428 37 20 tre
283 427 107 28 miljoner
397 427 73 22 mark.
497 427 76 22 Sedan
581 426 220 29 Bankfullmäktige
809 426 53 22 med
870 426 78 22 anled-

189 461 59 28 ning
263 461 67 22 deraf
342 462 45 21 den
403 465 12 19 9
433 462 135 29 September
584 463 55 21 1882
654 461 53 22 med
722 461 147 28 underdänig
885 461 62 21 hem-

190 496 86 21 ställan
290 496 80 22 härom
385 497 83 28 ingått,
484 496 134 22 meddelade
629 497 89 21 Finans
728 495 173 30 Expeditionen
913 495 36 21 uti

190 530 124 22 skrifvelse
330 531 36 22 för
381 531 45 22 den
443 533 26 20 18
485 531 145 29 derpåföljda
646 530 109 28 Oktober,
771 532 35 20 att
816 530 133 29 Kejserliga

190 565 103 21 Senaten
307 565 80 22 funnit
401 565 58 29 godt
474 565 134 22 densamma
623 565 87 22 bifalla.

260 599 136 22 Emellertid
422 600 59 22 hade
504 600 220 21 Bankdirektionen
743 599 9 22 i
773 599 124 22 skrifvelse
912 598 37 22 för

190 633 45 22 den
253 637 25 19 16
296 634 135 29 September
447 642 86 14 samma
543 635 25 21 år
578 635 42 21 hos
632 634 219 28 Bankfullmäktige
862 633 87 22 anmält

190 670 35 20 att
240 669 155 21 Direktionen
411 669 53 22 låtit
479 670 13 21 &
507 669 143 22 härvarande
663 669 125 28 myntverk
799 668 72 23 under
881 667 68 29 April

190 703 44 21 och
256 703 46 28 Maj
325 703 109 22 månader
456 704 38 21 till
516 704 78 28 plants
617 703 131 22 nedsmälta
770 705 34 20 ett
826 703 84 28 belopp
926 702 26 21 af

190 745 30 14 en
240 737 82 29 miljon
337 738 66 21 mark
418 738 73 21 finskt
507 737 155 29 silfvermynt,
678 737 97 22 hvilken
790 737 84 29 plants,
891 736 59 22 efter

190 771 8 22 i
223 772 107 21 utlandet
352 772 168 28 undergången
543 772 131 28 affinering,
696 771 75 22 under
792 771 70 29 derpå
877 771 73 28 följde

190 805 51 22 Juli
264 806 84 21 månad
370 807 118 21 derstädes
511 807 101 27 försålts,
634 809 60 19 samt
714 809 35 19 att
763 806 68 21 häraf
843 806 107 29 uppstått

190 847 30 14 en
242 840 86 22 förlust
349 841 25 21 af
391 841 99 29 tillhopa
507 844 89 24 166,139
613 841 65 22 mark
695 844 24 19 71
737 841 78 28 penni.
845 841 12 21 I
872 840 79 22 anled-

190 875 60 28 ning
266 875 68 21 häraf
347 875 93 22 anhöllo
456 875 219 29 Bankfullmäktige
690 876 30 28 på
735 875 77 28 grund
827 875 26 22 af
866 874 83 22 omför-

190 909 78 22 mälda
283 909 234 22 öfverenskommelse
533 911 8 20 i
556 910 148 28 underdånig
719 909 124 22 skrifvelse
858 909 37 22 för
905 909 44 21 den

193 947 9 18 1
227 944 132 21 November
380 945 42 21 hos
442 945 65 21 Hans
526 945 132 28 Kejserliga
676 944 110 29 Majestät
801 946 35 19 att
851 943 99 22 Banken

191 979 73 20 måtte
275 978 25 21 af
308 979 142 21 statsverket
460 979 37 21 för
507 979 97 21 berörda
614 979 86 21 förlust
708 979 38 21 till
753 978 80 22 halfva
841 977 109 29 beloppet

190 1015 106 25 ersättas,
320 1013 127 28 hvarjemte
470 1013 226 28 Bankfullmäktige,
717 1013 96 21 emedan
829 1020 30 13 en
874 1012 37 21 del
926 1011 26 22 af

190 1046 117 23 förlusten
322 1047 56 22 eller
393 1049 56 20 4083
464 1048 66 21 mark
545 1051 25 19 81
588 1048 72 28 penni
670 1048 108 28 uppstått
788 1054 85 21 genom
884 1054 65 21 myn-

190 1083 53 20 tens
260 1081 99 28 slitning
373 1081 74 22 under
463 1082 66 21 deras
545 1082 93 28 omlopp
650 1082 8 21 i
668 1082 119 21 allmänna
793 1081 109 28 rörelsen,
911 1081 38 21 till

189 1115 67 22 Hans
267 1116 133 28 Kejserliga
410 1116 121 29 Majestäts
542 1116 159 29 bepröfvande
709 1116 116 27 hemstält,
835 1115 115 22 huruvida

189 1150 53 21 icke
258 1150 99 21 Banken
372 1150 71 22 borde
458 1151 37 21 för
510 1151 155 21 nästnämnda
680 1150 87 22 förlust
782 1150 38 21 till
835 1150 53 21 hela
898 1150 51 21 dess

189 1184 86 29 belopp
298 1184 26 21 af
345 1185 141 21 statsverket
504 1185 137 28 godtgöras;
661 1185 55 21 derå
731 1184 219 28 Bankfullmäktige

190 1226 86 20 genom
290 1219 88 22 Finans
393 1219 186 28 Expeditionens
600 1219 124 22 skrifvelse
740 1219 45 21 den
801 1221 24 20 21
845 1219 8 21 i
864 1219 86 21 samma

189 1253 86 21 månad
285 1253 157 22 underrättats
454 1256 35 19 att
499 1254 133 29 Kejserliga
641 1254 109 27 Senaten,
759 1253 52 22 med
819 1253 67 22 bifall
894 1253 56 29 jem-

189 1288 39 21 väl
243 1288 39 21 till
296 1288 207 22 nästomförmälda
512 1288 181 29 framställning,
704 1287 114 23 anbefallt
829 1288 121 22 Statskon-

189 1323 63 20 toret
267 1324 35 19 att
316 1323 38 21 till
369 1323 99 22 Banken
484 1323 139 22 öfversända
638 1324 28 21 de
682 1324 99 20 Banken
796 1323 8 21 i
820 1322 130 22 förberördt

190 1356 109 22 afseende
315 1357 98 21 sålunda
427 1357 177 22 tillkommande
621 1361 75 25 85,111
715 1358 66 21 mark
797 1361 26 19 76
839 1357 78 29 penni.

259 1392 36 20 Då
318 1392 111 21 Bankens
451 1392 132 22 metalliska
598 1393 70 21 kassa
684 1392 146 28 småningom
845 1390 106 22 tillvuxit

189 1425 44 21 och
253 1432 97 15 numera
369 1426 139 29 öfverstiger
523 1426 39 22 det
577 1427 8 21 i
600 1428 156 27 reglementet
770 1426 125 22 faststälda
908 1426 42 21 mi-

188 1459 170 29 nimibeloppet
373 1464 59 18 samt
447 1460 66 22 tiden
527 1461 61 21 varit
603 1461 91 21 mindre
710 1468 99 22 gynsam
819 1460 37 22 för
864 1460 86 22 silfrets

187 1494 145 28 realisering,
348 1494 42 22 har
404 1495 79 28 någon
499 1494 127 30 anledning
641 1497 35 20 att
691 1494 123 30 påskynda
826 1494 126 22 nedsmält-
