1086 1717
242 144 43 22 128

213 207 132 22 tillkommer
361 207 103 22 makarne
472 203 12 36 i
499 207 44 22 alla
552 207 34 21 till
595 208 37 20 det
642 214 161 20 gemensamma
812 207 51 22 boet
875 207 95 22 hörande

213 242 97 21 föremål.
339 242 11 21 I
373 241 38 22 full
433 241 137 28 konsequens
593 242 49 21 med
658 242 131 27 stadgandet
803 242 8 21 i
828 243 32 20 11:
877 244 10 20 1
904 242 44 22 GB.
964 242 8 21 i

212 276 59 22 hvad
286 276 36 21 det
336 276 92 21 handlar
443 283 36 14 om
492 276 105 21 hustruns
609 276 51 28 jord
675 276 40 22 och
730 276 41 22 hus
786 276 8 21 i
804 277 83 25 staden,
898 276 72 22 kunde

213 312 73 20 denna
308 310 57 28 regel
379 311 50 21 med
443 310 154 28 upphäfvande
612 310 25 22 af
650 312 62 21 2:dra
726 310 99 28 punkten
840 311 8 21 i
863 310 108 28 Kungliga

212 344 148 28 förklaringen
375 346 42 20 den
432 346 28 21 23
475 345 58 21 Mars
550 346 54 21 1807
620 345 124 21 utsträckas
759 345 34 21 till
808 344 29 22 all
852 346 69 20 under
931 345 38 21 äk-

212 379 117 27 tenskapet
344 378 123 23 förvärfvad
483 379 109 27 fastighet,
608 380 46 20 deri
669 379 100 27 giftorätt
784 379 130 21 tillkommer
925 386 44 15 ma-

212 414 76 21 karne.
319 413 49 22 Men
390 413 8 21 i
417 414 25 20 så
457 413 38 22 fall
509 413 61 22 leder
584 414 146 27 grundsatsen
745 415 29 20 än
789 413 74 22 vidare
879 413 40 22 och
930 414 40 27 jag

211 449 60 21 inser
285 448 47 21 icke
347 444 37 25 att
395 449 67 26 några
477 449 134 20 nämnvärda
626 448 139 27 olägenheter
787 448 131 27 uppkomme
934 455 34 14 om

211 483 64 21 äfven
290 483 102 21 hustruns
407 482 110 28 samtycke
532 483 112 21 fordrades
658 483 34 21 för
706 483 116 28 föryttring
832 482 25 22 af
864 483 56 21 vissa
930 490 38 14 an-

211 519 40 20 dra
282 517 102 27 antingen
413 517 92 21 hustrun
535 517 101 21 särskildt
666 517 52 22 eller
747 518 37 20 det
809 523 160 21 gemensamma

210 551 52 22 boet
284 551 108 27 tillhöriga
413 551 251 28 förmögenhetsföremål
685 551 25 22 af
730 551 42 21 den
792 554 34 19 art
841 553 33 19 att
889 552 27 21 de
931 553 37 20 äro

210 588 34 19 att
266 593 64 14 anses
353 587 71 20 såsom
446 585 236 28 kapitalförmögenhet
705 588 56 19 samt
776 585 41 22 lätt
831 585 75 22 kunna
920 586 48 21 från

212 621 71 21 andra
298 620 24 21 af
336 627 82 14 samma
433 622 34 19 art
478 620 81 28 skiljas,
570 621 71 20 såsom
653 620 59 22 bevis
720 620 59 21 öfver
789 620 94 21 insatser
893 620 7 21 i
910 627 60 20 spar-

209 655 66 26 bank,
298 655 149 27 värdepapper
462 654 40 21 och
518 655 69 20 andra
607 654 175 28 fordringsbevis,
799 654 71 21 stälda
885 655 29 26 på
928 654 40 21 hu-

210 691 74 19 struns
299 696 71 18 namn,
386 689 132 21 inventarier
533 689 33 20 till
581 688 102 28 fastighet
698 689 41 21 och
755 689 26 21 de
797 689 170 26 nödvändigaste

208 723 215 28 husgerådsartiklar,
447 723 74 21 hvilka
535 723 33 21 till
583 723 33 21 sin
632 725 34 19 art
681 723 68 21 borde
763 723 8 21 i
785 723 64 27 lagen
867 724 100 20 närmare

208 758 106 27 angifvas.
345 758 38 20 Att
407 757 156 21 efterlefnaden
586 757 26 21 af
632 757 60 28 dylik
716 757 111 21 föreskrift
850 757 69 21 blefve
933 757 35 21 för

207 792 82 21 handel
303 792 40 21 och
362 791 78 22 vandel
455 791 105 28 obegväm
575 791 98 25 behöfde,
690 792 52 21 med
758 791 102 22 afseende
876 791 62 22 äfven
954 792 13 21 &

209 827 42 20 den
273 826 156 28 jemförelsevis
452 826 61 27 ringa
535 826 131 27 omsättning
682 826 74 27 dylika
770 826 91 21 föremål
875 827 37 20 äro
928 833 38 14 un-

208 861 135 25 derkastade,
367 860 18 27 ej
409 859 86 22 befaras
513 860 55 21 blott
591 860 141 27 ogiltigheten
748 860 25 21 af
786 860 110 21 bristande
911 867 55 14 sam-

206 895 66 28 tycke
287 894 68 21 skulle
373 896 110 25 gentemot
497 895 69 27 tredje
582 902 58 18 man,
656 902 46 14 som
717 895 7 20 i
739 895 44 27 god
798 897 33 19 tro
847 895 117 21 bekommit

206 929 120 26 föremålet,
349 929 117 27 begränsas
490 929 66 27 enligt
579 930 27 20 de
628 929 8 21 i
657 930 15 21 4
694 931 11 25 $
729 930 25 21 11
778 929 49 27 kap.
844 929 45 21 HB.
904 929 62 27 gifna

206 965 102 26 grunder,
323 963 110 22 äfvensom
444 963 39 21 vid
495 963 115 28 utredning
618 965 32 20 att
658 965 36 20 det
702 964 73 25 värde,
785 963 82 22 hvilket
877 963 35 22 vid
922 963 42 21 för-

206 999 110 27 yttringen
332 997 101 26 erhållits,
450 997 90 21 kommit
554 997 51 22 boet
620 998 34 21 till
668 999 65 26 godo,
750 997 29 22 all
794 999 45 20 rätt
846 997 33 21 till
887 997 77 22 återlö-

205 1039 39 14 sen
260 1031 92 22 förfalla.

276 1065 171 22 Vidkommande
463 1066 46 20 åter
524 1066 124 27 grunderna
664 1065 33 22 för
712 1065 113 27 betalning
840 1065 25 22 af
878 1066 86 21 makars

205 1101 53 28 gäld
279 1100 69 21 skulle
371 1101 36 20 det
431 1101 78 20 endast
523 1100 107 21 innefatta
646 1107 27 14 en
689 1100 99 27 sakenlig
803 1100 124 27 utveckling
942 1100 25 21 af

205 1137 69 20 redan
289 1135 100 26 gällande
405 1134 110 27 principer
529 1141 35 14 om
580 1136 34 20 1:o
629 1135 50 20 med
694 1135 94 26 ändring
803 1134 24 21 af
841 1136 34 20 11:
890 1135 13 21 3
919 1134 43 22 GB.

205 1170 71 21 blefve
298 1169 101 27 stadgadt
421 1171 34 18 att
477 1168 91 22 hustrun
591 1169 49 21 icke
661 1169 8 20 i
684 1169 73 27 någon
773 1175 73 15 annan
861 1169 103 22 händelse

204 1211 52 16 vore
279 1204 76 27 pligtig
378 1205 33 19 att
433 1203 48 21 med
495 1204 34 20 sin
545 1203 101 21 enskilda
661 1204 102 27 egendom
779 1210 64 15 svara
857 1204 33 21 för
905 1204 56 27 gäld,

204 1246 48 15 som
267 1245 94 14 mannen
376 1238 8 20 i
398 1237 144 28 äktenskapet
558 1239 45 25 gör,
620 1239 28 20 än
664 1240 33 19 att
712 1237 45 22 hon
773 1238 71 21 dertill
852 1238 110 27 uttryckli-

203 1280 43 23 gen
262 1273 32 27 sig
313 1272 110 22 förbundit
439 1274 56 19 samt
509 1274 32 19 att
556 1271 44 22 hon
615 1273 47 20 med
677 1273 35 20 sin
729 1273 40 20 lott
784 1273 8 19 i
808 1273 45 20 boet
868 1273 48 21 icke
926 1273 36 21 be-

202 1308 73 26 höfde,
298 1308 94 20 förutom
407 1307 70 20 under
492 1306 134 22 sistnämnda
640 1306 167 27 förutsättning,
822 1314 92 14 ansvara
929 1307 33 21 för

202 1348 107 16 mannens
324 1340 207 22 löftesförbindelser
545 1340 53 22 eller
608 1342 70 20 andra
686 1340 248 28 betalningsåtaganden
940 1342 25 21 af

204 1378 43 20 den
262 1378 34 19 art
312 1378 32 18 att
360 1376 26 20 de
401 1374 48 22 icke
465 1375 89 21 kommit
570 1376 37 20 det
621 1382 162 20 gemensamma
797 1374 51 22 boet
856 1375 33 21 till
898 1376 64 26 godo;

204 1411 111 22 äfvensom
331 1410 34 21 2:o
385 1410 27 20 de
427 1410 71 21 i11:5
507 1409 43 21 GB.
560 1410 40 20 och
611 1410 8 20 i
628 1411 12 21 9
654 1410 40 21 och
706 1410 27 21 10
741 1410 26 28 8$
775 1410 25 20 af
807 1409 153 28 förordningen

202 1445 113 27 angående
330 1444 115 21 boskilnad
460 1444 115 21 faststälda
584 1445 95 26 grunder
687 1444 35 21 för
730 1445 27 20 de
765 1444 98 27 ligvider,
871 1451 45 14 som
924 1444 36 22 vid
