1086 1717
834 151 25 19 13

132 213 77 22 blefve
232 212 119 30 beviljadt,
375 212 70 29 sagde
468 215 123 26 agenturer
614 212 52 22 från
686 213 43 21 och
748 213 53 21 med
816 213 45 22 den
878 216 8 19 1

131 248 51 21 Juli
199 251 55 19 1884
269 247 103 29 indraga.
742 266 3 2 N

200 282 68 22 Efter
283 282 39 21 det
332 282 146 21 förestäende
489 282 173 28 framställning
674 282 26 22 af
706 282 133 29 Kejserliga
850 283 39 21 Se-

132 319 77 26 naten,
222 316 75 29 enligt
312 316 124 22 skrifvelse
451 317 27 21 af
490 316 45 22 den
546 320 25 19 14
578 317 133 22 November
720 312 53 38 1883,
786 317 103 27 bifallits

133 354 59 19 samt
215 351 46 22 den
280 351 133 28 föreslagna
429 353 76 19 staten
521 351 36 22 för
572 351 177 29 ifrågavarande
765 352 86 21 kontor
865 350 26 22 af

133 387 101 21 Senaten
252 386 77 21 tillika
344 385 122 29 faststälts,
483 386 118 28 öppnades
616 386 110 22 kontoret
741 386 37 22 för
794 386 95 22 allmän-

132 421 70 22 heten
213 420 46 22 den
276 424 8 19 1
302 420 51 22 Juli
369 423 61 25 1884,
446 420 128 29 hvarjemte
584 428 86 14 samma
680 420 45 29 dag
735 422 154 27 agenturerne

132 456 9 21 i
156 456 117 21 Kexholm
289 455 43 22 och
348 455 126 22 Sordavala
489 455 117 29 stängdes.

201 491 21 27 0)
246 489 76 23 Sedan
346 489 220 30 Stadsfullmäktige
586 491 9 20 i
610 489 132 30 Jyväskylä
757 490 36 21 uti
809 497 28 14 en
852 489 37 22 till
895 481 111 54 ålade
1015 491 22 40 af

133 524 218 29 Bankfullmäktige
371 524 45 22 den
437 527 26 20 17
479 525 47 28 Maj
545 528 54 19 1884
614 525 135 21 inkommen
764 524 72 22 skrift
850 532 40 14 an-
897 531 117 18 bankkontor
1026 532 7 17 i

132 559 68 22 hållit
223 561 35 19 att
280 561 34 20 ett
336 559 113 22 Finlands
472 560 81 21 Banks
573 560 87 21 kontor
679 560 72 21 måtte
765 559 9 22 i
789 559 101 22 nämnda
907 555 109 23 Jyväskylä.

133 593 52 22 stad
204 594 105 27 inrättas,
329 593 127 22 anmodade
476 593 219 29 Bankfullmäktige
710 593 180 22 Bankdirektio-

133 636 46 14 nen
201 630 35 19 att
258 628 90 28 afgifva
368 628 110 29 yttrande
498 628 66 22 öfver
580 628 97 22 berörda
691 628 139 29 ansökning.
855 628 36 21 Då

133 662 155 22 Direktionen
304 662 129 22 emellertid
449 663 66 21 aktat
529 663 84 28 nödigt
628 665 34 19 att
678 663 26 21 af
712 662 179 22 Stadsfullmäk-

133 697 49 28 tige
202 697 8 21 i
230 697 130 28 Jyväskylä
375 704 84 21 genom
475 697 66 22 deras
556 697 8 22 i
580 697 99 22 Banken
694 697 134 28 begagnade
844 704 47 14 om-

133 731 47 22 bud
196 732 56 21 söka
268 731 87 22 erhålla
369 735 106 18 närmare
489 732 172 29 upplysningar
676 731 119 29 angående
812 731 79 21 affärs-

134 765 175 22 förhållandena
319 767 30 27 på
359 768 72 25 orten,
443 773 53 14 men
507 766 67 21 dessa
584 766 172 29 upplysningar
766 769 63 18 ännu
838 765 53 22 icke

133 800 40 21 vid
192 801 60 20 årets
272 801 89 27 utgång
376 800 131 27 inkommit,
522 800 42 21 har
579 800 40 21 det
634 800 84 21 eskade
733 799 121 29 yttrandet
869 800 20 29 ej

133 835 72 21 heller
227 835 91 22 kunnat
340 835 26 21 af
380 835 156 22 Direktionen
556 835 116 28 aflemnas,
688 835 92 22 hvadan
795 834 96 22 ärendet

133 873 25 18 är
172 871 30 28 på
217 870 83 28 slutlig
314 869 82 29 åtgärd
411 869 122 22 beroende.

485 934 14 25 8
515 935 19 19 2.

201 973 77 22 Sedan
300 973 88 21 Finans
411 973 174 28 Expeditionen
605 973 8 20 i
633 973 132 28 Kejserliga
788 972 101 22 Senaten
896 966 137 45 aa

132 1007 35 21 uti
182 1007 124 22 skrifvelse
320 1007 38 22 till
374 1007 161 22 Ordföranden
550 1008 12 23 i'
572 1007 218 22 Bankdirektionen
805 1006 26 21 af
844 1006 45 21 den
896 1012 100 23 kirfirman
1009 1013 24 16 M.

133 1045 12 18 6
169 1041 136 28 September
331 1044 54 19 1882
412 1041 64 29 gjort
496 1041 121 28 förfrägan
638 1041 115 22 huruvida
775 1031 111 49 Finlands
897 1036 21 18 4.
930 1041 33 35 von
979 1035 54 40 Roth-

131 1076 68 21 Bank
214 1083 56 14 vore
286 1076 105 28 benägen
407 1078 34 19 att
457 1076 114 28 antingen
586 1083 80 14 ensam
681 1076 56 21 eller
751 1082 85 21 genom
846 1075 43 21 bil-
914 1082 62 17 Söhne
988 1081 26 22 af

132 1110 74 22 dande
221 1110 27 21 af
260 1113 34 19 ett
309 1111 146 21 konsortium
471 1111 54 21 med
539 1110 135 28 bankirhus,
690 1111 30 28 pä
733 1109 38 22 för
781 1111 109 20 statsver-
896 1107 33 38 än
941 1106 33 43 för
988 1104 45 40 ke

131 1145 41 21 ket
193 1145 176 28 förmånligaste
392 1145 84 28 vilkor,
499 1145 44 21 fixt
564 1145 122 28 öfvertaga
708 1144 39 22 det
761 1145 40 20 län
817 1143 26 22 af
855 1143 34 22 tio
896 1151 96 21 betalning
1012 1149 25 22 af

131 1179 107 30 miljoner
254 1180 65 21 mark
334 1180 8 21 i
357 1179 43 22 och
415 1179 37 22 för
467 1179 201 29 återbetalningen
686 1179 26 22 af
723 1179 82 28 Ryska
819 1178 70 21 Riks-
891 1169 66 49 ryska
976 1173 57 40 Pi

131 1214 210 22 skattkammarens
363 1214 83 28 bidrag
469 1214 40 21 till
532 1215 33 21 St.
589 1214 141 28 Petersburg
753 1209 126 38 Riihimäki
893 1209 48 38 rens
965 1219 68 22 bidrag

128 1248 214 29 jernvägsbygnad,
358 1248 95 22 hvarför
465 1250 79 20 senast
554 1248 138 22 församlade
704 1247 99 23 Ständer
813 1247 76 21 iklädt
896 1242 96 45 5
994 1243 39 34 de

131 1283 37 28 sig
188 1283 92 28 garanti
303 1285 59 19 samt
380 1283 219 22 Bankdirektionen
614 1283 53 21 med
682 1282 127 28 anledning
823 1281 68 22 deraf
906 1288 108 18 Riihimäki

129 1317 102 29 vidtagit
254 1318 28 21 de
308 1317 167 22 förberedande
501 1318 114 28 åtgärder,
638 1325 50 14 som
710 1317 147 22 omförmälas
879 1316 57 21 120
951 1312 19 40 GG
976 1311 51 41 SG

129 1352 143 29 protokollet
293 1352 37 22 för
352 1352 45 22 den
417 1356 26 18 10
458 1352 110 28 Oktober,
584 1352 72 23 hafva
669 1352 219 27 Bankfullmäktige

129 1387 36 21 uti
188 1387 123 22 skrifvelse
334 1386 26 22 af
376 1394 87 14 samma
478 1386 47 29 dag
541 1387 116 28 samtyckt
672 1387 38 21 till
725 1388 34 20 att
774 1385 113 22 Finlands

129 1421 68 22 Bank
215 1421 53 22 med
282 1421 167 22 bankirfirman
464 1422 32 21 M.
512 1422 29 21 A.
556 1429 48 14 von
618 1420 141 23 Rothschild
774 1421 19 21 &
809 1420 79 22 Söhne

129 1455 92 22 bildade
242 1458 35 19 ett
295 1456 146 21 konsortium
459 1455 39 22 för
516 1455 167 29 öfvertagande
699 1455 25 22 af
736 1454 98 22 berörda
848 1454 40 21 län

128 1490 31 28 pä
173 1490 35 21 uti
224 1489 71 29 sagde
311 1489 122 22 skrifvelse
449 1490 105 28 antydda
568 1490 84 22 vilkor.
