1086 1717
428 140 21 16 U.
462 140 20 16 B.
495 149 22 3 —
530 140 80 16 XXXII.
851 142 22 16 47

486 196 12 28 8
513 197 34 21 58.

208 235 206 27 Semesterledighet
421 236 34 20 för
463 236 145 22 direktionens
617 237 137 21 medlemmar
762 240 56 19 samt
828 238 67 21 bank-

138 270 188 21 kommissarierne
339 270 109 21 meddelas
457 270 23 21 af
487 270 202 28 bankfullmäktiges
698 271 82 21 utskott
787 272 28 26 pä
823 272 73 21 derom

138 304 24 21 af
182 304 135 21 direktionen
340 304 61 27 gjord
424 304 164 27 framställning,
612 311 47 15 men
675 305 33 21 för
724 305 68 27 öfriga
807 306 89 26 tjenste-

138 340 48 19 män
210 338 23 21 af
254 338 140 22 direktionen.
426 338 39 21 Om
488 339 148 21 användandet
658 340 38 20 och
712 339 147 27 fördelningen
875 340 23 20 af

139 372 36 21 det
190 372 13 21 &
218 372 96 21 bankens
335 374 43 19 stat
393 372 34 21 för
441 372 164 28 ifrågavarande
620 373 99 21 ändamål
735 375 107 25 upptagna
859 380 36 14 an-

138 406 46 27 slag
200 412 51 21 eger
266 406 105 21 utskottet
387 406 27 27 pä
430 406 145 22 direktionens
590 406 81 28 förslag
687 407 90 21 besluta.

487 452 11 27 8
514 453 34 20 59.

206 486 157 26 Fördelningen
387 486 23 21 af
431 487 36 20 det
485 487 28 26 pä
528 486 95 21 bankens
639 489 43 18 stat
697 489 107 24 upptagna
819 487 76 27 anslag

137 520 34 21 till
186 520 144 21 diskretioner
345 519 34 22 för
394 520 127 27 tjenstemän
539 521 37 20 och
592 520 93 27 betjente
702 521 6 20 i
716 521 83 21 banken
807 521 88 21 ankom-

138 560 44 15 mer
197 554 28 27 pä
240 554 141 21 direktionen.

485 591 12 27 $
513 591 34 22 60.

206 625 47 21 Den
276 625 95 21 bankens
395 625 92 21 embets-
510 625 53 22 eller
585 625 129 26 tjensteman
736 626 53 21 eller
804 626 89 26 betjent,

137 665 46 15 som
198 659 28 26 pä
241 665 53 20 egen
310 659 94 26 begäran
420 659 93 21 erhäller
528 659 82 26 afsked,
626 661 25 19 är
666 659 33 21 för
714 660 32 21 sin
758 659 136 22 äterstäende

137 693 68 21 lifstid
228 693 121 26 berättigad
373 693 33 21 till
430 693 54 26 ärlig
503 694 89 25 pension
607 693 23 21 af
644 693 94 21 bankens
754 693 77 26 medel,
847 693 46 21 ifall

137 727 48 26 han,
208 727 28 21 dä
258 727 42 21 han
322 727 47 21 frän
393 727 96 21 bankens
508 727 66 27 tjenst
588 727 66 27 afgär,
670 727 89 27 uppnätt
775 727 119 21 trettiofem

137 761 34 21 års
187 761 61 21 ålder
265 761 39 21 och
320 762 64 20 minst
399 761 79 21 femton
495 761 24 21 är
535 761 54 21 varit
604 762 7 20 i
626 761 78 21 allmän
720 761 65 27 tjenst
800 761 93 22 anstäld.

137 795 50 21 Men
210 795 77 21 varder
309 795 41 21 han
371 795 62 21 dömd
449 795 92 27 tjensten
558 795 98 27 förlustig
672 795 53 21 eller
739 795 96 22 inträder
850 795 43 21 han

137 829 53 27 ånyo
206 829 6 21 i
228 829 80 21 allmän
322 829 71 27 tjenst,
410 829 38 22 har
464 830 40 21 han
521 829 89 22 förlorat
618 830 128 26 rättigheten
755 830 34 21 till
796 829 96 27 pension.

205 863 131 22 Pensionens
351 864 77 26 belopp
443 864 129 21 bestämmes
588 863 23 22 af
624 863 192 27 bankfullmäktige
826 863 67 26 enligt

137 897 26 22 de
185 898 102 26 grunder,
302 903 46 16 som
364 897 57 27 gälla
436 898 110 26 angäende
562 898 88 26 pension
666 898 35 21 vid
718 897 75 22 afsked
809 904 26 14 ur
850 899 43 19 sta-

137 934 47 19 tens
206 931 72 27 tjenst.
308 932 61 21 Dock
385 932 34 21 mä
433 931 193 27 bankfullmäktige
642 932 151 26 undantagsvis
809 931 84 22 tilldela

137 965 180 27 afskedstagande
340 966 127 27 tjensteman
491 967 6 19 i
521 966 82 21 banken
622 966 88 27 pension
725 966 33 21 till
774 965 67 27 högre
856 965 37 21 be-

136 1000 50 27 lopp
208 1002 28 19 än
260 1000 42 26 det,
324 1000 87 21 hvartill
434 1001 40 20 han
498 1000 67 27 enligt
588 1000 123 21 förenämda
733 1000 93 27 grunder
842 1005 51 15 vore

136 1034 128 26 berättigad.

204 1067 144 29 Tjensteman,
372 1074 45 15 som
433 1068 145 21 tillförsäkras
594 1068 48 21 hela
657 1068 63 21 lönen
735 1069 5 20 i
756 1068 96 27 pension,
869 1069 24 19 är

136 1102 76 26 pligtig
219 1103 38 25 att,
271 1108 34 15 om
317 1102 194 26 bankfullmäktige
521 1103 76 20 sädant
604 1102 87 27 päyrka,
707 1102 92 21 inlemna
815 1101 78 21 ansök-

136 1136 50 27 ning
198 1142 33 15 om
241 1136 81 26 afsked,
335 1137 35 20 vid
381 1136 97 27 äfventyr
489 1138 32 19 att
532 1136 52 27 eljes
595 1136 65 21 varda
670 1135 46 21 frän
727 1136 91 26 tjensten
827 1135 64 21 skild.

204 1169 152 22 Gratifikation
379 1170 54 21 efter
455 1169 79 22 afliden
556 1170 127 27 tjensteman
705 1170 7 20 i
730 1169 83 22 banken
829 1169 64 26 utgär

136 1211 27 13 ur
180 1203 92 22 bankens
286 1204 66 21 medel
368 1205 68 26 enligt
450 1205 26 20 de
493 1203 33 22 för
542 1204 120 27 statstjenst
676 1203 98 27 gällande
789 1203 103 27 grunder.

442 1268 73 24 Kap.
531 1267 57 26 VII.

384 1312 34 22 Om
435 1312 209 21 diskontkomit&erna.

483 1354 12 28 8
511 1355 34 21 61.
767 1369 2 3 .

204 1388 139 22 Komiterade
359 1389 61 21 skola
435 1389 64 21 ställa
515 1389 33 25 sig
563 1388 32 21 till
611 1388 142 21 efterrättelse
765 1387 59 21 såväl
833 1386 60 21 detta

135 1422 131 27 reglemente
282 1429 45 15 som
343 1423 56 21 hvad
415 1422 135 22 direktionen
566 1422 52 22 eller
634 1421 192 27 bankfullmäktige
842 1420 7 21 i
861 1420 31 20 öf-

204 1462 139 17 Bankutskottets
355 1462 105 16 betänkande
473 1462 34 16 N:o
520 1462 18 16 3.
