1086 1717
233 146 14 20 2
421 145 33 22 St.
470 144 55 23 Skr.
541 156 27 4 —
584 144 26 22 U.
626 144 26 23 B.
670 144 39 22 N:o
723 143 26 30 5,

205 208 108 22 bestämd
328 206 87 30 ätgärd.
445 207 67 23 Dock
528 207 112 23 framhöll
650 206 192 32 Bankutskottet,
855 214 50 16 som
915 214 38 15 an-

205 243 43 28 såg
263 242 39 23 det
317 249 55 16 vara
387 242 25 22 af
425 244 46 20 stor
486 243 52 27 vigt
552 244 34 21 att
599 242 108 23 bankens
718 241 77 24 sedlar
805 242 8 22 i
824 249 29 15 en
860 241 93 23 framtid

206 276 79 23 skulle
307 276 82 23 kunna
411 276 124 23 tillverkas
558 278 64 21 inom
644 276 88 30 landet,
747 276 206 28 nödvändigheten

206 312 25 22 af
251 314 33 20 att
305 310 167 24 förberedande
494 310 108 30 åtgärder
627 312 8 22 i
656 311 85 23 sådant
760 311 61 29 syfte
835 312 9 21 i
859 311 45 28 god
919 310 35 23 tid

206 346 78 23 blefve
306 345 119 31 vidtagna,
447 346 27 22 sä
492 348 33 20 att
540 346 46 22 den
600 346 34 22 för
649 346 95 28 frägans
760 345 111 29 allsidiga
886 345 68 24 bedö-

208 380 85 24 mande
322 380 149 29 erforderliga
496 380 127 29 utredning
648 380 81 23 kunde
751 380 130 28 föreläggas
903 382 53 21 näst

208 415 221 24 sammanträdande
450 416 107 29 Ständer,
580 415 44 23 och
647 414 104 24 uttalade
774 414 81 24 tillika
869 415 87 30 hoppet

208 453 34 20 att
257 451 63 22 detta
334 450 210 30 magtpäliggande
559 450 85 23 ärende
660 450 68 23 äfven
743 450 124 23 framdeles
879 449 77 24 blefve

209 485 96 24 föremäl
326 485 34 23 för
383 488 32 21 ett
436 485 72 24 vaket
529 486 99 22 intresse
650 485 50 23 frän
723 485 233 28 Bankfullmäktiges

209 520 57 23 sida.
296 520 85 23 Denna
402 520 176 29 framställning
592 520 139 29 godkändes
746 521 8 22 i
770 520 47 23 allu
832 519 25 24 af
870 519 29 24 dä
914 519 43 24 för-

210 554 105 23 samlade
330 554 105 23 Ständer.

279 589 11 22 I
306 589 130 29 anledning
456 589 70 24 häraf
539 590 43 22 och
597 590 73 23 sedan
685 589 153 23 Direktionen
853 589 34 23 för
902 589 55 22 Fin-

211 623 69 24 lands
303 623 69 24 Bank
397 624 41 23 vid
460 627 148 26 gemensamt
622 623 173 24 sammanträde
810 623 53 23 med
879 623 79 23 Bank-

210 658 152 29 fullmäktige
383 659 45 22 den
452 660 11 21 7
487 659 133 23 November
641 660 54 21 1884
709 658 131 23 framhällit
854 658 102 29 önsklig-

211 694 70 22 heten
297 693 25 23 af
335 695 33 21 att
383 695 32 21 ett
429 693 169 29 sedeltryckeri
612 694 65 23 inom
684 693 109 23 bankens
803 693 66 22 lokal
879 693 79 23 kunde

211 728 35 23 fäs
268 728 39 23 till
330 727 75 31 ständ,
428 727 122 30 uppdrogo
568 728 223 28 Bankfullmäktige
806 728 24 22 ät
844 727 115 23 Direktio-

212 770 46 15 nen
282 765 33 20 att
338 762 67 23 träda
423 763 8 22 i
445 762 194 29 underhandling
654 763 54 22 med
724 762 115 30 lämpliga
853 770 107 21 personer

211 798 8 22 i
235 797 43 22 och
293 797 34 22 för
342 797 167 28 realiseringen
526 797 24 23 af
564 797 62 23 detta
641 797 92 29 förslag.

281 832 35 22 Pä
338 831 78 29 grund
437 832 70 23 häraf
524 832 131 23 anmodade
671 832 154 23 Direktionen
839 832 121 28 litografen

212 867 54 22 herr
288 867 20 22 F
330 866 129 29 Tilgmann
479 869 33 20 att
527 869 105 28 uppgöra
647 867 93 30 projekt
751 868 72 29 jemte
838 867 122 22 kostnads-

212 901 88 29 förslag
320 901 39 23 till
380 904 32 20 ett
433 901 35 23 för
487 901 109 24 bankens
613 902 74 23 behof
698 901 142 29 tillräckligt
854 901 106 30 tryckeri.

213 937 52 22 Den
287 937 26 21 13
335 935 100 24 Januari
458 937 55 22 1885
534 936 100 23 insände
648 936 155 23 Direktionen
819 936 38 23 det
872 937 25 22 af
908 937 52 22 herr

211 971 129 28 Tilgmann
369 971 132 30 uppgjorda
530 971 110 28 förslaget
669 971 39 23 till
733 971 227 30 Bankfullmäktige,

212 1006 130 29 hvarjemte
358 1005 154 23 Direktionen
528 1005 130 29 tillstyrkte
674 1008 33 20 att
721 1006 54 22 herr
790 1005 127 29 Tilgmann
931 1007 30 28 pä

212 1039 29 24 de
256 1040 25 23 af
294 1040 87 23 honom
397 1039 133 29 föreslagna
544 1040 80 23 vilkor
638 1040 80 23 skulle
733 1040 113 23 anförtros
855 1039 106 24 tillverk-

210 1076 90 27 ningen
324 1074 24 23 af
364 1074 112 23 Bankens
491 1074 83 23 sedlar.
605 1075 81 28 Enligt
702 1074 63 23 detta
780 1074 87 29 förslag
881 1074 78 23 skulle

210 1109 113 24 Bankens
345 1109 209 29 ekonomibygnad
572 1110 32 29 pä
619 1109 90 23 midten
724 1109 67 30 höjas
806 1109 54 23 med
876 1117 28 15 en
919 1110 40 22 vä-

210 1145 66 29 ning,
299 1143 43 23 och
358 1145 30 21 ett
404 1143 168 30 sedeltryckeri
587 1143 119 24 derstädes
722 1145 102 21 inrättas.
855 1143 55 23 Men
925 1143 33 24 för

211 1180 31 21 än
258 1178 78 23 denna
351 1177 165 24 Direktionens
533 1178 123 23 skrifvelse
671 1179 100 27 företogs
787 1178 38 23 till
837 1178 123 28 afgörande

210 1213 43 22 hos
269 1211 228 32 Bankfullmäktige,
513 1212 62 23 hade
590 1213 69 22 äfven
674 1213 86 22 firman
775 1212 89 23 Weilin
879 1213 14 22 &
901 1213 59 23 Göös

209 1247 37 23 till
269 1246 155 23 Direktionen
448 1247 116 22 inlemnat
586 1249 32 21 ett
640 1247 82 23 anbud
740 1254 39 15 om
793 1247 164 29 öfvertagande

208 1282 25 23 af
253 1281 111 23 Bankens
387 1280 139 30 sedeltrycek.
557 1281 70 23 Detta
649 1281 80 23 skulle
749 1281 60 23 dock
824 1281 52 24 icke
891 1282 41 23 ske
948 1283 7 22 i

209 1316 112 23 Bankens
343 1315 66 23 lokal
431 1318 58 20 utan
511 1317 8 21 i
541 1316 80 23 herrar
637 1316 90 23 Weilin
743 1317 18 22 &
777 1316 60 23 Göös
852 1316 108 29 tryckeri,

208 1350 93 24 hvilket
315 1350 34 22 för
364 1350 64 22 detta
443 1350 112 23 ändamål
566 1350 79 24 skulle
656 1350 119 29 utvidgas.
797 1350 159 30 Direktionen,

206 1394 51 14 som
280 1384 99 24 insände
402 1384 69 23 äfven
494 1384 63 24 detta
574 1386 88 28 förslag
676 1385 39 23 till
730 1385 228 29 Bankfullmäktige,

207 1421 75 27 ansåg
305 1418 60 24 dock
387 1422 34 20 att
435 1419 131 24 detsamma
581 1420 53 23 icke
648 1420 74 24 borde
737 1422 105 27 antagas,
857 1420 102 23 hufvud-

207 1455 110 28 sakligen
340 1454 30 28 på
393 1453 38 23 det
453 1454 53 23 skäl
530 1458 34 20 att
580 1455 161 29 tryckningen
757 1455 94 22 komme
867 1457 32 20 att
913 1456 43 22 för-
