1086 1717
411 149 22 16 U.
446 148 21 16 B.
480 157 21 3 —
515 148 83 17 XXXIL
840 149 21 16 23

127 205 55 21 efter
197 206 29 20 tio
242 205 34 21 ärs
292 206 73 26 tjenst;
381 205 19 27 ej
416 205 67 21 heller
498 207 32 19 att
545 205 161 27 bankstyrelsen
722 205 6 21 i
744 206 26 20 de
785 211 16 15 s.
817 205 22 21 k.
854 205 31 21 di-

127 245 191 21 skretionsmedlen
333 245 38 21 har
387 251 26 15 en
428 247 65 24 utväg
508 247 33 19 att
558 245 95 27 utjemna
672 245 105 26 tillfälliga
792 244 93 22 missför-

128 285 113 21 hällanden
256 285 78 21 mellan
349 285 26 21 de
391 284 57 22 olika
463 285 181 25 tjenstemännens
655 284 161 22 löneförmäner.
836 284 48 21 Men

128 325 76 21 härvid
219 325 39 21 bör
273 324 75 22 främst
362 324 147 27 ihogkommas
524 326 32 19 att
571 324 62 22 dessa
648 324 54 21 efter
717 325 56 20 vissa
783 323 102 28 tjensteär

128 365 106 27 utgäende
249 364 140 22 lönetillskott
405 364 35 21 vid
458 364 187 26 afskedstagandet
661 364 47 21 icke
722 364 21 21 fä
757 363 128 22 inberäknas

128 405 7 21 i
150 405 121 27 pensionen,
288 404 39 21 och
342 404 55 21 hvad
413 404 212 21 diskretionsmedlen
640 404 72 26 angär,
729 406 23 18 är
771 404 62 20 deras
848 403 36 21 be-

128 445 120 21 stämmelse
264 445 118 26 egentligen
398 445 47 20 icke
463 446 32 19 att
509 444 148 21 åstadkomma
671 444 70 26 någon
753 443 112 27 jemkning
878 442 7 21 i

128 485 182 26 tjenstemännens
325 484 124 26 lönevilkor,
465 486 53 19 utan
534 484 63 21 hafva
612 484 25 21 de
652 483 89 22 fastmer
756 483 129 21 karakteren

128 524 23 21 af
171 524 125 27 belöningar
314 524 22 21 åt
354 524 26 21 de
399 524 23 21 af
439 523 96 22 bankens
552 524 161 26 underlydande
731 523 154 25 funktionärer,

129 564 72 21 hvilka
216 563 88 32 framför
319 564 66 21 andra
400 563 99 22 utmärka
515 564 32 26 sig
561 563 33 22 för
609 564 32 21 nit
656 564 39 21 och
707 563 116 27 duglighet.
853 563 33 20 Då

128 604 37 21 det
181 603 117 22 emellertid
313 603 47 21 icke
374 603 43 21 kan
430 603 69 27 jäfvas
518 605 32 19 att
565 603 65 22 förste
645 603 137 22 kamreraren
797 603 88 21 innehar

129 644 40 21 den
185 643 107 21 måhända
306 645 54 19 mest
375 643 139 27 arbetsdryga
525 645 48 25 post
585 643 23 21 af
617 644 97 26 samtlige
725 643 96 21 bankens
832 643 54 27 tjen-

129 685 93 24 stemän;
238 683 28 21 då
278 685 60 19 arten
353 683 22 21 af
389 683 53 21 hans
457 683 96 27 göromål
569 683 69 21 såsom
654 683 131 21 omfattande
796 683 90 20 hufvud-

129 723 121 21 kontrollen
270 722 59 22 öfver
348 723 139 26 bokföringen
506 725 39 24 gör
567 723 78 21 honom
668 723 81 21 mindre
768 723 68 27 egnad
855 725 32 18 att

129 763 73 26 intaga
217 769 26 14 en
258 763 90 20 ledande
362 763 56 26 plats
433 763 7 20 i
456 763 96 20 bankens
570 763 129 26 förvaltning
715 763 38 21 och
768 763 119 26 utsigterna

129 802 34 21 för
178 803 53 20 hans
246 803 73 20 vidare
334 802 114 21 befordran
468 805 37 18 äro
523 803 153 26 jemförelsevis
695 803 70 26 ringa;
784 803 27 20 då
829 803 36 20 det
880 803 7 20 i

129 842 53 27 följd
198 842 61 21 deraf
272 843 66 26 ligger
354 842 22 21 så
392 842 84 27 mycket
491 844 69 19 större
575 843 45 26 vigt
634 843 28 26 på
677 844 33 19 att
724 843 35 20 vid
770 843 70 20 denna
851 842 36 21 be-

128 882 94 27 fattning
236 883 56 20 fästa
310 883 123 20 densamma
447 882 49 21 fullt
515 888 69 15 vuxne
603 883 40 20 och
658 882 100 27 hängifne
777 887 110 22 personer;

129 922 29 21 då
180 922 79 21 vården
282 928 33 15 om
338 922 96 21 bankens
456 922 176 27 lånehandlingar
652 922 33 21 för
710 923 68 20 denne
800 922 87 27 tjenste-

130 968 50 15 man
202 961 83 22 medför
307 964 31 19 ett
360 962 133 26 synnerligen
517 962 62 27 drygt
601 967 85 21 ansvar;
713 962 27 21 då
762 962 37 21 det
821 961 67 21 slutli-

131 1008 40 20 gen
186 1002 62 20 torde
263 1008 52 15 vara
330 1002 81 21 mindre
426 1001 97 27 lämpligt
538 1003 32 20 att
584 1002 42 21 han
642 1001 70 22 såsom
727 1001 49 22 chef
789 1001 33 21 för
836 1001 52 21 ban-

131 1041 53 21 kens
203 1041 200 21 kamrerarekontor
421 1043 24 19 är
463 1042 58 25 lägre
540 1041 84 21 aflönad
642 1043 28 19 än
689 1047 26 15 en
733 1041 65 22 bland
816 1041 73 21 kassö-

131 1087 68 19 rerne,
215 1081 40 20 har
267 1081 110 21 Utskottet
388 1081 71 21 funnit
470 1081 43 21 den
524 1081 22 21 åt
560 1082 52 21 1:ste
623 1081 136 22 kamreraren
769 1082 120 26 föreslagna

131 1120 197 27 löneförhöjningen
343 1121 49 21 fullt
406 1121 125 21 motiverad.

202 1161 112 21 Likaledes
332 1161 44 21 tala
395 1161 66 26 enligt
481 1161 118 21 utskottets
622 1161 55 26 åsigt
698 1161 77 27 många
793 1161 46 22 skäl
857 1162 33 21 för

133 1206 26 15 en
175 1201 128 26 förbättring
318 1201 22 20 af
358 1201 194 20 ombudsmannens
571 1201 124 21 lönevilkor.
725 1201 106 27 Mängden
850 1202 39 21 och

133 1239 174 22 beskaffenheten
322 1240 23 21 af
358 1240 69 21 denne
442 1240 140 27 tjenstemans
596 1240 125 27 åligganden
736 1241 63 21 ställa
817 1241 74 21 nämli-

132 1285 46 23 gen
184 1280 28 27 på
221 1280 55 21 hans
287 1279 174 28 arbetsförmåga,
473 1279 145 28 påpasslighet
634 1280 38 22 och
682 1281 105 27 juridiska
799 1281 92 21 erfaren-

133 1320 38 20 het
184 1320 82 26 ganska
281 1322 59 19 stora
355 1320 92 27 anspråk
463 1322 56 19 samt
533 1320 95 21 medföra
641 1320 128 22 framförallt
786 1322 31 20 ett
832 1321 59 27 bety-

134 1359 70 21 dande
226 1366 82 14 ansvar.
344 1360 68 26 Tager
433 1366 50 15 man
502 1360 74 21 vidare
597 1360 7 21 i
626 1360 142 22 betraktande
791 1361 26 21 de
840 1361 51 27 högt

135 1399 114 27 uppdrifna
260 1400 227 20 lefnadskostnaderna
498 1400 8 20 i
514 1400 133 26 Helsingfors
655 1400 41 21 och
703 1402 32 20 att
743 1401 148 21 ombudsman-

135 1444 41 16 nen
191 1445 76 20 genom
279 1439 32 21 sin
326 1439 136 21 verksamhet
472 1440 8 20 i
490 1440 97 21 bankens
598 1441 65 26 tjenst
674 1442 24 19 är
708 1440 23 21 så
741 1442 84 25 strängt
839 1448 53 21 upp-

206 1477 136 19 Bankutskottets
352 1479 105 17 betänkande
469 1480 36 16 N:o
517 1480 18 16 3.
