1086 1717
178 120 41 20 192
539 120 71 21 XXXI

149 488 173 19 Belation
340 495 28 11 om
382 489 49 18 hvad
445 494 38 13 som
499 489 63 18 blifvit
573 489 96 23 tillejordt
681 489 5 18 i
700 489 102 22 anledning
815 489 20 17 af
847 489 89 18 Finlands
947 488 52 18 Stän-

218 523 43 18 ders
275 523 136 18 Statsutskotts
424 524 31 17 vid
469 524 114 23 landtdagen
598 525 44 16 1882
655 524 72 23 afgifna
738 523 121 18 betänkande
868 523 52 18 öfver
929 523 69 18 Finans

216 557 149 22 Expeditionens
378 558 29 18 till
421 558 115 23 landtdagen
549 558 104 18 aflemnade
667 557 102 18 berättelse
782 563 29 12 om
824 558 127 17 Statsverkets
960 558 38 17 till-

216 591 61 18 ständ.

216 661 62 17 Sedan
297 661 90 18 Finlands
406 661 21 18 är
446 662 45 17 1882
507 661 114 18 församlade
635 661 80 18 Ständer
728 661 28 18 uti
770 660 117 23 underdänig
899 661 99 18 skrifvelse

146 695 29 18 till
194 695 52 18 Hans
266 695 106 23 Kejserliga
390 696 91 22 Majestät
499 696 123 18 öfverlemnat
641 696 116 18 Ständernas
777 695 135 18 Statsutskotts
926 695 72 22 afgifna

146 730 124 21 betänkande,
290 730 129 18 innefattande
436 731 70 22 jemväl
525 731 97 22 ätskilliga
640 730 147 22 anmärkningar
801 730 81 17 rörande
895 730 103 17 räkenska-

145 799 57 21 tiden,
216 799 35 18 har
264 799 107 22 Kejserliga
384 799 80 18 Senaten
477 799 30 18 till
520 799 104 18 affordradt
636 798 127 23 underdänigt
776 799 87 22 yttrande
877 799 6 17 i
896 799 100 22 anledning

146 833 20 18 af
183 833 58 23 sagda
260 833 119 18 betänkande
391 834 35 17 hos
439 833 52 18 Hans
506 834 106 23 Kejserliga
625 834 90 23 Majestät
727 833 73 18 anmält
813 835 28 16 att
853 835 85 16 närmare
951 839 46 16 upp-

145 868 97 22 lysningar
260 873 29 12 om
309 868 22 17 de
352 867 92 23 ätgärder,
465 868 29 17 till
507 868 66 18 hvilka
586 868 22 18 de
621 868 20 18 af
654 868 147 18 Statsutskottet
814 868 67 22 gjorda
893 868 105 22 erinringar

147 902 35 17 och
194 902 78 23 förslag,
286 901 61 19 sävidt
360 903 22 17 de
395 903 20 17 af
427 903 106 18 Ständerna
545 903 99 22 godkänts,
658 903 74 18 kunnat
745 902 52 23 gifva
808 903 105 22 anledning,
923 903 74 16 komme

146 938 28 16 att
191 937 106 17 Ständerna
310 937 91 22 delgifvas
416 937 3 17 i
433 938 136 22 sammanhang
581 938 43 17 med
637 938 35 18 den
685 937 82 18 relation
781 943 29 11 om
823 937 123 18 statsverkets
959 937 37 17 till-

145 970 60 22 ständ,
218 976 40 13 som
271 971 30 18 till
314 971 61 18 denna
387 972 90 22 landtdag
491 972 97 22 aflemnas;
602 973 35 16 och
647 972 57 18 varda
713 972 52 22 förty
775 971 106 18 Ständerna
889 971 28 18 till
927 972 69 17 känne-

145 1005 42 17 dom
200 1005 6 17 i
220 1005 108 18 förberördt
341 1005 87 18 afseende
441 1006 109 18 meddelade
563 1006 84 23 följande
661 1006 145 23 upplysningar:

175 1075 175 22 Statsutskottets
368 1076 163 27 anmärkningar.
714 1075 155 28 Upplysningar.

210 1132 123 21 Allmänna
349 1133 145 27 statsfonden.

167 1177 34 18 Att
222 1177 98 18 Utskottet
341 1178 68 17 uttalat
428 1179 131 22 önskligheten

144 1211 35 18 och
197 1211 165 23 nödvändigheten
381 1212 58 21 deraf,
459 1214 28 16 att
505 1213 54 17 den
545 1207 17 31 i

144 1246 144 22 statsförslagen
302 1247 34 16 och
350 1246 22 18 de
384 1247 125 17 summariska
517 1247 42 17 räk-

144 1280 90 23 ningarna
253 1279 43 19 frän
316 1281 34 17 och
369 1281 42 18 med
428 1280 21 19 är
464 1282 43 17 1879
520 1281 38 18 vid-

143 1317 56 20 tagna
216 1315 115 18 förändrade
351 1316 158 22 uppställningen,
529 1316 29 18 be-

142 1349 92 18 träffande
247 1350 140 22 grupperingen
399 1350 21 17 af
431 1350 127 18 statsfondens

142 1384 110 21 inkomster,
266 1384 55 17 äfven
334 1390 61 12 vunne
407 1384 110 23 efterföljd
512 1380 9 31 i
527 1385 31 17 ka-

142 1418 180 23 pitalräkningarna,
342 1424 39 12 som
400 1419 88 23 utgjorde
503 1421 55 17 stats-

141 1453 75 18 verkets
230 1453 97 17 definitiva
340 1453 84 22 bokslut;

601 1178 37 18 Vid
657 1177 138 23 upprättandet
816 1177 5 17 &
833 1177 89 18 Kammar
935 1177 61 22 Expe-

578 1212 84 18 ditionen
668 1213 24 17 hf
699 1212 204 23 kapitalräkningarna
912 1211 42 18 från
961 1211 34 17 och

577 1247 43 18 med
632 1246 21 18 är
666 1248 44 17 1880
718 1247 36 17 har
764 1246 153 23 uppställningen
919 1242 9 32 i
942 1247 54 16 stats-

576 1281 96 23 förslagen
685 1281 65 18 blifvit
763 1281 103 23 iakttagen.
