1086 1717
43 952 20 21 b)
87 951 89 19 Diskont-

44 975 127 18 komitöernas

52 1000 121 16 sammanträ-

97 1021 42 18 den.

41 1367 20 21 a)
84 1362 96 27 Åtgärder

41 1389 97 22 angäende
152 1390 27 17 di-

40 1412 139 18 rektörsembe-

91 1438 38 15 ten.

220 161 27 19 46

190 224 427 28 diskontkomitöledamotssuppleant
639 224 41 22 vid
703 224 110 22 kontoret
831 225 10 21 i
855 224 94 30 Kuopio

190 259 9 21 i
213 258 59 22 hans
289 259 67 21 ställe
369 258 323 30 Domkapitelssekreteraren
714 258 236 23 Vicehäradshöfdin-

190 301 46 21 gen
258 293 31 22 K.
308 294 28 21 A.
352 293 139 28 Herckman,
505 293 160 22 hvarförutom
680 293 270 29 ledamotssuppleanten

190 328 136 29 Aptekaren
348 328 69 29 Hugo
437 328 100 28 Lignell,
559 328 30 28 pä
604 328 77 28 grund
697 328 25 22 af
733 328 156 22 förordnande
904 328 45 22 den

190 366 13 19 9
218 362 129 22 December
364 365 61 24 1882,
441 363 52 21 från
508 362 82 30 början
606 363 23 22 af
644 363 25 21 år
679 366 61 24 1883,
751 363 8 22 i
770 363 79 21 stället
858 363 36 22 för
903 363 46 28 Ly-

190 397 130 22 ceilektorn
344 397 73 21 Evert
441 397 100 28 Winter,
564 396 90 22 inträdt
678 398 77 20 säsom
779 396 102 23 ledamot
906 396 44 22 och

189 432 229 22 Politieräämannen
427 431 74 22 Oskar
512 431 98 22 Castrén
621 432 76 21 såsom
709 432 124 28 suppleant
843 432 36 22 för
889 430 61 23 leda-

189 468 106 20 möterne
310 467 8 22 i
333 466 76 22 denna
424 466 191 23 diskontkomite.

258 501 47 22 Vid
326 501 110 22 kontoret
459 501 8 22 i
488 500 119 29 Uleäborg
629 501 43 21 har
692 500 45 22 den
755 504 8 18 1
779 500 98 22 Januari
893 501 55 22 1884

189 535 319 22 diskontkomiteledamoten
523 535 160 22 Vicekonsuln
699 535 26 22 O.
741 535 26 22 E.
784 535 86 28 Inberg
880 535 68 22 efter-

188 570 76 22 trädts
280 570 27 22 af
319 570 143 22 Fabrikören
477 570 127 28 Hemming
618 563 102 28 Äström.

258 605 47 22 Till
326 605 127 22 ledamöter
475 605 7 22 i
502 604 202 22 diskontkomitön
726 604 40 22 vid
785 604 40 21 det
847 605 102 28 nyinrät-

189 639 53 22 tade
264 639 111 22 kontoret
395 640 8 21 i
417 639 106 22 Joensuu
539 639 96 28 utsägos
652 639 45 22 den
714 641 27 20 27
757 639 58 22 Juni
833 642 53 19 1884
903 639 47 21 Hä-

188 673 184 29 radshöfdingen
379 674 135 22 Woldemar
524 674 92 29 Nystön
627 673 44 22 och
681 673 158 22 Handlanden
849 673 103 22 Frithiof

188 708 174 29 Neppenström
384 711 59 19 samt
464 709 36 22 till
523 709 151 28 suppleanter
696 708 252 29 Krigskommissarien

187 743 67 22 Aron
270 743 127 22 Schroeder
407 743 44 22 och
464 743 156 21 Handlanden
630 743 93 21 Anders
734 743 138 27 Pakarinen,
883 742 67 21 hvar-

187 777 73 28 jemte
283 777 222 28 Häradshöfdingen
527 777 93 28 Nystön
642 777 151 22 förordnades
816 779 35 19 att
873 776 77 22 tillika

189 819 56 14 vara
264 811 147 22 kontrollant
429 811 40 22 vid
485 811 116 22 kontoret.
632 812 58 21 Häri
705 811 42 22 har
763 812 52 21 från
829 811 81 28 början
926 811 25 22 af

189 846 25 21 år
238 849 56 19 1884
318 846 63 21 skett
403 846 45 21 den
470 846 142 29 förändring,
636 848 36 20 att
696 846 253 29 Krigskommissarien

190 880 129 22 Schroeder
331 881 74 28 afgått
415 881 52 22 från
478 881 37 21 sin
523 881 151 22 förenämnda
684 880 265 29 suppleantbefattning,

190 922 51 15 som
256 915 102 22 tillträds
374 915 25 22 af
412 915 196 22 Tullförvaltaren
624 915 65 22 Elias
704 915 155 22 Weckström.

260 951 22 24 0)
305 950 12 21 I
342 949 104 29 enlighet
467 949 53 22 med
540 949 229 29 Bankfullmäktiges
790 949 79 22 derom
885 949 65 28 gifna

189 983 154 29 föreskrifter,
364 984 184 22 sammanträdde
571 984 242 22 diskontkomitöerna
832 983 74 23 under
925 984 25 21 är

191 1021 54 20 1882
262 1019 41 21 vid
317 1019 116 21 kontoren
449 1019 7 22 i
471 1019 106 28 Wiborg,
593 1012 59 35 Äbo,
669 1019 148 28 Björneborg
831 1019 44 21 och
885 1019 65 22 Kuo-

187 1053 41 29 pio
249 1053 82 29 hvarje
349 1053 85 28 helgfri
453 1053 51 29 dag,
520 1053 41 22 vid
576 1054 110 21 kontoret
707 1054 3 21 i
726 1053 155 22 Tammerfors
896 1053 54 29 fyra

188 1088 90 28 gänger
300 1088 8 21 i
331 1087 90 22 veckan
443 1088 43 21 och
509 1088 40 22 vid
572 1088 117 22 kontoren
711 1088 9 21 i
739 1088 149 22 Nikolaistad
906 1088 44 22 och

188 1122 120 29 Uleåborg
326 1124 36 19 tre
381 1122 72 29 dagar
467 1123 9 21 i
491 1122 96 28 veckan,
603 1130 54 14 men
672 1122 75 22 under
763 1123 56 21 åren
836 1125 54 20 1883
906 1122 44 22 och

189 1159 56 20 1884
268 1157 72 21 hafva
363 1157 185 22 sammanträden
571 1157 109 28 dagligen
702 1157 79 22 hällits
803 1157 26 22 af
842 1157 108 28 samtliga

187 1190 218 23 diskontkomit&er.
437 1191 100 22 Tiderna
550 1191 38 22 för
602 1191 68 22 dessa
681 1191 188 22 sammanträden
879 1191 70 22 hafva

188 1225 51 22 dels
262 1227 86 20 utsatts
371 1225 26 22 af
416 1226 166 28 Fullmäktige,
602 1225 50 23 dels
668 1226 166 22 öfverlemnats
850 1225 38 22 till
903 1225 46 22 dis-

187 1259 219 22 kontkomitöernas
423 1262 53 27 eget
491 1260 181 23 bestämmande.

539 1326 13 25 8
570 1327 33 19 17.

258 1366 22 22 a)
302 1363 55 22 Med
374 1364 128 28 anledning
521 1364 26 22 af
566 1364 203 22 Bankdirektören
788 1364 64 22 Emil
866 1364 84 22 Linde-

187 1397 73 22 bäcks
276 1398 45 22 den
338 1401 25 19 12
379 1398 63 22 Mars
459 1401 54 20 1882
529 1399 124 22 inträffade
668 1398 54 28 död,
737 1399 70 29 utsäg
816 1398 134 30 Kejserliga

188 1431 104 23 Senaten
317 1432 45 22 den
385 1436 27 20 28
435 1433 8 21 i
458 1440 95 16 samma
575 1434 90 28 mänad,
687 1434 30 28 pä
738 1433 173 29 framställning
926 1433 26 21 af

187 1466 228 30 Bankfullmäktige,
441 1467 164 23 Sekreteraren
628 1468 9 22 i
659 1468 100 22 Banken
776 1468 59 21 Erik
855 1468 94 28 August

186 1501 81 22 Johan
288 1502 95 22 Wallön
404 1504 35 20 att
454 1502 74 22 under
543 1505 35 19 tre
592 1502 112 22 mänader
718 1502 88 22 förestä
821 1502 40 22 det
876 1502 73 28 ledig-
