1086 1717
233 140 25 21 16
467 141 20 23 U.
502 140 20 24 B.
539 152 25 4 —
581 140 109 24 IN-—XXXI.

204 196 134 22 beräknades
360 197 95 22 erfordra
478 197 80 28 ärligen
580 198 92 26 522,800
695 197 68 27 mark,
789 197 112 21 anvisades
925 196 33 22 för

204 232 143 26 nyssnämnda
361 231 98 22 ändamål
475 234 55 19 samt
544 232 33 20 till
592 232 133 22 betäckande
741 231 23 22 af
778 231 41 22 den
834 231 61 26 brist,
912 237 46 15 som

205 265 34 22 till
253 265 108 27 utgången
375 265 24 22 af
412 266 24 21 år
448 266 54 22 1882
512 266 133 22 beräknades
659 266 79 28 uppstå
752 266 8 22 i
775 266 37 22 det
827 266 23 22 af
859 266 54 21 1877
924 265 36 22 års

207 300 103 27 landtdag
334 300 104 27 beviljade
462 300 181 28 folkskoleanslag
667 302 32 20 ett
722 300 85 28 belopp,
831 300 23 22 af
867 300 92 25 532,000

204 334 62 22 mark
282 334 87 27 årligen.
398 334 122 27 Utgifterna
534 334 34 22 för
583 334 215 27 folkskoleväsendet,
821 334 34 22 till
869 334 41 22 den
925 334 35 22 del

205 368 109 22 desamma
335 368 53 28 egde
410 368 51 28 utgå
484 368 23 22 af
521 368 202 28 bevillningsmedel,
739 368 99 28 utgjorde
853 368 68 22 under
936 368 24 22 är

207 403 55 21 1883
278 403 91 25 438,612
385 403 61 21 mark
461 404 27 20 79
503 403 69 27 penni,
595 403 89 21 hvarvid
699 405 25 19 är
739 404 33 20 att
786 403 75 21 märka
876 404 32 20 att
922 409 38 15 un-

205 437 38 22 der
267 438 59 21 detta
348 437 25 22 år
395 438 104 21 särskilda
520 437 94 28 utgifter,
637 438 73 21 hvilka
725 438 120 27 egentligen
859 437 101 22 tillhörde

207 472 55 21 1882
285 472 34 21 ärs
343 473 48 25 stat,
414 472 117 21 utbetalats
552 472 49 22 med
625 473 83 26 10,893:
723 473 28 20 45
767 472 68 26 mark,
851 472 109 21 hvaremot

205 505 71 28 nägon
291 507 54 20 brist
359 507 8 20 i
381 506 188 22 folkskolemedlen
584 507 36 21 vid
637 507 54 21 1882
706 506 37 22 ärs
758 506 80 27 utgäng
852 506 46 22 icke
908 512 53 22 upp-

206 541 50 21 stod
278 541 40 21 och
341 541 56 27 förty
415 541 70 27 nägon
500 541 62 27 utgift
578 541 33 22 för
626 541 60 22 detta
702 541 99 22 ändamäl
817 541 46 22 icke
883 540 78 27 ifräga-

206 575 56 21 kom.

275 609 29 22 Af
318 609 36 21 det
369 609 35 22 vid
419 611 84 20 senaste
518 609 102 28 landtdag
636 609 105 28 beviljade
757 609 74 27 anslag
841 609 34 21 för
885 609 77 21 bestri-

207 643 81 22 dandet
309 643 23 22 af
352 643 179 22 omkostnaderna
552 643 34 22 för
608 643 79 22 vården
714 643 24 22 af
751 643 131 22 Ständernas
901 643 61 21 arkiv

206 677 52 22 åren
284 678 139 21 1883—1885
445 679 55 20 samt
515 677 134 28 landtdagen
670 677 26 22 är
714 678 54 21 1885
791 678 40 21 har
853 677 67 22 under
937 677 25 22 är

208 712 55 21 1883
286 711 33 22 för
341 711 93 22 arkivets
455 712 53 21 värd
529 712 103 21 utbetalts
656 713 63 25 1,400
734 712 67 26 mark,
821 711 93 22 hvarhos
928 711 34 22 för

208 747 55 20 1882
279 746 34 22 ärs
328 747 102 26 landtdag
445 747 80 27 erlagts
540 747 124 21 resterande
680 747 64 26 6,139
759 746 62 22 mark
835 747 28 20 25
878 746 69 27 penni.

276 781 74 21 Under
373 781 23 21 är
421 782 53 21 1883
489 781 40 22 har
544 781 102 27 derjemte
661 781 35 21 för
706 780 203 29 fängelseväsendet
924 781 38 20 och

207 815 125 28 därvärden
354 815 96 27 utgifvits
473 815 23 22 af
515 815 197 28 bevillningsmedel
734 821 55 21 resp.
815 815 96 26 122,895:
934 815 28 21 42

207 849 40 21 och
271 849 97 26 221,420:
385 850 26 20 22
433 849 67 27 mark,
516 849 72 22 hvilka
603 849 88 28 utgifter
706 850 72 21 berott
793 849 13 22 &
821 849 80 27 anslag,
917 855 46 16 som

206 882 24 22 af
252 882 119 23 Ständerna
393 883 69 22 blifvit
484 883 34 22 för
539 884 63 21 dessa
620 883 101 22 ändamål
736 883 106 28 beviljade
857 883 35 22 vid
908 883 54 21 1877

208 917 36 22 års
266 917 108 28 landtdag,
397 918 40 21 och
458 918 39 21 har
517 918 85 27 jemlikt
624 918 56 21 hvad
702 918 8 21 i
732 917 119 22 relationen
873 917 13 22 å
902 917 62 22 sidan

209 952 41 21 142
275 952 106 27 upplyses,
403 952 204 27 bevillningsfonden
629 952 25 22 är
677 953 56 21 1884
747 951 72 22 blifvit
833 953 68 20 ersatt
915 951 49 22 med

208 986 94 25 217,239
318 986 61 21 mark
395 987 26 20 13
436 987 65 26 penni
515 986 33 22 för
563 987 37 21 det
615 987 85 26 belopp,
716 986 103 21 hvarmed
829 986 36 21 det
876 986 23 21 af
909 986 54 21 1877

208 1019 36 22 års
268 1020 92 21 Ständer
381 1020 34 21 för
435 1020 207 23 därvärdsanstalter
666 1020 106 27 beviljade
796 1020 75 27 anslag
896 1019 68 22 öfver-

209 1053 95 22 skridits.

278 1088 112 22 Utskottet
405 1089 39 22 har
463 1090 54 21 trott
538 1089 32 27 sig
593 1089 53 21 böra
661 1089 71 21 lemna
747 1095 28 15 en
789 1087 102 28 öfversigt
906 1088 58 21 öfver

209 1122 27 21 de
254 1123 81 27 anslag,
358 1123 72 21 hvilka
444 1123 36 22 vid
496 1124 53 21 1877
565 1123 35 22 års
615 1123 106 27 landtdag
735 1122 22 22 af
772 1122 120 23 Ständerna
906 1122 58 25 anvi-

208 1157 64 21 sades
293 1163 27 15 ur
335 1157 195 28 beviliningsmedel
543 1158 34 21 för
591 1157 138 22 bestridande
745 1157 23 22 af
781 1157 106 21 särskilda
899 1157 66 25 ända-

208 1190 52 27 mäl,
283 1193 55 20 samt
360 1191 59 23 öfver
440 1192 149 22 användandet
611 1192 68 21 under
702 1191 52 22 ären
780 1191 141 22 1878—1882
943 1190 23 22 af

208 1225 69 27 sagda
292 1225 79 28 anslag.

281 1505 150 19 Statsutskottets
443 1506 115 18 betänkande
570 1506 38 18 N:o
621 1506 30 17 13.
