<?xml version="1.0" encoding="UTF-8"?>
<alto xmlns="http://www.loc.gov/standards/alto/ns-v3#" xmlns:xlink="http://www.w3.org/1999/xlink" xmlns:xsi="http://www.w3.org/2001/XMLSchema-instance" xsi:schemaLocation="http://www.loc.gov/standards/alto/ns-v3# http://www.loc.gov/alto/v3/alto-3-0.xsd">
	<Description>
		<MeasurementUnit>pixel</MeasurementUnit>
		<sourceImageInformation>
			<fileName>/tmp/tess_v0xy9ghc_input.PNG</fileName>
		</sourceImageInformation>
		<OCRProcessing ID="OCR_0">
			<ocrProcessingStep>
				<processingSoftware>
					<softwareName>tesseract 5.3.4</softwareName>
				</processingSoftware>
			</ocrProcessingStep>
		</OCRProcessing>
	</Description>
	<Layout>
		<Page WIDTH="1086" HEIGHT="1717" PHYSICAL_IMG_NR="0" ID="page_0">
			<PrintSpace HPOS="0" VPOS="0" WIDTH="1086" HEIGHT="1717">
				<GraphicalElement ID="cblock_0" HPOS="0" VPOS="30" WIDTH="3" HEIGHT="941"></GraphicalElement >
				<ComposedBlock ID="cblock_1" HPOS="229" VPOS="143" WIDTH="27" HEIGHT="21">
					<TextBlock ID="block_0" HPOS="229" VPOS="143" WIDTH="27" HEIGHT="21">
						<TextLine ID="line_0" HPOS="229" VPOS="143" WIDTH="27" HEIGHT="21">
							<String ID="string_0" HPOS="229" VPOS="143" WIDTH="27" HEIGHT="21" WC="0.95" CONTENT="26"/>
						</TextLine>
					</TextBlock>
				</ComposedBlock>
				<ComposedBlock ID="cblock_2" HPOS="196" VPOS="204" WIDTH="762" HEIGHT="1270">
					<TextBlock ID="block_1" HPOS="196" VPOS="204" WIDTH="761" HEIGHT="575">
						<TextLine ID="line_1" HPOS="199" VPOS="204" WIDTH="758" HEIGHT="30">
							<String ID="string_1" HPOS="199" VPOS="205" WIDTH="48" HEIGHT="26" WC="0.96" CONTENT="löst,"/><SP WIDTH="16" VPOS="205" HPOS="247"/>
							<String ID="string_2" HPOS="263" VPOS="204" WIDTH="41" HEIGHT="22" WC="0.92" CONTENT="och"/><SP WIDTH="18" VPOS="204" HPOS="304"/>
							<String ID="string_3" HPOS="322" VPOS="204" WIDTH="203" HEIGHT="29" WC="0.91" CONTENT="Häradshöfdingen"/><SP WIDTH="23" VPOS="204" HPOS="525"/>
							<String ID="string_4" HPOS="548" VPOS="205" WIDTH="86" HEIGHT="23" WC="0.96" CONTENT="således"/><SP WIDTH="16" VPOS="205" HPOS="634"/>
							<String ID="string_5" HPOS="650" VPOS="206" WIDTH="19" HEIGHT="28" WC="0.96" CONTENT="ej"/><SP WIDTH="18" VPOS="206" HPOS="669"/>
							<String ID="string_6" HPOS="687" VPOS="206" WIDTH="49" HEIGHT="22" WC="0.96" CONTENT="bort"/><SP WIDTH="21" VPOS="206" HPOS="736"/>
							<String ID="string_7" HPOS="757" VPOS="208" WIDTH="53" HEIGHT="25" WC="0.93" CONTENT="taga"/><SP WIDTH="22" VPOS="208" HPOS="810"/>
							<String ID="string_8" HPOS="832" VPOS="206" WIDTH="125" HEIGHT="22" WC="0.92" CONTENT="domarebe-"/>
						</TextLine>
						<TextLine ID="line_2" HPOS="200" VPOS="240" WIDTH="756" HEIGHT="28">
							<String ID="string_9" HPOS="200" VPOS="240" WIDTH="95" HEIGHT="27" WC="0.96" CONTENT="fattning"/><SP WIDTH="15" VPOS="240" HPOS="295"/>
							<String ID="string_10" HPOS="310" VPOS="240" WIDTH="50" HEIGHT="21" WC="0.96" CONTENT="med"/><SP WIDTH="14" VPOS="240" HPOS="360"/>
							<String ID="string_11" HPOS="374" VPOS="240" WIDTH="74" HEIGHT="26" WC="0.95" CONTENT="saken,"/><SP WIDTH="18" VPOS="240" HPOS="448"/>
							<String ID="string_12" HPOS="466" VPOS="240" WIDTH="83" HEIGHT="22" WC="0.96" CONTENT="hvilket"/><SP WIDTH="15" VPOS="240" HPOS="549"/>
							<String ID="string_13" HPOS="564" VPOS="240" WIDTH="44" HEIGHT="22" WC="0.96" CONTENT="han"/><SP WIDTH="16" VPOS="240" HPOS="608"/>
							<String ID="string_14" HPOS="624" VPOS="241" WIDTH="37" HEIGHT="21" WC="0.92" CONTENT="det"/><SP WIDTH="14" VPOS="241" HPOS="661"/>
							<String ID="string_15" HPOS="675" VPOS="240" WIDTH="92" HEIGHT="22" WC="0.92" CONTENT="oaktadt"/><SP WIDTH="13" VPOS="240" HPOS="767"/>
							<String ID="string_16" HPOS="780" VPOS="240" WIDTH="65" HEIGHT="28" WC="0.96" CONTENT="gjort,"/><SP WIDTH="16" VPOS="240" HPOS="845"/>
							<String ID="string_17" HPOS="861" VPOS="243" WIDTH="55" HEIGHT="19" WC="0.93" CONTENT="samt"/><SP WIDTH="14" VPOS="243" HPOS="916"/>
							<String ID="string_18" HPOS="930" VPOS="241" WIDTH="26" HEIGHT="21" WC="0.93" CONTENT="B."/>
						</TextLine>
						<TextLine ID="line_3" HPOS="200" VPOS="274" WIDTH="755" HEIGHT="29">
							<String ID="string_19" HPOS="200" VPOS="274" WIDTH="124" HEIGHT="28" WC="0.92" CONTENT="derigenom"/><SP WIDTH="21" VPOS="274" HPOS="324"/>
							<String ID="string_20" HPOS="345" VPOS="274" WIDTH="87" HEIGHT="28" WC="0.92" CONTENT="åbragts"/><SP WIDTH="15" VPOS="274" HPOS="432"/>
							<String ID="string_21" HPOS="447" VPOS="275" WIDTH="124" HEIGHT="27" WC="0.95" CONTENT="kostnader,"/><SP WIDTH="15" VPOS="275" HPOS="571"/>
							<String ID="string_22" HPOS="586" VPOS="276" WIDTH="122" HEIGHT="27" WC="0.92" CONTENT="utgörande"/><SP WIDTH="15" VPOS="276" HPOS="708"/>
							<String ID="string_23" HPOS="723" VPOS="274" WIDTH="92" HEIGHT="29" WC="0.92" CONTENT="tillhopa"/><SP WIDTH="15" VPOS="274" HPOS="815"/>
							<String ID="string_24" HPOS="830" VPOS="276" WIDTH="43" HEIGHT="22" WC="0.95" CONTENT="334"/><SP WIDTH="12" VPOS="276" HPOS="873"/>
							<String ID="string_25" HPOS="885" VPOS="276" WIDTH="70" HEIGHT="26" WC="0.96" CONTENT="mark,"/>
						</TextLine>
						<TextLine ID="line_4" HPOS="200" VPOS="308" WIDTH="755" HEIGHT="30">
							<String ID="string_26" HPOS="200" VPOS="308" WIDTH="204" HEIGHT="29" WC="0.92" CONTENT="Häradshöfdingen"/><SP WIDTH="15" VPOS="308" HPOS="404"/>
							<String ID="string_27" HPOS="419" VPOS="310" WIDTH="25" HEIGHT="21" WC="0.93" CONTENT="G."/><SP WIDTH="16" VPOS="310" HPOS="444"/>
							<String ID="string_28" HPOS="460" VPOS="310" WIDTH="68" HEIGHT="21" WC="0.96" CONTENT="måtte"/><SP WIDTH="22" VPOS="310" HPOS="528"/>
							<String ID="string_29" HPOS="550" VPOS="310" WIDTH="30" HEIGHT="28" WC="0.96" CONTENT="pä"/><SP WIDTH="22" VPOS="310" HPOS="580"/>
							<String ID="string_30" HPOS="602" VPOS="310" WIDTH="72" HEIGHT="28" WC="0.96" CONTENT="grund"/><SP WIDTH="14" VPOS="310" HPOS="674"/>
							<String ID="string_31" HPOS="688" VPOS="310" WIDTH="25" HEIGHT="22" WC="0.96" CONTENT="af"/><SP WIDTH="14" VPOS="310" HPOS="713"/>
							<String ID="string_32" HPOS="727" VPOS="311" WIDTH="26" HEIGHT="20" WC="0.95" CONTENT="12"/><SP WIDTH="16" VPOS="311" HPOS="753"/>
							<String ID="string_33" HPOS="769" VPOS="311" WIDTH="11" HEIGHT="26" WC="0.92" CONTENT="$"/><SP WIDTH="17" VPOS="311" HPOS="780"/>
							<String ID="string_34" HPOS="797" VPOS="311" WIDTH="11" HEIGHT="21" WC="0.97" CONTENT="1"/><SP WIDTH="16" VPOS="311" HPOS="808"/>
							<String ID="string_35" HPOS="824" VPOS="310" WIDTH="50" HEIGHT="28" WC="0.96" CONTENT="kap."/><SP WIDTH="15" VPOS="310" HPOS="874"/>
							<String ID="string_36" HPOS="889" VPOS="310" WIDTH="25" HEIGHT="21" WC="0.93" CONTENT="R."/><SP WIDTH="16" VPOS="310" HPOS="914"/>
							<String ID="string_37" HPOS="930" VPOS="310" WIDTH="25" HEIGHT="22" WC="0.91" CONTENT="B."/>
						</TextLine>
						<TextLine ID="line_5" HPOS="199" VPOS="343" WIDTH="757" HEIGHT="29">
							<String ID="string_38" HPOS="199" VPOS="343" WIDTH="113" HEIGHT="28" WC="0.92" CONTENT="förpligtas"/><SP WIDTH="15" VPOS="343" HPOS="312"/>
							<String ID="string_39" HPOS="327" VPOS="346" WIDTH="33" HEIGHT="19" WC="0.96" CONTENT="att"/><SP WIDTH="15" VPOS="346" HPOS="360"/>
							<String ID="string_40" HPOS="375" VPOS="344" WIDTH="33" HEIGHT="21" WC="0.93" CONTENT="till"/><SP WIDTH="15" VPOS="344" HPOS="408"/>
							<String ID="string_41" HPOS="423" VPOS="344" WIDTH="25" HEIGHT="22" WC="0.91" CONTENT="B."/><SP WIDTH="15" VPOS="344" HPOS="448"/>
							<String ID="string_42" HPOS="463" VPOS="344" WIDTH="83" HEIGHT="28" WC="0.93" CONTENT="utgifva"/><SP WIDTH="14" VPOS="344" HPOS="546"/>
							<String ID="string_43" HPOS="560" VPOS="344" WIDTH="138" HEIGHT="22" WC="0.96" CONTENT="sistnämnda"/><SP WIDTH="14" VPOS="344" HPOS="698"/>
							<String ID="string_44" HPOS="712" VPOS="351" WIDTH="85" HEIGHT="15" WC="0.93" CONTENT="summa"/><SP WIDTH="12" VPOS="351" HPOS="797"/>
							<String ID="string_45" HPOS="809" VPOS="344" WIDTH="67" HEIGHT="28" WC="0.96" CONTENT="jemte"/><SP WIDTH="11" VPOS="344" HPOS="876"/>
							<String ID="string_46" HPOS="887" VPOS="344" WIDTH="69" HEIGHT="28" WC="0.96" CONTENT="skälig"/>
						</TextLine>
						<TextLine ID="line_6" HPOS="200" VPOS="378" WIDTH="756" HEIGHT="28">
							<String ID="string_47" HPOS="200" VPOS="378" WIDTH="120" HEIGHT="28" WC="0.96" CONTENT="ersättning"/><SP WIDTH="15" VPOS="378" HPOS="320"/>
							<String ID="string_48" HPOS="335" VPOS="378" WIDTH="33" HEIGHT="22" WC="0.93" CONTENT="för"/><SP WIDTH="16" VPOS="378" HPOS="368"/>
							<String ID="string_49" HPOS="384" VPOS="378" WIDTH="81" HEIGHT="22" WC="0.96" CONTENT="dennes"/><SP WIDTH="10" VPOS="378" HPOS="465"/>
							<String ID="string_50" HPOS="475" VPOS="379" WIDTH="8" HEIGHT="21" WC="0.95" CONTENT="i"/><SP WIDTH="10" VPOS="379" HPOS="483"/>
							<String ID="string_51" HPOS="493" VPOS="378" WIDTH="67" HEIGHT="22" WC="0.84" CONTENT="saken"/><SP WIDTH="16" VPOS="378" HPOS="560"/>
							<String ID="string_52" HPOS="576" VPOS="378" WIDTH="68" HEIGHT="22" WC="0.92" CONTENT="hafda"/><SP WIDTH="14" VPOS="378" HPOS="644"/>
							<String ID="string_53" HPOS="658" VPOS="378" WIDTH="96" HEIGHT="28" WC="0.93" CONTENT="utgifter."/><SP WIDTH="23" VPOS="378" HPOS="754"/>
							<String ID="string_54" HPOS="777" VPOS="378" WIDTH="110" HEIGHT="28" WC="0.92" CONTENT="Derjemte"/><SP WIDTH="10" VPOS="378" HPOS="887"/>
							<String ID="string_55" HPOS="897" VPOS="378" WIDTH="59" HEIGHT="22" WC="0.93" CONTENT="hem-"/>
						</TextLine>
						<TextLine ID="line_7" HPOS="199" VPOS="412" WIDTH="757" HEIGHT="29">
							<String ID="string_56" HPOS="199" VPOS="412" WIDTH="69" HEIGHT="22" WC="0.93" CONTENT="stälde"/><SP WIDTH="11" VPOS="412" HPOS="268"/>
							<String ID="string_57" HPOS="279" VPOS="415" WIDTH="15" HEIGHT="19" WC="0.89" CONTENT="t."/><SP WIDTH="9" VPOS="415" HPOS="294"/>
							<String ID="string_58" HPOS="303" VPOS="412" WIDTH="15" HEIGHT="22" WC="0.89" CONTENT="f."/><SP WIDTH="10" VPOS="412" HPOS="318"/>
							<String ID="string_59" HPOS="328" VPOS="412" WIDTH="192" HEIGHT="23" WC="0.92" CONTENT="Advokatfiskalen"/><SP WIDTH="15" VPOS="412" HPOS="520"/>
							<String ID="string_60" HPOS="535" VPOS="413" WIDTH="33" HEIGHT="22" WC="0.93" CONTENT="till"/><SP WIDTH="15" VPOS="413" HPOS="568"/>
							<String ID="string_61" HPOS="583" VPOS="413" WIDTH="129" HEIGHT="22" WC="0.92" CONTENT="Hofrättens"/><SP WIDTH="14" VPOS="413" HPOS="712"/>
							<String ID="string_62" HPOS="726" VPOS="412" WIDTH="155" HEIGHT="29" WC="0.92" CONTENT="bepröfvande,"/><SP WIDTH="11" VPOS="412" HPOS="881"/>
							<String ID="string_63" HPOS="892" VPOS="412" WIDTH="64" HEIGHT="23" WC="0.91" CONTENT="huru-"/>
						</TextLine>
						<TextLine ID="line_8" HPOS="199" VPOS="447" WIDTH="758" HEIGHT="28">
							<String ID="string_64" HPOS="199" VPOS="448" WIDTH="51" HEIGHT="21" WC="0.93" CONTENT="vida"/><SP WIDTH="13" VPOS="448" HPOS="250"/>
							<String ID="string_65" HPOS="263" VPOS="447" WIDTH="49" HEIGHT="22" WC="0.90" CONTENT="icke"/><SP WIDTH="16" VPOS="447" HPOS="312"/>
							<String ID="string_66" HPOS="328" VPOS="447" WIDTH="204" HEIGHT="28" WC="0.92" CONTENT="Häradshöfdingen"/><SP WIDTH="16" VPOS="447" HPOS="532"/>
							<String ID="string_67" HPOS="548" VPOS="448" WIDTH="24" HEIGHT="21" WC="0.96" CONTENT="G."/><SP WIDTH="17" VPOS="448" HPOS="572"/>
							<String ID="string_68" HPOS="589" VPOS="448" WIDTH="73" HEIGHT="21" WC="0.92" CONTENT="kunde"/><SP WIDTH="15" VPOS="448" HPOS="662"/>
							<String ID="string_69" HPOS="677" VPOS="448" WIDTH="90" HEIGHT="21" WC="0.90" CONTENT="ädömas"/><SP WIDTH="14" VPOS="448" HPOS="767"/>
							<String ID="string_70" HPOS="781" VPOS="455" WIDTH="80" HEIGHT="14" WC="0.92" CONTENT="ansvar"/><SP WIDTH="14" VPOS="455" HPOS="861"/>
							<String ID="string_71" HPOS="875" VPOS="447" WIDTH="34" HEIGHT="22" WC="0.93" CONTENT="för"/><SP WIDTH="15" VPOS="447" HPOS="909"/>
							<String ID="string_72" HPOS="924" VPOS="447" WIDTH="33" HEIGHT="22" WC="0.92" CONTENT="sä-"/>
						</TextLine>
						<TextLine ID="line_9" HPOS="199" VPOS="482" WIDTH="758" HEIGHT="28">
							<String ID="string_73" HPOS="199" VPOS="482" WIDTH="36" HEIGHT="22" WC="0.95" CONTENT="väl"/><SP WIDTH="15" VPOS="482" HPOS="235"/>
							<String ID="string_74" HPOS="250" VPOS="483" WIDTH="42" HEIGHT="20" WC="0.93" CONTENT="den"/><SP WIDTH="16" VPOS="483" HPOS="292"/>
							<String ID="string_75" HPOS="308" VPOS="482" WIDTH="93" HEIGHT="27" WC="0.92" CONTENT="oriktiga"/><SP WIDTH="14" VPOS="482" HPOS="401"/>
							<String ID="string_76" HPOS="415" VPOS="483" WIDTH="162" HEIGHT="27" WC="0.92" CONTENT="anteckningen"/><SP WIDTH="10" VPOS="483" HPOS="577"/>
							<String ID="string_77" HPOS="587" VPOS="483" WIDTH="8" HEIGHT="20" WC="0.93" CONTENT="i"/><SP WIDTH="10" VPOS="483" HPOS="595"/>
							<String ID="string_78" HPOS="605" VPOS="482" WIDTH="132" HEIGHT="28" WC="0.90" CONTENT="protokollet"/><SP WIDTH="15" VPOS="482" HPOS="737"/>
							<String ID="string_79" HPOS="752" VPOS="489" WIDTH="35" HEIGHT="14" WC="0.93" CONTENT="om"/><SP WIDTH="15" VPOS="489" HPOS="787"/>
							<String ID="string_80" HPOS="802" VPOS="483" WIDTH="155" HEIGHT="21" WC="0.89" CONTENT="meranämnda"/>
						</TextLine>
						<TextLine ID="line_10" HPOS="199" VPOS="516" WIDTH="758" HEIGHT="23">
							<String ID="string_81" HPOS="199" VPOS="516" WIDTH="134" HEIGHT="22" WC="0.92" CONTENT="skuldsedels"/><SP WIDTH="24" VPOS="516" HPOS="333"/>
							<String ID="string_82" HPOS="357" VPOS="517" WIDTH="148" HEIGHT="22" WC="0.92" CONTENT="öfverlätande"/><SP WIDTH="15" VPOS="517" HPOS="505"/>
							<String ID="string_83" HPOS="520" VPOS="517" WIDTH="33" HEIGHT="21" WC="0.96" CONTENT="till"/><SP WIDTH="15" VPOS="517" HPOS="553"/>
							<String ID="string_84" HPOS="568" VPOS="516" WIDTH="109" HEIGHT="22" WC="0.93" CONTENT="Nordiska"/><SP WIDTH="14" VPOS="516" HPOS="677"/>
							<String ID="string_85" HPOS="691" VPOS="516" WIDTH="153" HEIGHT="22" WC="0.91" CONTENT="Aktiebanken"/><SP WIDTH="15" VPOS="516" HPOS="844"/>
							<String ID="string_86" HPOS="859" VPOS="523" WIDTH="46" HEIGHT="15" WC="0.96" CONTENT="som"/><SP WIDTH="15" VPOS="523" HPOS="905"/>
							<String ID="string_87" HPOS="920" VPOS="517" WIDTH="37" HEIGHT="21" WC="0.96" CONTENT="det"/>
						</TextLine>
						<TextLine ID="line_11" HPOS="199" VPOS="551" WIDTH="757" HEIGHT="28">
							<String ID="string_88" HPOS="199" VPOS="551" WIDTH="7" HEIGHT="21" WC="0.93" CONTENT="i"/><SP WIDTH="15" VPOS="551" HPOS="206"/>
							<String ID="string_89" HPOS="221" VPOS="551" WIDTH="95" HEIGHT="27" WC="0.92" CONTENT="utslaget"/><SP WIDTH="15" VPOS="551" HPOS="316"/>
							<String ID="string_90" HPOS="331" VPOS="551" WIDTH="25" HEIGHT="22" WC="0.96" CONTENT="af"/><SP WIDTH="12" VPOS="551" HPOS="356"/>
							<String ID="string_91" HPOS="368" VPOS="552" WIDTH="42" HEIGHT="21" WC="0.96" CONTENT="den"/><SP WIDTH="15" VPOS="552" HPOS="410"/>
							<String ID="string_92" HPOS="425" VPOS="553" WIDTH="28" HEIGHT="20" WC="0.96" CONTENT="29"/><SP WIDTH="15" VPOS="553" HPOS="453"/>
							<String ID="string_93" HPOS="468" VPOS="551" WIDTH="59" HEIGHT="22" WC="0.96" CONTENT="Mars"/><SP WIDTH="17" VPOS="551" HPOS="527"/>
							<String ID="string_94" HPOS="544" VPOS="552" WIDTH="54" HEIGHT="21" WC="0.93" CONTENT="1879"/><SP WIDTH="16" VPOS="552" HPOS="598"/>
							<String ID="string_95" HPOS="614" VPOS="551" WIDTH="127" HEIGHT="28" WC="0.92" CONTENT="begagnade"/><SP WIDTH="16" VPOS="551" HPOS="741"/>
							<String ID="string_96" HPOS="757" VPOS="551" WIDTH="84" HEIGHT="22" WC="0.93" CONTENT="mindre"/><SP WIDTH="10" VPOS="551" HPOS="841"/>
							<String ID="string_97" HPOS="851" VPOS="551" WIDTH="105" HEIGHT="28" WC="0.92" CONTENT="lämpliga"/>
						</TextLine>
						<TextLine ID="line_12" HPOS="199" VPOS="585" WIDTH="757" HEIGHT="28">
							<String ID="string_98" HPOS="199" VPOS="585" WIDTH="148" HEIGHT="28" WC="0.92" CONTENT="uttryckssätt,"/><SP WIDTH="14" VPOS="585" HPOS="347"/>
							<String ID="string_99" HPOS="361" VPOS="585" WIDTH="92" HEIGHT="22" WC="0.92" CONTENT="likasom"/><SP WIDTH="15" VPOS="585" HPOS="453"/>
							<String ID="string_100" HPOS="468" VPOS="585" WIDTH="41" HEIGHT="22" WC="0.92" CONTENT="ock"/><SP WIDTH="14" VPOS="585" HPOS="509"/>
							<String ID="string_101" HPOS="523" VPOS="586" WIDTH="58" HEIGHT="21" WC="0.92" CONTENT="hvad"/><SP WIDTH="15" VPOS="586" HPOS="581"/>
							<String ID="string_102" HPOS="596" VPOS="585" WIDTH="102" HEIGHT="22" WC="0.92" CONTENT="afseende"/><SP WIDTH="15" VPOS="585" HPOS="698"/>
							<String ID="string_103" HPOS="713" VPOS="585" WIDTH="74" HEIGHT="22" WC="0.93" CONTENT="kunde"/><SP WIDTH="14" VPOS="585" HPOS="787"/>
							<String ID="string_104" HPOS="801" VPOS="585" WIDTH="76" HEIGHT="22" WC="0.88" CONTENT="hafvas"/><SP WIDTH="16" VPOS="585" HPOS="877"/>
							<String ID="string_105" HPOS="893" VPOS="586" WIDTH="13" HEIGHT="21" WC="0.89" CONTENT="ä"/><SP WIDTH="14" VPOS="586" HPOS="906"/>
							<String ID="string_106" HPOS="920" VPOS="585" WIDTH="36" HEIGHT="22" WC="0.92" CONTENT="B:s"/>
						</TextLine>
						<TextLine ID="line_13" HPOS="199" VPOS="619" WIDTH="757" HEIGHT="29">
							<String ID="string_107" HPOS="199" VPOS="619" WIDTH="96" HEIGHT="28" WC="0.92" CONTENT="anspräk"/><SP WIDTH="22" VPOS="619" HPOS="295"/>
							<String ID="string_108" HPOS="317" VPOS="620" WIDTH="29" HEIGHT="27" WC="0.96" CONTENT="pä"/><SP WIDTH="23" VPOS="620" HPOS="346"/>
							<String ID="string_109" HPOS="369" VPOS="620" WIDTH="120" HEIGHT="27" WC="0.96" CONTENT="ersättning"/><SP WIDTH="16" VPOS="620" HPOS="489"/>
							<String ID="string_110" HPOS="505" VPOS="619" WIDTH="34" HEIGHT="22" WC="0.96" CONTENT="för"/><SP WIDTH="15" VPOS="619" HPOS="539"/>
							<String ID="string_111" HPOS="554" VPOS="620" WIDTH="49" HEIGHT="21" WC="0.97" CONTENT="sina"/><SP WIDTH="18" VPOS="620" HPOS="603"/>
							<String ID="string_112" HPOS="621" VPOS="620" WIDTH="90" HEIGHT="28" WC="0.96" CONTENT="utgifter"/><SP WIDTH="19" VPOS="620" HPOS="711"/>
							<String ID="string_113" HPOS="730" VPOS="620" WIDTH="37" HEIGHT="21" WC="0.93" CONTENT="vid"/><SP WIDTH="14" VPOS="620" HPOS="767"/>
							<String ID="string_114" HPOS="781" VPOS="620" WIDTH="175" HEIGHT="28" WC="0.91" CONTENT="inteckningsan-"/>
						</TextLine>
						<TextLine ID="line_14" HPOS="199" VPOS="653" WIDTH="757" HEIGHT="29">
							<String ID="string_115" HPOS="199" VPOS="654" WIDTH="131" HEIGHT="27" WC="0.92" CONTENT="sökningens"/><SP WIDTH="15" VPOS="654" HPOS="330"/>
							<String ID="string_116" HPOS="345" VPOS="654" WIDTH="143" HEIGHT="28" WC="0.89" CONTENT="fullföljande,"/><SP WIDTH="16" VPOS="654" HPOS="488"/>
							<String ID="string_117" HPOS="504" VPOS="654" WIDTH="54" HEIGHT="22" WC="0.96" CONTENT="efter"/><SP WIDTH="16" VPOS="654" HPOS="558"/>
							<String ID="string_118" HPOS="574" VPOS="655" WIDTH="36" HEIGHT="21" WC="0.93" CONTENT="det"/><SP WIDTH="16" VPOS="655" HPOS="610"/>
							<String ID="string_119" HPOS="626" VPOS="653" WIDTH="204" HEIGHT="28" WC="0.91" CONTENT="Häradshöfdingen"/><SP WIDTH="16" VPOS="653" HPOS="830"/>
							<String ID="string_120" HPOS="846" VPOS="654" WIDTH="25" HEIGHT="22" WC="0.93" CONTENT="G."/><SP WIDTH="16" VPOS="654" HPOS="871"/>
							<String ID="string_121" HPOS="887" VPOS="654" WIDTH="69" HEIGHT="23" WC="0.88" CONTENT="blifvit"/>
						</TextLine>
						<TextLine ID="line_15" HPOS="196" VPOS="688" WIDTH="760" HEIGHT="29">
							<String ID="string_122" HPOS="196" VPOS="689" WIDTH="70" HEIGHT="28" WC="0.91" CONTENT="jäfvig"/><SP WIDTH="15" VPOS="689" HPOS="266"/>
							<String ID="string_123" HPOS="281" VPOS="688" WIDTH="116" HEIGHT="27" WC="0.91" CONTENT="förklarad,"/><SP WIDTH="16" VPOS="688" HPOS="397"/>
							<String ID="string_124" HPOS="413" VPOS="691" WIDTH="56" HEIGHT="19" WC="0.96" CONTENT="samt"/><SP WIDTH="14" VPOS="691" HPOS="469"/>
							<String ID="string_125" HPOS="483" VPOS="689" WIDTH="38" HEIGHT="22" WC="0.93" CONTENT="vid"/><SP WIDTH="14" VPOS="689" HPOS="521"/>
							<String ID="string_126" HPOS="535" VPOS="689" WIDTH="138" HEIGHT="22" WC="0.93" CONTENT="bevakandet"/><SP WIDTH="15" VPOS="689" HPOS="673"/>
							<String ID="string_127" HPOS="688" VPOS="689" WIDTH="25" HEIGHT="21" WC="0.96" CONTENT="af"/><SP WIDTH="12" VPOS="689" HPOS="713"/>
							<String ID="string_128" HPOS="725" VPOS="689" WIDTH="35" HEIGHT="21" WC="0.93" CONTENT="sin"/><SP WIDTH="17" VPOS="689" HPOS="760"/>
							<String ID="string_129" HPOS="777" VPOS="689" WIDTH="88" HEIGHT="22" WC="0.92" CONTENT="fordran"/><SP WIDTH="16" VPOS="689" HPOS="865"/>
							<String ID="string_130" HPOS="881" VPOS="689" WIDTH="8" HEIGHT="21" WC="0.93" CONTENT="i"/><SP WIDTH="14" VPOS="689" HPOS="889"/>
							<String ID="string_131" HPOS="903" VPOS="689" WIDTH="53" HEIGHT="21" WC="0.92" CONTENT="Kro-"/>
						</TextLine>
						<TextLine ID="line_16" HPOS="199" VPOS="723" WIDTH="757" HEIGHT="28">
							<String ID="string_132" HPOS="199" VPOS="723" WIDTH="172" HEIGHT="22" WC="0.91" CONTENT="nolänsmannen"/><SP WIDTH="15" VPOS="723" HPOS="371"/>
							<String ID="string_133" HPOS="386" VPOS="723" WIDTH="36" HEIGHT="22" WC="0.92" CONTENT="C:s"/><SP WIDTH="15" VPOS="723" HPOS="422"/>
							<String ID="string_134" HPOS="437" VPOS="723" WIDTH="96" HEIGHT="22" WC="0.96" CONTENT="konkurs"/><SP WIDTH="15" VPOS="723" HPOS="533"/>
							<String ID="string_135" HPOS="548" VPOS="723" WIDTH="41" HEIGHT="22" WC="0.93" CONTENT="och"/><SP WIDTH="15" VPOS="723" HPOS="589"/>
							<String ID="string_136" HPOS="604" VPOS="724" WIDTH="144" HEIGHT="27" WC="0.92" CONTENT="rättegängen"/><SP WIDTH="11" VPOS="724" HPOS="748"/>
							<String ID="string_137" HPOS="759" VPOS="726" WIDTH="58" HEIGHT="19" WC="0.93" CONTENT="emot"/><SP WIDTH="11" VPOS="726" HPOS="817"/>
							<String ID="string_138" HPOS="828" VPOS="723" WIDTH="128" HEIGHT="28" WC="0.91" CONTENT="sysslomän-"/>
						</TextLine>
						<TextLine ID="line_17" HPOS="199" VPOS="757" WIDTH="235" HEIGHT="22">
							<String ID="string_139" HPOS="199" VPOS="764" WIDTH="42" HEIGHT="15" WC="0.96" CONTENT="nen"/><SP WIDTH="15" VPOS="764" HPOS="241"/>
							<String ID="string_140" HPOS="256" VPOS="757" WIDTH="8" HEIGHT="22" WC="0.93" CONTENT="i"/><SP WIDTH="15" VPOS="757" HPOS="264"/>
							<String ID="string_141" HPOS="279" VPOS="757" WIDTH="155" HEIGHT="22" WC="0.72" CONTENT="konkursboet."/>
						</TextLine>
					</TextBlock>
					<TextBlock ID="block_2" HPOS="196" VPOS="791" WIDTH="762" HEIGHT="505">
						<TextLine ID="line_18" HPOS="268" VPOS="791" WIDTH="686" HEIGHT="28">
							<String ID="string_142" HPOS="268" VPOS="792" WIDTH="71" HEIGHT="21" WC="0.93" CONTENT="Sedan"/><SP WIDTH="22" VPOS="792" HPOS="339"/>
							<String ID="string_143" HPOS="361" VPOS="792" WIDTH="203" HEIGHT="27" WC="0.92" CONTENT="Häradshöfdingen"/><SP WIDTH="16" VPOS="792" HPOS="564"/>
							<String ID="string_144" HPOS="580" VPOS="791" WIDTH="26" HEIGHT="22" WC="0.93" CONTENT="G."/><SP WIDTH="16" VPOS="791" HPOS="606"/>
							<String ID="string_145" HPOS="622" VPOS="791" WIDTH="86" HEIGHT="28" WC="0.87" CONTENT="afgifvit"/><SP WIDTH="19" VPOS="791" HPOS="708"/>
							<String ID="string_146" HPOS="727" VPOS="791" WIDTH="122" HEIGHT="28" WC="0.93" CONTENT="förklaring"/><SP WIDTH="14" VPOS="791" HPOS="849"/>
							<String ID="string_147" HPOS="863" VPOS="792" WIDTH="8" HEIGHT="21" WC="0.96" CONTENT="i"/><SP WIDTH="14" VPOS="792" HPOS="871"/>
							<String ID="string_148" HPOS="885" VPOS="791" WIDTH="69" HEIGHT="22" WC="0.96" CONTENT="saken"/>
						</TextLine>
						<TextLine ID="line_19" HPOS="199" VPOS="826" WIDTH="755" HEIGHT="27">
							<String ID="string_149" HPOS="199" VPOS="827" WIDTH="40" HEIGHT="22" WC="0.93" CONTENT="och"/><SP WIDTH="14" VPOS="827" HPOS="239"/>
							<String ID="string_150" HPOS="253" VPOS="826" WIDTH="214" HEIGHT="22" WC="0.91" CONTENT="Landthushällaren"/><SP WIDTH="15" VPOS="826" HPOS="467"/>
							<String ID="string_151" HPOS="482" VPOS="826" WIDTH="25" HEIGHT="22" WC="0.92" CONTENT="B."/><SP WIDTH="16" VPOS="826" HPOS="507"/>
							<String ID="string_152" HPOS="523" VPOS="826" WIDTH="82" HEIGHT="22" WC="0.91" CONTENT="bemött"/><SP WIDTH="15" VPOS="826" HPOS="605"/>
							<String ID="string_153" HPOS="620" VPOS="827" WIDTH="133" HEIGHT="26" WC="0.91" CONTENT="densamma,"/><SP WIDTH="16" VPOS="827" HPOS="753"/>
							<String ID="string_154" HPOS="769" VPOS="826" WIDTH="74" HEIGHT="22" WC="0.92" CONTENT="inkom"/><SP WIDTH="15" VPOS="826" HPOS="843"/>
							<String ID="string_155" HPOS="858" VPOS="829" WIDTH="16" HEIGHT="19" WC="0.87" CONTENT="t."/><SP WIDTH="15" VPOS="829" HPOS="874"/>
							<String ID="string_156" HPOS="889" VPOS="827" WIDTH="14" HEIGHT="21" WC="0.91" CONTENT="f."/><SP WIDTH="8" VPOS="827" HPOS="903"/>
							<String ID="string_157" HPOS="911" VPOS="827" WIDTH="43" HEIGHT="21" WC="0.92" CONTENT="Ad-"/>
						</TextLine>
						<TextLine ID="line_20" HPOS="198" VPOS="861" WIDTH="757" HEIGHT="28">
							<String ID="string_158" HPOS="198" VPOS="861" WIDTH="158" HEIGHT="22" WC="0.93" CONTENT="vokatfiskalen"/><SP WIDTH="15" VPOS="861" HPOS="356"/>
							<String ID="string_159" HPOS="371" VPOS="862" WIDTH="49" HEIGHT="20" WC="0.93" CONTENT="med"/><SP WIDTH="15" VPOS="862" HPOS="420"/>
							<String ID="string_160" HPOS="435" VPOS="861" WIDTH="163" HEIGHT="28" WC="0.91" CONTENT="slutpästäende"/><SP WIDTH="16" VPOS="861" HPOS="598"/>
							<String ID="string_161" HPOS="614" VPOS="861" WIDTH="41" HEIGHT="22" WC="0.93" CONTENT="och"/><SP WIDTH="15" VPOS="861" HPOS="655"/>
							<String ID="string_162" HPOS="670" VPOS="861" WIDTH="161" HEIGHT="22" WC="0.92" CONTENT="öfverlemnade"/><SP WIDTH="10" VPOS="861" HPOS="831"/>
							<String ID="string_163" HPOS="841" VPOS="861" WIDTH="71" HEIGHT="22" WC="0.90" CONTENT="tillika"/><SP WIDTH="10" VPOS="861" HPOS="912"/>
							<String ID="string_164" HPOS="922" VPOS="861" WIDTH="33" HEIGHT="21" WC="0.96" CONTENT="till"/>
						</TextLine>
						<TextLine ID="line_21" HPOS="198" VPOS="895" WIDTH="759" HEIGHT="29">
							<String ID="string_165" HPOS="198" VPOS="896" WIDTH="126" HEIGHT="21" WC="0.92" CONTENT="Hofrättens"/><SP WIDTH="23" VPOS="896" HPOS="324"/>
							<String ID="string_166" HPOS="347" VPOS="895" WIDTH="110" HEIGHT="29" WC="0.92" CONTENT="pröfning,"/><SP WIDTH="15" VPOS="895" HPOS="457"/>
							<String ID="string_167" HPOS="472" VPOS="895" WIDTH="58" HEIGHT="22" WC="0.92" CONTENT="hvad"/><SP WIDTH="18" VPOS="895" HPOS="530"/>
							<String ID="string_168" HPOS="548" VPOS="895" WIDTH="102" HEIGHT="22" WC="0.92" CONTENT="afseende"/><SP WIDTH="16" VPOS="895" HPOS="650"/>
							<String ID="string_169" HPOS="666" VPOS="895" WIDTH="73" HEIGHT="22" WC="0.93" CONTENT="kunde"/><SP WIDTH="15" VPOS="895" HPOS="739"/>
							<String ID="string_170" HPOS="754" VPOS="895" WIDTH="78" HEIGHT="22" WC="0.92" CONTENT="hafvas"/><SP WIDTH="15" VPOS="895" HPOS="832"/>
							<String ID="string_171" HPOS="847" VPOS="897" WIDTH="14" HEIGHT="20" WC="0.92" CONTENT="ä"/><SP WIDTH="13" VPOS="897" HPOS="861"/>
							<String ID="string_172" HPOS="874" VPOS="896" WIDTH="83" HEIGHT="21" WC="0.92" CONTENT="Landt-"/>
						</TextLine>
						<TextLine ID="line_22" HPOS="198" VPOS="929" WIDTH="760" HEIGHT="28">
							<String ID="string_173" HPOS="198" VPOS="930" WIDTH="140" HEIGHT="22" WC="0.92" CONTENT="hushällaren"/><SP WIDTH="14" VPOS="930" HPOS="338"/>
							<String ID="string_174" HPOS="352" VPOS="930" WIDTH="37" HEIGHT="22" WC="0.93" CONTENT="B:s"/><SP WIDTH="15" VPOS="930" HPOS="389"/>
							<String ID="string_175" HPOS="404" VPOS="930" WIDTH="104" HEIGHT="21" WC="0.91" CONTENT="anhällan"/><SP WIDTH="15" VPOS="930" HPOS="508"/>
							<String ID="string_176" HPOS="523" VPOS="937" WIDTH="35" HEIGHT="14" WC="0.93" CONTENT="om"/><SP WIDTH="15" VPOS="937" HPOS="558"/>
							<String ID="string_177" HPOS="573" VPOS="930" WIDTH="137" HEIGHT="27" WC="0.92" CONTENT="godtgörelse"/><SP WIDTH="15" VPOS="930" HPOS="710"/>
							<String ID="string_178" HPOS="725" VPOS="929" WIDTH="34" HEIGHT="22" WC="0.96" CONTENT="för"/><SP WIDTH="15" VPOS="929" HPOS="759"/>
							<String ID="string_179" HPOS="774" VPOS="930" WIDTH="55" HEIGHT="21" WC="0.93" CONTENT="hans"/><SP WIDTH="15" VPOS="930" HPOS="829"/>
							<String ID="string_180" HPOS="844" VPOS="930" WIDTH="114" HEIGHT="27" WC="0.91" CONTENT="umgälder"/>
						</TextLine>
						<TextLine ID="line_23" HPOS="198" VPOS="964" WIDTH="759" HEIGHT="23">
							<String ID="string_181" HPOS="198" VPOS="965" WIDTH="40" HEIGHT="22" WC="0.93" CONTENT="hos"/><SP WIDTH="21" VPOS="965" HPOS="238"/>
							<String ID="string_182" HPOS="259" VPOS="964" WIDTH="238" HEIGHT="23" WC="0.90" CONTENT="Prokuratorsembetet"/><SP WIDTH="22" VPOS="964" HPOS="497"/>
							<String ID="string_183" HPOS="519" VPOS="965" WIDTH="40" HEIGHT="21" WC="0.96" CONTENT="och"/><SP WIDTH="18" VPOS="965" HPOS="559"/>
							<String ID="string_184" HPOS="577" VPOS="965" WIDTH="8" HEIGHT="21" WC="0.93" CONTENT="i"/><SP WIDTH="17" VPOS="965" HPOS="585"/>
							<String ID="string_185" HPOS="602" VPOS="964" WIDTH="116" HEIGHT="22" WC="0.92" CONTENT="Hofrätten"/><SP WIDTH="23" VPOS="964" HPOS="718"/>
							<String ID="string_186" HPOS="741" VPOS="965" WIDTH="50" HEIGHT="20" WC="0.95" CONTENT="med"/><SP WIDTH="23" VPOS="965" HPOS="791"/>
							<String ID="string_187" HPOS="814" VPOS="964" WIDTH="143" HEIGHT="22" WC="0.96" CONTENT="tillsammans"/>
						</TextLine>
						<TextLine ID="line_24" HPOS="197" VPOS="998" WIDTH="759" HEIGHT="29">
							<String ID="string_188" HPOS="197" VPOS="1000" WIDTH="41" HEIGHT="21" WC="0.96" CONTENT="307"/><SP WIDTH="17" VPOS="1000" HPOS="238"/>
							<String ID="string_189" HPOS="255" VPOS="999" WIDTH="63" HEIGHT="22" WC="0.93" CONTENT="mark"/><SP WIDTH="12" VPOS="999" HPOS="318"/>
							<String ID="string_190" HPOS="330" VPOS="999" WIDTH="67" HEIGHT="28" WC="0.92" CONTENT="jemte"/><SP WIDTH="15" VPOS="999" HPOS="397"/>
							<String ID="string_191" HPOS="412" VPOS="999" WIDTH="61" HEIGHT="21" WC="0.93" CONTENT="lösen"/><SP WIDTH="14" VPOS="999" HPOS="473"/>
							<String ID="string_192" HPOS="487" VPOS="998" WIDTH="34" HEIGHT="22" WC="0.93" CONTENT="för"/><SP WIDTH="15" VPOS="998" HPOS="521"/>
							<String ID="string_193" HPOS="536" VPOS="999" WIDTH="128" HEIGHT="22" WC="0.91" CONTENT="Hofrättens"/><SP WIDTH="14" VPOS="999" HPOS="664"/>
							<String ID="string_194" HPOS="678" VPOS="998" WIDTH="111" HEIGHT="23" WC="0.91" CONTENT="blifvande"/><SP WIDTH="16" VPOS="998" HPOS="789"/>
							<String ID="string_195" HPOS="805" VPOS="999" WIDTH="78" HEIGHT="27" WC="0.92" CONTENT="utslag."/><SP WIDTH="23" VPOS="999" HPOS="883"/>
							<String ID="string_196" HPOS="906" VPOS="998" WIDTH="50" HEIGHT="21" WC="0.96" CONTENT="Men"/>
						</TextLine>
						<TextLine ID="line_25" HPOS="197" VPOS="1032" WIDTH="760" HEIGHT="28">
							<String ID="string_197" HPOS="197" VPOS="1034" WIDTH="8" HEIGHT="21" WC="0.93" CONTENT="i"/><SP WIDTH="15" VPOS="1034" HPOS="205"/>
							<String ID="string_198" HPOS="220" VPOS="1034" WIDTH="108" HEIGHT="21" WC="0.92" CONTENT="anseende"/><SP WIDTH="16" VPOS="1034" HPOS="328"/>
							<String ID="string_199" HPOS="344" VPOS="1033" WIDTH="71" HEIGHT="22" WC="0.88" CONTENT="dertill"/><SP WIDTH="15" VPOS="1033" HPOS="415"/>
							<String ID="string_200" HPOS="430" VPOS="1035" WIDTH="33" HEIGHT="20" WC="0.93" CONTENT="att"/><SP WIDTH="14" VPOS="1035" HPOS="463"/>
							<String ID="string_201" HPOS="477" VPOS="1033" WIDTH="282" HEIGHT="22" WC="0.91" CONTENT="Advokatfiskalsembetets"/><SP WIDTH="14" VPOS="1033" HPOS="759"/>
							<String ID="string_202" HPOS="773" VPOS="1033" WIDTH="8" HEIGHT="21" WC="0.93" CONTENT="i"/><SP WIDTH="15" VPOS="1033" HPOS="781"/>
							<String ID="string_203" HPOS="796" VPOS="1033" WIDTH="66" HEIGHT="21" WC="0.93" CONTENT="mälet"/><SP WIDTH="10" VPOS="1033" HPOS="862"/>
							<String ID="string_204" HPOS="872" VPOS="1032" WIDTH="85" HEIGHT="28" WC="0.93" CONTENT="ingifna"/>
						</TextLine>
						<TextLine ID="line_26" HPOS="197" VPOS="1067" WIDTH="760" HEIGHT="28">
							<String ID="string_205" HPOS="197" VPOS="1067" WIDTH="113" HEIGHT="22" WC="0.92" CONTENT="memorial"/><SP WIDTH="14" VPOS="1067" HPOS="310"/>
							<String ID="string_206" HPOS="324" VPOS="1067" WIDTH="48" HEIGHT="22" WC="0.92" CONTENT="icke"/><SP WIDTH="14" VPOS="1067" HPOS="372"/>
							<String ID="string_207" HPOS="386" VPOS="1067" WIDTH="137" HEIGHT="22" WC="0.92" CONTENT="innefattade"/><SP WIDTH="21" VPOS="1067" HPOS="523"/>
							<String ID="string_208" HPOS="544" VPOS="1069" WIDTH="102" HEIGHT="26" WC="0.93" CONTENT="yttrande"/><SP WIDTH="22" VPOS="1069" HPOS="646"/>
							<String ID="string_209" HPOS="668" VPOS="1068" WIDTH="94" HEIGHT="21" WC="0.92" CONTENT="rörande"/><SP WIDTH="15" VPOS="1068" HPOS="762"/>
							<String ID="string_210" HPOS="777" VPOS="1067" WIDTH="44" HEIGHT="22" WC="0.96" CONTENT="alla"/><SP WIDTH="15" VPOS="1067" HPOS="821"/>
							<String ID="string_211" HPOS="836" VPOS="1067" WIDTH="25" HEIGHT="22" WC="0.93" CONTENT="af"/><SP WIDTH="12" VPOS="1067" HPOS="861"/>
							<String ID="string_212" HPOS="873" VPOS="1067" WIDTH="84" HEIGHT="22" WC="0.91" CONTENT="Landt-"/>
						</TextLine>
						<TextLine ID="line_27" HPOS="197" VPOS="1101" WIDTH="761" HEIGHT="28">
							<String ID="string_213" HPOS="197" VPOS="1102" WIDTH="140" HEIGHT="21" WC="0.91" CONTENT="hushällaren"/><SP WIDTH="15" VPOS="1102" HPOS="337"/>
							<String ID="string_214" HPOS="352" VPOS="1102" WIDTH="25" HEIGHT="21" WC="0.92" CONTENT="B."/><SP WIDTH="16" VPOS="1102" HPOS="377"/>
							<String ID="string_215" HPOS="393" VPOS="1104" WIDTH="57" HEIGHT="19" WC="0.92" CONTENT="emot"/><SP WIDTH="15" VPOS="1104" HPOS="450"/>
							<String ID="string_216" HPOS="465" VPOS="1101" WIDTH="206" HEIGHT="28" WC="0.91" CONTENT="Häradshöfdingen"/><SP WIDTH="15" VPOS="1101" HPOS="671"/>
							<String ID="string_217" HPOS="686" VPOS="1101" WIDTH="25" HEIGHT="23" WC="0.93" CONTENT="G."/><SP WIDTH="16" VPOS="1101" HPOS="711"/>
							<String ID="string_218" HPOS="727" VPOS="1102" WIDTH="78" HEIGHT="27" WC="0.92" CONTENT="gjorda"/><SP WIDTH="12" VPOS="1102" HPOS="805"/>
							<String ID="string_219" HPOS="817" VPOS="1101" WIDTH="141" HEIGHT="22" WC="0.90" CONTENT="anmärknin-"/>
						</TextLine>
						<TextLine ID="line_28" HPOS="197" VPOS="1135" WIDTH="760" HEIGHT="29">
							<String ID="string_220" HPOS="197" VPOS="1143" WIDTH="45" HEIGHT="21" WC="0.93" CONTENT="gar,"/><SP WIDTH="16" VPOS="1143" HPOS="242"/>
							<String ID="string_221" HPOS="258" VPOS="1136" WIDTH="72" HEIGHT="23" WC="0.96" CONTENT="blefvo"/><SP WIDTH="20" VPOS="1136" HPOS="330"/>
							<String ID="string_222" HPOS="350" VPOS="1136" WIDTH="160" HEIGHT="28" WC="0.96" CONTENT="handlingarna"/><SP WIDTH="21" VPOS="1136" HPOS="510"/>
							<String ID="string_223" HPOS="531" VPOS="1143" WIDTH="79" HEIGHT="21" WC="0.96" CONTENT="genom"/><SP WIDTH="22" VPOS="1143" HPOS="610"/>
							<String ID="string_224" HPOS="632" VPOS="1136" WIDTH="77" HEIGHT="27" WC="0.93" CONTENT="beslut,"/><SP WIDTH="23" VPOS="1136" HPOS="709"/>
							<String ID="string_225" HPOS="732" VPOS="1135" WIDTH="115" HEIGHT="22" WC="0.92" CONTENT="utfärdadt"/><SP WIDTH="14" VPOS="1135" HPOS="847"/>
							<String ID="string_226" HPOS="861" VPOS="1136" WIDTH="8" HEIGHT="21" WC="0.93" CONTENT="i"/><SP WIDTH="15" VPOS="1136" HPOS="869"/>
							<String ID="string_227" HPOS="884" VPOS="1138" WIDTH="73" HEIGHT="25" WC="0.93" CONTENT="proto-"/>
						</TextLine>
						<TextLine ID="line_29" HPOS="197" VPOS="1170" WIDTH="760" HEIGHT="28">
							<String ID="string_228" HPOS="197" VPOS="1171" WIDTH="135" HEIGHT="27" WC="0.90" CONTENT="kollsutdrag"/><SP WIDTH="14" VPOS="1171" HPOS="332"/>
							<String ID="string_229" HPOS="346" VPOS="1170" WIDTH="26" HEIGHT="22" WC="0.96" CONTENT="af"/><SP WIDTH="12" VPOS="1170" HPOS="372"/>
							<String ID="string_230" HPOS="384" VPOS="1171" WIDTH="43" HEIGHT="21" WC="0.96" CONTENT="den"/><SP WIDTH="14" VPOS="1171" HPOS="427"/>
							<String ID="string_231" HPOS="441" VPOS="1171" WIDTH="14" HEIGHT="22" WC="0.96" CONTENT="3"/><SP WIDTH="15" VPOS="1171" HPOS="455"/>
							<String ID="string_232" HPOS="470" VPOS="1170" WIDTH="121" HEIGHT="23" WC="0.96" CONTENT="November"/><SP WIDTH="16" VPOS="1170" HPOS="591"/>
							<String ID="string_233" HPOS="607" VPOS="1172" WIDTH="63" HEIGHT="25" WC="0.96" CONTENT="1882,"/><SP WIDTH="16" VPOS="1172" HPOS="670"/>
							<String ID="string_234" HPOS="686" VPOS="1171" WIDTH="26" HEIGHT="21" WC="0.93" CONTENT="af"/><SP WIDTH="11" VPOS="1171" HPOS="712"/>
							<String ID="string_235" HPOS="723" VPOS="1170" WIDTH="118" HEIGHT="21" WC="0.92" CONTENT="Hofrätten"/><SP WIDTH="18" VPOS="1170" HPOS="841"/>
							<String ID="string_236" HPOS="859" VPOS="1170" WIDTH="98" HEIGHT="22" WC="0.92" CONTENT="remitte-"/>
						</TextLine>
						<TextLine ID="line_30" HPOS="197" VPOS="1204" WIDTH="760" HEIGHT="23">
							<String ID="string_237" HPOS="197" VPOS="1206" WIDTH="53" HEIGHT="21" WC="0.92" CONTENT="rade"/><SP WIDTH="21" VPOS="1206" HPOS="250"/>
							<String ID="string_238" HPOS="271" VPOS="1205" WIDTH="92" HEIGHT="21" WC="0.96" CONTENT="tillbaka"/><SP WIDTH="22" VPOS="1205" HPOS="363"/>
							<String ID="string_239" HPOS="385" VPOS="1205" WIDTH="34" HEIGHT="21" WC="0.93" CONTENT="till"/><SP WIDTH="20" VPOS="1205" HPOS="419"/>
							<String ID="string_240" HPOS="439" VPOS="1205" WIDTH="271" HEIGHT="22" WC="0.91" CONTENT="Advokatfiskalsembetet"/><SP WIDTH="19" VPOS="1205" HPOS="710"/>
							<String ID="string_241" HPOS="729" VPOS="1205" WIDTH="51" HEIGHT="21" WC="0.93" CONTENT="med"/><SP WIDTH="18" VPOS="1205" HPOS="780"/>
							<String ID="string_242" HPOS="798" VPOS="1204" WIDTH="111" HEIGHT="22" WC="0.92" CONTENT="föreskrift"/><SP WIDTH="15" VPOS="1204" HPOS="909"/>
							<String ID="string_243" HPOS="924" VPOS="1206" WIDTH="33" HEIGHT="20" WC="0.96" CONTENT="att"/>
						</TextLine>
						<TextLine ID="line_31" HPOS="196" VPOS="1239" WIDTH="760" HEIGHT="28">
							<String ID="string_244" HPOS="196" VPOS="1239" WIDTH="138" HEIGHT="28" WC="0.96" CONTENT="fullständigt"/><SP WIDTH="15" VPOS="1239" HPOS="334"/>
							<String ID="string_245" HPOS="349" VPOS="1239" WIDTH="73" HEIGHT="22" WC="0.96" CONTENT="utföra"/><SP WIDTH="14" VPOS="1239" HPOS="422"/>
							<String ID="string_246" HPOS="436" VPOS="1240" WIDTH="43" HEIGHT="21" WC="0.93" CONTENT="den"/><SP WIDTH="10" VPOS="1240" HPOS="479"/>
							<String ID="string_247" HPOS="489" VPOS="1240" WIDTH="14" HEIGHT="21" WC="0.93" CONTENT="&amp;"/><SP WIDTH="9" VPOS="1240" HPOS="503"/>
							<String ID="string_248" HPOS="512" VPOS="1239" WIDTH="271" HEIGHT="22" WC="0.92" CONTENT="Advokatfiskalsembetet"/><SP WIDTH="13" VPOS="1239" HPOS="783"/>
							<String ID="string_249" HPOS="796" VPOS="1239" WIDTH="160" HEIGHT="21" WC="0.95" CONTENT="ankommande"/>
						</TextLine>
						<TextLine ID="line_32" HPOS="197" VPOS="1274" WIDTH="67" HEIGHT="22">
							<String ID="string_250" HPOS="197" VPOS="1274" WIDTH="67" HEIGHT="22" WC="0.93" CONTENT="talan."/>
						</TextLine>
					</TextBlock>
					<TextBlock ID="block_3" HPOS="196" VPOS="1308" WIDTH="759" HEIGHT="166">
						<TextLine ID="line_33" HPOS="266" VPOS="1308" WIDTH="689" HEIGHT="28">
							<String ID="string_251" HPOS="266" VPOS="1308" WIDTH="10" HEIGHT="22" WC="0.93" CONTENT="I"/><SP WIDTH="23" VPOS="1308" HPOS="276"/>
							<String ID="string_252" HPOS="299" VPOS="1308" WIDTH="118" HEIGHT="27" WC="0.95" CONTENT="anledning"/><SP WIDTH="22" VPOS="1308" HPOS="417"/>
							<String ID="string_253" HPOS="439" VPOS="1308" WIDTH="66" HEIGHT="22" WC="0.95" CONTENT="häraf"/><SP WIDTH="19" VPOS="1308" HPOS="505"/>
							<String ID="string_254" HPOS="524" VPOS="1308" WIDTH="77" HEIGHT="22" WC="0.93" CONTENT="inkom"/><SP WIDTH="20" VPOS="1308" HPOS="601"/>
							<String ID="string_255" HPOS="621" VPOS="1311" WIDTH="16" HEIGHT="19" WC="0.89" CONTENT="t."/><SP WIDTH="16" VPOS="1311" HPOS="637"/>
							<String ID="string_256" HPOS="653" VPOS="1308" WIDTH="14" HEIGHT="22" WC="0.93" CONTENT="f."/><SP WIDTH="16" VPOS="1308" HPOS="667"/>
							<String ID="string_257" HPOS="683" VPOS="1308" WIDTH="193" HEIGHT="22" WC="0.92" CONTENT="Advokatfiskalen"/><SP WIDTH="24" VPOS="1308" HPOS="876"/>
							<String ID="string_258" HPOS="900" VPOS="1308" WIDTH="55" HEIGHT="28" WC="0.96" CONTENT="ånyo"/>
						</TextLine>
						<TextLine ID="line_34" HPOS="196" VPOS="1342" WIDTH="759" HEIGHT="28">
							<String ID="string_259" HPOS="196" VPOS="1344" WIDTH="49" HEIGHT="20" WC="0.95" CONTENT="med"/><SP WIDTH="17" VPOS="1344" HPOS="245"/>
							<String ID="string_260" HPOS="262" VPOS="1342" WIDTH="111" HEIGHT="22" WC="0.96" CONTENT="memorial"/><SP WIDTH="14" VPOS="1342" HPOS="373"/>
							<String ID="string_261" HPOS="387" VPOS="1342" WIDTH="25" HEIGHT="22" WC="0.96" CONTENT="af"/><SP WIDTH="13" VPOS="1342" HPOS="412"/>
							<String ID="string_262" HPOS="425" VPOS="1343" WIDTH="42" HEIGHT="21" WC="0.96" CONTENT="den"/><SP WIDTH="17" VPOS="1343" HPOS="467"/>
							<String ID="string_263" HPOS="484" VPOS="1344" WIDTH="26" HEIGHT="20" WC="0.96" CONTENT="13"/><SP WIDTH="15" VPOS="1344" HPOS="510"/>
							<String ID="string_264" HPOS="525" VPOS="1343" WIDTH="120" HEIGHT="22" WC="0.96" CONTENT="December"/><SP WIDTH="16" VPOS="1343" HPOS="645"/>
							<String ID="string_265" HPOS="661" VPOS="1344" WIDTH="56" HEIGHT="22" WC="0.90" CONTENT="1882"/><SP WIDTH="16" VPOS="1344" HPOS="717"/>
							<String ID="string_266" HPOS="733" VPOS="1344" WIDTH="56" HEIGHT="20" WC="0.93" CONTENT="samt"/><SP WIDTH="14" VPOS="1344" HPOS="789"/>
							<String ID="string_267" HPOS="803" VPOS="1342" WIDTH="88" HEIGHT="28" WC="0.92" CONTENT="yrkade,"/><SP WIDTH="10" VPOS="1342" HPOS="891"/>
							<String ID="string_268" HPOS="901" VPOS="1342" WIDTH="54" HEIGHT="22" WC="0.96" CONTENT="efter"/>
						</TextLine>
						<TextLine ID="line_35" HPOS="196" VPOS="1376" WIDTH="759" HEIGHT="28">
							<String ID="string_269" HPOS="196" VPOS="1378" WIDTH="142" HEIGHT="26" WC="0.96" CONTENT="upprepande"/><SP WIDTH="16" VPOS="1378" HPOS="338"/>
							<String ID="string_270" HPOS="354" VPOS="1376" WIDTH="24" HEIGHT="22" WC="0.93" CONTENT="af"/><SP WIDTH="12" VPOS="1376" HPOS="378"/>
							<String ID="string_271" HPOS="390" VPOS="1376" WIDTH="59" HEIGHT="22" WC="0.96" CONTENT="hvad"/><SP WIDTH="17" VPOS="1376" HPOS="449"/>
							<String ID="string_272" HPOS="466" VPOS="1377" WIDTH="44" HEIGHT="21" WC="0.93" CONTENT="han"/><SP WIDTH="21" VPOS="1377" HPOS="510"/>
							<String ID="string_273" HPOS="531" VPOS="1377" WIDTH="60" HEIGHT="22" WC="0.95" CONTENT="förut"/><SP WIDTH="15" VPOS="1377" HPOS="591"/>
							<String ID="string_274" HPOS="606" VPOS="1378" WIDTH="7" HEIGHT="20" WC="0.88" CONTENT="i"/><SP WIDTH="15" VPOS="1378" HPOS="613"/>
							<String ID="string_275" HPOS="628" VPOS="1377" WIDTH="68" HEIGHT="22" WC="0.93" CONTENT="saken"/><SP WIDTH="22" VPOS="1377" HPOS="696"/>
							<String ID="string_276" HPOS="718" VPOS="1376" WIDTH="81" HEIGHT="27" WC="0.96" CONTENT="anfört,"/><SP WIDTH="16" VPOS="1376" HPOS="799"/>
							<String ID="string_277" HPOS="815" VPOS="1379" WIDTH="33" HEIGHT="19" WC="0.93" CONTENT="att"/><SP WIDTH="15" VPOS="1379" HPOS="848"/>
							<String ID="string_278" HPOS="863" VPOS="1377" WIDTH="92" HEIGHT="21" WC="0.92" CONTENT="Härads-"/>
						</TextLine>
						<TextLine ID="line_36" HPOS="196" VPOS="1411" WIDTH="758" HEIGHT="27">
							<String ID="string_279" HPOS="196" VPOS="1411" WIDTH="118" HEIGHT="27" WC="0.92" CONTENT="höfdingen"/><SP WIDTH="16" VPOS="1411" HPOS="314"/>
							<String ID="string_280" HPOS="330" VPOS="1411" WIDTH="25" HEIGHT="22" WC="0.93" CONTENT="G."/><SP WIDTH="16" VPOS="1411" HPOS="355"/>
							<String ID="string_281" HPOS="371" VPOS="1412" WIDTH="67" HEIGHT="21" WC="0.92" CONTENT="mätte"/><SP WIDTH="21" VPOS="1412" HPOS="438"/>
							<String ID="string_282" HPOS="459" VPOS="1411" WIDTH="64" HEIGHT="22" WC="0.92" CONTENT="fällas"/><SP WIDTH="14" VPOS="1411" HPOS="523"/>
							<String ID="string_283" HPOS="537" VPOS="1412" WIDTH="33" HEIGHT="21" WC="0.93" CONTENT="till"/><SP WIDTH="16" VPOS="1412" HPOS="570"/>
							<String ID="string_284" HPOS="586" VPOS="1419" WIDTH="80" HEIGHT="15" WC="0.92" CONTENT="ansvar"/><SP WIDTH="14" VPOS="1419" HPOS="666"/>
							<String ID="string_285" HPOS="680" VPOS="1412" WIDTH="34" HEIGHT="22" WC="0.96" CONTENT="för"/><SP WIDTH="16" VPOS="1412" HPOS="714"/>
							<String ID="string_286" HPOS="730" VPOS="1412" WIDTH="37" HEIGHT="21" WC="0.96" CONTENT="det"/><SP WIDTH="15" VPOS="1412" HPOS="767"/>
							<String ID="string_287" HPOS="782" VPOS="1411" WIDTH="44" HEIGHT="22" WC="0.93" CONTENT="han"/><SP WIDTH="15" VPOS="1411" HPOS="826"/>
							<String ID="string_288" HPOS="841" VPOS="1411" WIDTH="48" HEIGHT="21" WC="0.92" CONTENT="icke"/><SP WIDTH="15" VPOS="1411" HPOS="889"/>
							<String ID="string_289" HPOS="904" VPOS="1411" WIDTH="50" HEIGHT="22" WC="0.92" CONTENT="alle-"/>
						</TextLine>
						<TextLine ID="line_37" HPOS="196" VPOS="1446" WIDTH="758" HEIGHT="28">
							<String ID="string_290" HPOS="196" VPOS="1448" WIDTH="49" HEIGHT="20" WC="0.96" CONTENT="nast"/><SP WIDTH="15" VPOS="1448" HPOS="245"/>
							<String ID="string_291" HPOS="260" VPOS="1447" WIDTH="72" HEIGHT="21" WC="0.96" CONTENT="såsom"/><SP WIDTH="15" VPOS="1447" HPOS="332"/>
							<String ID="string_292" HPOS="347" VPOS="1446" WIDTH="132" HEIGHT="22" WC="0.96" CONTENT="ordförande"/><SP WIDTH="10" VPOS="1446" HPOS="479"/>
							<String ID="string_293" HPOS="489" VPOS="1447" WIDTH="8" HEIGHT="21" WC="0.92" CONTENT="i"/><SP WIDTH="8" VPOS="1447" HPOS="497"/>
							<String ID="string_294" HPOS="505" VPOS="1446" WIDTH="158" HEIGHT="22" WC="0.92" CONTENT="Häradsrätten"/><SP WIDTH="11" VPOS="1446" HPOS="663"/>
							<String ID="string_295" HPOS="674" VPOS="1447" WIDTH="57" HEIGHT="27" WC="0.93" CONTENT="tagit"/><SP WIDTH="12" VPOS="1447" HPOS="731"/>
							<String ID="string_296" HPOS="743" VPOS="1446" WIDTH="211" HEIGHT="26" WC="0.92" CONTENT="domarebefattning"/>
						</TextLine>
					</TextBlock>
				</ComposedBlock>
			</PrintSpace>
		</Page>
	</Layout>
</alto>
