1086 1717
366 285 32 23 U.
414 285 38 23 B.
468 298 27 4 —
511 284 139 24 XXX.

340 364 219 53 Bankutskottets
569 368 140 48 berättelse
722 383 69 28 öfver
799 373 81 37 verk-

273 424 68 25 stäld
350 424 159 31 granskning
519 424 27 23 af
549 423 122 24 Finlands
678 422 83 25 banks
768 422 112 31 styrelse

274 465 47 23 och
338 464 119 24 tillstånd
474 465 81 22 under
573 465 61 22 åren
654 462 182 25 1882—1884.

157 537 27 3 +.
204 520 92 22 Jemlikt
312 521 13 26 &
340 520 26 21 38
381 520 25 21 L.
423 519 24 22 O.
463 520 34 21 får
511 519 173 22 Bankutskottet
698 519 111 21 vördsamt
818 517 59 22 med-

137 555 51 21 dela
202 555 87 21 landets
304 554 121 28 höglofliga
439 554 94 21 Ständer
548 553 114 22 resultatet
673 553 25 21 af
704 553 41 21 den
756 552 119 22 undersök-

137 589 53 27 ning
206 589 111 21 Utskottet
332 591 65 25 egnat
412 589 101 21 bankens.
528 588 136 27 förvaltning
675 587 40 22 och
732 587 50 22 dess
791 586 90 22 fonders

137 623 101 22 tillstånd
252 623 68 21 under
335 623 27 21 de
376 625 32 18 tre
423 622 144 23 sistförflutna
582 622 60 27 åren,
658 622 7 21 i
679 621 84 22 hvilket
775 620 104 22 afseende

137 657 112 22 Utskottet
264 657 127 28 genomgätt
405 656 217 27 Bankfullmäktiges
630 656 35 21 till
673 656 112 21 Utskottet
794 655 86 27 afgifna

137 691 125 28 berättelse,
278 698 46 15 som
338 691 73 22 blifvit
423 691 83 27 jemväl
521 691 59 26 inom
596 690 94 21 ständen
706 689 97 27 utdelad,
819 689 60 21 Full-

137 725 110 28 mäktiges
270 725 115 28 protokoll,
403 725 145 27 brefkonsept
563 725 41 21 och
620 731 27 15 en
663 724 35 21 del
713 724 8 21 i
736 724 65 22 deras
816 723 64 22 arkiv

137 760 115 27 befintliga
263 760 132 27 handlingar
407 759 112 22 äfvensom
530 759 211 21 Bankrevisorernes
749 757 131 23 berättelser

139 794 34 22 för
187 795 53 21 åren
254 795 147 26 1881-—1883,
413 793 115 22 hvarutom
537 793 112 22 Utskottet
657 793 25 22 af
688 793 61 28 såväl
765 791 115 23 Bankfull-

139 829 97 26 mäktige
259 835 46 15 som
322 828 204 22 Bankdirektionen
550 828 88 21 erhållit
659 827 160 28 upplysningar
839 826 41 21 och

139 863 118 27 uppgifter,
278 863 139 26 nödvändiga
437 862 34 22 för
491 864 30 19 ett
537 869 155 20 noggrannare
707 861 136 22 bedömande
859 860 25 21 af

139 897 112 22 särskilda
265 897 89 21 banken
369 897 92 21 rörande
477 896 103 27 åtgärder
596 895 41 22 och
652 895 203 22 sakförhållanden.

208 970 75 21 Under
308 971 41 21 den
371 970 102 28 tidrymd,
488 970 89 21 hvartill
593 970 154 28 efterföljande
763 969 117 24 berättelse

140 1005 80 21 hänför
234 1005 42 27 sig,
292 1005 66 21 hafva
372 1005 47 21 vårt
435 1005 64 20 lands
515 1005 217 21 handelstransaktio
740 1011 39 15 ner
790 1004 51 21 med
848 1006 33 19 ut-

140 1039 76 20 landet
231 1038 8 21 i
254 1039 121 21 allmänhet
389 1039 50 20 icke
453 1039 119 27 undergätt
588 1039 70 27 några
676 1041 60 19 stora
757 1038 124 22 förändrin-

141 1079 46 21 gar.
202 1089 1 2 .
216 1073 42 21 Väl
275 1073 42 21 har
331 1073 106 27 importen
453 1073 26 21 af
490 1079 65 15 varor
570 1073 49 21 från
635 1073 99 21 utlandet
749 1073 58 23 varit
822 1073 7 21 i
844 1073 38 21 sti-

141 1107 79 28 gande,
235 1113 49 16 men
300 1107 29 28 på
344 1114 27 15 en
386 1107 35 22 del
437 1107 104 22 områden
556 1107 41 22 har
612 1110 105 25 exporten
729 1107 97 24 deremot
833 1107 49 23 haft

141 1143 32 19 att
194 1141 82 28 kämpa
298 1141 50 22 med
370 1141 141 28 svårigheter,
533 1141 69 22 bland
616 1141 78 22 hvilka
708 1141 27 22 de
750 1141 131 28 nedgående

141 1175 74 27 prisen
230 1175 30 27 på
274 1177 98 20 trävaror
386 1175 77 21 verkat
478 1175 124 28 menligast.
633 1175 100 22 Sistlidet
748 1176 25 20 år
782 1176 42 21 har
834 1175 48 22 der-

138 1209 68 27 jemte
221 1209 34 21 för
271 1211 104 26 exporten
389 1210 98 27 uppstått
503 1216 28 15 en
545 1209 65 28 högst
618 1210 119 21 allvarsam
745 1210 48 23 fara
804 1209 79 28 deruti,

142 1244 35 19 att
188 1242 53 22 flere
256 1243 26 21 af
293 1243 86 22 landets
394 1245 69 20 större
478 1243 131 22 industriela
624 1243 153 28 inrättningar,
793 1244 89 22 hvilkas

141 1276 169 28 tillverkningar
324 1277 151 28 förnämligast
490 1277 67 22 hafva
572 1278 112 27 Ryssland
695 1278 34 21 till
737 1278 145 28 afsättnings-

142 1312 40 26 ort,
201 1310 64 22 hotas
281 1311 25 21 af
318 1312 96 26 utsigten
428 1313 32 20 att
475 1312 118 21 framdeles
608 1312 23 21 få
646 1312 33 21 dit
694 1312 73 22 utföra
781 1312 50 22 sina
844 1319 39 14 va-

142 1351 36 15 ror
200 1344 78 22 endast
293 1348 57 18 emot
365 1345 133 27 erläggande
515 1345 25 21 af
551 1346 99 22 särdeles
666 1346 70 28 dryga
750 1346 134 27 tullafgifter

143 1391 28 4 —
185 1381 31 19 ett
234 1379 137 22 förhållande
386 1379 81 22 hvaraf
478 1381 79 26 ytterst
573 1380 65 21 svåra
652 1380 81 27 följder
747 1380 77 21 kunna
839 1380 44 21 för-

142 1415 85 25 väntas,
247 1420 34 14 om
300 1414 50 21 icke
365 1414 27 21 de
407 1414 81 21 mellan
502 1413 74 22 finska
590 1414 41 21 och
647 1414 69 28 ryska
729 1415 110 27 styrelsen
853 1420 30 15 nu

142 1447 115 28 pågående
273 1448 232 26 underhandlingarna
519 1447 8 21 i
542 1447 79 28 frågan
637 1450 53 25 taga
705 1455 27 15 en
742 1448 35 22 för
785 1448 99 22 Finland

212 1486 153 18 Bankutskottets
378 1487 95 18 berättelse
485 1487 127 23 (betänkande
623 1487 37 18 N:o
672 1488 25 22 1).

901 995 39 18 Sid.
953 995 47 17 2—3

892 1023 73 23 Bankf.
977 1023 38 18 ber.
