1086 1717
216 160 26 20 36
506 173 7 5 +
563 160 10 21 I

186 228 86 20 komma
296 228 119 21 emellertid
439 230 33 20 att
493 229 122 21 Ständerna
631 229 35 21 vid
683 229 70 21 denna
769 229 104 27 landtdag
889 230 59 21 med-

186 262 70 25 delas;

259 297 58 26 68:0)
334 298 32 20 att
382 297 79 27 nådiga
477 298 168 26 propositioner,
660 298 111 26 angående
783 298 112 26 byggande
906 298 39 21 och

188 330 114 22 underhåll
318 331 22 21 af
355 332 68 27 kyrka
438 332 39 21 och
493 332 115 27 prestgård
624 332 7 21 i
648 333 48 20 stad
712 332 39 22 och
763 332 27 27 på
801 332 79 26 landet,
891 334 55 19 samt

188 365 134 22 beträffande
338 366 79 21 allmän
433 367 109 26 reglering
558 366 23 21 af
592 367 175 26 presterskapets
779 366 94 26 aflöning
883 366 7 21 i
901 366 45 21 lan-

188 400 47 20 dets
252 400 248 26 evangelisk-lutherska
511 401 158 26 församlingar,
680 401 68 21 måtte
759 400 122 22 Ständerna
891 400 55 21 före-

186 435 86 26 läggas;
288 437 25 19 är
329 436 64 26 nådig
410 437 134 26 proposition
556 435 121 22 Ständerna
688 443 28 14 nu
727 436 98 25 förelagd
837 435 109 27 angående

186 471 124 25 grunderna
327 471 33 20 för
376 471 109 26 reglering
501 471 22 20 af
538 471 174 26 presterskapets
728 470 94 27 aflöning
838 471 4 20 i
853 470 93 21 nämnda

188 504 159 27 församlingar,
363 505 114 21 hvaremot
490 505 136 26 proposition
637 511 33 15 om
682 505 117 21 förändrad
810 505 135 26 lagstiftning

187 539 93 20 rörande
297 539 111 27 byggande
425 540 39 20 och
481 539 112 21 underhåll
610 539 24 21 af
643 539 69 27 kyrka
723 539 38 21 och
773 539 114 27 prestgård
899 539 46 20 icke

187 573 78 21 hunnit
281 573 32 21 till
330 574 70 20 denna
416 573 104 27 landtdag
536 574 122 25 utarbetas;

258 609 59 24 69:0)
340 611 33 18 att
397 609 180 26 rektorstjensten
596 609 36 20 vid
652 609 60 26 lägre
728 608 194 21 elementarskolan
938 608 6 20 i

186 642 121 21 Jakobstad
331 643 66 21 måtte
421 643 98 21 besättas
542 643 49 21 med
615 643 109 21 ordinarie
746 643 139 20 innehafvare
906 643 38 20 och

186 677 75 20 rektor
281 677 88 27 åläggas
391 680 38 23 att,
449 680 45 18 mot
513 678 141 26 uppbärande
673 678 23 20 af
713 678 26 20 de
755 677 34 22 för
805 677 60 21 detta
880 677 64 20 ända-

186 711 43 20 mål
247 712 104 26 anslagna
367 712 199 27 donationsbidrag,
583 712 98 21 meddela
697 712 155 26 undervisning
865 711 78 27 jemväl

187 746 6 19 i
210 745 134 22 fremmande
360 747 71 26 språk,
453 749 56 18 samt
525 748 32 19 att
573 747 26 20 de
615 747 22 20 af
652 747 114 20 framlidne
781 746 163 21 Referendarie-

186 780 153 21 sekreteraren
362 781 83 20 Henrik
469 781 105 21 Reinhold
598 781 58 21 Bäck
676 787 75 20 genom
769 780 175 21 testamentarisk

186 814 129 27 disposition
340 815 31 21 till
394 815 83 21 förmån
494 815 34 21 för
544 815 124 21 skolverket
685 815 5 20 i
706 815 59 20 förra
782 809 46 26 Åbo
845 815 47 20 stift
908 815 36 20 do-

186 849 80 20 nerade
290 849 69 21 medel
384 849 66 21 måtte
473 850 33 20 till
526 849 36 21 det
581 849 89 21 afsedda
686 849 123 21 ändamålet
825 849 119 25 användas;

185 883 39 20 har
248 883 60 21 Hans
332 883 121 27 Kejserliga
476 883 102 28 Majestät
601 885 7 19 i
632 884 66 21 nåder
714 884 81 23 tillåtit,
812 883 132 21 beträffande

186 917 75 20 skolan
278 917 6 20 i
301 918 129 25 Jakobstad,
447 920 39 25 att,
501 918 65 26 jemte
582 919 37 20 det
630 918 181 27 rektorstjensten
821 918 35 20 vid
869 915 75 23 skolan

186 951 40 21 bör
242 952 131 21 ordinariter
389 953 104 25 besättas,
518 953 76 26 åtgärd
610 953 34 20 mä
661 953 98 26 vidtagas
776 953 73 20 derom
865 954 38 23 att,
921 952 24 21 sä

185 986 47 21 vidt
255 987 147 20 räntemedlen
423 987 12 20 &
455 987 26 20 de
497 987 31 20 till
546 987 82 20 förmän
645 987 33 21 för
695 987 75 21 skolan
786 987 77 26 gjorda
879 987 65 20 dona-

185 1020 71 21 tioner
272 1020 73 25 förslä,
362 1021 77 21 kurser
455 1021 7 20 i
478 1021 27 21 de
521 1021 22 20 af
558 1021 106 21 donatorn
675 1021 90 21 afsedda
776 1021 168 26 kunskapsstyc-

186 1055 41 20 ken
244 1055 5 20 i
268 1055 75 20 skolan
360 1055 88 24 införas,
460 1055 32 21 till
509 1055 40 21 den
566 1056 33 20 del
616 1056 26 20 de
658 1056 18 26 ej
694 1056 50 26 ingä
759 1055 7 21 i
783 1056 26 20 de
820 1055 124 21 nuvarande

185 1089 159 26 läroplanerna,
371 1091 62 24 samt,
460 1091 6 19 i
493 1089 61 27 fräga
579 1096 34 15 om
638 1089 306 22 Referendariesekreteraren

185 1123 71 21 Bäcks
273 1124 190 25 testamentsfond,
479 1126 32 19 att
527 1126 103 19 räntorna
645 1124 63 21 deraf
722 1125 21 20 få
758 1126 62 24 tagas
831 1124 6 20 i
850 1123 93 27 anspråk

184 1157 34 21 för
243 1158 122 21 beredande
385 1158 22 21 af
426 1158 85 21 tillfälle
527 1159 32 20 till
576 1165 25 14 en
618 1159 89 26 lämplig
723 1159 106 20 latinkurs
845 1158 36 21 vid
897 1157 57 23 två-.

184 1191 98 27 klassiga
305 1193 74 20 skolor
397 1193 7 20 i
424 1193 65 21 södra
509 1193 37 20 och
564 1199 64 15 norra
644 1193 62 21 delen
722 1193 23 20 af
758 1193 47 20 före
821 1193 59 20 detta
896 1186 47 27 Åbo

184 1225 54 22 stift.
269 1226 45 21 Och
338 1229 24 18 är
385 1227 146 21 förordnande
550 1233 34 15 om
600 1227 192 26 verkställigheten
808 1226 63 21 häraf
885 1227 58 20 med-

184 1260 76 21 deladt
276 1256 174 31 Öfverstyrelsen
467 1261 33 21 för
517 1261 160 27 skolväsendet;

254 1295 58 27 70:0)
333 1298 32 18 att
381 1296 225 21 fruntimmersskolor
621 1296 49 21 med
685 1296 67 20 finskt
768 1295 174 27 undervisnings-

182 1329 66 26 språk
266 1330 67 21 måtte
349 1330 28 27 på
394 1332 82 19 statens
493 1330 119 21 bekostnad
628 1331 93 20 inrättas
737 1330 60 20 såväl
808 1330 6 20 i
825 1329 119 27 Jyväskylä

181 1369 47 15 som
245 1364 6 20 i
268 1364 92 27 Kuopio,
382 1364 39 22 den
438 1365 7 20 i
462 1365 134 21 sistnämnda
612 1365 48 21 stad
678 1364 118 27 sjuklassig
811 1364 40 20 och
867 1364 75 20 skolan

180 1397 6 21 i
205 1398 121 27 Jyväskylä
342 1398 54 22 efter
413 1398 123 28 Styrelsens
552 1401 99 19 närmare
666 1399 153 26 bepröfvande,
841 1398 102 26 antingen

181 1432 48 20 med
246 1432 52 21 fem-
315 1433 52 21 eller
384 1434 82 26 sjuårig
483 1434 109 25 lärokurs;
