1086 1717
821 142 24 21 17

116 206 58 21 sätta
195 205 215 22 Landthushållaren
432 204 26 22 L.
479 204 41 22 och
535 204 195 22 Landthandlaren
745 205 21 21 J.
781 205 27 21 de
823 205 49 21 dem

115 246 77 21 genom
215 240 67 27 sagda
304 239 105 27 felaktiga
424 238 126 22 förfarande
566 238 118 23 åsamkade
700 239 93 27 onödiga
807 239 65 28 utgif-

115 276 34 20 ter
163 276 56 19 samt
234 274 34 21 att
281 274 9 20 i
305 274 79 21 sådant
399 273 103 22 afseende
517 273 90 27 utgifva,
622 273 35 21 till
670 274 26 21 L.
714 274 41 22 110
769 274 62 22 mark
846 275 27 21 78

117 308 66 28 penni
198 308 41 22 och
253 308 34 22 till
302 308 20 21 J.
338 308 39 21 341
395 307 62 22 mark
472 309 27 21 47
515 308 74 27 penni,
606 308 112 21 hvaremot
732 308 38 22 L:s
785 308 40 22 och
840 308 33 22 J:s

117 343 121 22 derutöfver
260 342 97 22 sträckta
379 342 98 28 anspråk
498 342 112 22 lemnades
630 344 54 20 utan
699 342 108 28 afseende,
823 344 52 20 enär

116 378 72 22 utredt
210 377 76 26 blifvit,
303 379 33 19 att
356 376 158 22 Häradsrätten
529 376 8 22 i
552 377 25 21 L.
594 376 92 22 sockens
701 377 94 27 tingslag
811 376 64 22 emel-

116 412 64 22 lertid
202 418 77 21 genom
302 411 76 28 utslag;
395 412 41 20 den
452 412 29 21 20
497 411 96 22 Oktober
610 412 54 22 1881
680 412 31 27 på
725 412 74 21 derom
813 411 63 28 gjord

117 447 121 26 ansökning
259 445 79 22 bifallit
362 445 34 22 till
419 445 163 23 ofvannämnda
597 446 182 28 klyfningsskifte,
794 446 82 22 hvilket

116 480 318 22 Kommissionslandtmätaren
449 480 29 21 M.
495 481 91 21 medelst
601 481 119 21 resolution
736 481 41 21 den
794 482 25 21 17
835 481 42 21 De-

119 515 84 22 cember
220 516 52 21 1881
289 515 124 22 förordnats
428 517 33 20 att
476 515 100 28 förrätta,
584 517 57 20 samt
655 515 25 22 af
693 517 31 20 ett
739 515 50 22 utaf
801 515 27 22 M.
845 517 34 19 ut-

117 550 119 27 händigadt
258 549 59 22 bevis
337 549 126 28 framginge,
479 552 33 19 att
528 551 26 20 de
570 549 24 22 af
607 550 25 21 L.
648 550 41 21 och
704 550 19 21 J.
739 549 34 22 för
789 551 26 20 de
830 549 49 22 här-

117 584 72 26 intills,
204 584 88 21 utförda
307 584 89 21 arbeten
411 584 7 21 i
433 584 42 21 och
490 584 35 22 för
539 584 186 28 klyfningsskiftet
739 584 67 22 hafda
821 585 59 21 kost-

120 619 67 21 nader
208 619 62 21 torde
285 619 89 21 komma
390 621 33 19 att
439 619 49 21 dem
504 619 33 22 till
552 620 56 26 godo
624 619 106 22 beräknas
744 619 37 22 vid
795 625 84 15 samma

119 653 74 22 skiftes
218 653 144 28 fullföljande.
392 653 62 22 Dock
477 653 111 22 lemnades
611 653 25 22 L.
660 653 40 22 och
723 653 18 22 J.
763 654 66 27 öppet
845 655 33 19 att

118 687 114 22 framdeles
247 688 7 21 i
269 688 51 27 laga
334 688 93 27 ordning
442 687 75 22 utföra
532 688 60 21 talan
608 695 36 14 om
659 688 122 27 ersättning
793 687 33 22 för
836 688 42 21 den

119 722 34 21 del
168 722 25 22 af
205 722 165 27 ifrägavarande
385 722 126 27 kostnader,
529 729 45 14 som
590 723 27 20 de
632 722 55 21 efter
702 722 85 21 skiftets
803 721 76 22 slutfö-

119 757 67 21 rande
196 757 102 27 möjligen
308 756 73 22 kunde
392 756 75 28 styrka
477 757 49 21 icke
536 757 66 21 hafva
612 757 91 21 kommit
714 757 48 21 dem
772 756 33 21 till
815 757 64 26 godo.

186 786 97 32 Ändring
305 791 8 21 i
334 792 60 21 detta
408 791 73 27 utslag
497 791 73 22 söktes
584 798 79 21 genom
678 791 149 27 underdäniga
842 790 37 21 be-

119 826 49 21 svär
182 825 18 28 ej
217 826 84 21 mindre
316 825 25 22 af
353 825 193 22 Advokatfiskalen
561 827 29 20 än
605 825 25 22 af
642 825 38 22 t.f.
689 825 189 22 Vicelandssekre-

118 862 86 19 teraren
226 860 32 25 E.;
282 867 49 14 men
354 860 120 27 Kejserliga
498 860 94 22 Senaten
615 860 53 21 fann
683 860 8 21 i
706 860 72 27 utslag
793 861 42 20 den
851 860 27 21 14

119 894 105 22 Februari
234 896 54 21 1883
299 895 47 21 skäl
361 895 48 21 icke
424 901 53 16 vara
493 895 14 21 &
521 895 126 27 nägondera
662 895 62 21 sidan
740 894 91 22 anförda
846 893 34 22 till

120 929 90 27 ändring
220 929 7 21 i
235 929 129 22 Hofrättens
381 929 160 22 ofvanberörda
555 929 79 28 utslag,
645 929 90 22 hvarvid
750 929 57 27 förty
822 929 57 20 kom-

123 970 34 15 me
173 965 32 20 att
220 963 58 22 bero.

188 1061 155 28 Skyldigheten
360 1063 33 20 att
408 1061 105 22 vintertid
529 1061 91 22 medelst
636 1061 103 28 plogning
755 1061 41 21 och
811 1060 67 21 skott-

120 1096 51 27 ning
187 1096 127 21 underhälla
330 1096 110 21 allmänna
454 1097 97 26 vägarne
566 1096 60 21 inom
642 1095 23 22 T.
681 1095 198 22 länsmansdistrikt

119 1130 50 27 blef,
193 1130 55 21 efter
270 1131 74 20 derom
367 1130 24 21 af
416 1130 219 21 Kronolänsmannen
658 1130 107 21 utverkad
787 1129 93 27 skriftlig

121 1165 115 27 stämning,
260 1166 41 20 den
322 1166 26 21 29
365 1165 97 21 Oktober
480 1165 56 22 1880
550 1171 78 21 genom
644 1163 236 28 entreprenadauktion

119 1199 57 22 inför
196 1199 158 22 Häradsrätten
370 1200 7 20 i
400 1202 62 19 orten
483 1199 107 28 utbjuden
606 1199 33 21 till
655 1199 26 21 de
697 1198 182 21 minstfordrande

118 1233 35 22 för
175 1240 26 15 en
221 1234 33 21 tid
269 1233 24 22 af
306 1236 32 19 tre
354 1234 29 25 är,
400 1233 85 22 räknad
501 1233 48 22 frän
565 1234 42 20 den
624 1235 11 20 1
652 1233 91 21 Januari
760 1233 61 25 1881,
838 1232 40 21 och

119 1275 51 15 voro
193 1269 95 20 nämnda
308 1269 66 27 vägar
389 1268 8 21 i
413 1269 80 20 sådant
509 1268 102 21 afseende
626 1267 111 22 fördelade
752 1267 8 21 i
774 1267 107 21 femtiotre

119 1302 107 22 särskilda
240 1303 72 21 lotter.
342 1297 19 27 Å
376 1304 63 20 dessa
456 1302 79 22 lotters
550 1302 114 22 underhåll
679 1302 86 28 gjordes
781 1301 36 22 vid
827 1301 53 21 auk-

120 1337 74 21 tionen
214 1337 74 21 anbud
306 1337 25 21 af
344 1336 77 28 fyratio
437 1336 109 22 särskilda
562 1343 110 21 personer,
688 1336 73 21 hvilka
777 1335 42 21 alla
834 1335 46 21 före

120 1371 112 22 anbudens
254 1371 123 28 afgifvande
399 1370 123 22 förbehöllo
546 1371 32 27 sig
600 1373 32 19 att
652 1370 18 28 ej
687 1370 92 22 behöfva
793 1370 47 20 lösa
855 1370 27 20 de

120 1406 154 27 expeditioner,
290 1406 139 22 Guvernören
451 1406 7 20 i
477 1406 61 21 länet
553 1406 36 21 vid
604 1406 102 20 ärendets
722 1404 87 27 slutliga
823 1404 59 27 pröf-

120 1440 51 28 ning
193 1440 80 27 kunde,
296 1441 29 26 på
344 1441 43 20 sätt
405 1439 113 22 tillförene
533 1440 64 25 skett,
614 1439 52 27 vilja
681 1439 33 21 till
729 1439 49 21 dem
794 1438 88 22 utförda

799 1474 10 10 2
