1086 1717
831 151 25 19 39

129 214 81 22 blifvit
220 214 9 21 i
240 214 39 21 det
292 216 114 19 närmaste
415 212 118 29 slutfördt,
542 213 120 28 uppdrogo
671 213 162 29 Fullmäktige
841 214 45 21 den

132 251 25 19 17
166 248 97 22 Januari
274 250 54 20 1883
340 248 23 20 åt
373 247 142 21 Arkitekten
523 247 108 21 Theodor
638 247 82 29 Höijer
728 248 44 21 och
779 248 108 28 Ingeniö-

131 290 41 14 ren
177 282 107 22 Theodor
288 281 116 28 Tallqvist
411 282 35 20 att
454 281 9 21 i
470 284 98 18 närvaro
577 280 26 22 af
610 281 277 29 byggnadskomitén
849 276 41 38 och

131 316 173 22 vederbörande
323 314 106 30 bygnads
444 317 175 26 entreprenörer
633 316 128 21 verkställa
776 316 111 28 afsyning
904 328 4 3 -

131 352 14 20 å
159 350 77 22 huset.
268 345 72 27 Öfver
354 349 180 28 förrättningen,
551 357 49 14 som
616 349 129 29 försiggick
760 350 7 22 i
783 350 72 22 slutet
865 350 25 22 af

133 392 85 14 samma
233 384 91 27 månad,
339 383 94 29 afgåfvo
445 387 158 25 synemännen
613 384 130 22 berättelse.
759 384 43 22 Uti
812 384 75 22 denna

132 419 130 28 berättelse,
286 418 94 22 hvartill
403 418 217 28 Bankfullmäktige
636 418 8 21 i
660 418 71 29 öfrigt
747 418 92 22 anhålla
854 421 34 19 att

133 453 24 22 få
172 454 102 24 hänvisa,
290 452 133 22 framhälles
440 454 34 19 att
489 452 132 21 bankhuset
636 452 107 29 uppförts
759 453 8 21 i
782 460 107 21 noggran

133 487 239 22 öfverensstämmelse
395 487 52 21 med
470 487 28 21 de
517 487 37 21 för
569 487 127 21 detsamma
710 487 123 22 faststälda
847 488 41 21 rit-

132 522 116 28 ningarna
263 523 59 20 samt
342 521 36 22 till
393 521 174 28 konstruktion,
584 521 130 22 materialer
729 522 44 21 och
788 524 78 19 arbete
881 523 7 20 i

133 556 127 21 allmänhet
275 556 51 21 icke
342 555 87 21 lemnar
444 563 51 14 rum
510 555 36 22 för
556 556 78 27 någon
645 556 161 28 anmärkning.
822 555 67 22 Efter

133 590 46 22 den
194 590 97 22 sålunda
312 589 142 22 verkställda
469 589 140 29 afsyningen
626 589 170 23 öfverlemnade
811 591 78 21 Bank-

133 625 151 28 fullmäktige
306 631 84 21 genom
411 623 124 22 skrifvelse
550 624 37 21 för
602 624 45 21 den
663 627 11 18 7
691 625 112 21 Februari
817 625 73 21 bank-

133 659 69 21 huset
224 659 38 21 till
284 658 227 22 Bankdirektionens
533 658 146 28 förvaltning
703 661 60 19 samt
785 659 104 21 anmälde

134 693 42 21 hos
199 693 89 21 Finans
311 692 171 29 Expeditionen
505 695 36 19 att
563 693 46 21 den
632 693 36 21 för
687 693 114 22 Finlands
817 693 74 22 Stats-

134 727 86 22 kontor
234 727 9 22 i
258 726 100 22 hämnda
380 727 95 28 bygnad
497 727 96 22 inredda
615 727 63 21 lokal
698 727 52 22 stod
766 727 37 22 till
819 727 72 22 Stats-

134 761 121 22 kontorets
278 761 144 28 förfogande.
452 761 62 21 Kort
537 761 70 28 derpå
628 761 130 28 försiggick
781 762 109 21 Bankens

135 798 60 19 samt
206 795 185 22 Statskontorets
402 795 140 28 inflyttning
551 796 8 21 i
569 795 139 28 bankhuset,
717 795 94 22 hvarest
819 795 72 22 bank-

135 830 102 21 rörelsen
253 829 82 28 vidtog
350 829 130 28 Måndagen
496 829 46 22 den
558 833 26 18 12
600 831 68 20 Mars.

205 864 94 28 Frågan
321 863 115 22 huruvida
457 863 168 29 gasbelysning
647 864 78 21 kunde
747 864 92 21 komma
855 864 37 21 till

138 897 152 29 användning
305 898 8 21 i
330 898 131 21 bankhuset
475 898 60 21 hade
550 898 46 21 den
608 902 24 19 15
644 898 111 21 Februari
767 901 55 19 1882
833 898 59 21 före-

137 932 61 21 varit
213 932 38 21 till
265 939 132 21 gemensam
413 932 180 29 öfverläggning
607 933 52 20 med
670 932 221 22 Bankdirektionen.

137 967 12 20 I
165 966 103 28 enlighet
284 966 52 21 med
346 966 228 29 Bankfullmäktiges
586 974 86 14 samma
683 967 45 28 dag
738 967 79 21 derom
827 967 66 28 gifna

137 999 162 28 förordnande,
311 1000 51 21 blef
369 1008 41 21 gas
422 1000 129 23 sedermera
561 1001 96 21 inledd
644 995 14 39 i
668 1001 137 27 vestibulen,
816 1003 77 26 trapp-

137 1035 149 28 uppgången,
302 1035 167 27 korridorerna,
489 1035 149 22 kassörernes
653 1043 51 13 rum
719 1035 67 22 och'i
802 1035 91 28 expedi-

138 1067 134 23 tionssalen.
303 1069 124 21 Dessutom
450 1073 39 18 äro
505 1069 122 28 gaslyktor
642 1069 95 22 afsedda
752 1071 35 20 att
802 1069 92 22 anbrin-

138 1111 41 20 gas
194 1103 66 22 invid
276 1105 61 20 stora
352 1104 147 27 uppgången.
530 1103 156 28 Inledningen
702 1103 25 22 af
740 1111 41 21 gas
792 1104 37 22 till
840 1103 55 22 Fin-

138 1137 66 22 lands
222 1137 160 22 Statskontors
399 1137 63 22 lokal
473 1137 42 22 har
526 1137 26 22 af
561 1138 168 21 statskontoret
740 1137 65 30 sjelft
815 1137 80 22 blifvit

138 1171 120 22 bekostad.

208 1206 150 21 Bankhusets
373 1205 83 28 möbel,
472 1205 26 22 af
510 1205 78 22 bonad
603 1206 35 28 ek,
655 1209 25 18 är
690 1206 118 22 levererad
819 1205 26 23 af
852 1206 43 21 Fa-

138 1239 126 22 brikanten
286 1241 28 20 R.
337 1240 153 28 Heimberger
512 1240 37 22 för
572 1243 34 18 ett
627 1241 48 28 pris
691 1240 26 22 af
730 1243 77 26 22,809
822 1240 73 22 mark.

140 1274 94 29 Skåpen
257 1275 43 21 och
323 1275 108 28 hyllorna
449 1274 26 22 af
485 1275 54 29 jern
554 1275 8 21 i
576 1275 112 22 hvalfven
703 1275 71 22 hafva
788 1274 107 22 förfärdi-

139 1311 52 26 gats
208 1309 26 21 af
246 1309 140 28 Ingeniören
402 1309 27 21 G.
445 1309 27 21 E.
489 1310 121 28 Berggren
626 1312 59 19 samt
700 1310 113 28 medtagit
821 1318 29 13 en
859 1312 36 18 ut-

139 1342 47 29 gift
201 1343 25 21 af
241 1346 77 24 44,890
340 1343 72 21 mark.
443 1344 43 20 Om
506 1344 230 28 Bankfullmäktiges
752 1344 144 28 åtgöranden

139 1377 37 21 för
190 1377 106 21 möbelns
316 1377 150 22 anskaffande
482 1378 44 22 och
541 1378 123 22 hvalfvens
680 1378 125 29 inredning
820 1379 77 21 lemna

139 1411 149 28 protokollen
303 1412 36 21 för
354 1411 45 22 den
415 1414 18 24 6,
450 1414 26 20 26
493 1412 44 22 och
554 1415 25 19 29
590 1412 57 22 Juni
660 1415 54 19 1882
724 1416 105 18 närmare
839 1419 57 22 upp-

139 1445 105 28 lysning.

208 1479 192 28 Redovisningen
425 1479 66 22 öfver
515 1480 157 22 kostnaderna
695 1480 36 22 för
753 1481 143 21 bankhusets
