1086 1717
219 157 27 20 62

188 220 52 29 vigt
254 220 42 22 vid
318 220 171 22 direktörernes
512 220 162 28 amovibilitet,
690 220 26 22 så
730 220 71 22 borde
817 220 70 22 också
901 220 46 22 alla

189 255 111 22 Bankens
322 254 147 30 tjenstemän,
484 256 66 20 utom
565 254 273 28 bankkommissarierna,
854 254 91 22 hvilkas

189 290 147 22 tillsättande
356 290 53 22 icke
431 289 68 22 beror
517 289 26 22 af
555 289 156 22 Direktionen
726 296 86 21 ensam,
827 290 80 21 kunna
922 289 26 22 af

188 324 155 22 Direktionen
364 324 61 22 efter
446 323 230 29 omständigheterna
697 326 97 26 antagas
815 324 43 22 och
873 324 72 22 entle-

189 359 74 29 digas,
285 366 54 14 men
360 358 53 22 hela
434 358 65 22 detta
520 358 190 22 betraktelsesätt
728 358 120 22 förefaller
862 358 82 22 Direk-

188 394 82 21 tionen
291 393 53 22 från
361 394 154 28 statsrättslig
533 393 122 29 synpunkt
669 393 90 28 ganska
774 392 97 30 vädligt.
901 392 43 22 Om

190 428 131 23 Ständerna
335 428 37 22 för
387 428 45 22 den
447 427 60 22 enda
522 428 138 28 inrättning,
676 435 50 14 som
737 428 48 21 står
794 428 75 21 under
878 427 65 22 deras

188 463 90 29 tillsyn,
293 463 93 29 påkalla
402 463 25 21 så
441 463 170 28 exceptionella
626 462 145 29 stadganden
785 463 8 21 i
808 462 107 22 afseende
930 463 14 20 å

187 497 153 30 tjenstemäns
355 497 131 29 antagande
502 497 43 22 och
559 497 148 28 afskedande,
718 498 25 21 så
755 497 77 28 ligger
842 497 39 22 det
888 501 56 18 nära

188 533 38 21 till
248 532 81 28 hands,
352 534 35 20 att
409 539 88 14 samma
512 529 147 31 synpunkter
674 531 147 29 småningom
836 535 56 25 göra
906 531 38 28 sig

188 567 109 28 gällande
320 567 69 21 äfven
404 567 29 28 på
449 566 71 22 andra
535 566 111 22 områden
661 565 26 22 af
700 565 45 22 den
761 566 122 28 offentliga
897 565 46 22 för-

186 601 146 29 valtningen,
354 601 152 28 hvarigenom
528 603 58 19 utan
600 600 85 22 tvifvel
700 608 30 14 en
745 600 26 22 af
784 600 29 22 de
828 601 114 21 starkaste

187 636 43 22 och
252 638 60 19 mest
334 636 141 29 bepröfvade
493 635 117 29 garantier
624 635 38 22 för
676 643 30 14 en
722 637 160 26 samvetsgran
896 635 46 22 för-

188 671 109 28 valtning
312 671 75 28 enligt
400 671 39 28 lag
454 671 76 21 skulle
545 670 174 29 omintetgöras.
735 669 81 23 Redan
826 677 33 14 nu
869 669 73 29 gäller

188 705 37 22 för
246 705 99 22 Banken
367 707 35 19 ett
423 705 262 28 undantagsstadgande
704 705 9 21 i
728 705 77 21 denna
819 705 72 28 fråga,
907 706 34 19 att

185 739 119 28 nemligen
323 739 41 22 vid
386 739 109 29 tjensters
517 739 137 22 besättande
670 739 108 22 afseende
793 738 147 23 uteslutande

186 774 43 21 bör
242 773 74 22 fästas
331 773 41 22 vid
387 773 45 22 den
447 773 115 22 sökandes
577 773 139 29 lämplighet
730 773 39 22 till
783 773 46 22 den
843 773 98 22 ansökta

185 808 109 29 tjensten,
317 807 43 22 och
383 807 44 22 den
451 808 50 21 häri
516 807 110 29 liggande
642 808 144 21 vidsträckta
800 807 141 28 befogenhet

184 842 38 22 för
244 843 110 21 Bankens
379 843 98 28 styrelse
499 849 69 22 synes
591 842 57 22 böra
666 850 56 14 vara
736 842 57 21 fullt
807 842 133 28 tillräcklig,

184 877 138 28 isynnerhet
346 876 41 22 vid
412 876 148 22 besättandet
582 876 26 22 af
634 876 245 28 direktörsembetena,
903 876 38 21 till

184 911 83 22 hvilka
288 911 82 21 endast
391 911 121 28 mognade,
535 911 111 28 pröfvade
670 914 55 18 män
747 911 80 21 kunna
849 911 92 21 komma

185 945 9 22 i
209 945 73 29 fråga.

253 975 79 26 Äfven
347 980 9 21 i
371 980 108 21 afseende
495 981 14 21 å
523 980 206 29 nödvändigheten
751 979 72 28 deraf,
846 981 34 20 att
902 979 39 22 det

185 1014 118 29 juridiska
325 1015 124 21 elementet
471 1019 25 17 är
510 1015 9 21 i
534 1015 148 22 direktionen
704 1014 191 29 representeradt,
917 1018 26 17 är

186 1049 156 22 Direktionen
357 1049 55 28 enig
426 1049 53 22 med
493 1049 140 22 Direktören
649 1050 114 21 Fellman.
793 1049 50 21 Här
857 1049 36 21 må
903 1056 39 14 en-

186 1083 52 22 dast
260 1083 137 29 ytterligare
418 1083 141 28 framhållas,
582 1086 35 19 att
639 1083 114 22 Finlands
776 1083 69 22 Bank
867 1083 75 22 såsom

186 1118 196 21 statsinstitution
404 1118 79 21 tillika
500 1122 25 17 är
539 1121 35 19 ett
589 1119 121 28 offentligt
723 1117 154 28 embetsverk,
893 1125 49 14 som

185 1153 49 20 står
248 1152 9 21 i
272 1151 145 30 mångfaldig
439 1152 109 29 beröring
570 1152 52 22 med
644 1152 73 22 andra
737 1152 146 22 embetsverk
898 1152 43 21 och

184 1186 134 22 domstolar.
348 1187 76 28 Insigt
446 1187 43 22 och
512 1187 132 22 erfarenhet
665 1187 9 22 i
697 1187 92 21 landets
811 1187 65 28 lagar
898 1186 43 22 och

183 1221 239 28 rättegångsväsende
445 1225 38 18 äro
507 1221 87 22 således
618 1221 70 22 äfven
712 1221 53 22 från
787 1221 76 22 denna
887 1229 54 20 syn-

184 1255 78 29 punkt
276 1255 9 22 i
300 1255 148 22 direktionen
470 1255 122 29 behöfliga,
608 1256 43 21 och
667 1256 65 21 detta
746 1255 74 22 behof
832 1255 108 28 tillgodo-

184 1297 38 14 ses
243 1292 58 19 utan
320 1289 85 23 tvifvel
420 1290 76 22 bättre
511 1290 103 28 sålunda,
630 1293 35 19 att
680 1298 30 14 en
724 1290 103 22 ledamot
841 1290 9 21 i
865 1289 75 23 direk-

181 1324 83 22 tionen
287 1324 111 22 särskildt
419 1327 64 19 utses
506 1325 53 21 med
580 1325 109 21 afseende
705 1326 13 20 å
733 1324 72 29 sagda
820 1324 120 29 qvalifika-

181 1358 77 22 tioner
273 1362 30 18 än
318 1360 35 20 att
367 1358 148 22 direktionen
530 1359 89 29 nödgas
635 1361 62 20 sätta
712 1360 37 20 sin
764 1359 29 21 lit
807 1359 38 21 till
860 1366 29 14 en
899 1366 41 15 un-

182 1392 130 22 derordnad
326 1393 147 29 tjensteman,
490 1401 50 14 som
554 1394 115 22 måhända
684 1393 57 29 sjelf
753 1397 64 18 ännu
831 1397 43 25 gör
888 1393 51 22 sina

180 1426 127 29 lärospån".

250 1461 34 21 På
300 1462 76 28 grund
392 1462 27 21 af
431 1462 29 22 de
475 1462 57 28 skäl,
548 1470 50 14 som
613 1462 218 22 Bankdirektionen
841 1462 8 22 i
860 1462 79 22 ofvan-

181 1495 85 22 anförd
280 1496 73 22 måtto
369 1496 44 23 och
428 1497 141 22 Direktören
583 1498 107 21 Fellman
705 1498 36 21 uti
755 1497 135 23 förberörda
904 1504 34 15 re-
