1086 1717
125 651 11 26 s
152 651 34 26 21.

119 1208 11 27 $
145 1209 35 20 31.

228 155 20 15 18
492 154 23 18 U.
526 155 21 16 B.
560 164 22 4 —
595 156 83 16 XXXL.

271 211 11 27 $
298 212 14 21 5
327 213 24 19 är
365 212 148 27 omstiliserad,
530 212 89 22 emedan
634 213 127 26 stadgandet
776 213 7 21 i
798 213 48 21 dess
862 214 22 21 af
893 214 69 21 komi-

203 250 36 22 ten
255 251 119 27 föreslagna
393 252 80 26 lydelse
491 252 100 26 möjligen
609 252 72 22 kunde
699 252 110 22 föranleda
824 253 65 21 sådan
904 253 56 21 tolk-

202 290 52 27 ning
270 290 64 26 deraf,
351 292 31 20 att
397 291 121 22 Ständerna
533 292 52 26 egde
600 292 161 26 afgöranderätt
777 292 131 22 beträffande
923 300 37 14 an-

202 331 135 26 vändningen
352 330 23 22 af
386 331 96 21 bankens
501 332 57 20 vinst
577 333 52 19 utan
648 334 32 19 att
699 332 92 21 beslutet
806 332 73 22 derom
894 333 67 21 erfor-

202 370 66 22 drade
283 370 142 27 Regeringens
441 371 141 21 stadfästelse.

272 410 24 27 $$
311 410 13 21 6
340 410 38 21 och
395 411 11 21 7
422 412 37 20 äro
475 410 12 21 ä
503 411 53 21 sidd.
572 411 72 21 4—15
660 411 137 21 motiverade.

271 450 134 21 Beträffande
419 451 68 21 första
502 453 116 19 momentet
629 451 23 21 af
666 451 11 27 $
696 451 24 21 18
739 451 40 21 har
793 451 111 22 Utskottet
919 452 39 27 gif-

201 490 31 21 vit
246 490 107 21 företräde
367 490 22 21 ät
404 491 208 26 Bankfullmäktiges
626 491 187 27 ändringsförslag.

271 529 162 22 Slutmomentet
448 531 7 20 i
471 531 10 26 $
500 531 25 21 19
541 533 29 23 är,
586 531 32 21 för
629 531 106 22 vinnande
749 531 24 21 af
781 533 68 20 större
860 532 97 21 korrekt-

200 569 37 22 het
251 570 8 20 i
274 570 113 27 uttrycket,
404 571 174 21 omformuleradt
596 571 7 20 i
622 567 108 25 närmaste
749 571 208 22 öfverenssämmelse

200 610 48 21 med
264 611 149 20 motsvarande
428 611 118 26 stadgande
560 611 33 21 uti
608 611 11 28 $
636 612 11 21 7
663 611 7 21 i
685 611 99 26 gällande
799 611 135 27 reglemente.

271 650 11 27 $
298 650 33 21 21.
361 650 95 21 Emedan
473 651 36 20 det
524 651 18 26 ej
558 651 68 21 sällan
641 651 96 21 inträffar
752 653 33 19 att
795 651 100 26 söndriga
906 652 50 21 eller

200 689 88 22 alldeles
302 689 97 22 förslitna
415 691 70 20 sedlar
500 691 46 20 frän
562 691 96 21 bankens
668 691 75 20 kassor
754 691 122 21 utlemnas
865 685 12 36 i
891 691 65 21 rörel-

199 735 44 20 sen,
259 729 45 26 har,
323 730 33 21 till
373 729 174 22 forekommande
565 730 69 26 häraf,
653 732 31 19 ett
703 731 74 26 tillägg
795 730 76 21 införts
886 731 69 21 säsom

199 769 52 21 sista
267 771 93 19 moment
375 769 7 21 i
397 770 70 21 denna
481 770 105 27 paragraf.

269 809 61 21 Hvad
346 809 11 27 $
373 810 23 20 21
415 809 24 22 af
447 810 98 26 gällande
555 810 129 26 reglemente
694 810 88 26 stadgar
792 810 109 26 angäende
911 817 45 14 ma-

197 849 193 26 gistratsledamots
406 849 51 21 eller
472 849 143 27 kronofogdes
631 849 121 27 skyldighet
767 849 131 22 beträffande
912 850 42 21 till-

179 904 3 5 .
199 894 39 21 syn
254 889 40 20 och
309 889 52 20 vård
375 889 23 21 af
411 891 102 23 trävaror,
530 895 45 16 som
590 890 7 20 i
612 889 85 22 banken
713 889 139 27 hypotiseras,
868 890 38 21 har
921 892 33 19 ut-

198 928 82 21 skottet
295 930 70 20 ansett
379 929 54 20 böra
448 929 117 22 bibehällas
580 929 40 22 och
635 929 27 28 pä
677 929 68 27 grund
761 929 62 21 deraf
830 929 46 21 frän
887 929 67 22 andra

198 969 118 20 momentet
331 968 7 21 i
351 968 192 27 komit&förslagets
559 970 57 20 25:te
632 969 12 27 &
659 969 98 21 uteslutit
773 969 52 20 sista
835 969 118 26 meningen.

268 1008 13 27 8
296 1009 34 20 28.
360 1009 70 20 Jemte
445 1009 36 21 det
496 1009 70 21 denna
573 1004 12 36 $
604 1009 93 21 affattats
711 1009 3 20 i
725 1011 97 18 närmare
833 1009 121 26 anslutning

196 1047 33 22 till
250 1048 6 27 $
272 1049 26 20 67
315 1049 6 20 i
336 1049 97 26 gällande
447 1049 135 26 reglemente,
593 1049 39 20 har
643 1048 112 22 Utskottet
765 1048 65 21 infört
840 1050 31 19 ett
881 1049 72 26 tillägg

196 1087 75 21 derom
294 1090 32 19 att
348 1089 26 20 de
393 1088 161 27 ifrägavarande
572 1088 135 27 uppgifterna
727 1087 61 22 skola
806 1090 53 19 utan
876 1088 77 21 tidsut-

195 1127 64 26 drägt
274 1127 96 27 afgifvas.

266 1167 63 21 Mom.
345 1168 15 21 4
374 1167 23 22 af
410 1168 11 27 $
437 1168 34 25 31,
487 1174 46 15 som
548 1168 40 21 har
602 1168 34 21 sin
647 1167 154 27 motsvarighet
811 1167 7 21 i
830 1167 10 27 $
851 1167 28 22 28
889 1173 62 15 mom.

195 1207 14 21 2
224 1207 24 21 af
261 1207 98 26 gällande
373 1208 136 25 reglemente,
528 1207 89 22 handlar
632 1214 34 15 om
685 1207 57 21 vissa
756 1207 85 21 kassors
861 1207 39 21 och
915 1207 38 21 all-

195 1247 135 26 männyttiga
344 1247 153 26 inrättningars
512 1247 97 21 befrielse
628 1247 47 21 frän
693 1247 93 21 kreditiv
806 1247 66 26 afgift.
903 1247 49 21 Men

195 1286 113 29 Utskottet
322 1287 39 21 har
375 1287 19 27 ej
410 1287 70 21 funnit
495 1287 47 21 skäl
556 1287 33 22 för
604 1287 149 21 bibehällande
769 1287 22 21 af
801 1287 58 21 detta
869 1287 82 21 undan-

194 1327 173 26 tagsstadgande,
383 1327 56 21 helst
454 1327 161 27 tillämpningen
631 1327 23 21 af
667 1328 42 20 den
724 1327 46 21 deri
785 1326 95 22 uttalade
895 1327 57 26 prin-

195 1366 61 27 cipen
271 1366 68 22 mäste
353 1373 52 15 vara
419 1366 48 22 svär
483 1368 33 20 att
531 1367 105 26 begränsa
650 1366 40 21 och
706 1368 31 20 ett
752 1366 168 26 tillgodoseende
930 1366 23 21 af

194 1406 63 22 dessa
271 1406 152 26 inrättningars
438 1406 68 21 fördel
522 1406 19 27 ej
556 1406 60 21 faller
631 1406 58 21 inom
705 1406 97 21 området
811 1405 34 21 för
855 1406 95 21 bankens

194 1446 144 22 verksamhet.

264 1486 139 17 Bankutskottets
414 1486 104 17 betänkande
531 1486 33 16 N:o
577 1486 17 16 3.
