1086 1717
212 140 43 22 148

184 202 122 28 åsyftande,
332 202 162 28 bestämningar
511 201 49 23 icke
575 203 115 27 strängare
704 200 171 30 upprätthållits,
891 200 54 23 oak-

184 237 48 21 tadt
253 236 130 28 befogenhet
405 238 33 20 att
460 236 88 22 afskära
572 236 88 22 tillfälle
674 236 35 22 till
723 236 86 22 sentida
824 242 119 22 angrepps-

184 270 41 22 och
240 270 175 23 försvarsmedels
430 270 168 28 förebringande
614 272 24 20 är
654 272 104 20 domaren
773 271 7 21 i
790 271 34 21 24:
843 271 10 21 1
865 270 41 22 och
916 271 28 21 27

185 305 51 28 kap.
259 305 37 21 RB
319 305 41 21 och
381 306 70 20 andra
465 306 137 26 stadganden
622 305 145 27 uttryckligen
782 304 83 28 tillagd,
881 305 66 21 torde

185 339 85 21 mindre
292 339 52 21 bero
359 340 29 26 på
403 340 42 20 den
459 339 115 27 vilkorliga
589 339 147 28 affattningen
751 339 25 21 af
788 339 156 27 bemyndigan-

186 374 36 20 det
237 374 30 20 än
282 374 29 27 på
325 374 70 21 andra
409 373 191 27 omständigheter,
616 374 72 21 såsom
703 375 114 26 parternas
825 373 121 25 oförstånd,

187 408 112 21 bristande
322 407 91 28 tillgång
429 408 30 27 på
473 407 133 28 lagkunnige
621 408 228 27 rättegångsbiträden
863 414 28 15 m.
907 414 37 19 m.,

187 442 141 28 hvarigenom
350 444 31 20 ett
403 442 158 28 följdriktigare
585 442 170 23 handhafvande
770 442 25 22 af
807 442 140 28 preklusions

185 477 159 27 befogenheten
359 476 46 22 ofta
419 477 73 21 kunde
507 477 50 22 leda
567 477 34 21 till
611 477 92 22 resultat
712 484 53 19 som,
774 484 35 14 om
817 477 41 21 ock
865 477 25 21 af
896 484 48 21 par-

187 513 37 20 ten
255 511 174 28 —sjelfförvällade,
463 511 74 22 alltför
566 511 87 28 mycket
675 512 71 21 strede
768 513 58 20 emot
848 511 98 22 materiel

188 545 99 22 rättvisa.

255 579 50 22 Men
321 586 35 15 om
371 580 36 21 det
415 579 92 22 sålunda
514 580 50 21 med
572 581 128 20 nuvarande
710 579 146 28 processuella
866 581 80 26 system

188 614 64 21 faller
274 614 32 27 sig
329 615 58 21 svårt
409 616 32 19 att
464 614 134 21 förekomma
621 615 37 20 det
676 616 104 25 parterna
794 613 59 22 vålla
867 614 82 27 onödig

190 648 134 27 tidsutdrägt
344 655 79 20 genom
446 648 148 21 försummelse
618 650 32 19 att
672 648 8 21 i
702 649 153 26 rättegångens
870 648 78 28 början

188 683 122 27 framlägga
324 683 44 21 alla
383 683 48 21 sina
445 683 48 21 skäl
503 683 40 21 och
554 683 60 21 bevis
622 682 53 22 eller
682 689 78 21 genom
768 685 33 19 att
808 683 33 21 till
851 682 40 22 och
897 683 51 21 med

190 718 90 21 dermed
301 717 111 21 innehålla
434 717 44 21 tills
497 717 67 21 saken
581 717 97 21 kommer
692 717 34 21 till
741 717 205 28 öfverinstanserna,

190 758 63 21 synes
280 752 36 20 det
338 752 95 21 deremot
448 751 48 22 icke
511 751 71 21 finnas
598 752 72 26 någon
684 751 8 21 i
707 751 36 27 lag
757 752 100 26 grundad
872 751 76 22 anled-

190 785 53 28 ning
266 787 33 20 att
323 785 34 22 för
372 786 153 27 emottagande
540 785 25 22 af
578 792 27 14 en
620 785 120 28 bevisning,
756 792 46 14 som
817 787 50 26 part
882 785 24 22 af
919 792 29 15 en

188 819 53 22 eller
273 827 73 14 annan
376 819 63 22 orsak
461 819 48 22 icke
531 819 64 28 gittat
618 819 7 22 i
647 821 143 20 underrätten
816 819 133 28 förebringa,

188 855 73 20 derest
291 853 49 22 icke
369 854 156 27 undantagsvis
554 854 109 21 särskilda
692 854 185 27 omständigheter
906 854 42 21 och

188 888 67 27 nödig
271 888 83 27 hänsyn
368 888 34 21 till
416 889 71 20 andra
502 890 90 25 partens
607 888 91 21 intresse
712 889 54 26 göra
781 889 78 20 sådant
879 889 71 20 ound-

188 921 84 28 vikligt,
295 923 98 20 anordna
415 929 27 14 en
465 922 91 27 förnyad
579 923 106 27 procedyr
706 923 36 21 vid
761 923 71 21 denna
847 922 103 22 domstol.

189 956 128 21 Emellertid
332 956 38 22 har
384 956 39 28 jag
438 956 49 21 från
503 957 110 27 åtskilliga
628 957 44 21 håll
685 957 126 21 förnummit
826 957 80 27 klagan
917 957 34 22 öf-

190 997 37 15 ver
242 993 34 19 att
291 993 85 25 parters
390 991 97 27 yrkande
503 991 29 27 på
547 991 169 28 återförvisning
729 991 26 21 af
763 991 59 28 dylik
830 991 121 28 anledning

190 1026 50 21 rönt
262 1027 32 19 ett
317 1025 39 21 allt
381 1025 34 21 för
432 1025 69 28 villigt
519 1025 187 28 tillmötesgående
722 1025 48 22 från
785 1026 166 21 öfverdomstols

190 1060 54 21 sida.
276 1059 46 22 Och
344 1060 61 21 detta
426 1059 42 22 har
482 1059 25 22 af
519 1061 159 20 underdomare
693 1060 85 21 anförts
793 1061 71 20 såsom
879 1062 31 19 ett
926 1060 28 22 af

188 1093 94 22 hindren
305 1093 34 22 för
361 1096 33 19 att
409 1100 78 21 genom
501 1093 157 28 föreläggande
675 1094 25 21 af
712 1094 240 28 preklusionsäfventyr

189 1127 71 22 förmå
275 1129 102 26 parterne
392 1128 33 21 till
441 1130 30 19 ett
487 1127 106 22 snabbare
609 1128 136 27 fullgörande
761 1128 24 21 af
798 1129 48 21 sina
861 1135 84 21 proces-

189 1161 71 22 suella
274 1161 152 28 skyldigheter.
449 1162 51 21 Man
515 1162 41 21 har
571 1163 107 26 nemligen
694 1162 109 28 uppgifvit
817 1165 33 19 att
865 1156 87 34 härige-

190 1202 51 15 nom
256 1195 34 22 tid
304 1195 48 22 icke
366 1196 76 21 vinnes
457 1198 53 19 utan
525 1197 94 21 tvärtom
634 1197 99 26 förloras,
750 1197 28 21 då
793 1203 27 15 en
835 1197 8 21 i
853 1197 98 22 besvärs-

190 1229 53 22 eller
266 1230 98 27 nådeväg
386 1230 113 22 framstäld
514 1230 96 28 begäran
625 1238 35 14 om
676 1231 167 28 återförvisning
858 1231 34 21 för
907 1232 43 21 den

189 1263 113 22 eftersatte
323 1263 153 29 bevisningens
497 1264 137 28 fullgörande
654 1265 69 21 sällan
739 1265 73 22 afslås.
836 1265 10 22 I
861 1265 89 22 hvilken

189 1298 153 27 utsträckning
358 1299 62 21 dessa
435 1299 108 27 klagomål
558 1300 38 20 äro
612 1299 113 28 befogade,
740 1300 41 21 har
793 1300 38 28 jag
846 1300 47 22 icke
902 1300 49 22 haft

188 1332 88 21 tillfälle
300 1332 110 28 öfvertyga
432 1333 43 27 mig
498 1340 41 22 om,
566 1340 50 14 men
632 1334 24 20 så
670 1334 91 27 mycken
776 1335 71 26 grund
862 1336 35 20 vet
910 1335 42 27 jag

189 1366 49 21 dem
254 1366 56 22 dock
325 1373 40 20 ega
380 1369 33 19 att
428 1367 76 27 frågan
519 1374 63 20 synes
602 1368 44 26 mig
662 1367 95 28 förtjena
765 1368 87 27 bringas
860 1368 33 22 till
901 1368 50 22 tals.

259 1400 35 21 Nu
309 1402 25 19 är
349 1401 36 21 det
401 1401 35 21 väl
451 1404 53 18 utan
519 1401 39 21 allt
574 1402 105 21 afseende
689 1402 30 27 på
729 1403 27 20 de
764 1402 113 27 missbruk,
887 1403 67 21 hvar-

188 1441 36 14 om
239 1434 41 22 här
295 1434 64 22 ofvan
375 1436 80 26 ordats,
471 1436 33 20 för
519 1435 74 28 hvarje
604 1436 129 27 rättegångs
742 1439 85 25 system,
837 1444 46 14 som
890 1438 62 20 med-
