1086 1717
228 146 27 19 98

199 216 49 14 som
271 209 46 21 alla
338 209 104 21 bankens
462 209 158 29 räkenskaper
635 209 44 22 och
694 208 145 29 handlingar,
856 208 25 22 af
894 208 61 22 hvad

198 243 162 22 beskaffenhet
374 243 28 22 de
418 251 55 14 vara
489 244 43 27 må,
547 243 57 22 böra
614 243 36 22 för
660 243 213 29 bankfullmäktige
881 243 73 22 hållas

198 278 157 28 tillgängliga.

552 344 14 25 8
582 345 18 19 5.

268 382 88 29 Hvarje
377 382 84 22 månad
473 382 73 22 skola
561 382 220 28 bankfullmäktige,
797 382 30 29 pä
841 381 75 29 grund
932 382 26 21 af

198 416 106 23 bankens
326 416 86 23 böcker
433 416 40 23 vid
495 416 202 23 hufvudkontoret
722 418 59 21 samt
806 418 150 28 rapporterna

198 451 53 22 frän
273 451 105 22 bankens
401 451 225 30 afdelningskontor,
652 452 115 29 genomgä
790 451 43 22 och
855 451 101 30 granska

199 486 105 23 bankens
319 487 85 22 rörelse
415 487 44 22 och
466 487 110 28 utlåning
582 486 75 22 under
664 486 193 29 nästföregäende
866 485 88 23 månad.

552 552 13 25 8
582 553 19 20 6.

267 591 218 28 Bankfullmäktige
501 591 55 22 böra
570 591 41 22 vid
629 591 82 29 början
726 591 26 21 af
764 591 81 28 hvarje
859 591 96 28 lagtima

198 625 114 29 landtdag
332 625 39 22 till
390 625 145 28 Ständernas
557 625 157 22 bankutskott
728 625 89 29 afgifva
831 625 123 22 berättelse

198 667 38 15 om
252 660 104 22 bankens
372 660 113 29 tillständ,
501 661 86 21 rörelse
603 661 44 22 och
661 660 146 29 förvaltning
822 663 59 20 samt
893 661 28 21 de
932 660 26 22 af

198 694 219 29 bankfullmäktige,
433 695 71 22 sedan
519 693 147 30 afgifvandet
682 695 26 22 af
716 695 190 29 nästföregäende
918 695 37 22 be-

198 729 96 22 rättelse
308 729 133 29 handlagda
455 729 115 29 vigtigare
586 729 107 29 ärenden,
702 730 72 29 jemte
785 730 85 22 allmän
881 729 74 23 öfver-

199 764 47 29 sigt
262 765 23 22 af
296 764 105 22 bankens
417 764 114 29 ställning
544 764 42 23 vid
600 764 154 29 landtdagens
770 765 87 29 början.

553 830 13 25 8
582 831 19 20 7.

268 868 218 29 Bankfullmäktiga
505 869 65 22 skola
589 877 55 14 vara
659 869 99 22 beredde
773 870 30 28 pä
818 869 85 22 sädana
917 877 39 14 an-

200 903 87 28 stalter,
311 903 152 29 hvarigenom
485 903 104 22 bankens
604 904 149 22 redbarheter
768 904 43 22 och
827 904 130 29 angelägna

199 937 146 29 handlingar,
369 945 37 14 om
428 938 84 29 nödigt
534 942 30 24 är,
588 938 80 23 kunna
682 941 57 19 utan
753 938 144 29 tidsutdrägt
910 938 46 22 för-

199 972 81 29 flyttas
303 972 37 22 till
359 980 77 14 annan
452 973 67 21 säker
534 975 36 20 ort
585 973 64 22 inom
664 973 86 28 landet,
767 973 96 22 hvilken
879 973 25 22 af
917 973 39 22 Se-

199 1009 85 20 natens
298 1007 131 22 Ekonomie
444 1007 172 29 Departement,
632 1008 30 29 pä
678 1007 223 28 bankfullmäktiges
911 1007 46 22 för-

200 1041 58 29 slag,
274 1041 144 22 bestämmes.

554 1107 49 26 88

269 1145 34 22 Pä
319 1145 165 22 ordförandens
500 1145 96 22 kallelse
607 1145 170 22 sammanträda
787 1145 170 23 bankfullmäk-

201 1180 50 29 tige
267 1181 25 21 sä
307 1181 48 21 ofta
370 1180 115 22 ärendena
499 1180 40 22 det
553 1181 99 28 päkalla.

269 1214 47 23 Vid
331 1215 169 22 sammanträde
518 1215 56 22 böra
589 1215 108 29 samtlige
713 1215 126 22 ledamöter
854 1219 102 18 närvara.

199 1249 13 21 I
227 1249 111 22 händelse
354 1249 25 22 af
391 1249 80 22 förfall
486 1249 37 22 för
537 1251 78 28 någon
629 1250 26 22 af
663 1250 52 21 dem
725 1250 101 21 inkallas
835 1250 123 29 suppleant

199 1283 53 23 från
269 1292 86 14 samma
370 1284 68 22 stånd
453 1285 9 21 i
477 1284 45 22 den
538 1284 100 30 ordning
653 1285 47 22 han
716 1285 78 21 dertill
808 1284 79 23 blifvit
897 1284 59 23 vald.

200 1318 56 22 Men
270 1318 105 23 inträffar
389 1319 80 22 förfall
479 1319 37 22 för
528 1319 46 22 alla
585 1320 150 28 suppleanter
742 1319 52 22 från
802 1320 72 28 något
883 1319 74 28 stånd,

200 1352 43 22 bör
259 1353 124 29 suppleant
397 1354 54 22 från
466 1356 71 20 annat
552 1354 69 22 stånd
636 1354 66 22 träda
717 1354 8 21 i
741 1354 85 22 stället.

270 1388 49 22 Har
340 1388 154 22 ordföranden
509 1388 86 29 förfall,
610 1388 106 22 utfärdas
736 1388 96 22 kallelse
848 1388 37 22 till
901 1396 57 14 sam-

200 1422 120 22 manträde
336 1422 27 22 af
375 1423 211 28 viceordföranden,
597 1431 54 14 men
660 1423 107 22 inträffar
777 1422 120 29 samtidigt
907 1422 51 22 hin-

201 1456 41 22 der
254 1457 87 29 jemväl
356 1457 37 22 för
415 1457 213 29 viceordföranden,
651 1458 143 22 tillkommer
816 1457 71 29 sagde
901 1458 57 28 ålig-

200 1491 76 29 gande
299 1491 45 23 den
367 1492 74 22 äldste
463 1492 114 22 ordinarie
598 1492 230 29 bankfullmäktigen
843 1492 61 28 eller,
921 1499 37 15 om
