1053 1709
243 138 13 20 6
428 138 27 19 U.
473 139 29 18 B.
529 148 12 2 -
561 138 80 22 Prop.
657 135 48 21 N:o
719 138 37 18 24.

216 206 51 19 utan
288 204 52 20 slikt
362 203 83 27 bidrag,
461 204 68 20 under
544 202 98 22 bestämd
657 202 89 26 lämplig
761 202 32 20 tid
809 201 22 21 af
844 201 113 27 vägfaran-

216 238 26 20 de
257 238 97 26 uppbära
368 237 44 21 viss
427 237 85 27 måttlig
520 236 145 27 bropenning;
679 238 56 18 samt
745 237 39 24 att,
795 235 34 21 för
838 235 123 26 minskning

217 271 39 21 och
269 271 97 27 jemnare
381 270 122 26 fördelning
519 270 23 21 af
551 271 40 20 den
606 270 111 26 betydliga
729 269 39 21 och
778 269 85 27 mycket
878 269 83 26 ojemna

216 305 99 25 kostnad,
331 304 137 21 underhållet
484 304 39 21 och
539 303 160 27 upprödjandet
714 303 23 21 af
751 303 107 21 allmänna
866 304 93 25 vägarne

217 338 131 22 vintertiden
370 338 110 21 medförde
500 338 12 20 å
531 339 64 25 orter,
616 337 38 21 der
674 337 87 27 ploglag
776 334 47 24 icke
838 337 77 20 funnes
930 336 31 21 in-

218 372 92 26 rättade,
334 372 37 21 det
385 372 67 21 måtte
468 372 87 26 stadgas
571 372 32 20 att
618 371 67 21 sådan
700 370 106 27 förening,
822 370 46 21 ifall
884 370 41 21 den
941 370 23 20 af

218 406 100 27 delegare
333 406 120 27 påyrkades
472 406 39 21 och
519 405 77 27 lagligt
605 404 47 22 skäl
661 405 73 21 dertill
743 404 138 26 förekomme,
892 404 69 21 skulle

218 440 34 21 till
273 440 145 21 efterrättelse
436 440 126 26 fastställas,
578 441 51 19 utan
645 438 102 22 afseende
762 438 13 22 å
790 438 104 22 flertalets
908 440 53 20 mot-

220 474 91 27 sägelse.

288 508 121 21 Ständerna
430 508 100 21 svarade:
553 509 33 20 att
608 508 64 20 äfven
695 507 67 27 enligt
785 507 62 21 deras
866 507 97 21 omdöme

222 542 67 27 något
304 542 74 26 giltigt
393 542 46 20 skäl
455 542 33 21 för
504 542 58 21 vissa
574 542 187 26 jordlägenheters
778 540 101 22 befrielse
894 540 48 21 från
957 540 6 21 i

220 576 62 27 fråga
305 576 94 21 varande
421 576 77 21 besvär
520 576 48 21 icke
583 581 88 15 numera
685 575 74 21 kunde
774 575 126 26 uppställas,
916 580 47 15 men

220 611 32 20 att
264 610 104 26 åtgärden
383 610 33 20 att
430 610 112 21 utsträcka
557 610 117 20 detsamma
689 609 34 21 till
739 609 26 21 de
781 608 95 22 derifrån
888 615 30 14 nu
928 609 35 20 be-

220 644 69 20 friade
307 643 74 26 borde,
401 643 32 21 för
452 645 32 19 att
506 650 52 14 vara
580 643 50 21 fullt
644 643 84 26 rättvis,
744 642 58 27 gälla
819 642 62 21 äfven
896 642 67 21 skatt-

220 677 65 27 lagda
306 679 55 25 torp,
385 677 68 21 ehvad
478 678 26 21 de
527 683 50 15 vore
600 677 23 21 af
639 677 75 21 frälse-
734 677 53 21 eller
801 676 75 22 krono-
894 678 69 19 natur.

220 712 104 21 Deremot
333 711 80 27 ansågo
426 711 120 22 Ständerna
557 711 182 21 lotshemmanens
751 710 213 28 deltagande
884 706 12 37 i
907 710 57 28 väga-

222 745 39 21 och
280 745 254 27 brobyggnadsbesväret
544 745 48 21 icke
600 745 53 21 böra
661 745 86 21 inträda
755 745 65 21 innan
829 745 26 21 de
863 750 102 21 personer

222 779 76 27 afgått,
317 778 74 22 hvilka
409 780 53 26 egde
478 780 53 21 eller
546 779 107 21 innehade
669 780 47 20 dem
739 779 28 21 då
781 778 96 28 påbudet
892 779 73 21 derom

222 812 133 26 utfärdades,
378 813 89 21 emedan
490 815 32 19 ett
540 815 90 19 motsatt
645 813 123 21 förfarande
784 812 69 21 skuile
868 812 50 21 leda
932 812 33 21 till

222 846 104 28 obehörig
347 846 123 28 minskning
488 847 7 21 i
516 847 26 21 de
560 846 113 27 förmoner,
690 853 45 15 som
750 846 37 22 vid
801 846 165 28 lägenheternas

222 880 141 21 tillträdande
382 880 154 22 tillförsäkrats
553 881 55 21 dem.
624 893 25 3 —
666 881 10 20 I
691 880 67 27 öfrigt
773 881 57 21 höllo
846 881 121 21 Ständerna

223 914 53 26 före,
292 915 33 20 att
340 914 58 21 såväl
415 914 83 22 kronan
514 914 33 22 för
563 915 47 21 sina
626 914 202 27 öfverloppsjordar,
839 914 79 26 parker
928 914 39 21 och

224 948 84 27 skogar,
327 954 46 15 som
392 948 42 21 alla
454 948 61 26 bruk,
533 949 69 26 sågar,
618 954 99 21 qvarnar,
733 948 96 22 fabriker
845 948 40 21 och
900 948 67 21 andra

222 982 130 22 industriela
366 982 146 26 inrättningar
526 982 27 27 på
568 982 79 26 landet,
663 982 110 22 äfvensom
783 982 184 21 landthandlande

224 1016 67 22 borde
307 1016 86 26 deltaga
408 1016 7 20 i
430 1016 127 28 landsväga-
572 1017 40 21 och
627 1017 261 27 brobyggnadsbesväret.
917 1016 50 21 Men

224 1050 89 21 emedan
337 1056 26 15 en
381 1056 28 21 ny
424 1050 122 27 fördelning
562 1050 22 22 af
598 1051 61 21 detta
674 1051 77 21 besvär
766 1050 33 21 för
814 1050 74 27 hvarje
904 1050 62 27 gång,

225 1084 27 20 då
268 1090 26 14 en
310 1084 114 21 industriel
439 1084 120 27 inrättning
574 1084 89 22 anlades
679 1085 52 21 eller
746 1084 112 27 upphörde
873 1084 53 21 eller
941 1090 26 15 en

224 1117 185 21 landthandlande
423 1118 119 21 tillkomme
558 1118 52 21 eller
626 1118 91 27 afginge,
733 1118 71 21 blefve
819 1118 89 21 förenad
919 1118 48 20 med

225 1151 134 26 svärigheter
381 1151 39 21 och
442 1152 145 26 olägenheter,
606 1152 78 26 ansägs
704 1152 93 21 nämnda
812 1152 155 26 inrättningars

225 1184 40 22 och
288 1190 113 21 personers
424 1185 129 27 deltagande
575 1186 6 20 i
601 1186 100 21 besväret
715 1186 7 20 i
737 1186 62 26 fråga
814 1186 72 20 kunna
901 1186 66 26 lämp-

224 1218 67 27 ligast
309 1218 52 27 utgä
379 1219 7 20 i
401 1220 119 26 penningar
535 1220 33 20 till
583 1220 102 20 bildande
701 1219 23 21 af
738 1226 26 14 en
779 1225 121 21 gemensam
916 1219 51 21 fond

225 1251 34 21 för
281 1252 140 21 kommunens
443 1253 173 26 vägbyggnader.
646 1254 102 20 Deremot
767 1253 123 21 förklarade
906 1253 60 21 Stän-

226 1285 73 26 derna,
317 1285 68 21 under
401 1285 137 22 erkännande
554 1286 28 26 af,
598 1286 18 26 ej
632 1286 84 22 mindre
732 1288 32 19 att
779 1286 133 27 skjutsnings
928 1287 39 21 och

224 1318 383 29 landsvägabyggnadsskyldigheten
618 1320 69 21 skulle
698 1320 7 21 i
716 1320 97 27 betydlig
822 1320 48 21 män
878 1320 88 27 lindras,

226 1359 34 15 om
280 1353 77 21 branta
375 1353 80 22 backor
473 1354 142 27 kringginges
635 1357 54 19 samt
705 1356 93 26 vägarne
813 1355 87 21 rätades
916 1354 51 22 eller

226 1387 52 27 eljes
293 1387 152 27 förbättrades,
461 1390 27 20 än
503 1388 63 22 äfven
581 1390 32 20 att
628 1389 72 27 dylika
716 1389 101 27 åtgärder
829 1389 66 21 borde
906 1389 60 21 verk-

225 1421 76 22 ställas
315 1422 28 27 pä
357 1422 85 26 allmän,
456 1422 48 22 icke
514 1423 26 21 de
552 1424 277 27 vägabyggnadsskyldiges
840 1423 126 27 bekostnad,

226 1455 34 27 sig
277 1455 46 22 icke
342 1456 73 21 kunna
432 1456 86 22 biträda
535 1457 57 21 hvad
608 1457 40 21 den
663 1457 80 27 nådiga
757 1458 162 26 propositionen
933 1458 34 20 in-

294 1500 124 18 Sammansatta
429 1501 45 23 Lag-
486 1502 30 18 och
528 1502 173 18 Ekonomiutskottets
713 1503 104 17 betänkande
829 1503 35 17 N:o
875 1504 17 16 9.
