1070 1709
328 133 31 20 U.
376 135 30 17 B.
422 143 27 4 —
465 133 83 25 Prop.
564 134 49 20 N:o
627 134 48 19 32.
814 133 25 21 13

128 200 54 21 1878
197 199 50 28 utgå
261 199 47 21 med
326 200 40 20 150
381 200 61 20 Mark
457 200 22 21 af
491 200 72 28 hvarje
578 200 75 26 intern,
668 208 44 14 som
726 200 19 29 ej
761 200 64 28 enligt
840 201 27 21 56

129 234 12 26 8
156 234 8 20 i
179 241 79 14 samma
279 233 121 28 förordning
422 233 90 28 åtnjuter
534 233 86 29 friplats.
658 234 83 22 Genom
763 242 26 14 en
809 234 59 28 dylik

127 267 119 29 förhöjning
260 268 83 21 komme
358 267 64 28 årliga
436 268 97 28 beloppet
549 267 23 21 af
584 267 154 29 internafgifter
748 270 30 20 att
788 270 79 26 utgöra,

128 301 46 21 från
198 303 30 19 ett
252 302 130 27 fullständigt
406 302 140 27 organiseradt
574 304 136 20 sammansatt
734 302 135 22 seminarium

129 336 76 25 10,500
227 336 66 25 Mark,
319 336 39 20 och
379 335 46 21 från
447 338 30 20 ett
500 336 70 21 enkelt
592 335 121 29 fyrklassigt
734 336 134 22 seminarium

128 370 63 25 3,000
211 370 66 21 Mark.
309 369 73 22 Säsom
397 370 46 21 skäl
457 370 33 22 till
505 370 56 22 detta
579 370 75 28 förslag
668 370 110 29 uppgifves
797 372 31 20 att
843 378 25 13 en

129 404 94 28 &rsafgift
237 404 24 21 af
275 404 40 21 120
330 404 62 21 Mark
406 412 88 14 numera
511 404 33 22 till
558 403 51 29 följd
623 403 23 22 af
658 404 102 29 betydligt
775 404 93 28 stegrade

127 438 66 29 priser
208 438 12 22 &
235 438 24 22 de
275 439 58 21 flesta
347 438 197 22 lifsförnödenheter
558 439 37 21 allt
609 438 81 22 mindre
705 441 114 19 motsvarar
829 438 40 22 den

129 472 93 29 verkliga
230 472 115 22 kostnaden
352 472 32 22 för
392 472 130 22 internernas
530 472 115 22 underhäll.
665 473 138 28 Riktigheten
810 473 62 21 häraf

129 507 41 21 kan
177 507 47 21 icke
234 507 106 25 bestridas,
350 506 106 22 äfvensom
464 509 30 20 att
502 507 109 29 intagning
618 507 32 22 uti
660 507 110 22 konviktet
777 507 33 21 till
820 507 49 29 följe

129 541 61 22 häraf
202 543 61 26 utgör
275 549 27 13 en
316 540 86 30 premie,
414 541 35 22 vid
464 542 62 21 hvars
535 541 112 22 utdelande
657 542 166 28 lärarekollegiet
832 542 38 21 har

128 576 55 22 svärt
199 578 30 19 att
244 576 59 21 alltid
317 575 92 29 iakttaga
423 576 39 21 full
476 576 96 26 rättvisa;
594 584 49 14 men
658 576 25 21 dä
699 576 39 22 den
753 576 116 29 föreslagna

128 610 146 29 förhöjningen
289 610 23 21 af
325 609 120 29 ärsafriften
455 610 94 22 kommer
559 612 31 20 att
597 611 76 21 drabba
683 618 103 21 personer,
802 618 44 14 som
861 611 8 21 i

129 645 114 21 allmänhet
265 644 83 22 tillhöra
363 644 25 22 de
410 644 80 22 mindre
505 644 120 22 bemedlade
644 644 155 26 folkklasserne,
815 648 54 19 samt

130 679 204 22 seminariieleverne
348 679 65 21 redan
428 678 140 27 härförinnan,
586 679 84 21 oaktadt
685 679 129 22 internernes
829 679 40 22 års-

129 713 84 29 afgifter
227 712 78 29 utgjort
326 713 72 21 endast
420 714 40 21 120
475 713 68 26 Mark,
565 713 35 22 vid
615 714 92 21 utträdet
721 713 46 21 frän
782 714 87 21 semina-

129 748 68 22 rierna
218 748 70 28 plägat
309 755 50 14 vara
380 746 102 30 betydligt
503 748 120 26 skuldsatte,
640 748 38 21 har
691 748 114 26 Utskottet,
821 748 49 21 med

129 782 96 22 afseende
238 782 79 28 jemväl
332 782 54 26 derä,
402 784 30 20 att
454 782 40 21 den
509 782 116 29 föreslagna
647 782 142 29 amordningen
803 782 66 29 möjli-

127 825 40 21 gen
181 817 72 22 kunde
267 816 84 22 komma
366 818 30 20 att
410 817 114 21 motarbeta
546 817 95 29 tilloppet
656 816 23 22 af
699 817 69 21 elever
783 817 32 22 till
835 817 34 21 det

127 860 41 21 nya
190 850 120 24 seminariet
324 851 8 22 i
347 853 54 20 östra
415 850 97 28 Finland,
535 852 62 22 hvars
618 851 118 23 inrättande
751 852 7 22 i
773 852 41 22 den
835 851 34 22 nä-

128 888 47 28 diga
189 886 155 30 propositionen
358 886 91 26 föreslås,
465 888 68 20 ansett
548 887 30 28 sig
592 887 50 21 böra

281 932 99 28 afstyrka
401 932 62 27 bifall
483 933 33 21 till
532 932 107 28 förslaget
653 939 32 13 om
702 932 128 28 förhöjning
845 932 28 27 af

196 967 130 28 ärsafgiften
336 966 39 28 för
389 967 93 21 interner
496 968 9 20 i
520 967 82 21 landets
613 966 234 28 folkskoleseminarier.

195 1019 50 21 Den
266 1018 76 29 nådiga
355 1018 155 28 propositionen
531 1018 116 22 innehåller
662 1018 72 22 vidare
756 1020 29 20 ett
801 1017 22 22 af
836 1013 34 26 Öf-

129 1054 139 28 verstyrelsen
283 1053 31 21 för
330 1052 152 22 Skolväsendet
495 1052 117 22 framstäldt
621 1052 77 28 förslag
708 1060 33 13 om
751 1047 118 26 inrättande

128 1088 23 21 af
163 1087 18 29 ej
197 1088 82 21 mindre
295 1088 30 20 ett
339 1086 131 30 fullständigt
495 1086 293 22 folkskollärareseminarium
802 1086 9 20 i
825 1086 44 27 Ny-

128 1123 54 25 slott,
198 1127 27 17 än
240 1124 30 20 ett
284 1120 136 23 seminarium
438 1121 48 22 med
500 1121 80 27 tvåårig
602 1121 50 21 kurs
667 1120 32 22 för
713 1120 121 22 utbildande
849 1118 23 22 af

128 1158 65 21 lärare
209 1157 38 21 och
262 1156 115 22 lärarinnor
391 1155 33 22 för
437 1156 45 22 smä
497 1156 74 25 skolor,
587 1154 53 22 fasta
655 1155 50 21 eller
715 1154 153 26 ambulerande,

128 1191 87 21 hvilken
230 1190 128 22 sistnämnda
373 1190 120 22 läroanstalt
508 1190 68 21 skulle
590 1189 102 29 förläggas
702 1188 32 22 till
745 1188 124 22 skattehem-

129 1228 69 20 manet
212 1226 42 21 N:o
269 1226 13 20 2
297 1225 8 21 i
319 1224 94 29 Kymölä
427 1225 28 28 by
469 1224 59 22 invid
543 1224 114 22 Sordavala
671 1223 52 22 stad.

190 1262 39 25 På
253 1267 41 19 sätt
315 1264 23 22 af
357 1264 40 22 den
425 1264 74 28 nådiga
524 1263 154 30 propositionen
699 1262 110 26 inhemtas,
832 1262 38 22 har

127 1300 106 28 nemligen
254 1298 210 29 Kollegiiassessoren
492 1298 96 21 Herman
609 1296 127 23 Hallonblad
758 1296 39 22 och
818 1297 53 21 hans

128 1335 74 20 hustru
223 1333 110 21 Elisabeth
352 1332 133 25 Hallonblad,
508 1332 49 20 född
579 1332 82 24 Siitoin,
685 1331 47 20 med
755 1338 26 13 en
800 1330 7 20 i
823 1330 47 21 vårt

127 1368 50 21 land
191 1366 100 29 sällspord
306 1366 138 28 frikostighot,
459 1365 86 21 förenad
559 1365 52 21 med
625 1365 88 21 intresse
728 1364 32 20 för
774 1363 95 29 folkupp-

128 1401 121 30 lysningens
263 1400 43 26 sak,
321 1400 34 22 till
375 1400 80 21 kronan
470 1398 137 23 öfverlemnat
621 1398 136 22 omförmälda
770 1397 99 22 hemman

128 1437 41 21 N:o
185 1437 12 21 2
213 1436 39 21 och
265 1434 71 23 halfva
351 1434 188 22 skattehemmanet
553 1434 43 22 N:o
615 1434 10 21 1
642 1433 8 21 i
664 1432 94 30 Kymölä
771 1432 34 28 by,
821 1432 48 21 med

129 1472 48 22 derä
191 1470 106 28 befintliga
311 1470 119 29 byggnader
444 1470 38 20 och
497 1469 138 29 lösegendom,
651 1470 54 20 samt
719 1467 105 22 dessutom
839 1468 30 20 ett

197 1511 138 18 Sammansatta
347 1510 58 18 Stats-
418 1509 31 18 och
461 1509 186 19 Ekonomiutskottets
659 1507 110 19 betänkande
781 1507 37 19 N:o
830 1507 15 18 2.
