<?xml version="1.0" encoding="UTF-8"?>
<alto xmlns="http://www.loc.gov/standards/alto/ns-v3#" xmlns:xlink="http://www.w3.org/1999/xlink" xmlns:xsi="http://www.w3.org/2001/XMLSchema-instance" xsi:schemaLocation="http://www.loc.gov/standards/alto/ns-v3# http://www.loc.gov/alto/v3/alto-3-0.xsd">
	<Description>
		<MeasurementUnit>pixel</MeasurementUnit>
		<sourceImageInformation>
			<fileName>/tmp/tess_s5q1sq3z_input.PNG</fileName>
		</sourceImageInformation>
		<OCRProcessing ID="OCR_0">
			<ocrProcessingStep>
				<processingSoftware>
					<softwareName>tesseract 5.3.4</softwareName>
				</processingSoftware>
			</ocrProcessingStep>
		</OCRProcessing>
	</Description>
	<Layout>
		<Page WIDTH="1045" HEIGHT="1706" PHYSICAL_IMG_NR="0" ID="page_0">
			<PrintSpace HPOS="0" VPOS="0" WIDTH="1045" HEIGHT="1706">
				<ComposedBlock ID="cblock_0" HPOS="308" VPOS="127" WIDTH="501" HEIGHT="28">
					<TextBlock ID="block_0" HPOS="308" VPOS="127" WIDTH="501" HEIGHT="28">
						<TextLine ID="line_0" HPOS="308" VPOS="127" WIDTH="501" HEIGHT="28">
							<String ID="string_0" HPOS="308" VPOS="127" WIDTH="26" HEIGHT="19" WC="0.92" CONTENT="U."/><SP WIDTH="16" VPOS="127" HPOS="334"/>
							<String ID="string_1" HPOS="350" VPOS="128" WIDTH="29" HEIGHT="18" WC="0.91" CONTENT="B."/><SP WIDTH="18" VPOS="128" HPOS="379"/>
							<String ID="string_2" HPOS="397" VPOS="137" WIDTH="23" HEIGHT="3" WC="0.91" CONTENT="—"/><SP WIDTH="17" VPOS="137" HPOS="420"/>
							<String ID="string_3" HPOS="437" VPOS="128" WIDTH="81" HEIGHT="22" WC="0.94" CONTENT="Prop."/><SP WIDTH="16" VPOS="128" HPOS="518"/>
							<String ID="string_4" HPOS="534" VPOS="128" WIDTH="45" HEIGHT="18" WC="0.94" CONTENT="N:o"/><SP WIDTH="13" VPOS="128" HPOS="579"/>
							<String ID="string_5" HPOS="592" VPOS="128" WIDTH="35" HEIGHT="18" WC="0.91" CONTENT="25."/><SP WIDTH="88" VPOS="128" HPOS="627"/>
							<String ID="string_6" HPOS="715" VPOS="152" WIDTH="4" HEIGHT="3" WC="0.81" CONTENT="N"/><SP WIDTH="77" VPOS="152" HPOS="719"/>
							<String ID="string_7" HPOS="796" VPOS="129" WIDTH="13" HEIGHT="20" WC="0.95" CONTENT="3"/>
						</TextLine>
					</TextBlock>
				</ComposedBlock>
				<ComposedBlock ID="cblock_1" HPOS="97" VPOS="192" WIDTH="763" HEIGHT="1285">
					<TextBlock ID="block_1" HPOS="97" VPOS="192" WIDTH="763" HEIGHT="1285">
						<TextLine ID="line_1" HPOS="97" VPOS="192" WIDTH="742" HEIGHT="25">
							<String ID="string_8" HPOS="97" VPOS="195" WIDTH="36" HEIGHT="21" WC="0.93" CONTENT="till"/><SP WIDTH="21" VPOS="195" HPOS="133"/>
							<String ID="string_9" HPOS="154" VPOS="193" WIDTH="142" HEIGHT="23" WC="0.92" CONTENT="medeltidens"/><SP WIDTH="22" VPOS="193" HPOS="296"/>
							<String ID="string_10" HPOS="318" VPOS="192" WIDTH="24" HEIGHT="22" WC="0.96" CONTENT="af"/><SP WIDTH="20" VPOS="192" HPOS="342"/>
							<String ID="string_11" HPOS="362" VPOS="199" WIDTH="38" HEIGHT="15" WC="0.96" CONTENT="oro"/><SP WIDTH="24" VPOS="199" HPOS="400"/>
							<String ID="string_12" HPOS="424" VPOS="193" WIDTH="38" HEIGHT="21" WC="0.93" CONTENT="och"/><SP WIDTH="19" VPOS="193" HPOS="462"/>
							<String ID="string_13" HPOS="481" VPOS="192" WIDTH="114" HEIGHT="23" WC="0.91" CONTENT="osäkerhet"/><SP WIDTH="14" VPOS="192" HPOS="595"/>
							<String ID="string_14" HPOS="609" VPOS="194" WIDTH="7" HEIGHT="20" WC="0.94" CONTENT="i"/><SP WIDTH="16" VPOS="194" HPOS="616"/>
							<String ID="string_15" HPOS="632" VPOS="194" WIDTH="42" HEIGHT="21" WC="0.93" CONTENT="alla"/><SP WIDTH="15" VPOS="194" HPOS="674"/>
							<String ID="string_16" HPOS="689" VPOS="194" WIDTH="150" HEIGHT="23" WC="0.92" CONTENT="förhällanden"/>
						</TextLine>
						<TextLine ID="line_2" HPOS="99" VPOS="226" WIDTH="741" HEIGHT="29">
							<String ID="string_17" HPOS="99" VPOS="228" WIDTH="113" HEIGHT="27" WC="0.93" CONTENT="uppfyllda"/><SP WIDTH="21" VPOS="228" HPOS="212"/>
							<String ID="string_18" HPOS="233" VPOS="226" WIDTH="115" HEIGHT="26" WC="0.87" CONTENT="tidehvarf,"/><SP WIDTH="26" VPOS="226" HPOS="348"/>
							<String ID="string_19" HPOS="374" VPOS="227" WIDTH="68" HEIGHT="20" WC="0.93" CONTENT="under"/><SP WIDTH="22" VPOS="227" HPOS="442"/>
							<String ID="string_20" HPOS="464" VPOS="226" WIDTH="82" HEIGHT="22" WC="0.96" CONTENT="hvilket"/><SP WIDTH="22" VPOS="226" HPOS="546"/>
							<String ID="string_21" HPOS="568" VPOS="227" WIDTH="41" HEIGHT="21" WC="0.93" CONTENT="den"/><SP WIDTH="18" VPOS="227" HPOS="609"/>
							<String ID="string_22" HPOS="627" VPOS="227" WIDTH="38" HEIGHT="21" WC="0.96" CONTENT="råa"/><SP WIDTH="15" VPOS="227" HPOS="665"/>
							<String ID="string_23" HPOS="680" VPOS="228" WIDTH="100" HEIGHT="26" WC="0.96" CONTENT="styrkans"/><SP WIDTH="15" VPOS="228" HPOS="780"/>
							<String ID="string_24" HPOS="795" VPOS="230" WIDTH="45" HEIGHT="20" WC="0.96" CONTENT="rätt"/>
						</TextLine>
						<TextLine ID="line_3" HPOS="99" VPOS="260" WIDTH="741" HEIGHT="28">
							<String ID="string_25" HPOS="99" VPOS="268" WIDTH="39" HEIGHT="14" WC="0.96" CONTENT="var"/><SP WIDTH="14" VPOS="268" HPOS="138"/>
							<String ID="string_26" HPOS="152" VPOS="262" WIDTH="42" HEIGHT="20" WC="0.93" CONTENT="den"/><SP WIDTH="15" VPOS="262" HPOS="194"/>
							<String ID="string_27" HPOS="209" VPOS="260" WIDTH="159" HEIGHT="26" WC="0.91" CONTENT="dominerande,"/><SP WIDTH="16" VPOS="260" HPOS="368"/>
							<String ID="string_28" HPOS="384" VPOS="260" WIDTH="39" HEIGHT="20" WC="0.96" CONTENT="har"/><SP WIDTH="15" VPOS="260" HPOS="423"/>
							<String ID="string_29" HPOS="438" VPOS="261" WIDTH="33" HEIGHT="20" WC="0.93" CONTENT="sin"/><SP WIDTH="14" VPOS="261" HPOS="471"/>
							<String ID="string_30" HPOS="485" VPOS="262" WIDTH="35" HEIGHT="19" WC="0.91" CONTENT="rot"/><SP WIDTH="15" VPOS="262" HPOS="520"/>
							<String ID="string_31" HPOS="535" VPOS="260" WIDTH="7" HEIGHT="21" WC="0.96" CONTENT="i"/><SP WIDTH="15" VPOS="260" HPOS="542"/>
							<String ID="string_32" HPOS="557" VPOS="260" WIDTH="40" HEIGHT="22" WC="0.93" CONTENT="den"/><SP WIDTH="16" VPOS="260" HPOS="597"/>
							<String ID="string_33" HPOS="613" VPOS="260" WIDTH="173" HEIGHT="28" WC="0.91" CONTENT="föreningsanda,"/><SP WIDTH="8" VPOS="260" HPOS="786"/>
							<String ID="string_34" HPOS="794" VPOS="268" WIDTH="46" HEIGHT="15" WC="0.97" CONTENT="som"/>
						</TextLine>
						<TextLine ID="line_4" HPOS="101" VPOS="293" WIDTH="740" HEIGHT="28">
							<String ID="string_35" HPOS="101" VPOS="295" WIDTH="27" HEIGHT="21" WC="0.96" CONTENT="då"/><SP WIDTH="15" VPOS="295" HPOS="128"/>
							<String ID="string_36" HPOS="143" VPOS="295" WIDTH="27" HEIGHT="26" WC="0.95" CONTENT="pä"/><SP WIDTH="16" VPOS="295" HPOS="170"/>
							<String ID="string_37" HPOS="186" VPOS="294" WIDTH="42" HEIGHT="21" WC="0.93" CONTENT="alla"/><SP WIDTH="15" VPOS="294" HPOS="228"/>
							<String ID="string_38" HPOS="243" VPOS="293" WIDTH="101" HEIGHT="22" WC="0.96" CONTENT="områden"/><SP WIDTH="16" VPOS="293" HPOS="344"/>
							<String ID="string_39" HPOS="360" VPOS="294" WIDTH="157" HEIGHT="21" WC="0.95" CONTENT="sammanförde"/><SP WIDTH="16" VPOS="294" HPOS="517"/>
							<String ID="string_40" HPOS="533" VPOS="294" WIDTH="97" HEIGHT="22" WC="0.93" CONTENT="enskilde"/><SP WIDTH="8" VPOS="294" HPOS="630"/>
							<String ID="string_41" HPOS="638" VPOS="295" WIDTH="203" HEIGHT="23" WC="0.92" CONTENT="samhällsmedlem-"/>
						</TextLine>
						<TextLine ID="line_5" HPOS="100" VPOS="327" WIDTH="742" HEIGHT="28">
							<String ID="string_42" HPOS="100" VPOS="334" WIDTH="47" HEIGHT="16" WC="0.96" CONTENT="mar"/><SP WIDTH="14" VPOS="334" HPOS="147"/>
							<String ID="string_43" HPOS="161" VPOS="328" WIDTH="7" HEIGHT="21" WC="0.95" CONTENT="i"/><SP WIDTH="16" VPOS="328" HPOS="168"/>
							<String ID="string_44" HPOS="184" VPOS="328" WIDTH="71" HEIGHT="21" WC="0.93" CONTENT="slutna"/><SP WIDTH="15" VPOS="328" HPOS="255"/>
							<String ID="string_45" HPOS="270" VPOS="328" WIDTH="164" HEIGHT="26" WC="0.92" CONTENT="korporationer"/><SP WIDTH="14" VPOS="328" HPOS="434"/>
							<String ID="string_46" HPOS="448" VPOS="327" WIDTH="35" HEIGHT="22" WC="0.96" CONTENT="till"/><SP WIDTH="15" VPOS="327" HPOS="483"/>
							<String ID="string_47" HPOS="498" VPOS="327" WIDTH="101" HEIGHT="23" WC="0.96" CONTENT="inbördes"/><SP WIDTH="10" VPOS="327" HPOS="599"/>
							<String ID="string_48" HPOS="609" VPOS="328" WIDTH="70" HEIGHT="27" WC="0.96" CONTENT="skydd"/><SP WIDTH="8" VPOS="328" HPOS="679"/>
							<String ID="string_49" HPOS="687" VPOS="328" WIDTH="34" HEIGHT="22" WC="0.96" CONTENT="för"/><SP WIDTH="8" VPOS="328" HPOS="721"/>
							<String ID="string_50" HPOS="729" VPOS="329" WIDTH="47" HEIGHT="21" WC="0.93" CONTENT="sina"/><SP WIDTH="7" VPOS="329" HPOS="776"/>
							<String ID="string_51" HPOS="783" VPOS="330" WIDTH="59" HEIGHT="21" WC="0.92" CONTENT="med-"/>
						</TextLine>
						<TextLine ID="line_6" HPOS="100" VPOS="362" WIDTH="743" HEIGHT="26">
							<String ID="string_52" HPOS="100" VPOS="363" WIDTH="100" HEIGHT="21" WC="0.92" CONTENT="lemmars"/><SP WIDTH="15" VPOS="363" HPOS="200"/>
							<String ID="string_53" HPOS="215" VPOS="362" WIDTH="38" HEIGHT="21" WC="0.91" CONTENT="fri-"/><SP WIDTH="16" VPOS="362" HPOS="253"/>
							<String ID="string_54" HPOS="269" VPOS="362" WIDTH="39" HEIGHT="21" WC="0.96" CONTENT="och"/><SP WIDTH="15" VPOS="362" HPOS="308"/>
							<String ID="string_55" HPOS="323" VPOS="362" WIDTH="134" HEIGHT="26" WC="0.96" CONTENT="rättigheter."/><SP WIDTH="30" VPOS="362" HPOS="457"/>
							<String ID="string_56" HPOS="487" VPOS="362" WIDTH="49" HEIGHT="21" WC="0.95" CONTENT="Men"/><SP WIDTH="16" VPOS="362" HPOS="536"/>
							<String ID="string_57" HPOS="552" VPOS="363" WIDTH="58" HEIGHT="21" WC="0.96" CONTENT="utom"/><SP WIDTH="16" VPOS="363" HPOS="610"/>
							<String ID="string_58" HPOS="626" VPOS="362" WIDTH="60" HEIGHT="22" WC="0.96" CONTENT="detta"/><SP WIDTH="14" VPOS="362" HPOS="686"/>
							<String ID="string_59" HPOS="700" VPOS="364" WIDTH="99" HEIGHT="21" WC="0.96" CONTENT="ändamål"/><SP WIDTH="11" VPOS="364" HPOS="799"/>
							<String ID="string_60" HPOS="810" VPOS="366" WIDTH="33" HEIGHT="20" WC="0.96" CONTENT="att"/>
						</TextLine>
						<TextLine ID="line_7" HPOS="101" VPOS="396" WIDTH="741" HEIGHT="28">
							<String ID="string_61" HPOS="101" VPOS="396" WIDTH="80" HEIGHT="22" WC="0.96" CONTENT="bereda"/><SP WIDTH="15" VPOS="396" HPOS="181"/>
							<String ID="string_62" HPOS="196" VPOS="396" WIDTH="70" HEIGHT="26" WC="0.96" CONTENT="skydd"/><SP WIDTH="15" VPOS="396" HPOS="266"/>
							<String ID="string_63" HPOS="281" VPOS="396" WIDTH="40" HEIGHT="21" WC="0.97" CONTENT="och"/><SP WIDTH="14" VPOS="396" HPOS="321"/>
							<String ID="string_64" HPOS="335" VPOS="396" WIDTH="59" HEIGHT="26" WC="0.96" CONTENT="hjelp"/><SP WIDTH="15" VPOS="396" HPOS="394"/>
							<String ID="string_65" HPOS="409" VPOS="398" WIDTH="44" HEIGHT="19" WC="0.96" CONTENT="mot"/><SP WIDTH="14" VPOS="398" HPOS="453"/>
							<String ID="string_66" HPOS="467" VPOS="397" WIDTH="58" HEIGHT="26" WC="0.96" CONTENT="yttre"/><SP WIDTH="16" VPOS="397" HPOS="525"/>
							<String ID="string_67" HPOS="541" VPOS="396" WIDTH="48" HEIGHT="22" WC="0.96" CONTENT="våld"/><SP WIDTH="16" VPOS="396" HPOS="589"/>
							<String ID="string_68" HPOS="605" VPOS="396" WIDTH="40" HEIGHT="22" WC="0.96" CONTENT="och"/><SP WIDTH="14" VPOS="396" HPOS="645"/>
							<String ID="string_69" HPOS="659" VPOS="397" WIDTH="97" HEIGHT="27" WC="0.93" CONTENT="ingrepp,"/><SP WIDTH="11" VPOS="397" HPOS="756"/>
							<String ID="string_70" HPOS="767" VPOS="398" WIDTH="75" HEIGHT="26" WC="0.91" CONTENT="afsågo"/>
						</TextLine>
						<TextLine ID="line_8" HPOS="101" VPOS="429" WIDTH="742" HEIGHT="28">
							<String ID="string_71" HPOS="101" VPOS="430" WIDTH="79" HEIGHT="21" WC="0.93" CONTENT="skråen"/><SP WIDTH="15" VPOS="430" HPOS="180"/>
							<String ID="string_72" HPOS="195" VPOS="429" WIDTH="103" HEIGHT="27" WC="0.91" CONTENT="derjemte"/><SP WIDTH="23" VPOS="429" HPOS="298"/>
							<String ID="string_73" HPOS="321" VPOS="436" WIDTH="27" HEIGHT="15" WC="0.96" CONTENT="en"/><SP WIDTH="22" VPOS="436" HPOS="348"/>
							<String ID="string_74" HPOS="370" VPOS="430" WIDTH="78" HEIGHT="27" WC="0.96" CONTENT="mängd"/><SP WIDTH="15" VPOS="430" HPOS="448"/>
							<String ID="string_75" HPOS="463" VPOS="430" WIDTH="68" HEIGHT="21" WC="0.93" CONTENT="andra"/><SP WIDTH="14" VPOS="430" HPOS="531"/>
							<String ID="string_76" HPOS="545" VPOS="430" WIDTH="82" HEIGHT="27" WC="0.92" CONTENT="vigtiga"/><SP WIDTH="15" VPOS="430" HPOS="627"/>
							<String ID="string_77" HPOS="642" VPOS="431" WIDTH="114" HEIGHT="26" WC="0.96" CONTENT="uppgifter,"/><SP WIDTH="17" VPOS="431" HPOS="756"/>
							<String ID="string_78" HPOS="773" VPOS="431" WIDTH="70" HEIGHT="22" WC="0.96" CONTENT="såsom"/>
						</TextLine>
						<TextLine ID="line_9" HPOS="103" VPOS="463" WIDTH="741" HEIGHT="28">
							<String ID="string_79" HPOS="103" VPOS="466" WIDTH="32" HEIGHT="19" WC="0.93" CONTENT="att"/><SP WIDTH="22" VPOS="466" HPOS="135"/>
							<String ID="string_80" HPOS="157" VPOS="463" WIDTH="111" HEIGHT="27" WC="0.90" CONTENT="hopsamla"/><SP WIDTH="21" VPOS="463" HPOS="268"/>
							<String ID="string_81" HPOS="289" VPOS="463" WIDTH="257" HEIGHT="28" WC="0.91" CONTENT="penningeförmögenhet"/><SP WIDTH="14" VPOS="463" HPOS="546"/>
							<String ID="string_82" HPOS="560" VPOS="464" WIDTH="34" HEIGHT="21" WC="0.93" CONTENT="till"/><SP WIDTH="14" VPOS="464" HPOS="594"/>
							<String ID="string_83" HPOS="608" VPOS="464" WIDTH="140" HEIGHT="27" WC="0.91" CONTENT="näringarnes"/><SP WIDTH="16" VPOS="464" HPOS="748"/>
							<String ID="string_84" HPOS="764" VPOS="465" WIDTH="80" HEIGHT="21" WC="0.92" CONTENT="bedrif-"/>
						</TextLine>
						<TextLine ID="line_10" HPOS="103" VPOS="497" WIDTH="742" HEIGHT="28">
							<String ID="string_85" HPOS="103" VPOS="498" WIDTH="75" HEIGHT="26" WC="0.96" CONTENT="vande,"/><SP WIDTH="27" VPOS="498" HPOS="178"/>
							<String ID="string_86" HPOS="205" VPOS="499" WIDTH="32" HEIGHT="20" WC="0.93" CONTENT="att"/><SP WIDTH="20" VPOS="499" HPOS="237"/>
							<String ID="string_87" HPOS="257" VPOS="497" WIDTH="112" HEIGHT="27" WC="0.91" CONTENT="bispringa"/><SP WIDTH="22" VPOS="497" HPOS="369"/>
							<String ID="string_88" HPOS="391" VPOS="497" WIDTH="134" HEIGHT="22" WC="0.92" CONTENT="behöfvande"/><SP WIDTH="15" VPOS="497" HPOS="525"/>
							<String ID="string_89" HPOS="540" VPOS="498" WIDTH="256" HEIGHT="27" WC="0.91" CONTENT="föreningsmedlemmar,"/><SP WIDTH="16" VPOS="498" HPOS="796"/>
							<String ID="string_90" HPOS="812" VPOS="501" WIDTH="33" HEIGHT="19" WC="0.96" CONTENT="att"/>
						</TextLine>
						<TextLine ID="line_11" HPOS="103" VPOS="531" WIDTH="742" HEIGHT="29">
							<String ID="string_91" HPOS="103" VPOS="531" WIDTH="104" HEIGHT="22" WC="0.90" CONTENT="förskaffa"/><SP WIDTH="14" VPOS="531" HPOS="207"/>
							<String ID="string_92" HPOS="221" VPOS="532" WIDTH="176" HEIGHT="27" WC="0.91" CONTENT="näringsyrkena,"/><SP WIDTH="16" VPOS="532" HPOS="397"/>
							<String ID="string_93" HPOS="413" VPOS="532" WIDTH="73" HEIGHT="21" WC="0.96" CONTENT="hvilka"/><SP WIDTH="15" VPOS="532" HPOS="486"/>
							<String ID="string_94" HPOS="501" VPOS="532" WIDTH="7" HEIGHT="21" WC="0.96" CONTENT="i"/><SP WIDTH="15" VPOS="532" HPOS="508"/>
							<String ID="string_95" HPOS="523" VPOS="532" WIDTH="60" HEIGHT="21" WC="0.96" CONTENT="äldre"/><SP WIDTH="14" VPOS="532" HPOS="583"/>
							<String ID="string_96" HPOS="597" VPOS="532" WIDTH="57" HEIGHT="21" WC="0.96" CONTENT="tider"/><SP WIDTH="10" VPOS="532" HPOS="654"/>
							<String ID="string_97" HPOS="664" VPOS="532" WIDTH="181" HEIGHT="28" WC="0.96" CONTENT="hufvudsakligen"/>
						</TextLine>
						<TextLine ID="line_12" HPOS="103" VPOS="565" WIDTH="743" HEIGHT="28">
							<String ID="string_98" HPOS="103" VPOS="566" WIDTH="115" HEIGHT="21" WC="0.91" CONTENT="bedrefvos"/><SP WIDTH="23" VPOS="566" HPOS="218"/>
							<String ID="string_99" HPOS="241" VPOS="566" WIDTH="24" HEIGHT="21" WC="0.93" CONTENT="af"/><SP WIDTH="13" VPOS="566" HPOS="265"/>
							<String ID="string_100" HPOS="278" VPOS="565" WIDTH="86" HEIGHT="27" WC="0.92" CONTENT="slafvar,"/><SP WIDTH="16" VPOS="565" HPOS="364"/>
							<String ID="string_101" HPOS="380" VPOS="566" WIDTH="76" HEIGHT="27" WC="0.92" CONTENT="nödigt"/><SP WIDTH="15" VPOS="566" HPOS="456"/>
							<String ID="string_102" HPOS="471" VPOS="567" WIDTH="114" HEIGHT="25" WC="0.96" CONTENT="anseende,"/><SP WIDTH="14" VPOS="567" HPOS="585"/>
							<String ID="string_103" HPOS="599" VPOS="567" WIDTH="33" HEIGHT="20" WC="0.96" CONTENT="att"/><SP WIDTH="15" VPOS="567" HPOS="632"/>
							<String ID="string_104" HPOS="647" VPOS="567" WIDTH="101" HEIGHT="21" WC="0.93" CONTENT="befordra"/><SP WIDTH="14" VPOS="567" HPOS="748"/>
							<String ID="string_105" HPOS="762" VPOS="567" WIDTH="84" HEIGHT="21" WC="0.91" CONTENT="arbets-"/>
						</TextLine>
						<TextLine ID="line_13" HPOS="104" VPOS="600" WIDTH="743" HEIGHT="27">
							<String ID="string_106" HPOS="104" VPOS="600" WIDTH="157" HEIGHT="27" WC="0.92" CONTENT="skickligheten"/><SP WIDTH="16" VPOS="600" HPOS="261"/>
							<String ID="string_107" HPOS="277" VPOS="606" WIDTH="27" HEIGHT="15" WC="0.93" CONTENT="m."/><SP WIDTH="15" VPOS="606" HPOS="304"/>
							<String ID="string_108" HPOS="319" VPOS="606" WIDTH="35" HEIGHT="20" WC="0.93" CONTENT="m.,"/><SP WIDTH="15" VPOS="606" HPOS="354"/>
							<String ID="string_109" HPOS="369" VPOS="602" WIDTH="33" HEIGHT="19" WC="0.96" CONTENT="att"/><SP WIDTH="14" VPOS="602" HPOS="402"/>
							<String ID="string_110" HPOS="416" VPOS="601" WIDTH="48" HEIGHT="20" WC="0.96" CONTENT="icke"/><SP WIDTH="15" VPOS="601" HPOS="464"/>
							<String ID="string_111" HPOS="479" VPOS="606" WIDTH="37" HEIGHT="15" WC="0.96" CONTENT="ens"/><SP WIDTH="16" VPOS="606" HPOS="516"/>
							<String ID="string_112" HPOS="532" VPOS="601" WIDTH="45" HEIGHT="21" WC="0.96" CONTENT="tala"/><SP WIDTH="14" VPOS="601" HPOS="577"/>
							<String ID="string_113" HPOS="591" VPOS="606" WIDTH="33" HEIGHT="15" WC="0.96" CONTENT="om"/><SP WIDTH="9" VPOS="606" HPOS="624"/>
							<String ID="string_114" HPOS="633" VPOS="601" WIDTH="62" HEIGHT="21" WC="0.93" CONTENT="deras"/><SP WIDTH="10" VPOS="601" HPOS="695"/>
							<String ID="string_115" HPOS="705" VPOS="601" WIDTH="142" HEIGHT="21" WC="0.96" CONTENT="hälsosamma"/>
						</TextLine>
						<TextLine ID="line_14" HPOS="105" VPOS="634" WIDTH="741" HEIGHT="28">
							<String ID="string_116" HPOS="105" VPOS="634" WIDTH="118" HEIGHT="27" WC="0.96" CONTENT="inflytande"/><SP WIDTH="22" VPOS="634" HPOS="223"/>
							<String ID="string_117" HPOS="245" VPOS="634" WIDTH="28" HEIGHT="27" WC="0.96" CONTENT="på"/><SP WIDTH="21" VPOS="634" HPOS="273"/>
							<String ID="string_118" HPOS="294" VPOS="634" WIDTH="102" HEIGHT="21" WC="0.89" CONTENT="sedernas"/><SP WIDTH="24" VPOS="634" HPOS="396"/>
							<String ID="string_119" HPOS="420" VPOS="634" WIDTH="135" HEIGHT="27" WC="0.92" CONTENT="förmildring"/><SP WIDTH="15" VPOS="634" HPOS="555"/>
							<String ID="string_120" HPOS="570" VPOS="635" WIDTH="39" HEIGHT="21" WC="0.93" CONTENT="och"/><SP WIDTH="15" VPOS="635" HPOS="609"/>
							<String ID="string_121" HPOS="624" VPOS="634" WIDTH="102" HEIGHT="28" WC="0.91" CONTENT="hyfsning"/><SP WIDTH="29" VPOS="634" HPOS="726"/>
							<String ID="string_122" HPOS="755" VPOS="635" WIDTH="91" HEIGHT="22" WC="0.86" CONTENT="Skrävä-"/>
						</TextLine>
						<TextLine ID="line_15" HPOS="104" VPOS="668" WIDTH="743" HEIGHT="27">
							<String ID="string_123" HPOS="104" VPOS="668" WIDTH="78" HEIGHT="22" WC="0.90" CONTENT="sendet"/><SP WIDTH="15" VPOS="668" HPOS="182"/>
							<String ID="string_124" HPOS="197" VPOS="675" WIDTH="38" HEIGHT="14" WC="0.96" CONTENT="var"/><SP WIDTH="14" VPOS="675" HPOS="235"/>
							<String ID="string_125" HPOS="249" VPOS="668" WIDTH="91" HEIGHT="21" WC="0.95" CONTENT="sålunda"/><SP WIDTH="15" VPOS="668" HPOS="340"/>
							<String ID="string_126" HPOS="355" VPOS="668" WIDTH="33" HEIGHT="21" WC="0.96" CONTENT="för"/><SP WIDTH="15" VPOS="668" HPOS="388"/>
							<String ID="string_127" HPOS="403" VPOS="674" WIDTH="64" HEIGHT="21" WC="0.87" CONTENT="ingen"/><SP WIDTH="16" VPOS="674" HPOS="467"/>
							<String ID="string_128" HPOS="483" VPOS="668" WIDTH="34" HEIGHT="22" WC="0.96" CONTENT="del"/><SP WIDTH="15" VPOS="668" HPOS="517"/>
							<String ID="string_129" HPOS="532" VPOS="670" WIDTH="32" HEIGHT="20" WC="0.96" CONTENT="ett"/><SP WIDTH="14" VPOS="670" HPOS="564"/>
							<String ID="string_130" HPOS="578" VPOS="668" WIDTH="57" HEIGHT="22" WC="0.89" CONTENT="blott"/><SP WIDTH="7" VPOS="668" HPOS="635"/>
							<String ID="string_131" HPOS="642" VPOS="670" WIDTH="54" HEIGHT="20" WC="0.89" CONTENT="tomt"/><SP WIDTH="10" VPOS="670" HPOS="696"/>
							<String ID="string_132" HPOS="706" VPOS="669" WIDTH="141" HEIGHT="26" WC="0.92" CONTENT="tankefoster,"/>
						</TextLine>
						<TextLine ID="line_16" HPOS="107" VPOS="702" WIDTH="743" HEIGHT="27">
							<String ID="string_133" HPOS="107" VPOS="704" WIDTH="51" HEIGHT="19" WC="0.95" CONTENT="utan"/><SP WIDTH="24" VPOS="704" HPOS="158"/>
							<String ID="string_134" HPOS="182" VPOS="702" WIDTH="23" HEIGHT="21" WC="0.96" CONTENT="af"/><SP WIDTH="17" VPOS="702" HPOS="205"/>
							<String ID="string_135" HPOS="222" VPOS="702" WIDTH="212" HEIGHT="27" WC="0.93" CONTENT="omständigheterna"/><SP WIDTH="19" VPOS="702" HPOS="434"/>
							<String ID="string_136" HPOS="453" VPOS="703" WIDTH="126" HEIGHT="26" WC="0.91" CONTENT="oafvisligen"/><SP WIDTH="15" VPOS="703" HPOS="579"/>
							<String ID="string_137" HPOS="594" VPOS="703" WIDTH="145" HEIGHT="21" WC="0.90" CONTENT="framkalladt."/><SP WIDTH="30" VPOS="703" HPOS="739"/>
							<String ID="string_138" HPOS="769" VPOS="703" WIDTH="81" HEIGHT="22" WC="0.92" CONTENT="Medel-"/>
						</TextLine>
						<TextLine ID="line_17" HPOS="105" VPOS="737" WIDTH="745" HEIGHT="28">
							<String ID="string_139" HPOS="105" VPOS="737" WIDTH="62" HEIGHT="21" WC="0.96" CONTENT="tiden"/><SP WIDTH="15" VPOS="737" HPOS="167"/>
							<String ID="string_140" HPOS="182" VPOS="737" WIDTH="55" HEIGHT="22" WC="0.96" CONTENT="hade"/><SP WIDTH="21" VPOS="737" HPOS="237"/>
							<String ID="string_141" HPOS="258" VPOS="739" WIDTH="56" HEIGHT="19" WC="0.95" CONTENT="ännu"/><SP WIDTH="16" VPOS="739" HPOS="314"/>
							<String ID="string_142" HPOS="330" VPOS="737" WIDTH="18" HEIGHT="26" WC="0.95" CONTENT="ej"/><SP WIDTH="16" VPOS="737" HPOS="348"/>
							<String ID="string_143" HPOS="364" VPOS="737" WIDTH="83" HEIGHT="21" WC="0.96" CONTENT="kunnat"/><SP WIDTH="14" VPOS="737" HPOS="447"/>
							<String ID="string_144" HPOS="461" VPOS="737" WIDTH="132" HEIGHT="28" WC="0.96" CONTENT="fullkomligt"/><SP WIDTH="13" VPOS="737" HPOS="593"/>
							<String ID="string_145" HPOS="606" VPOS="737" WIDTH="82" HEIGHT="26" WC="0.95" CONTENT="frigöra"/><SP WIDTH="15" VPOS="737" HPOS="688"/>
							<String ID="string_146" HPOS="703" VPOS="737" WIDTH="33" HEIGHT="27" WC="0.96" CONTENT="sig"/><SP WIDTH="14" VPOS="737" HPOS="736"/>
							<String ID="string_147" HPOS="750" VPOS="737" WIDTH="48" HEIGHT="21" WC="0.92" CONTENT="från"/><SP WIDTH="15" VPOS="737" HPOS="798"/>
							<String ID="string_148" HPOS="813" VPOS="738" WIDTH="37" HEIGHT="21" WC="0.92" CONTENT="he-"/>
						</TextLine>
						<TextLine ID="line_18" HPOS="108" VPOS="771" WIDTH="741" HEIGHT="26">
							<String ID="string_149" HPOS="108" VPOS="771" WIDTH="131" HEIGHT="22" WC="0.92" CONTENT="dendomens"/><SP WIDTH="9" VPOS="771" HPOS="239"/>
							<String ID="string_150" HPOS="248" VPOS="771" WIDTH="260" HEIGHT="26" WC="0.88" CONTENT="samhällsförhållanden,"/><SP WIDTH="9" VPOS="771" HPOS="508"/>
							<String ID="string_151" HPOS="517" VPOS="771" WIDTH="103" HEIGHT="22" WC="0.85" CONTENT="ehuruväl"/><SP WIDTH="9" VPOS="771" HPOS="620"/>
							<String ID="string_152" HPOS="629" VPOS="771" WIDTH="40" HEIGHT="21" WC="0.96" CONTENT="den"/><SP WIDTH="9" VPOS="771" HPOS="669"/>
							<String ID="string_153" HPOS="678" VPOS="771" WIDTH="49" HEIGHT="22" WC="0.96" CONTENT="bröt"/><SP WIDTH="8" VPOS="771" HPOS="727"/>
							<String ID="string_154" HPOS="735" VPOS="772" WIDTH="114" HEIGHT="21" WC="0.96" CONTENT="desamma."/>
						</TextLine>
						<TextLine ID="line_19" HPOS="107" VPOS="805" WIDTH="743" HEIGHT="28">
							<String ID="string_155" HPOS="107" VPOS="805" WIDTH="44" HEIGHT="21" WC="0.96" CONTENT="Det"/><SP WIDTH="22" VPOS="805" HPOS="151"/>
							<String ID="string_156" HPOS="173" VPOS="805" WIDTH="106" HEIGHT="22" WC="0.96" CONTENT="hedniska"/><SP WIDTH="21" VPOS="805" HPOS="279"/>
							<String ID="string_157" HPOS="300" VPOS="805" WIDTH="114" HEIGHT="22" WC="0.95" CONTENT="samhället"/><SP WIDTH="15" VPOS="805" HPOS="414"/>
							<String ID="string_158" HPOS="429" VPOS="812" WIDTH="37" HEIGHT="14" WC="0.93" CONTENT="var"/><SP WIDTH="15" VPOS="812" HPOS="466"/>
							<String ID="string_159" HPOS="481" VPOS="806" WIDTH="68" HEIGHT="27" WC="0.91" CONTENT="bygdt"/><SP WIDTH="14" VPOS="806" HPOS="549"/>
							<String ID="string_160" HPOS="563" VPOS="805" WIDTH="28" HEIGHT="27" WC="0.96" CONTENT="på"/><SP WIDTH="14" VPOS="805" HPOS="591"/>
							<String ID="string_161" HPOS="605" VPOS="805" WIDTH="112" HEIGHT="26" WC="0.96" CONTENT="principen"/><SP WIDTH="19" VPOS="805" HPOS="717"/>
							<String ID="string_162" HPOS="736" VPOS="805" WIDTH="23" HEIGHT="21" WC="0.93" CONTENT="af"/><SP WIDTH="13" VPOS="805" HPOS="759"/>
							<String ID="string_163" HPOS="772" VPOS="805" WIDTH="78" HEIGHT="27" WC="0.90" CONTENT="någras"/>
						</TextLine>
						<TextLine ID="line_20" HPOS="109" VPOS="839" WIDTH="742" HEIGHT="27">
							<String ID="string_164" HPOS="109" VPOS="839" WIDTH="127" HEIGHT="21" WC="0.96" CONTENT="herravälde"/><SP WIDTH="24" VPOS="839" HPOS="236"/>
							<String ID="string_165" HPOS="260" VPOS="839" WIDTH="39" HEIGHT="22" WC="0.96" CONTENT="och"/><SP WIDTH="17" VPOS="839" HPOS="299"/>
							<String ID="string_166" HPOS="316" VPOS="840" WIDTH="42" HEIGHT="20" WC="0.96" CONTENT="den"/><SP WIDTH="15" VPOS="840" HPOS="358"/>
							<String ID="string_167" HPOS="373" VPOS="841" WIDTH="59" HEIGHT="19" WC="0.93" CONTENT="stora"/><SP WIDTH="14" VPOS="841" HPOS="432"/>
							<String ID="string_168" HPOS="446" VPOS="845" WIDTH="96" HEIGHT="16" WC="0.91" CONTENT="massans"/><SP WIDTH="15" VPOS="845" HPOS="542"/>
							<String ID="string_169" HPOS="557" VPOS="839" WIDTH="93" HEIGHT="21" WC="0.92" CONTENT="träldom"/><SP WIDTH="15" VPOS="839" HPOS="650"/>
							<String ID="string_170" HPOS="665" VPOS="839" WIDTH="102" HEIGHT="27" WC="0.96" CONTENT="antingen"/><SP WIDTH="15" VPOS="839" HPOS="767"/>
							<String ID="string_171" HPOS="782" VPOS="839" WIDTH="69" HEIGHT="21" WC="0.96" CONTENT="under"/>
						</TextLine>
						<TextLine ID="line_21" HPOS="118" VPOS="873" WIDTH="734" HEIGHT="26">
							<String ID="string_172" HPOS="118" VPOS="873" WIDTH="64" HEIGHT="21" WC="0.96" CONTENT="dessa"/><SP WIDTH="7" VPOS="873" HPOS="182"/>
							<String ID="string_173" HPOS="189" VPOS="873" WIDTH="74" HEIGHT="21" WC="0.96" CONTENT="herrar"/><SP WIDTH="8" VPOS="873" HPOS="263"/>
							<String ID="string_174" HPOS="271" VPOS="873" WIDTH="53" HEIGHT="22" WC="0.95" CONTENT="eller"/><SP WIDTH="8" VPOS="873" HPOS="324"/>
							<String ID="string_175" HPOS="332" VPOS="874" WIDTH="68" HEIGHT="20" WC="0.93" CONTENT="under"/><SP WIDTH="8" VPOS="874" HPOS="400"/>
							<String ID="string_176" HPOS="408" VPOS="874" WIDTH="103" HEIGHT="20" WC="0.92" CONTENT="armodet."/><SP WIDTH="10" VPOS="874" HPOS="511"/>
							<String ID="string_177" HPOS="521" VPOS="873" WIDTH="131" HEIGHT="22" WC="0.96" CONTENT="Medeltiden"/><SP WIDTH="9" VPOS="873" HPOS="652"/>
							<String ID="string_178" HPOS="661" VPOS="873" WIDTH="47" HEIGHT="21" WC="0.96" CONTENT="åter"/><SP WIDTH="7" VPOS="873" HPOS="708"/>
							<String ID="string_179" HPOS="715" VPOS="873" WIDTH="137" HEIGHT="26" WC="0.96" CONTENT="opponerade"/>
						</TextLine>
						<TextLine ID="line_22" HPOS="108" VPOS="906" WIDTH="745" HEIGHT="28">
							<String ID="string_180" HPOS="108" VPOS="908" WIDTH="33" HEIGHT="26" WC="0.96" CONTENT="sig"/><SP WIDTH="20" VPOS="908" HPOS="141"/>
							<String ID="string_181" HPOS="161" VPOS="909" WIDTH="57" HEIGHT="20" WC="0.96" CONTENT="emot"/><SP WIDTH="9" VPOS="909" HPOS="218"/>
							<String ID="string_182" HPOS="227" VPOS="908" WIDTH="60" HEIGHT="21" WC="0.96" CONTENT="detta"/><SP WIDTH="9" VPOS="908" HPOS="287"/>
							<String ID="string_183" HPOS="296" VPOS="907" WIDTH="189" HEIGHT="26" WC="0.68" CONTENT="förhållande"/><SP WIDTH="-46" VPOS="907" HPOS="485"/>
							<String ID="string_184" HPOS="439" VPOS="902" WIDTH="46" HEIGHT="36" WC="0.75" CONTENT="och,"/><SP WIDTH="9" VPOS="902" HPOS="485"/>
							<String ID="string_185" HPOS="494" VPOS="907" WIDTH="33" HEIGHT="21" WC="0.96" CONTENT="för"/><SP WIDTH="9" VPOS="907" HPOS="527"/>
							<String ID="string_186" HPOS="536" VPOS="908" WIDTH="33" HEIGHT="20" WC="0.93" CONTENT="att"/><SP WIDTH="10" VPOS="908" HPOS="569"/>
							<String ID="string_187" HPOS="579" VPOS="906" WIDTH="114" HEIGHT="27" WC="0.92" CONTENT="uppnäsitt"/><SP WIDTH="5" VPOS="906" HPOS="693"/>
							<String ID="string_188" HPOS="698" VPOS="906" WIDTH="48" HEIGHT="27" WC="0.94" CONTENT="mål,"/><SP WIDTH="6" VPOS="906" HPOS="746"/>
							<String ID="string_189" HPOS="752" VPOS="907" WIDTH="101" HEIGHT="26" WC="0.95" CONTENT="upplöste"/>
						</TextLine>
						<TextLine ID="line_23" HPOS="109" VPOS="940" WIDTH="744" HEIGHT="28">
							<String ID="string_190" HPOS="109" VPOS="943" WIDTH="41" HEIGHT="20" WC="0.96" CONTENT="den"/><SP WIDTH="10" VPOS="943" HPOS="150"/>
							<String ID="string_191" HPOS="160" VPOS="942" WIDTH="26" HEIGHT="21" WC="0.96" CONTENT="de"/><SP WIDTH="8" VPOS="942" HPOS="186"/>
							<String ID="string_192" HPOS="194" VPOS="942" WIDTH="70" HEIGHT="26" WC="0.96" CONTENT="gamla"/><SP WIDTH="8" VPOS="942" HPOS="264"/>
							<String ID="string_193" HPOS="272" VPOS="941" WIDTH="132" HEIGHT="21" WC="0.96" CONTENT="samhällena"/><SP WIDTH="8" VPOS="941" HPOS="404"/>
							<String ID="string_194" HPOS="412" VPOS="941" WIDTH="7" HEIGHT="20" WC="0.96" CONTENT="i"/><SP WIDTH="9" VPOS="941" HPOS="419"/>
							<String ID="string_195" HPOS="428" VPOS="947" WIDTH="26" HEIGHT="15" WC="0.96" CONTENT="en"/><SP WIDTH="8" VPOS="947" HPOS="454"/>
							<String ID="string_196" HPOS="462" VPOS="941" WIDTH="79" HEIGHT="26" WC="0.96" CONTENT="mängd"/><SP WIDTH="8" VPOS="941" HPOS="541"/>
							<String ID="string_197" HPOS="549" VPOS="940" WIDTH="83" HEIGHT="22" WC="0.95" CONTENT="mindre"/><SP WIDTH="8" VPOS="940" HPOS="632"/>
							<String ID="string_198" HPOS="640" VPOS="940" WIDTH="130" HEIGHT="27" WC="0.91" CONTENT="föreningar,"/><SP WIDTH="9" VPOS="940" HPOS="770"/>
							<String ID="string_199" HPOS="779" VPOS="940" WIDTH="74" HEIGHT="21" WC="0.96" CONTENT="hvilka"/>
						</TextLine>
						<TextLine ID="line_24" HPOS="107" VPOS="974" WIDTH="747" HEIGHT="28">
							<String ID="string_200" HPOS="107" VPOS="976" WIDTH="51" HEIGHT="26" WC="0.96" CONTENT="alla,"/><SP WIDTH="9" VPOS="976" HPOS="158"/>
							<String ID="string_201" HPOS="167" VPOS="978" WIDTH="59" HEIGHT="19" WC="0.96" CONTENT="utom"/><SP WIDTH="9" VPOS="978" HPOS="226"/>
							<String ID="string_202" HPOS="235" VPOS="976" WIDTH="33" HEIGHT="21" WC="0.96" CONTENT="sin"/><SP WIDTH="8" VPOS="976" HPOS="268"/>
							<String ID="string_203" HPOS="276" VPOS="975" WIDTH="101" HEIGHT="27" WC="0.96" CONTENT="speciella"/><SP WIDTH="7" VPOS="975" HPOS="377"/>
							<String ID="string_204" HPOS="384" VPOS="975" WIDTH="91" HEIGHT="27" WC="0.96" CONTENT="uppgift,"/><SP WIDTH="12" VPOS="975" HPOS="475"/>
							<String ID="string_205" HPOS="487" VPOS="975" WIDTH="5" HEIGHT="21" WC="0.96" CONTENT="i"/><SP WIDTH="7" VPOS="975" HPOS="492"/>
							<String ID="string_206" HPOS="499" VPOS="981" WIDTH="44" HEIGHT="15" WC="0.96" CONTENT="mer"/><SP WIDTH="8" VPOS="981" HPOS="543"/>
							<String ID="string_207" HPOS="551" VPOS="975" WIDTH="52" HEIGHT="21" WC="0.96" CONTENT="eller"/><SP WIDTH="8" VPOS="975" HPOS="603"/>
							<String ID="string_208" HPOS="611" VPOS="974" WIDTH="84" HEIGHT="22" WC="0.96" CONTENT="mindre"/><SP WIDTH="13" VPOS="974" HPOS="695"/>
							<String ID="string_209" HPOS="708" VPOS="974" WIDTH="39" HEIGHT="22" WC="0.96" CONTENT="mån"/><SP WIDTH="10" VPOS="974" HPOS="747"/>
							<String ID="string_210" HPOS="757" VPOS="974" WIDTH="51" HEIGHT="22" WC="0.96" CONTENT="hade"/><SP WIDTH="9" VPOS="974" HPOS="808"/>
							<String ID="string_211" HPOS="817" VPOS="974" WIDTH="37" HEIGHT="21" WC="0.96" CONTENT="det"/>
						</TextLine>
						<TextLine ID="line_25" HPOS="108" VPOS="1008" WIDTH="746" HEIGHT="29">
							<String ID="string_212" HPOS="108" VPOS="1012" WIDTH="143" HEIGHT="25" WC="0.86" CONTENT="gemensamt,"/><SP WIDTH="16" VPOS="1012" HPOS="251"/>
							<String ID="string_213" HPOS="267" VPOS="1011" WIDTH="32" HEIGHT="19" WC="0.96" CONTENT="att"/><SP WIDTH="15" VPOS="1011" HPOS="299"/>
							<String ID="string_214" HPOS="314" VPOS="1009" WIDTH="26" HEIGHT="21" WC="0.96" CONTENT="de"/><SP WIDTH="9" VPOS="1009" HPOS="340"/>
							<String ID="string_215" HPOS="349" VPOS="1009" WIDTH="71" HEIGHT="21" WC="0.93" CONTENT="tillika"/><SP WIDTH="8" VPOS="1009" HPOS="420"/>
							<String ID="string_216" HPOS="428" VPOS="1009" WIDTH="73" HEIGHT="26" WC="0.92" CONTENT="afsågo"/><SP WIDTH="9" VPOS="1009" HPOS="501"/>
							<String ID="string_217" HPOS="510" VPOS="1008" WIDTH="133" HEIGHT="22" WC="0.92" CONTENT="beredandet"/><SP WIDTH="9" VPOS="1008" HPOS="643"/>
							<String ID="string_218" HPOS="652" VPOS="1008" WIDTH="23" HEIGHT="21" WC="0.96" CONTENT="af"/><SP WIDTH="8" VPOS="1008" HPOS="675"/>
							<String ID="string_219" HPOS="683" VPOS="1008" WIDTH="117" HEIGHT="26" WC="0.93" CONTENT="utvidgade"/><SP WIDTH="10" VPOS="1008" HPOS="800"/>
							<String ID="string_220" HPOS="810" VPOS="1008" WIDTH="44" HEIGHT="20" WC="0.92" CONTENT="för-"/>
						</TextLine>
						<TextLine ID="line_26" HPOS="110" VPOS="1042" WIDTH="746" HEIGHT="26">
							<String ID="string_221" HPOS="110" VPOS="1044" WIDTH="74" HEIGHT="21" WC="0.91" CONTENT="måner"/><SP WIDTH="15" VPOS="1044" HPOS="184"/>
							<String ID="string_222" HPOS="199" VPOS="1043" WIDTH="34" HEIGHT="21" WC="0.96" CONTENT="för"/><SP WIDTH="15" VPOS="1043" HPOS="233"/>
							<String ID="string_223" HPOS="248" VPOS="1043" WIDTH="47" HEIGHT="21" WC="0.95" CONTENT="sina"/><SP WIDTH="14" VPOS="1043" HPOS="295"/>
							<String ID="string_224" HPOS="309" VPOS="1043" WIDTH="143" HEIGHT="21" WC="0.93" CONTENT="medlemmar."/><SP WIDTH="31" VPOS="1043" HPOS="452"/>
							<String ID="string_225" HPOS="483" VPOS="1042" WIDTH="91" HEIGHT="22" WC="0.91" CONTENT="Derföre"/><SP WIDTH="14" VPOS="1042" HPOS="574"/>
							<String ID="string_226" HPOS="588" VPOS="1048" WIDTH="51" HEIGHT="16" WC="0.96" CONTENT="voro"/><SP WIDTH="16" VPOS="1048" HPOS="639"/>
							<String ID="string_227" HPOS="655" VPOS="1042" WIDTH="62" HEIGHT="21" WC="0.96" CONTENT="äfven"/><SP WIDTH="16" VPOS="1042" HPOS="717"/>
							<String ID="string_228" HPOS="733" VPOS="1042" WIDTH="33" HEIGHT="26" WC="0.96" CONTENT="de,"/><SP WIDTH="15" VPOS="1042" HPOS="766"/>
							<String ID="string_229" HPOS="781" VPOS="1042" WIDTH="75" HEIGHT="21" WC="0.96" CONTENT="hvilka"/>
						</TextLine>
						<TextLine ID="line_27" HPOS="111" VPOS="1076" WIDTH="744" HEIGHT="28">
							<String ID="string_230" HPOS="111" VPOS="1078" WIDTH="19" HEIGHT="26" WC="0.95" CONTENT="ej"/><SP WIDTH="22" VPOS="1078" HPOS="130"/>
							<String ID="string_231" HPOS="152" VPOS="1083" WIDTH="51" HEIGHT="16" WC="0.95" CONTENT="voro"/><SP WIDTH="16" VPOS="1083" HPOS="203"/>
							<String ID="string_232" HPOS="219" VPOS="1078" WIDTH="111" HEIGHT="26" WC="0.95" CONTENT="upptagna"/><SP WIDTH="14" VPOS="1078" HPOS="330"/>
							<String ID="string_233" HPOS="344" VPOS="1077" WIDTH="8" HEIGHT="21" WC="0.96" CONTENT="i"/><SP WIDTH="16" VPOS="1077" HPOS="352"/>
							<String ID="string_234" HPOS="368" VPOS="1077" WIDTH="63" HEIGHT="21" WC="0.96" CONTENT="dessa"/><SP WIDTH="15" VPOS="1077" HPOS="431"/>
							<String ID="string_235" HPOS="446" VPOS="1076" WIDTH="116" HEIGHT="22" WC="0.96" CONTENT="samhällen"/><SP WIDTH="16" VPOS="1076" HPOS="562"/>
							<String ID="string_236" HPOS="578" VPOS="1077" WIDTH="57" HEIGHT="21" WC="0.96" CONTENT="inom"/><SP WIDTH="15" VPOS="1077" HPOS="635"/>
							<String ID="string_237" HPOS="650" VPOS="1076" WIDTH="119" HEIGHT="26" WC="0.43" CONTENT="samhället,"/><SP WIDTH="16" VPOS="1076" HPOS="769"/>
							<String ID="string_238" HPOS="785" VPOS="1076" WIDTH="7" HEIGHT="20" WC="0.96" CONTENT="i"/><SP WIDTH="16" VPOS="1076" HPOS="792"/>
							<String ID="string_239" HPOS="808" VPOS="1076" WIDTH="47" HEIGHT="20" WC="0.96" CONTENT="sina"/>
						</TextLine>
						<TextLine ID="line_28" HPOS="111" VPOS="1108" WIDTH="744" HEIGHT="30">
							<String ID="string_240" HPOS="111" VPOS="1112" WIDTH="130" HEIGHT="26" WC="0.96" CONTENT="rättigheter"/><SP WIDTH="22" VPOS="1112" HPOS="241"/>
							<String ID="string_241" HPOS="263" VPOS="1111" WIDTH="49" HEIGHT="21" WC="0.96" CONTENT="vida"/><SP WIDTH="22" VPOS="1111" HPOS="312"/>
							<String ID="string_242" HPOS="334" VPOS="1117" WIDTH="44" HEIGHT="15" WC="0.93" CONTENT="mer"/><SP WIDTH="20" VPOS="1117" HPOS="378"/>
							<String ID="string_243" HPOS="398" VPOS="1110" WIDTH="145" HEIGHT="27" WC="0.92" CONTENT="kringskurna"/><SP WIDTH="22" VPOS="1110" HPOS="543"/>
							<String ID="string_244" HPOS="565" VPOS="1112" WIDTH="27" HEIGHT="19" WC="0.96" CONTENT="än"/><SP WIDTH="23" VPOS="1112" HPOS="592"/>
							<String ID="string_245" HPOS="615" VPOS="1110" WIDTH="32" HEIGHT="26" WC="0.95" CONTENT="de,"/><SP WIDTH="23" VPOS="1110" HPOS="647"/>
							<String ID="string_246" HPOS="670" VPOS="1110" WIDTH="7" HEIGHT="20" WC="0.95" CONTENT="i"/><SP WIDTH="30" VPOS="1110" HPOS="677"/>
							<String ID="string_247" HPOS="707" VPOS="1109" WIDTH="73" HEIGHT="27" WC="0.93" CONTENT="dylika"/><SP WIDTH="32" VPOS="1109" HPOS="780"/>
							<String ID="string_248" HPOS="812" VPOS="1108" WIDTH="43" HEIGHT="22" WC="0.88" CONTENT="för-"/>
						</TextLine>
						<TextLine ID="line_29" HPOS="115" VPOS="1142" WIDTH="741" HEIGHT="30">
							<String ID="string_249" HPOS="115" VPOS="1146" WIDTH="88" HEIGHT="26" WC="0.91" CONTENT="eningar"/><SP WIDTH="23" VPOS="1146" HPOS="203"/>
							<String ID="string_250" HPOS="226" VPOS="1146" WIDTH="72" HEIGHT="20" WC="0.93" CONTENT="slutna"/><SP WIDTH="22" VPOS="1146" HPOS="298"/>
							<String ID="string_251" HPOS="320" VPOS="1145" WIDTH="176" HEIGHT="26" WC="0.91" CONTENT="medborgarena."/><SP WIDTH="33" VPOS="1145" HPOS="496"/>
							<String ID="string_252" HPOS="529" VPOS="1144" WIDTH="11" HEIGHT="21" WC="0.94" CONTENT="I"/><SP WIDTH="15" VPOS="1144" HPOS="540"/>
							<String ID="string_253" HPOS="555" VPOS="1144" WIDTH="55" HEIGHT="22" WC="0.96" CONTENT="strid"/><SP WIDTH="14" VPOS="1144" HPOS="610"/>
							<String ID="string_254" HPOS="624" VPOS="1143" WIDTH="89" HEIGHT="21" WC="0.96" CONTENT="härmed"/><SP WIDTH="16" VPOS="1143" HPOS="713"/>
							<String ID="string_255" HPOS="729" VPOS="1143" WIDTH="63" HEIGHT="21" WC="0.93" CONTENT="söker"/><SP WIDTH="16" VPOS="1143" HPOS="792"/>
							<String ID="string_256" HPOS="808" VPOS="1142" WIDTH="48" HEIGHT="22" WC="0.92" CONTENT="der-"/>
						</TextLine>
						<TextLine ID="line_30" HPOS="116" VPOS="1176" WIDTH="740" HEIGHT="28">
							<String ID="string_257" HPOS="116" VPOS="1182" WIDTH="56" HEIGHT="20" WC="0.96" CONTENT="emot"/><SP WIDTH="16" VPOS="1182" HPOS="172"/>
							<String ID="string_258" HPOS="188" VPOS="1180" WIDTH="41" HEIGHT="20" WC="0.97" CONTENT="den"/><SP WIDTH="15" VPOS="1180" HPOS="229"/>
							<String ID="string_259" HPOS="244" VPOS="1179" WIDTH="134" HEIGHT="21" WC="0.96" CONTENT="närvarande"/><SP WIDTH="16" VPOS="1179" HPOS="378"/>
							<String ID="string_260" HPOS="394" VPOS="1179" WIDTH="66" HEIGHT="25" WC="0.96" CONTENT="tiden,"/><SP WIDTH="17" VPOS="1179" HPOS="460"/>
							<String ID="string_261" HPOS="477" VPOS="1185" WIDTH="45" HEIGHT="15" WC="0.96" CONTENT="som"/><SP WIDTH="15" VPOS="1185" HPOS="522"/>
							<String ID="string_262" HPOS="537" VPOS="1178" WIDTH="55" HEIGHT="21" WC="0.96" CONTENT="först"/><SP WIDTH="14" VPOS="1178" HPOS="592"/>
							<String ID="string_263" HPOS="606" VPOS="1177" WIDTH="43" HEIGHT="21" WC="0.96" CONTENT="lärt"/><SP WIDTH="15" VPOS="1177" HPOS="649"/>
							<String ID="string_264" HPOS="664" VPOS="1178" WIDTH="33" HEIGHT="26" WC="0.96" CONTENT="sig"/><SP WIDTH="16" VPOS="1178" HPOS="697"/>
							<String ID="string_265" HPOS="713" VPOS="1178" WIDTH="32" HEIGHT="20" WC="0.96" CONTENT="att"/><SP WIDTH="14" VPOS="1178" HPOS="745"/>
							<String ID="string_266" HPOS="759" VPOS="1176" WIDTH="35" HEIGHT="21" WC="0.95" CONTENT="till"/><SP WIDTH="8" VPOS="1176" HPOS="794"/>
							<String ID="string_267" HPOS="802" VPOS="1176" WIDTH="54" HEIGHT="21" WC="0.95" CONTENT="fullo"/>
						</TextLine>
						<TextLine ID="line_31" HPOS="115" VPOS="1210" WIDTH="741" HEIGHT="30">
							<String ID="string_268" HPOS="115" VPOS="1214" WIDTH="95" HEIGHT="21" WC="0.96" CONTENT="erkänna"/><SP WIDTH="24" VPOS="1214" HPOS="210"/>
							<String ID="string_269" HPOS="234" VPOS="1213" WIDTH="74" HEIGHT="27" WC="0.93" CONTENT="hvarje"/><SP WIDTH="25" VPOS="1213" HPOS="308"/>
							<String ID="string_270" HPOS="333" VPOS="1212" WIDTH="123" HEIGHT="22" WC="0.91" CONTENT="menniskas"/><SP WIDTH="24" VPOS="1212" HPOS="456"/>
							<String ID="string_271" HPOS="480" VPOS="1212" WIDTH="44" HEIGHT="21" WC="0.96" CONTENT="lika"/><SP WIDTH="25" VPOS="1212" HPOS="524"/>
							<String ID="string_272" HPOS="549" VPOS="1211" WIDTH="150" HEIGHT="27" WC="0.96" CONTENT="berättigande"/><SP WIDTH="22" VPOS="1211" HPOS="699"/>
							<String ID="string_273" HPOS="721" VPOS="1210" WIDTH="39" HEIGHT="21" WC="0.96" CONTENT="och"/><SP WIDTH="19" VPOS="1210" HPOS="760"/>
							<String ID="string_274" HPOS="779" VPOS="1216" WIDTH="77" HEIGHT="20" WC="0.96" CONTENT="genom"/>
						</TextLine>
						<TextLine ID="line_32" HPOS="113" VPOS="1244" WIDTH="746" HEIGHT="30">
							<String ID="string_275" HPOS="113" VPOS="1247" WIDTH="94" HEIGHT="27" WC="0.95" CONTENT="tryggad"/><SP WIDTH="15" VPOS="1247" HPOS="207"/>
							<String ID="string_276" HPOS="222" VPOS="1247" WIDTH="158" HEIGHT="21" WC="0.96" CONTENT="rättssäkerhet"/><SP WIDTH="14" VPOS="1247" HPOS="380"/>
							<String ID="string_277" HPOS="394" VPOS="1247" WIDTH="57" HEIGHT="26" WC="0.96" CONTENT="gjort"/><SP WIDTH="15" VPOS="1247" HPOS="451"/>
							<String ID="string_278" HPOS="466" VPOS="1246" WIDTH="73" HEIGHT="28" WC="0.93" CONTENT="dylika"/><SP WIDTH="14" VPOS="1246" HPOS="539"/>
							<String ID="string_279" HPOS="553" VPOS="1244" WIDTH="206" HEIGHT="28" WC="0.92" CONTENT="skyddsföreningar"/><SP WIDTH="10" VPOS="1244" HPOS="759"/>
							<String ID="string_280" HPOS="769" VPOS="1244" WIDTH="90" HEIGHT="21" WC="0.91" CONTENT="obehöf-"/>
						</TextLine>
						<TextLine ID="line_33" HPOS="115" VPOS="1278" WIDTH="743" HEIGHT="30">
							<String ID="string_281" HPOS="115" VPOS="1282" WIDTH="50" HEIGHT="26" WC="0.96" CONTENT="liga,"/><SP WIDTH="17" VPOS="1282" HPOS="165"/>
							<String ID="string_282" HPOS="182" VPOS="1283" WIDTH="32" HEIGHT="19" WC="0.96" CONTENT="att"/><SP WIDTH="15" VPOS="1283" HPOS="214"/>
							<String ID="string_283" HPOS="229" VPOS="1281" WIDTH="63" HEIGHT="27" WC="0.96" CONTENT="bryta"/><SP WIDTH="14" VPOS="1281" HPOS="292"/>
							<String ID="string_284" HPOS="306" VPOS="1281" WIDTH="50" HEIGHT="26" WC="0.96" CONTENT="alla,"/><SP WIDTH="16" VPOS="1281" HPOS="356"/>
							<String ID="string_285" HPOS="372" VPOS="1281" WIDTH="24" HEIGHT="21" WC="0.96" CONTENT="så"/><SP WIDTH="15" VPOS="1281" HPOS="396"/>
							<String ID="string_286" HPOS="411" VPOS="1282" WIDTH="33" HEIGHT="20" WC="0.96" CONTENT="att"/><SP WIDTH="14" VPOS="1282" HPOS="444"/>
							<String ID="string_287" HPOS="458" VPOS="1283" WIDTH="58" HEIGHT="23" WC="0.96" CONTENT="säga,"/><SP WIDTH="16" VPOS="1283" HPOS="516"/>
							<String ID="string_288" HPOS="532" VPOS="1281" WIDTH="67" HEIGHT="20" WC="0.95" CONTENT="stater"/><SP WIDTH="14" VPOS="1281" HPOS="599"/>
							<String ID="string_289" HPOS="613" VPOS="1279" WIDTH="58" HEIGHT="21" WC="0.96" CONTENT="inom"/><SP WIDTH="16" VPOS="1279" HPOS="671"/>
							<String ID="string_290" HPOS="687" VPOS="1280" WIDTH="71" HEIGHT="20" WC="0.95" CONTENT="staten"/><SP WIDTH="15" VPOS="1280" HPOS="758"/>
							<String ID="string_291" HPOS="773" VPOS="1278" WIDTH="7" HEIGHT="20" WC="0.92" CONTENT="i"/><SP WIDTH="10" VPOS="1278" HPOS="780"/>
							<String ID="string_292" HPOS="790" VPOS="1278" WIDTH="68" HEIGHT="26" WC="0.91" CONTENT="afsigt"/>
						</TextLine>
						<TextLine ID="line_34" HPOS="115" VPOS="1311" WIDTH="743" HEIGHT="31">
							<String ID="string_293" HPOS="115" VPOS="1317" WIDTH="34" HEIGHT="19" WC="0.96" CONTENT="att"/><SP WIDTH="21" VPOS="1317" HPOS="149"/>
							<String ID="string_294" HPOS="170" VPOS="1315" WIDTH="59" HEIGHT="27" WC="0.95" CONTENT="gifva"/><SP WIDTH="15" VPOS="1315" HPOS="229"/>
							<String ID="string_295" HPOS="244" VPOS="1321" WIDTH="26" HEIGHT="15" WC="0.96" CONTENT="en"/><SP WIDTH="15" VPOS="1321" HPOS="270"/>
							<String ID="string_296" HPOS="285" VPOS="1315" WIDTH="53" HEIGHT="21" WC="0.96" CONTENT="hvar"/><SP WIDTH="14" VPOS="1315" HPOS="338"/>
							<String ID="string_297" HPOS="352" VPOS="1314" WIDTH="46" HEIGHT="22" WC="0.96" CONTENT="lika"/><SP WIDTH="14" VPOS="1314" HPOS="398"/>
							<String ID="string_298" HPOS="412" VPOS="1316" WIDTH="44" HEIGHT="20" WC="0.97" CONTENT="rätt"/><SP WIDTH="14" VPOS="1316" HPOS="456"/>
							<String ID="string_299" HPOS="470" VPOS="1314" WIDTH="40" HEIGHT="22" WC="0.97" CONTENT="och"/><SP WIDTH="15" VPOS="1314" HPOS="510"/>
							<String ID="string_300" HPOS="525" VPOS="1314" WIDTH="44" HEIGHT="21" WC="0.96" CONTENT="lika"/><SP WIDTH="15" VPOS="1314" HPOS="569"/>
							<String ID="string_301" HPOS="584" VPOS="1312" WIDTH="71" HEIGHT="22" WC="0.95" CONTENT="frihet."/><SP WIDTH="34" VPOS="1312" HPOS="655"/>
							<String ID="string_302" HPOS="689" VPOS="1312" WIDTH="48" HEIGHT="21" WC="0.92" CONTENT="Den"/><SP WIDTH="14" VPOS="1312" HPOS="737"/>
							<String ID="string_303" HPOS="751" VPOS="1312" WIDTH="59" HEIGHT="20" WC="0.92" CONTENT="afser"/><SP WIDTH="14" VPOS="1312" HPOS="810"/>
							<String ID="string_304" HPOS="824" VPOS="1311" WIDTH="34" HEIGHT="21" WC="0.93" CONTENT="så-"/>
						</TextLine>
						<TextLine ID="line_35" HPOS="116" VPOS="1345" WIDTH="744" HEIGHT="29">
							<String ID="string_305" HPOS="116" VPOS="1348" WIDTH="67" HEIGHT="26" WC="0.91" CONTENT="ledes,"/><SP WIDTH="18" VPOS="1348" HPOS="183"/>
							<String ID="string_306" HPOS="201" VPOS="1348" WIDTH="7" HEIGHT="20" WC="0.93" CONTENT="i"/><SP WIDTH="16" VPOS="1348" HPOS="208"/>
							<String ID="string_307" HPOS="224" VPOS="1350" WIDTH="99" HEIGHT="19" WC="0.92" CONTENT="motsatts"/><SP WIDTH="15" VPOS="1350" HPOS="323"/>
							<String ID="string_308" HPOS="338" VPOS="1349" WIDTH="45" HEIGHT="20" WC="0.96" CONTENT="mot"/><SP WIDTH="14" VPOS="1349" HPOS="383"/>
							<String ID="string_309" HPOS="397" VPOS="1347" WIDTH="136" HEIGHT="26" WC="0.96" CONTENT="medeltiden,"/><SP WIDTH="17" VPOS="1347" HPOS="533"/>
							<String ID="string_310" HPOS="550" VPOS="1352" WIDTH="44" HEIGHT="16" WC="0.96" CONTENT="som"/><SP WIDTH="15" VPOS="1352" HPOS="594"/>
							<String ID="string_311" HPOS="609" VPOS="1347" WIDTH="57" HEIGHT="20" WC="0.96" CONTENT="ännu"/><SP WIDTH="15" VPOS="1347" HPOS="666"/>
							<String ID="string_312" HPOS="681" VPOS="1345" WIDTH="99" HEIGHT="27" WC="0.92" CONTENT="gynnade"/><SP WIDTH="14" VPOS="1345" HPOS="780"/>
							<String ID="string_313" HPOS="794" VPOS="1350" WIDTH="66" HEIGHT="20" WC="0.91" CONTENT="egen-"/>
						</TextLine>
						<TextLine ID="line_36" HPOS="117" VPOS="1378" WIDTH="740" HEIGHT="31">
							<String ID="string_314" HPOS="117" VPOS="1382" WIDTH="88" HEIGHT="21" WC="0.93" CONTENT="domens"/><SP WIDTH="20" VPOS="1382" HPOS="205"/>
							<String ID="string_315" HPOS="225" VPOS="1382" WIDTH="105" HEIGHT="27" WC="0.91" CONTENT="hopande,"/><SP WIDTH="16" VPOS="1382" HPOS="330"/>
							<String ID="string_316" HPOS="346" VPOS="1382" WIDTH="133" HEIGHT="20" WC="0.92" CONTENT="densammas"/><SP WIDTH="13" VPOS="1382" HPOS="479"/>
							<String ID="string_317" HPOS="492" VPOS="1380" WIDTH="73" HEIGHT="27" WC="0.92" CONTENT="jemna"/><SP WIDTH="15" VPOS="1380" HPOS="565"/>
							<String ID="string_318" HPOS="580" VPOS="1378" WIDTH="121" HEIGHT="27" WC="0.96" CONTENT="fördelning"/><SP WIDTH="15" VPOS="1378" HPOS="701"/>
							<String ID="string_319" HPOS="716" VPOS="1378" WIDTH="40" HEIGHT="22" WC="0.93" CONTENT="och"/><SP WIDTH="15" VPOS="1378" HPOS="756"/>
							<String ID="string_320" HPOS="771" VPOS="1378" WIDTH="86" HEIGHT="21" WC="0.92" CONTENT="betrak-"/>
						</TextLine>
						<TextLine ID="line_37" HPOS="116" VPOS="1412" WIDTH="742" HEIGHT="27">
							<String ID="string_321" HPOS="116" VPOS="1418" WIDTH="36" HEIGHT="19" WC="0.93" CONTENT="tar"/><SP WIDTH="23" VPOS="1418" HPOS="152"/>
							<String ID="string_322" HPOS="175" VPOS="1416" WIDTH="85" HEIGHT="22" WC="0.92" CONTENT="derföre"/><SP WIDTH="15" VPOS="1416" HPOS="260"/>
							<String ID="string_323" HPOS="275" VPOS="1416" WIDTH="47" HEIGHT="22" WC="0.96" CONTENT="icke"/><SP WIDTH="16" VPOS="1416" HPOS="322"/>
							<String ID="string_324" HPOS="338" VPOS="1416" WIDTH="40" HEIGHT="22" WC="0.96" CONTENT="den"/><SP WIDTH="17" VPOS="1416" HPOS="378"/>
							<String ID="string_325" HPOS="395" VPOS="1415" WIDTH="96" HEIGHT="22" WC="0.96" CONTENT="enskilde"/><SP WIDTH="16" VPOS="1415" HPOS="491"/>
							<String ID="string_326" HPOS="507" VPOS="1415" WIDTH="69" HEIGHT="21" WC="0.96" CONTENT="såsom"/><SP WIDTH="16" VPOS="1415" HPOS="576"/>
							<String ID="string_327" HPOS="592" VPOS="1415" WIDTH="31" HEIGHT="20" WC="0.96" CONTENT="ett"/><SP WIDTH="14" VPOS="1415" HPOS="623"/>
							<String ID="string_328" HPOS="637" VPOS="1412" WIDTH="92" HEIGHT="27" WC="0.96" CONTENT="redskap"/><SP WIDTH="15" VPOS="1412" HPOS="729"/>
							<String ID="string_329" HPOS="744" VPOS="1413" WIDTH="53" HEIGHT="21" WC="0.96" CONTENT="utan"/><SP WIDTH="15" VPOS="1413" HPOS="797"/>
							<String ID="string_330" HPOS="812" VPOS="1418" WIDTH="46" HEIGHT="16" WC="0.96" CONTENT="som"/>
						</TextLine>
						<TextLine ID="line_38" HPOS="116" VPOS="1446" WIDTH="744" HEIGHT="31">
							<String ID="string_331" HPOS="116" VPOS="1453" WIDTH="35" HEIGHT="20" WC="0.96" CONTENT="ett"/><SP WIDTH="21" VPOS="1453" HPOS="151"/>
							<String ID="string_332" HPOS="172" VPOS="1451" WIDTH="49" HEIGHT="22" WC="0.93" CONTENT="fritt"/><SP WIDTH="20" VPOS="1451" HPOS="221"/>
							<String ID="string_333" HPOS="241" VPOS="1451" WIDTH="92" HEIGHT="22" WC="0.92" CONTENT="väsende"/><SP WIDTH="15" VPOS="1451" HPOS="333"/>
							<String ID="string_334" HPOS="348" VPOS="1450" WIDTH="49" HEIGHT="22" WC="0.95" CONTENT="med"/><SP WIDTH="14" VPOS="1450" HPOS="397"/>
							<String ID="string_335" HPOS="411" VPOS="1449" WIDTH="29" HEIGHT="22" WC="0.93" CONTENT="fri"/><SP WIDTH="14" VPOS="1449" HPOS="440"/>
							<String ID="string_336" HPOS="454" VPOS="1448" WIDTH="249" HEIGHT="29" WC="0.91" CONTENT="sjelfbestämningsrätt."/><SP WIDTH="29" VPOS="1448" HPOS="703"/>
							<String ID="string_337" HPOS="732" VPOS="1447" WIDTH="31" HEIGHT="26" WC="0.93" CONTENT="Ty"/><SP WIDTH="15" VPOS="1447" HPOS="763"/>
							<String ID="string_338" HPOS="778" VPOS="1446" WIDTH="82" HEIGHT="21" WC="0.90" CONTENT="menni-"/>
						</TextLine>
					</TextBlock>
				</ComposedBlock>
				<ComposedBlock ID="cblock_2" HPOS="189" VPOS="1492" WIDTH="603" HEIGHT="27">
					<TextBlock ID="block_2" HPOS="189" VPOS="1492" WIDTH="603" HEIGHT="27">
						<TextLine ID="line_39" HPOS="189" VPOS="1492" WIDTH="603" HEIGHT="27">
							<String ID="string_339" HPOS="189" VPOS="1498" WIDTH="124" HEIGHT="19" WC="0.92" CONTENT="Sammansatta"/><SP WIDTH="14" VPOS="1498" HPOS="313"/>
							<String ID="string_340" HPOS="327" VPOS="1497" WIDTH="37" HEIGHT="22" WC="0.95" CONTENT="Lag"/><SP WIDTH="12" VPOS="1497" HPOS="364"/>
							<String ID="string_341" HPOS="376" VPOS="1497" WIDTH="29" HEIGHT="17" WC="0.96" CONTENT="och"/><SP WIDTH="13" VPOS="1497" HPOS="405"/>
							<String ID="string_342" HPOS="418" VPOS="1495" WIDTH="82" HEIGHT="18" WC="0.96" CONTENT="Ekonomi"/><SP WIDTH="13" VPOS="1495" HPOS="500"/>
							<String ID="string_343" HPOS="513" VPOS="1495" WIDTH="88" HEIGHT="18" WC="0.96" CONTENT="utskottets"/><SP WIDTH="12" VPOS="1495" HPOS="601"/>
							<String ID="string_344" HPOS="613" VPOS="1493" WIDTH="104" HEIGHT="18" WC="0.96" CONTENT="betänkande"/><SP WIDTH="12" VPOS="1493" HPOS="717"/>
							<String ID="string_345" HPOS="729" VPOS="1492" WIDTH="34" HEIGHT="18" WC="0.96" CONTENT="N:o"/><SP WIDTH="13" VPOS="1492" HPOS="763"/>
							<String ID="string_346" HPOS="776" VPOS="1492" WIDTH="16" HEIGHT="17" WC="0.97" CONTENT="3."/>
						</TextLine>
					</TextBlock>
				</ComposedBlock>
			</PrintSpace>
		</Page>
	</Layout>
</alto>
