1048 1709
237 138 28 21 14

207 206 83 16 samma
308 200 106 22 vertikala
431 201 106 27 rubbning
556 201 13 21 å
587 207 26 15 en
633 201 23 21 af
674 201 106 22 skenorna
797 201 124 22 förorsakar
937 208 26 15 en

208 234 98 22 starkare
322 234 155 27 sidokastning.
506 235 80 21 Vidare
602 237 24 19 är
642 235 42 26 det,
699 235 24 21 af
731 236 108 26 praktiskt
849 235 114 22 konstruk-

207 269 46 22 tiva
268 269 47 22 skäl
330 269 46 22 icke
391 269 85 27 möjligt
490 271 33 20 att
533 269 98 27 förlägga
641 269 162 28 tyngdpunkten
813 270 39 21 hos
863 276 26 15 en
900 270 63 22 smal-

208 303 73 27 spårig
299 310 57 20 vagn
374 303 24 22 så
416 303 61 28 djupt
496 304 41 21 ned
552 304 7 21 i
575 303 134 22 förhållande
724 304 34 21 till
773 304 78 27 spåret,
867 306 32 19 att
914 304 49 22 dess

208 338 106 21 stabilitet
327 337 71 22 blefve
414 337 44 22 lika
473 339 52 25 stor,
541 344 45 15 som
602 338 41 21 den
658 343 26 16 en
700 338 126 27 bredspårig
840 345 56 20 vagn
906 345 57 20 eger.

208 372 66 21 Detta
293 372 86 21 relativt
396 372 66 27 högre
480 373 55 26 läge,
556 378 45 15 som
619 372 162 27 tyngdpunkten
800 373 40 20 hos
859 379 26 15 en
901 373 63 22 smal-

207 407 74 27 spårig
300 413 55 20 vagn
373 406 62 27 intar,
454 409 39 24 gör
512 407 49 21 dess
579 406 57 27 gång
651 406 13 22 å
679 407 70 26 ojemn
763 407 56 21 bana
833 409 57 19 ännu
905 413 60 16 mera

207 441 92 26 ostadig.

276 475 171 22 Kommissionen
467 481 64 16 anser
550 475 86 22 derföre
657 477 32 19 att
708 475 160 22 bibehållandet
886 475 23 22 af
923 476 41 21 den

207 510 86 21 härtills
308 511 7 20 i
330 509 48 22 vårt
391 510 51 21 land
456 509 98 22 använda
569 509 43 22 fem
627 509 42 22 fots
681 509 134 27 spårvidden,
835 509 64 22 äfven
913 510 50 21 med

207 545 83 21 fästadt
317 544 102 22 afseende
438 545 13 20 å
468 544 90 21 köldens
577 544 135 27 verkningar,
728 544 40 21 bör
783 544 34 21 för
832 545 53 21 våra
899 544 65 22 fram-

207 579 48 21 tida
268 579 116 26 jernvägar
398 579 99 21 förordas

276 613 101 22 Rörande
392 613 140 28 spårviddens
553 613 116 28 inflytande
691 615 28 25 pä
734 613 105 22 lättheten
850 615 33 20 att
895 613 70 22 öfver-

207 649 64 21 vinna
291 647 121 27 snöhinder,
427 648 43 21 kan
485 647 166 22 kommissionen
666 648 47 21 icke
729 647 75 22 anföra
818 648 67 27 några
900 648 63 21 säkra

207 683 67 26 fakta,
294 683 89 21 emedan
399 682 27 21 de
441 681 179 27 erfarenhetsrön,
636 688 45 15 som
697 682 7 21 i
719 682 60 21 detta
793 682 102 22 afseende
911 682 53 22 stått

206 717 36 21 till
260 717 62 26 buds,
342 719 36 20 äro
398 717 76 27 gjorda
488 716 29 27 på
532 716 45 22 vidt
593 717 57 21 olika
673 716 77 22 ställen
767 717 39 22 och
821 717 68 21 under
905 717 58 21 olika

207 752 157 21 förhållanden.

276 786 32 21 På
327 787 26 21 de
372 786 80 21 norska
471 785 202 28 smalspårbanorna
688 785 133 23 förekomma
835 787 47 20 icke
897 787 68 26 nägra

207 821 137 27 synnerligen
364 821 63 21 svåra
444 820 76 21 hinder
539 821 34 21 till
589 820 54 27 följd
657 820 24 21 af
695 820 85 22 snöfall.
797 840 1 3 .
811 821 78 21 Starka
903 822 61 26 yrvä-

205 856 41 22 der
260 856 114 28 uppgifvas
388 856 8 21 i
411 855 72 26 Norge
498 861 52 16 vara
563 854 158 28 jemförelsevis
733 855 110 28 sällsynta.
865 855 52 22 Med
928 857 37 20 än-

206 891 153 26 damålsenligt
377 890 108 21 inrättade
500 891 82 26 plogar,
597 889 84 22 fästade
697 889 28 28 på
737 890 143 21 lokomotiven
892 892 25 19 är
928 890 36 22 det

205 925 87 27 möjligt
303 925 33 21 för
348 925 69 26 dessa,
430 924 25 21 så
466 925 55 20 lätta
533 925 26 20 de
571 926 27 19 än
609 926 44 24 äro,
666 925 32 20 att
709 925 146 26 upprätthålla
865 924 98 23 trafiken.

276 960 38 20 Att
333 959 63 21 döma
411 959 24 20 af
458 959 192 26 förhandlingarne
665 958 36 21 vid
717 958 170 22 Skandinaviska
907 959 58 26 jern-

206 993 270 27 vägsmanna-sällskapets
487 995 64 24 möte,
559 992 134 22 förekomma
701 993 96 21 deremot
804 993 36 21 vid
848 993 26 21 de
883 993 81 21 danska

206 1028 41 21 och
262 1027 131 28 sydsvenska
407 1027 95 21 banorna
517 1027 97 28 yrväder,
631 1027 72 21 hvilka
715 1027 47 22 icke
775 1027 69 22 sällan
857 1029 52 25 göra
920 1029 44 20 tra-

205 1061 58 22 fiken
276 1062 88 27 omöjlig
374 1061 68 22 under
454 1063 30 20 ett
494 1068 40 20 par
543 1062 72 27 dagar,
624 1061 89 22 oaktadt
725 1062 64 21 dessa
804 1061 78 22 banors
891 1062 73 21 starka

207 1097 123 21 lokomotiv.

275 1131 29 20 Af
321 1130 109 26 naturliga
449 1130 89 21 orsaker
556 1130 67 21 mäste
642 1129 167 22 kommissionen
828 1131 84 26 antaga,
932 1132 32 20 att

206 1165 132 21 snöhindren
357 1165 36 20 vid
411 1165 53 20 vära
482 1164 101 21 framtida
600 1164 116 27 jernvägar
735 1164 62 21 skola
811 1164 68 22 blifva
894 1166 69 20 större

206 1201 28 19 än
250 1199 26 21 de
290 1199 36 21 vid
341 1199 27 20 de
382 1198 85 21 härtills
482 1198 86 21 utförda
583 1199 85 20 norska.
698 1199 79 20 Vidare
793 1200 24 19 är
830 1199 134 21 kommissio-

206 1240 43 14 nen
264 1233 23 21 af
302 1232 41 22 den
358 1232 62 27 äsigt,
436 1234 32 19 att
482 1232 99 22 materiel
596 1232 23 21 af
633 1233 40 21 den
685 1233 55 20 lätta
751 1232 153 27 beskaffenhet,
918 1239 46 15 som

206 1267 38 20 vid
262 1267 26 20 de
307 1265 79 22 norska
406 1265 201 27 smalspärbanorna
622 1267 25 19 är
662 1266 90 26 använd,
768 1266 50 21 med
834 1266 101 21 afseende
951 1265 12 22 ä

207 1300 164 27 ifrägavarande
390 1300 82 26 hinder,
488 1299 47 22 icke
551 1299 55 22 skall
621 1300 72 21 kunna
707 1300 8 21 i
731 1299 47 22 värt
793 1300 50 21 land
859 1300 105 27 betrygga

206 1342 28 15 en
255 1335 108 22 önskvärd
378 1335 53 27 grad
446 1334 24 22 af
483 1334 184 27 regelbundenhet
681 1335 36 21 vid
732 1334 97 23 trafiken.
860 1335 29 21 Af
904 1335 59 21 detta

206 1370 48 21 skäl
273 1375 64 16 anser
355 1369 173 26 kommissionen,
548 1371 32 20 att
598 1369 55 22 bäde
668 1369 119 22 lokomotiv
801 1369 40 22 och
856 1369 57 22 räler
927 1369 36 22 vid

207 1405 51 21 vära
280 1404 102 22 framtida
400 1404 117 28 jernvägar
539 1403 53 22 böra
614 1405 61 26 tagas
694 1405 76 27 tyngre
791 1406 27 19 än
837 1405 27 20 de
883 1404 80 22 norska

206 1440 220 26 smalspärbanornas,
446 1439 39 21 och
503 1441 32 19 att
550 1440 50 21 med
616 1440 41 20 den
672 1439 91 22 sälunda
777 1440 24 21 af
814 1440 98 22 klimatet
926 1440 37 27 pä-

276 1476 91 30 Jernvägs-
373 1476 89 30 Utskottets
469 1480 104 17 betänkande
585 1480 35 16 N:o
632 1480 17 16 3.
