<?xml version="1.0" encoding="UTF-8"?>
<alto xmlns="http://www.loc.gov/standards/alto/ns-v3#" xmlns:xlink="http://www.w3.org/1999/xlink" xmlns:xsi="http://www.w3.org/2001/XMLSchema-instance" xsi:schemaLocation="http://www.loc.gov/standards/alto/ns-v3# http://www.loc.gov/alto/v3/alto-3-0.xsd">
	<Description>
		<MeasurementUnit>pixel</MeasurementUnit>
		<sourceImageInformation>
			<fileName>/tmp/tess_hrh3941m_input.PNG</fileName>
		</sourceImageInformation>
		<OCRProcessing ID="OCR_0">
			<ocrProcessingStep>
				<processingSoftware>
					<softwareName>tesseract 5.3.4</softwareName>
				</processingSoftware>
			</ocrProcessingStep>
		</OCRProcessing>
	</Description>
	<Layout>
		<Page WIDTH="1061" HEIGHT="1703" PHYSICAL_IMG_NR="0" ID="page_0">
			<PrintSpace HPOS="0" VPOS="0" WIDTH="1061" HEIGHT="1703">
				<ComposedBlock ID="cblock_0" HPOS="326" VPOS="115" WIDTH="514" HEIGHT="39">
					<TextBlock ID="block_0" HPOS="326" VPOS="115" WIDTH="514" HEIGHT="39">
						<TextLine ID="line_0" HPOS="326" VPOS="115" WIDTH="514" HEIGHT="39">
							<String ID="string_0" HPOS="326" VPOS="130" WIDTH="31" HEIGHT="21" WC="0.90" CONTENT="U."/><SP WIDTH="17" VPOS="130" HPOS="357"/>
							<String ID="string_1" HPOS="374" VPOS="130" WIDTH="32" HEIGHT="19" WC="0.90" CONTENT="B."/><SP WIDTH="16" VPOS="130" HPOS="406"/>
							<String ID="string_2" HPOS="422" VPOS="141" WIDTH="28" HEIGHT="3" WC="0.91" CONTENT="—"/><SP WIDTH="15" VPOS="141" HPOS="450"/>
							<String ID="string_3" HPOS="465" VPOS="115" WIDTH="91" HEIGHT="39" WC="0.96" CONTENT="Prop."/><SP WIDTH="11" VPOS="115" HPOS="556"/>
							<String ID="string_4" HPOS="567" VPOS="130" WIDTH="46" HEIGHT="20" WC="0.96" CONTENT="N:o"/><SP WIDTH="15" VPOS="130" HPOS="613"/>
							<String ID="string_5" HPOS="628" VPOS="131" WIDTH="46" HEIGHT="20" WC="0.96" CONTENT="27."/><SP WIDTH="154" VPOS="131" HPOS="674"/>
							<String ID="string_6" HPOS="828" VPOS="129" WIDTH="12" HEIGHT="20" WC="0.96" CONTENT="9"/>
						</TextLine>
					</TextBlock>
				</ComposedBlock>
				<ComposedBlock ID="cblock_1" HPOS="125" VPOS="197" WIDTH="751" HEIGHT="1328">
					<TextBlock ID="block_1" HPOS="125" VPOS="197" WIDTH="746" HEIGHT="335">
						<TextLine ID="line_1" HPOS="125" VPOS="197" WIDTH="743" HEIGHT="28">
							<String ID="string_7" HPOS="125" VPOS="197" WIDTH="41" HEIGHT="22" WC="0.96" CONTENT="den"/><SP WIDTH="14" VPOS="197" HPOS="166"/>
							<String ID="string_8" HPOS="180" VPOS="197" WIDTH="76" HEIGHT="28" WC="0.93" CONTENT="nådiga"/><SP WIDTH="14" VPOS="197" HPOS="256"/>
							<String ID="string_9" HPOS="270" VPOS="197" WIDTH="165" HEIGHT="28" WC="0.91" CONTENT="propositionens"/><SP WIDTH="15" VPOS="197" HPOS="435"/>
							<String ID="string_10" HPOS="450" VPOS="197" WIDTH="115" HEIGHT="28" WC="0.96" CONTENT="antagande"/><SP WIDTH="15" VPOS="197" HPOS="565"/>
							<String ID="string_11" HPOS="580" VPOS="197" WIDTH="8" HEIGHT="21" WC="0.93" CONTENT="i"/><SP WIDTH="14" VPOS="197" HPOS="588"/>
							<String ID="string_12" HPOS="602" VPOS="197" WIDTH="120" HEIGHT="22" WC="0.92" CONTENT="hufvudsak"/><SP WIDTH="15" VPOS="197" HPOS="722"/>
							<String ID="string_13" HPOS="737" VPOS="197" WIDTH="7" HEIGHT="22" WC="0.96" CONTENT="i"/><SP WIDTH="15" VPOS="197" HPOS="744"/>
							<String ID="string_14" HPOS="759" VPOS="197" WIDTH="56" HEIGHT="22" WC="0.96" CONTENT="hvad"/><SP WIDTH="13" VPOS="197" HPOS="815"/>
							<String ID="string_15" HPOS="828" VPOS="197" WIDTH="40" HEIGHT="22" WC="0.96" CONTENT="den"/>
						</TextLine>
						<TextLine ID="line_2" HPOS="126" VPOS="231" WIDTH="743" HEIGHT="28">
							<String ID="string_16" HPOS="126" VPOS="231" WIDTH="63" HEIGHT="28" WC="0.95" CONTENT="angår"/><SP WIDTH="20" VPOS="231" HPOS="189"/>
							<String ID="string_17" HPOS="209" VPOS="231" WIDTH="81" HEIGHT="21" WC="0.96" CONTENT="ökande"/><SP WIDTH="20" VPOS="231" HPOS="290"/>
							<String ID="string_18" HPOS="310" VPOS="231" WIDTH="23" HEIGHT="21" WC="0.93" CONTENT="af"/><SP WIDTH="17" VPOS="231" HPOS="333"/>
							<String ID="string_19" HPOS="350" VPOS="231" WIDTH="177" HEIGHT="22" WC="0.92" CONTENT="häradsrätternas"/><SP WIDTH="15" VPOS="231" HPOS="527"/>
							<String ID="string_20" HPOS="542" VPOS="232" WIDTH="173" HEIGHT="25" WC="0.95" CONTENT="sammanträden,"/><SP WIDTH="16" VPOS="232" HPOS="715"/>
							<String ID="string_21" HPOS="731" VPOS="232" WIDTH="39" HEIGHT="21" WC="0.92" CONTENT="och"/><SP WIDTH="15" VPOS="232" HPOS="770"/>
							<String ID="string_22" HPOS="785" VPOS="232" WIDTH="84" HEIGHT="21" WC="0.92" CONTENT="Utskot-"/>
						</TextLine>
						<TextLine ID="line_3" HPOS="126" VPOS="265" WIDTH="743" HEIGHT="29">
							<String ID="string_23" HPOS="126" VPOS="268" WIDTH="31" HEIGHT="19" WC="0.96" CONTENT="tet"/><SP WIDTH="19" VPOS="268" HPOS="157"/>
							<String ID="string_24" HPOS="176" VPOS="265" WIDTH="38" HEIGHT="21" WC="0.96" CONTENT="har"/><SP WIDTH="19" VPOS="265" HPOS="214"/>
							<String ID="string_25" HPOS="233" VPOS="265" WIDTH="71" HEIGHT="21" WC="0.96" CONTENT="härtill"/><SP WIDTH="14" VPOS="265" HPOS="304"/>
							<String ID="string_26" HPOS="318" VPOS="265" WIDTH="23" HEIGHT="21" WC="0.95" CONTENT="så"/><SP WIDTH="14" VPOS="265" HPOS="341"/>
							<String ID="string_27" HPOS="355" VPOS="265" WIDTH="85" HEIGHT="28" WC="0.96" CONTENT="mycket"/><SP WIDTH="15" VPOS="265" HPOS="440"/>
							<String ID="string_28" HPOS="455" VPOS="267" WIDTH="65" HEIGHT="20" WC="0.96" CONTENT="större"/><SP WIDTH="15" VPOS="267" HPOS="520"/>
							<String ID="string_29" HPOS="535" VPOS="266" WIDTH="118" HEIGHT="28" WC="0.96" CONTENT="anledning,"/><SP WIDTH="16" VPOS="266" HPOS="653"/>
							<String ID="string_30" HPOS="669" VPOS="273" WIDTH="44" HEIGHT="14" WC="0.96" CONTENT="som"/><SP WIDTH="15" VPOS="273" HPOS="713"/>
							<String ID="string_31" HPOS="728" VPOS="265" WIDTH="104" HEIGHT="22" WC="0.96" CONTENT="reformen"/><SP WIDTH="15" VPOS="265" HPOS="832"/>
							<String ID="string_32" HPOS="847" VPOS="271" WIDTH="22" HEIGHT="16" WC="0.96" CONTENT="är"/>
						</TextLine>
						<TextLine ID="line_4" HPOS="127" VPOS="298" WIDTH="742" HEIGHT="29">
							<String ID="string_33" HPOS="127" VPOS="298" WIDTH="72" HEIGHT="22" WC="0.92" CONTENT="afsedd"/><SP WIDTH="22" VPOS="298" HPOS="199"/>
							<String ID="string_34" HPOS="221" VPOS="301" WIDTH="30" HEIGHT="19" WC="0.96" CONTENT="att"/><SP WIDTH="21" VPOS="301" HPOS="251"/>
							<String ID="string_35" HPOS="272" VPOS="299" WIDTH="130" HEIGHT="28" WC="0.93" CONTENT="genomföras"/><SP WIDTH="20" VPOS="299" HPOS="402"/>
							<String ID="string_36" HPOS="422" VPOS="300" WIDTH="88" HEIGHT="21" WC="0.92" CONTENT="allenast"/><SP WIDTH="19" VPOS="300" HPOS="510"/>
							<String ID="string_37" HPOS="529" VPOS="299" WIDTH="109" HEIGHT="22" WC="0.96" CONTENT="efterhand"/><SP WIDTH="19" VPOS="299" HPOS="638"/>
							<String ID="string_38" HPOS="657" VPOS="301" WIDTH="38" HEIGHT="20" WC="0.96" CONTENT="och"/><SP WIDTH="18" VPOS="301" HPOS="695"/>
							<String ID="string_39" HPOS="713" VPOS="300" WIDTH="46" HEIGHT="21" WC="0.96" CONTENT="icke"/><SP WIDTH="16" VPOS="300" HPOS="759"/>
							<String ID="string_40" HPOS="775" VPOS="307" WIDTH="37" HEIGHT="14" WC="0.96" CONTENT="ens"/><SP WIDTH="15" VPOS="307" HPOS="812"/>
							<String ID="string_41" HPOS="827" VPOS="301" WIDTH="42" HEIGHT="20" WC="0.96" CONTENT="kan"/>
						</TextLine>
						<TextLine ID="line_5" HPOS="127" VPOS="329" WIDTH="742" HEIGHT="31">
							<String ID="string_42" HPOS="127" VPOS="332" WIDTH="26" HEIGHT="28" WC="0.96" CONTENT="på"/><SP WIDTH="16" VPOS="332" HPOS="153"/>
							<String ID="string_43" HPOS="169" VPOS="341" WIDTH="26" HEIGHT="12" WC="0.96" CONTENT="en"/><SP WIDTH="14" VPOS="341" HPOS="195"/>
							<String ID="string_44" HPOS="209" VPOS="333" WIDTH="54" HEIGHT="27" WC="0.96" CONTENT="gång"/><SP WIDTH="16" VPOS="333" HPOS="263"/>
							<String ID="string_45" HPOS="279" VPOS="333" WIDTH="58" HEIGHT="21" WC="0.95" CONTENT="öfver"/><SP WIDTH="14" VPOS="333" HPOS="337"/>
							<String ID="string_46" HPOS="351" VPOS="333" WIDTH="37" HEIGHT="21" WC="0.96" CONTENT="allt"/><SP WIDTH="15" VPOS="333" HPOS="388"/>
							<String ID="string_47" HPOS="403" VPOS="333" WIDTH="84" HEIGHT="25" WC="0.96" CONTENT="utföras,"/><SP WIDTH="17" VPOS="333" HPOS="487"/>
							<String ID="string_48" HPOS="504" VPOS="329" WIDTH="88" HEIGHT="26" WC="0.96" CONTENT="emedan"/><SP WIDTH="14" VPOS="329" HPOS="592"/>
							<String ID="string_49" HPOS="606" VPOS="334" WIDTH="41" HEIGHT="21" WC="0.96" CONTENT="den"/><SP WIDTH="14" VPOS="334" HPOS="647"/>
							<String ID="string_50" HPOS="661" VPOS="334" WIDTH="60" HEIGHT="21" WC="0.96" CONTENT="beror"/><SP WIDTH="15" VPOS="334" HPOS="721"/>
							<String ID="string_51" HPOS="736" VPOS="333" WIDTH="23" HEIGHT="21" WC="0.96" CONTENT="af"/><SP WIDTH="13" VPOS="333" HPOS="759"/>
							<String ID="string_52" HPOS="772" VPOS="334" WIDTH="25" HEIGHT="21" WC="0.96" CONTENT="de"/><SP WIDTH="13" VPOS="334" HPOS="797"/>
							<String ID="string_53" HPOS="810" VPOS="334" WIDTH="59" HEIGHT="22" WC="0.96" CONTENT="fleste"/>
						</TextLine>
						<TextLine ID="line_6" HPOS="127" VPOS="366" WIDTH="743" HEIGHT="30">
							<String ID="string_54" HPOS="127" VPOS="367" WIDTH="120" HEIGHT="21" WC="0.87" CONTENT="nuvarande"/><SP WIDTH="23" VPOS="367" HPOS="247"/>
							<String ID="string_55" HPOS="270" VPOS="366" WIDTH="194" HEIGHT="30" WC="0.87" CONTENT="häradshöfdingars"/><SP WIDTH="23" VPOS="366" HPOS="464"/>
							<String ID="string_56" HPOS="487" VPOS="367" WIDTH="74" HEIGHT="29" WC="0.92" CONTENT="afgång"/><SP WIDTH="19" VPOS="367" HPOS="561"/>
							<String ID="string_57" HPOS="580" VPOS="368" WIDTH="45" HEIGHT="21" WC="0.96" CONTENT="från"/><SP WIDTH="21" VPOS="368" HPOS="625"/>
							<String ID="string_58" HPOS="646" VPOS="368" WIDTH="45" HEIGHT="21" WC="0.93" CONTENT="sina"/><SP WIDTH="19" VPOS="368" HPOS="691"/>
							<String ID="string_59" HPOS="710" VPOS="368" WIDTH="93" HEIGHT="28" WC="0.90" CONTENT="tjenster,"/><SP WIDTH="17" VPOS="368" HPOS="803"/>
							<String ID="string_60" HPOS="820" VPOS="372" WIDTH="50" HEIGHT="18" WC="0.96" CONTENT="enär"/>
						</TextLine>
						<TextLine ID="line_7" HPOS="128" VPOS="400" WIDTH="742" HEIGHT="29">
							<String ID="string_61" HPOS="128" VPOS="401" WIDTH="73" HEIGHT="21" WC="0.96" CONTENT="endast"/><SP WIDTH="22" VPOS="401" HPOS="201"/>
							<String ID="string_62" HPOS="223" VPOS="401" WIDTH="25" HEIGHT="21" WC="0.93" CONTENT="de"/><SP WIDTH="22" VPOS="401" HPOS="248"/>
							<String ID="string_63" HPOS="270" VPOS="400" WIDTH="191" HEIGHT="29" WC="0.91" CONTENT="häradshöfdingar,"/><SP WIDTH="20" VPOS="400" HPOS="461"/>
							<String ID="string_64" HPOS="481" VPOS="402" WIDTH="73" HEIGHT="21" WC="0.96" CONTENT="hvilka"/><SP WIDTH="14" VPOS="402" HPOS="554"/>
							<String ID="string_65" HPOS="568" VPOS="402" WIDTH="64" HEIGHT="21" WC="0.96" CONTENT="sedan"/><SP WIDTH="15" VPOS="402" HPOS="632"/>
							<String ID="string_66" HPOS="647" VPOS="402" WIDTH="23" HEIGHT="21" WC="0.94" CONTENT="år"/><SP WIDTH="16" VPOS="402" HPOS="670"/>
							<String ID="string_67" HPOS="686" VPOS="403" WIDTH="54" HEIGHT="21" WC="0.96" CONTENT="1873"/><SP WIDTH="15" VPOS="403" HPOS="740"/>
							<String ID="string_68" HPOS="755" VPOS="402" WIDTH="70" HEIGHT="22" WC="0.93" CONTENT="blifvit"/><SP WIDTH="14" VPOS="402" HPOS="825"/>
							<String ID="string_69" HPOS="839" VPOS="405" WIDTH="31" HEIGHT="19" WC="0.89" CONTENT="ut-"/>
						</TextLine>
						<TextLine ID="line_8" HPOS="129" VPOS="435" WIDTH="741" HEIGHT="29">
							<String ID="string_70" HPOS="129" VPOS="435" WIDTH="96" HEIGHT="25" WC="0.90" CONTENT="nämnde,"/><SP WIDTH="19" VPOS="435" HPOS="225"/>
							<String ID="string_71" HPOS="244" VPOS="435" WIDTH="88" HEIGHT="21" WC="0.92" CONTENT="tillträdt"/><SP WIDTH="21" VPOS="435" HPOS="332"/>
							<String ID="string_72" HPOS="353" VPOS="435" WIDTH="45" HEIGHT="21" WC="0.96" CONTENT="sina"/><SP WIDTH="23" VPOS="435" HPOS="398"/>
							<String ID="string_73" HPOS="421" VPOS="435" WIDTH="108" HEIGHT="29" WC="0.96" CONTENT="domsagor"/><SP WIDTH="22" VPOS="435" HPOS="529"/>
							<String ID="string_74" HPOS="551" VPOS="436" WIDTH="47" HEIGHT="21" WC="0.95" CONTENT="med"/><SP WIDTH="16" VPOS="436" HPOS="598"/>
							<String ID="string_75" HPOS="614" VPOS="436" WIDTH="145" HEIGHT="28" WC="0.96" CONTENT="skyldigheten"/><SP WIDTH="15" VPOS="436" HPOS="759"/>
							<String ID="string_76" HPOS="774" VPOS="439" WIDTH="31" HEIGHT="19" WC="0.96" CONTENT="att"/><SP WIDTH="15" VPOS="439" HPOS="805"/>
							<String ID="string_77" HPOS="820" VPOS="444" WIDTH="50" HEIGHT="14" WC="0.96" CONTENT="vara"/>
						</TextLine>
						<TextLine ID="line_9" HPOS="128" VPOS="469" WIDTH="743" HEIGHT="31">
							<String ID="string_78" HPOS="128" VPOS="469" WIDTH="152" HEIGHT="22" WC="0.96" CONTENT="underkastade"/><SP WIDTH="19" VPOS="469" HPOS="280"/>
							<String ID="string_79" HPOS="299" VPOS="470" WIDTH="25" HEIGHT="20" WC="0.96" CONTENT="de"/><SP WIDTH="19" VPOS="470" HPOS="324"/>
							<String ID="string_80" HPOS="343" VPOS="469" WIDTH="149" HEIGHT="29" WC="0.93" CONTENT="förändringar,"/><SP WIDTH="17" VPOS="469" HPOS="492"/>
							<String ID="string_81" HPOS="509" VPOS="471" WIDTH="176" HEIGHT="21" WC="0.92" CONTENT="häradsrätternas"/><SP WIDTH="15" VPOS="471" HPOS="685"/>
							<String ID="string_82" HPOS="700" VPOS="472" WIDTH="39" HEIGHT="20" WC="0.93" CONTENT="och"/><SP WIDTH="17" VPOS="472" HPOS="739"/>
							<String ID="string_83" HPOS="756" VPOS="471" WIDTH="115" HEIGHT="29" WC="0.91" CONTENT="domsagor-"/>
						</TextLine>
						<TextLine ID="line_10" HPOS="126" VPOS="503" WIDTH="359" HEIGHT="29">
							<String ID="string_84" HPOS="126" VPOS="511" WIDTH="37" HEIGHT="13" WC="0.95" CONTENT="nas"/><SP WIDTH="16" VPOS="511" HPOS="163"/>
							<String ID="string_85" HPOS="179" VPOS="503" WIDTH="83" HEIGHT="28" WC="0.96" CONTENT="omfång"/><SP WIDTH="15" VPOS="503" HPOS="262"/>
							<String ID="string_86" HPOS="277" VPOS="504" WIDTH="72" HEIGHT="20" WC="0.96" CONTENT="kunna"/><SP WIDTH="14" VPOS="504" HPOS="349"/>
							<String ID="string_87" HPOS="363" VPOS="504" WIDTH="98" HEIGHT="28" WC="0.93" CONTENT="undergå."/><SP WIDTH="22" VPOS="504" HPOS="461"/>
							<String ID="string_88" HPOS="483" VPOS="526" WIDTH="2" HEIGHT="3" WC="0.81" CONTENT="."/>
						</TextLine>
					</TextBlock>
					<TextBlock ID="block_2" HPOS="128" VPOS="537" WIDTH="748" HEIGHT="954">
						<TextLine ID="line_11" HPOS="196" VPOS="537" WIDTH="673" HEIGHT="31">
							<String ID="string_89" HPOS="196" VPOS="538" WIDTH="64" HEIGHT="21" WC="0.96" CONTENT="Hvad"/><SP WIDTH="15" VPOS="538" HPOS="260"/>
							<String ID="string_90" HPOS="275" VPOS="537" WIDTH="63" HEIGHT="29" WC="0.96" CONTENT="angår"/><SP WIDTH="14" VPOS="537" HPOS="338"/>
							<String ID="string_91" HPOS="352" VPOS="537" WIDTH="104" HEIGHT="29" WC="0.96" CONTENT="förslaget,"/><SP WIDTH="16" VPOS="537" HPOS="456"/>
							<String ID="string_92" HPOS="472" VPOS="540" WIDTH="31" HEIGHT="20" WC="0.96" CONTENT="att"/><SP WIDTH="15" VPOS="540" HPOS="503"/>
							<String ID="string_93" HPOS="518" VPOS="539" WIDTH="39" HEIGHT="21" WC="0.96" CONTENT="den"/><SP WIDTH="16" VPOS="539" HPOS="557"/>
							<String ID="string_94" HPOS="573" VPOS="539" WIDTH="65" HEIGHT="28" WC="0.96" CONTENT="enligt"/><SP WIDTH="14" VPOS="539" HPOS="638"/>
							<String ID="string_95" HPOS="652" VPOS="539" WIDTH="14" HEIGHT="21" WC="0.96" CONTENT="4"/><SP WIDTH="16" VPOS="539" HPOS="666"/>
							<String ID="string_96" HPOS="682" VPOS="540" WIDTH="12" HEIGHT="25" WC="0.91" CONTENT="8"/><SP WIDTH="13" VPOS="540" HPOS="694"/>
							<String ID="string_97" HPOS="707" VPOS="540" WIDTH="10" HEIGHT="20" WC="0.94" CONTENT="1"/><SP WIDTH="12" VPOS="540" HPOS="717"/>
							<String ID="string_98" HPOS="729" VPOS="539" WIDTH="89" HEIGHT="29" WC="0.96" CONTENT="kapitlet"/><SP WIDTH="12" VPOS="539" HPOS="818"/>
							<String ID="string_99" HPOS="830" VPOS="541" WIDTH="39" HEIGHT="20" WC="0.96" CONTENT="och"/>
						</TextLine>
						<TextLine ID="line_12" HPOS="129" VPOS="572" WIDTH="742" HEIGHT="30">
							<String ID="string_100" HPOS="129" VPOS="573" WIDTH="12" HEIGHT="20" WC="0.88" CONTENT="5"/><SP WIDTH="16" VPOS="573" HPOS="141"/>
							<String ID="string_101" HPOS="157" VPOS="572" WIDTH="88" HEIGHT="28" WC="0.93" CONTENT="kapitlet"/><SP WIDTH="19" VPOS="572" HPOS="245"/>
							<String ID="string_102" HPOS="264" VPOS="572" WIDTH="205" HEIGHT="29" WC="0.92" CONTENT="Rättegängsbalken"/><SP WIDTH="20" VPOS="572" HPOS="469"/>
							<String ID="string_103" HPOS="489" VPOS="573" WIDTH="150" HEIGHT="22" WC="0.91" CONTENT="rådstufvurätt"/><SP WIDTH="19" VPOS="573" HPOS="639"/>
							<String ID="string_104" HPOS="658" VPOS="573" WIDTH="158" HEIGHT="22" WC="0.93" CONTENT="tillkommande"/><SP WIDTH="15" VPOS="573" HPOS="816"/>
							<String ID="string_105" HPOS="831" VPOS="574" WIDTH="40" HEIGHT="28" WC="0.92" CONTENT="lag-"/>
						</TextLine>
						<TextLine ID="line_13" HPOS="129" VPOS="606" WIDTH="743" HEIGHT="30">
							<String ID="string_106" HPOS="129" VPOS="606" WIDTH="125" HEIGHT="29" WC="0.91" CONTENT="skipningen"/><SP WIDTH="14" VPOS="606" HPOS="254"/>
							<String ID="string_107" HPOS="268" VPOS="607" WIDTH="8" HEIGHT="20" WC="0.96" CONTENT="i"/><SP WIDTH="15" VPOS="607" HPOS="276"/>
							<String ID="string_108" HPOS="291" VPOS="607" WIDTH="45" HEIGHT="21" WC="0.96" CONTENT="stad"/><SP WIDTH="15" VPOS="607" HPOS="336"/>
							<String ID="string_109" HPOS="351" VPOS="607" WIDTH="67" HEIGHT="21" WC="0.95" CONTENT="skulle"/><SP WIDTH="16" VPOS="607" HPOS="418"/>
							<String ID="string_110" HPOS="434" VPOS="607" WIDTH="48" HEIGHT="21" WC="0.94" CONTENT="med"/><SP WIDTH="15" VPOS="607" HPOS="482"/>
							<String ID="string_111" HPOS="497" VPOS="607" WIDTH="97" HEIGHT="22" WC="0.96" CONTENT="tillåtelse"/><SP WIDTH="15" VPOS="607" HPOS="594"/>
							<String ID="string_112" HPOS="609" VPOS="607" WIDTH="23" HEIGHT="22" WC="0.96" CONTENT="af"/><SP WIDTH="13" VPOS="607" HPOS="632"/>
							<String ID="string_113" HPOS="645" VPOS="607" WIDTH="104" HEIGHT="29" WC="0.96" CONTENT="Kejsaren"/><SP WIDTH="15" VPOS="607" HPOS="749"/>
							<String ID="string_114" HPOS="764" VPOS="609" WIDTH="39" HEIGHT="20" WC="0.92" CONTENT="och"/><SP WIDTH="13" VPOS="609" HPOS="803"/>
							<String ID="string_115" HPOS="816" VPOS="608" WIDTH="56" HEIGHT="22" WC="0.88" CONTENT="Stor-"/>
						</TextLine>
						<TextLine ID="line_14" HPOS="128" VPOS="640" WIDTH="744" HEIGHT="30">
							<String ID="string_116" HPOS="128" VPOS="640" WIDTH="81" HEIGHT="22" WC="0.96" CONTENT="fursten"/><SP WIDTH="22" VPOS="640" HPOS="209"/>
							<String ID="string_117" HPOS="231" VPOS="641" WIDTH="72" HEIGHT="21" WC="0.96" CONTENT="kunna"/><SP WIDTH="15" VPOS="641" HPOS="303"/>
							<String ID="string_118" HPOS="318" VPOS="641" WIDTH="7" HEIGHT="20" WC="0.96" CONTENT="i"/><SP WIDTH="15" VPOS="641" HPOS="325"/>
							<String ID="string_119" HPOS="340" VPOS="641" WIDTH="80" HEIGHT="22" WC="0.96" CONTENT="landets"/><SP WIDTH="20" VPOS="641" HPOS="420"/>
							<String ID="string_120" HPOS="440" VPOS="641" WIDTH="82" HEIGHT="22" WC="0.96" CONTENT="mindre"/><SP WIDTH="18" VPOS="641" HPOS="522"/>
							<String ID="string_121" HPOS="540" VPOS="642" WIDTH="68" HEIGHT="21" WC="0.96" CONTENT="städer"/><SP WIDTH="14" VPOS="642" HPOS="608"/>
							<String ID="string_122" HPOS="622" VPOS="642" WIDTH="94" HEIGHT="28" WC="0.96" CONTENT="upphöra"/><SP WIDTH="15" VPOS="642" HPOS="716"/>
							<String ID="string_123" HPOS="731" VPOS="643" WIDTH="38" HEIGHT="20" WC="0.93" CONTENT="och"/><SP WIDTH="16" VPOS="643" HPOS="769"/>
							<String ID="string_124" HPOS="785" VPOS="642" WIDTH="87" HEIGHT="22" WC="0.91" CONTENT="öfverfö-"/>
						</TextLine>
						<TextLine ID="line_15" HPOS="128" VPOS="675" WIDTH="744" HEIGHT="29">
							<String ID="string_125" HPOS="128" VPOS="683" WIDTH="33" HEIGHT="13" WC="0.95" CONTENT="ras"/><SP WIDTH="22" VPOS="683" HPOS="161"/>
							<String ID="string_126" HPOS="183" VPOS="675" WIDTH="33" HEIGHT="21" WC="0.93" CONTENT="till"/><SP WIDTH="22" VPOS="675" HPOS="216"/>
							<String ID="string_127" HPOS="238" VPOS="675" WIDTH="166" HEIGHT="21" WC="0.92" CONTENT="häradsrätterna"/><SP WIDTH="15" VPOS="675" HPOS="404"/>
							<String ID="string_128" HPOS="419" VPOS="675" WIDTH="7" HEIGHT="21" WC="0.96" CONTENT="i"/><SP WIDTH="16" VPOS="675" HPOS="426"/>
							<String ID="string_129" HPOS="442" VPOS="675" WIDTH="112" HEIGHT="28" WC="0.96" CONTENT="domsagor,"/><SP WIDTH="21" VPOS="675" HPOS="554"/>
							<String ID="string_130" HPOS="575" VPOS="675" WIDTH="73" HEIGHT="22" WC="0.96" CONTENT="hvilka"/><SP WIDTH="19" VPOS="675" HPOS="648"/>
							<String ID="string_131" HPOS="667" VPOS="677" WIDTH="53" HEIGHT="27" WC="0.96" CONTENT="finge"/><SP WIDTH="21" VPOS="677" HPOS="720"/>
							<String ID="string_132" HPOS="741" VPOS="676" WIDTH="83" HEIGHT="28" WC="0.93" CONTENT="ständig"/><SP WIDTH="13" VPOS="676" HPOS="824"/>
							<String ID="string_133" HPOS="837" VPOS="677" WIDTH="35" HEIGHT="21" WC="0.93" CONTENT="hä-"/>
						</TextLine>
						<TextLine ID="line_16" HPOS="128" VPOS="709" WIDTH="744" HEIGHT="29">
							<String ID="string_134" HPOS="128" VPOS="710" WIDTH="95" HEIGHT="25" WC="0.91" CONTENT="radsrätt,"/><SP WIDTH="24" VPOS="710" HPOS="223"/>
							<String ID="string_135" HPOS="247" VPOS="709" WIDTH="22" HEIGHT="21" WC="0.96" CONTENT="så"/><SP WIDTH="22" VPOS="709" HPOS="269"/>
							<String ID="string_136" HPOS="291" VPOS="710" WIDTH="38" HEIGHT="20" WC="0.96" CONTENT="har"/><SP WIDTH="21" VPOS="710" HPOS="329"/>
							<String ID="string_137" HPOS="350" VPOS="710" WIDTH="34" HEIGHT="21" WC="0.96" CONTENT="väl"/><SP WIDTH="19" VPOS="710" HPOS="384"/>
							<String ID="string_138" HPOS="403" VPOS="710" WIDTH="65" HEIGHT="20" WC="0.93" CONTENT="redan"/><SP WIDTH="20" VPOS="710" HPOS="468"/>
							<String ID="string_139" HPOS="488" VPOS="710" WIDTH="134" HEIGHT="21" WC="0.92" CONTENT="härförinnan"/><SP WIDTH="16" VPOS="710" HPOS="622"/>
							<String ID="string_140" HPOS="638" VPOS="710" WIDTH="7" HEIGHT="20" WC="0.96" CONTENT="i"/><SP WIDTH="15" VPOS="710" HPOS="645"/>
							<String ID="string_141" HPOS="660" VPOS="710" WIDTH="91" HEIGHT="21" WC="0.95" CONTENT="Finland"/><SP WIDTH="20" VPOS="710" HPOS="751"/>
							<String ID="string_142" HPOS="771" VPOS="710" WIDTH="18" HEIGHT="28" WC="0.96" CONTENT="ej"/><SP WIDTH="17" VPOS="710" HPOS="789"/>
							<String ID="string_143" HPOS="806" VPOS="711" WIDTH="66" HEIGHT="21" WC="0.95" CONTENT="sällan"/>
						</TextLine>
						<TextLine ID="line_17" HPOS="128" VPOS="743" WIDTH="744" HEIGHT="29">
							<String ID="string_144" HPOS="128" VPOS="743" WIDTH="139" HEIGHT="26" WC="0.96" CONTENT="förekommit,"/><SP WIDTH="17" VPOS="743" HPOS="267"/>
							<String ID="string_145" HPOS="284" VPOS="745" WIDTH="31" HEIGHT="19" WC="0.96" CONTENT="att"/><SP WIDTH="14" VPOS="745" HPOS="315"/>
							<String ID="string_146" HPOS="329" VPOS="744" WIDTH="117" HEIGHT="28" WC="0.96" CONTENT="nyanlagda"/><SP WIDTH="15" VPOS="744" HPOS="446"/>
							<String ID="string_147" HPOS="461" VPOS="744" WIDTH="68" HEIGHT="21" WC="0.93" CONTENT="städer"/><SP WIDTH="15" VPOS="744" HPOS="529"/>
							<String ID="string_148" HPOS="544" VPOS="743" WIDTH="91" HEIGHT="22" WC="0.92" CONTENT="fortfarit"/><SP WIDTH="14" VPOS="743" HPOS="635"/>
							<String ID="string_149" HPOS="649" VPOS="746" WIDTH="31" HEIGHT="19" WC="0.96" CONTENT="att"/><SP WIDTH="14" VPOS="746" HPOS="680"/>
							<String ID="string_150" HPOS="694" VPOS="744" WIDTH="49" HEIGHT="28" WC="0.96" CONTENT="lyda"/><SP WIDTH="14" VPOS="744" HPOS="743"/>
							<String ID="string_151" HPOS="757" VPOS="744" WIDTH="67" HEIGHT="22" WC="0.96" CONTENT="under"/><SP WIDTH="14" VPOS="744" HPOS="824"/>
							<String ID="string_152" HPOS="838" VPOS="745" WIDTH="34" HEIGHT="21" WC="0.93" CONTENT="hä-"/>
						</TextLine>
						<TextLine ID="line_18" HPOS="129" VPOS="777" WIDTH="742" HEIGHT="27">
							<String ID="string_153" HPOS="129" VPOS="778" WIDTH="88" HEIGHT="21" WC="0.90" CONTENT="radsrätt"/><SP WIDTH="15" VPOS="778" HPOS="217"/>
							<String ID="string_154" HPOS="232" VPOS="777" WIDTH="43" HEIGHT="22" WC="0.96" CONTENT="tills"/><SP WIDTH="15" VPOS="777" HPOS="275"/>
							<String ID="string_155" HPOS="290" VPOS="779" WIDTH="31" HEIGHT="20" WC="0.96" CONTENT="att"/><SP WIDTH="13" VPOS="779" HPOS="321"/>
							<String ID="string_156" HPOS="334" VPOS="777" WIDTH="24" HEIGHT="21" WC="0.96" CONTENT="de"/><SP WIDTH="11" VPOS="777" HPOS="358"/>
							<String ID="string_157" HPOS="369" VPOS="778" WIDTH="81" HEIGHT="21" WC="0.96" CONTENT="kunnat"/><SP WIDTH="10" VPOS="778" HPOS="450"/>
							<String ID="string_158" HPOS="460" VPOS="777" WIDTH="65" HEIGHT="22" WC="0.95" CONTENT="förses"/><SP WIDTH="10" VPOS="777" HPOS="525"/>
							<String ID="string_159" HPOS="535" VPOS="778" WIDTH="47" HEIGHT="21" WC="0.93" CONTENT="med"/><SP WIDTH="11" VPOS="778" HPOS="582"/>
							<String ID="string_160" HPOS="593" VPOS="777" WIDTH="156" HEIGHT="27" WC="0.91" CONTENT="rådstufvurätt,"/><SP WIDTH="12" VPOS="777" HPOS="749"/>
							<String ID="string_161" HPOS="761" VPOS="778" WIDTH="110" HEIGHT="22" WC="0.91" CONTENT="hvarutom"/>
						</TextLine>
						<TextLine ID="line_19" HPOS="130" VPOS="811" WIDTH="743" HEIGHT="29">
							<String ID="string_162" HPOS="130" VPOS="812" WIDTH="113" HEIGHT="22" WC="0.90" CONTENT="Sordavala"/><SP WIDTH="18" VPOS="812" HPOS="243"/>
							<String ID="string_163" HPOS="261" VPOS="812" WIDTH="51" HEIGHT="26" WC="0.96" CONTENT="stad,"/><SP WIDTH="16" VPOS="812" HPOS="312"/>
							<String ID="string_164" HPOS="328" VPOS="812" WIDTH="62" HEIGHT="21" WC="0.93" CONTENT="hvars"/><SP WIDTH="15" VPOS="812" HPOS="390"/>
							<String ID="string_165" HPOS="405" VPOS="811" WIDTH="151" HEIGHT="23" WC="0.92" CONTENT="rådstufvurätt"/><SP WIDTH="14" VPOS="811" HPOS="556"/>
							<String ID="string_166" HPOS="570" VPOS="812" WIDTH="26" HEIGHT="28" WC="0.93" CONTENT="på"/><SP WIDTH="14" VPOS="812" HPOS="596"/>
							<String ID="string_167" HPOS="610" VPOS="812" WIDTH="158" HEIGHT="28" WC="0.92" CONTENT="borgerskapets"/><SP WIDTH="15" VPOS="812" HPOS="768"/>
							<String ID="string_168" HPOS="783" VPOS="813" WIDTH="90" HEIGHT="27" WC="0.96" CONTENT="begäran"/>
						</TextLine>
						<TextLine ID="line_20" HPOS="129" VPOS="846" WIDTH="744" HEIGHT="29">
							<String ID="string_169" HPOS="129" VPOS="854" WIDTH="75" HEIGHT="21" WC="0.93" CONTENT="genom"/><SP WIDTH="15" VPOS="854" HPOS="204"/>
							<String ID="string_170" HPOS="219" VPOS="846" WIDTH="91" HEIGHT="28" WC="0.91" CONTENT="Kejserl."/><SP WIDTH="16" VPOS="846" HPOS="310"/>
							<String ID="string_171" HPOS="326" VPOS="846" WIDTH="88" HEIGHT="21" WC="0.92" CONTENT="Brefvet"/><SP WIDTH="15" VPOS="846" HPOS="414"/>
							<String ID="string_172" HPOS="429" VPOS="846" WIDTH="40" HEIGHT="21" WC="0.96" CONTENT="den"/><SP WIDTH="17" VPOS="846" HPOS="469"/>
							<String ID="string_173" HPOS="486" VPOS="846" WIDTH="25" HEIGHT="21" WC="0.96" CONTENT="27"/><SP WIDTH="16" VPOS="846" HPOS="511"/>
							<String ID="string_174" HPOS="527" VPOS="846" WIDTH="57" HEIGHT="21" WC="0.96" CONTENT="Mars"/><SP WIDTH="16" VPOS="846" HPOS="584"/>
							<String ID="string_175" HPOS="600" VPOS="846" WIDTH="55" HEIGHT="22" WC="0.96" CONTENT="1819"/><SP WIDTH="15" VPOS="846" HPOS="655"/>
							<String ID="string_176" HPOS="670" VPOS="846" WIDTH="89" HEIGHT="28" WC="0.96" CONTENT="indrogs,"/><SP WIDTH="16" VPOS="846" HPOS="759"/>
							<String ID="string_177" HPOS="775" VPOS="847" WIDTH="27" HEIGHT="21" WC="0.96" CONTENT="då"/><SP WIDTH="14" VPOS="847" HPOS="802"/>
							<String ID="string_178" HPOS="816" VPOS="847" WIDTH="57" HEIGHT="21" WC="0.96" CONTENT="lades"/>
						</TextLine>
						<TextLine ID="line_21" HPOS="129" VPOS="880" WIDTH="745" HEIGHT="28">
							<String ID="string_179" HPOS="129" VPOS="882" WIDTH="39" HEIGHT="20" WC="0.93" CONTENT="och"/><SP WIDTH="15" VPOS="882" HPOS="168"/>
							<String ID="string_180" HPOS="183" VPOS="880" WIDTH="117" HEIGHT="22" WC="0.90" CONTENT="sedermera"/><SP WIDTH="15" VPOS="880" HPOS="300"/>
							<String ID="string_181" HPOS="315" VPOS="880" WIDTH="55" HEIGHT="22" WC="0.89" CONTENT="intill"/><SP WIDTH="15" VPOS="880" HPOS="370"/>
							<String ID="string_182" HPOS="385" VPOS="882" WIDTH="81" HEIGHT="20" WC="0.93" CONTENT="senaste"/><SP WIDTH="16" VPOS="882" HPOS="466"/>
							<String ID="string_183" HPOS="482" VPOS="880" WIDTH="31" HEIGHT="22" WC="0.93" CONTENT="tid"/><SP WIDTH="14" VPOS="880" HPOS="513"/>
							<String ID="string_184" HPOS="527" VPOS="880" WIDTH="45" HEIGHT="28" WC="0.92" CONTENT="lydt"/><SP WIDTH="14" VPOS="880" HPOS="572"/>
							<String ID="string_185" HPOS="586" VPOS="880" WIDTH="66" HEIGHT="22" WC="0.93" CONTENT="under"/><SP WIDTH="10" VPOS="880" HPOS="652"/>
							<String ID="string_186" HPOS="662" VPOS="881" WIDTH="154" HEIGHT="22" WC="0.92" CONTENT="häradsrättens"/><SP WIDTH="10" VPOS="881" HPOS="816"/>
							<String ID="string_187" HPOS="826" VPOS="881" WIDTH="8" HEIGHT="21" WC="0.93" CONTENT="i"/><SP WIDTH="10" VPOS="881" HPOS="834"/>
							<String ID="string_188" HPOS="844" VPOS="889" WIDTH="30" HEIGHT="13" WC="0.92" CONTENT="or-"/>
						</TextLine>
						<TextLine ID="line_22" HPOS="129" VPOS="914" WIDTH="744" HEIGHT="30">
							<String ID="string_189" HPOS="129" VPOS="918" WIDTH="36" HEIGHT="19" WC="0.93" CONTENT="ten"/><SP WIDTH="13" VPOS="918" HPOS="165"/>
							<String ID="string_190" HPOS="178" VPOS="914" WIDTH="142" HEIGHT="29" WC="0.92" CONTENT="jurisdiktion."/><SP WIDTH="22" VPOS="914" HPOS="320"/>
							<String ID="string_191" HPOS="342" VPOS="914" WIDTH="60" HEIGHT="22" WC="0.93" CONTENT="Dock"/><SP WIDTH="16" VPOS="914" HPOS="402"/>
							<String ID="string_192" HPOS="418" VPOS="914" WIDTH="32" HEIGHT="22" WC="0.96" CONTENT="får"/><SP WIDTH="15" VPOS="914" HPOS="450"/>
							<String ID="string_193" HPOS="465" VPOS="914" WIDTH="18" HEIGHT="28" WC="0.96" CONTENT="ej"/><SP WIDTH="16" VPOS="914" HPOS="483"/>
							<String ID="string_194" HPOS="499" VPOS="915" WIDTH="66" HEIGHT="21" WC="0.93" CONTENT="heller"/><SP WIDTH="14" VPOS="915" HPOS="565"/>
							<String ID="string_195" HPOS="579" VPOS="914" WIDTH="93" HEIGHT="26" WC="0.92" CONTENT="förbises,"/><SP WIDTH="16" VPOS="914" HPOS="672"/>
							<String ID="string_196" HPOS="688" VPOS="915" WIDTH="94" HEIGHT="21" WC="0.92" CONTENT="hvarken"/><SP WIDTH="11" VPOS="915" HPOS="782"/>
							<String ID="string_197" HPOS="793" VPOS="917" WIDTH="30" HEIGHT="20" WC="0.93" CONTENT="att"/><SP WIDTH="9" VPOS="917" HPOS="823"/>
							<String ID="string_198" HPOS="832" VPOS="916" WIDTH="41" HEIGHT="28" WC="0.90" CONTENT="lag-"/>
						</TextLine>
						<TextLine ID="line_23" HPOS="130" VPOS="948" WIDTH="742" HEIGHT="30">
							<String ID="string_199" HPOS="130" VPOS="949" WIDTH="125" HEIGHT="29" WC="0.92" CONTENT="skipningen"/><SP WIDTH="20" VPOS="949" HPOS="255"/>
							<String ID="string_200" HPOS="275" VPOS="949" WIDTH="36" HEIGHT="21" WC="0.93" CONTENT="vid"/><SP WIDTH="19" VPOS="949" HPOS="311"/>
							<String ID="string_201" HPOS="330" VPOS="948" WIDTH="122" HEIGHT="26" WC="0.92" CONTENT="häradsrätt,"/><SP WIDTH="21" VPOS="948" HPOS="452"/>
							<String ID="string_202" HPOS="473" VPOS="948" WIDTH="61" HEIGHT="22" WC="0.90" CONTENT="äfven"/><SP WIDTH="16" VPOS="948" HPOS="534"/>
							<String ID="string_203" HPOS="550" VPOS="953" WIDTH="37" HEIGHT="17" WC="0.96" CONTENT="när"/><SP WIDTH="15" VPOS="953" HPOS="587"/>
							<String ID="string_204" HPOS="602" VPOS="949" WIDTH="68" HEIGHT="21" WC="0.96" CONTENT="denna"/><SP WIDTH="16" VPOS="949" HPOS="670"/>
							<String ID="string_205" HPOS="686" VPOS="949" WIDTH="87" HEIGHT="22" WC="0.93" CONTENT="domstol"/><SP WIDTH="15" VPOS="949" HPOS="773"/>
							<String ID="string_206" HPOS="788" VPOS="950" WIDTH="84" HEIGHT="21" WC="0.91" CONTENT="komme"/>
						</TextLine>
						<TextLine ID="line_24" HPOS="129" VPOS="982" WIDTH="745" HEIGHT="30">
							<String ID="string_207" HPOS="129" VPOS="986" WIDTH="30" HEIGHT="19" WC="0.93" CONTENT="att"/><SP WIDTH="15" VPOS="986" HPOS="159"/>
							<String ID="string_208" HPOS="174" VPOS="983" WIDTH="56" HEIGHT="22" WC="0.95" CONTENT="hålla"/><SP WIDTH="15" VPOS="983" HPOS="230"/>
							<String ID="string_209" HPOS="245" VPOS="983" WIDTH="42" HEIGHT="22" WC="0.96" CONTENT="åtta"/><SP WIDTH="14" VPOS="983" HPOS="287"/>
							<String ID="string_210" HPOS="301" VPOS="983" WIDTH="105" HEIGHT="21" WC="0.93" CONTENT="allmänna"/><SP WIDTH="10" VPOS="983" HPOS="406"/>
							<String ID="string_211" HPOS="416" VPOS="983" WIDTH="167" HEIGHT="21" WC="0.95" CONTENT="sammanträden"/><SP WIDTH="10" VPOS="983" HPOS="583"/>
							<String ID="string_212" HPOS="593" VPOS="990" WIDTH="34" HEIGHT="14" WC="0.93" CONTENT="om"/><SP WIDTH="10" VPOS="990" HPOS="627"/>
							<String ID="string_213" HPOS="637" VPOS="983" WIDTH="50" HEIGHT="26" WC="0.96" CONTENT="året,"/><SP WIDTH="12" VPOS="983" HPOS="687"/>
							<String ID="string_214" HPOS="699" VPOS="982" WIDTH="18" HEIGHT="29" WC="0.96" CONTENT="ej"/><SP WIDTH="11" VPOS="982" HPOS="717"/>
							<String ID="string_215" HPOS="728" VPOS="984" WIDTH="42" HEIGHT="20" WC="0.96" CONTENT="kan"/><SP WIDTH="10" VPOS="984" HPOS="770"/>
							<String ID="string_216" HPOS="780" VPOS="984" WIDTH="8" HEIGHT="20" WC="0.93" CONTENT="i"/><SP WIDTH="10" VPOS="984" HPOS="788"/>
							<String ID="string_217" HPOS="798" VPOS="984" WIDTH="76" HEIGHT="28" WC="0.92" CONTENT="skynd-"/>
						</TextLine>
						<TextLine ID="line_25" HPOS="130" VPOS="1016" WIDTH="744" HEIGHT="31">
							<String ID="string_218" HPOS="130" VPOS="1018" WIDTH="81" HEIGHT="21" WC="0.92" CONTENT="samhet"/><SP WIDTH="15" VPOS="1018" HPOS="211"/>
							<String ID="string_219" HPOS="226" VPOS="1017" WIDTH="48" HEIGHT="22" WC="0.92" CONTENT="fullt"/><SP WIDTH="15" VPOS="1017" HPOS="274"/>
							<String ID="string_220" HPOS="289" VPOS="1020" WIDTH="103" HEIGHT="27" WC="0.93" CONTENT="motsvara"/><SP WIDTH="15" VPOS="1020" HPOS="392"/>
							<String ID="string_221" HPOS="407" VPOS="1016" WIDTH="233" HEIGHT="29" WC="0.92" CONTENT="rättegängsärendenas"/><SP WIDTH="14" VPOS="1016" HPOS="640"/>
							<String ID="string_222" HPOS="654" VPOS="1017" WIDTH="127" HEIGHT="28" WC="0.96" CONTENT="behandling"/><SP WIDTH="15" VPOS="1017" HPOS="781"/>
							<String ID="string_223" HPOS="796" VPOS="1018" WIDTH="36" HEIGHT="21" WC="0.96" CONTENT="vid"/><SP WIDTH="16" VPOS="1018" HPOS="832"/>
							<String ID="string_224" HPOS="848" VPOS="1025" WIDTH="26" HEIGHT="14" WC="0.96" CONTENT="en"/>
						</TextLine>
						<TextLine ID="line_26" HPOS="130" VPOS="1051" WIDTH="744" HEIGHT="28">
							<String ID="string_225" HPOS="130" VPOS="1051" WIDTH="136" HEIGHT="28" WC="0.90" CONTENT="regelbundet"/><SP WIDTH="15" VPOS="1051" HPOS="266"/>
							<String ID="string_226" HPOS="281" VPOS="1051" WIDTH="194" HEIGHT="21" WC="0.92" CONTENT="sammanträdande"/><SP WIDTH="16" VPOS="1051" HPOS="475"/>
							<String ID="string_227" HPOS="491" VPOS="1051" WIDTH="155" HEIGHT="25" WC="0.92" CONTENT="rädstufvurätt,"/><SP WIDTH="16" VPOS="1051" HPOS="646"/>
							<String ID="string_228" HPOS="662" VPOS="1054" WIDTH="54" HEIGHT="18" WC="0.93" CONTENT="samt"/><SP WIDTH="15" VPOS="1054" HPOS="716"/>
							<String ID="string_229" HPOS="731" VPOS="1051" WIDTH="18" HEIGHT="28" WC="0.87" CONTENT="ej"/><SP WIDTH="16" VPOS="1051" HPOS="749"/>
							<String ID="string_230" HPOS="765" VPOS="1052" WIDTH="66" HEIGHT="21" WC="0.96" CONTENT="heller"/><SP WIDTH="13" VPOS="1052" HPOS="831"/>
							<String ID="string_231" HPOS="844" VPOS="1054" WIDTH="30" HEIGHT="20" WC="0.97" CONTENT="att"/>
						</TextLine>
						<TextLine ID="line_27" HPOS="130" VPOS="1085" WIDTH="744" HEIGHT="28">
							<String ID="string_232" HPOS="130" VPOS="1087" WIDTH="13" HEIGHT="20" WC="0.94" CONTENT="3"/><SP WIDTH="12" VPOS="1087" HPOS="143"/>
							<String ID="string_233" HPOS="155" VPOS="1087" WIDTH="13" HEIGHT="25" WC="0.94" CONTENT="8"/><SP WIDTH="10" VPOS="1087" HPOS="168"/>
							<String ID="string_234" HPOS="178" VPOS="1085" WIDTH="8" HEIGHT="22" WC="0.93" CONTENT="i"/><SP WIDTH="10" VPOS="1085" HPOS="186"/>
							<String ID="string_235" HPOS="196" VPOS="1086" WIDTH="77" HEIGHT="27" WC="0.93" CONTENT="Kongl."/><SP WIDTH="17" VPOS="1086" HPOS="273"/>
							<String ID="string_236" HPOS="290" VPOS="1085" WIDTH="118" HEIGHT="21" WC="0.92" CONTENT="Försäkran"/><SP WIDTH="15" VPOS="1085" HPOS="408"/>
							<String ID="string_237" HPOS="423" VPOS="1085" WIDTH="32" HEIGHT="21" WC="0.93" CONTENT="för"/><SP WIDTH="16" VPOS="1085" HPOS="455"/>
							<String ID="string_238" HPOS="471" VPOS="1085" WIDTH="146" HEIGHT="28" WC="0.90" CONTENT="borgerskapet"/><SP WIDTH="15" VPOS="1085" HPOS="617"/>
							<String ID="string_239" HPOS="632" VPOS="1085" WIDTH="38" HEIGHT="21" WC="0.29" CONTENT="och."/><SP WIDTH="16" VPOS="1085" HPOS="670"/>
							<String ID="string_240" HPOS="686" VPOS="1085" WIDTH="95" HEIGHT="22" WC="0.5" CONTENT="städerna"/><SP WIDTH="16" VPOS="1085" HPOS="781"/>
							<String ID="string_241" HPOS="797" VPOS="1085" WIDTH="23" HEIGHT="22" WC="0.96" CONTENT="af"/><SP WIDTH="13" VPOS="1085" HPOS="820"/>
							<String ID="string_242" HPOS="833" VPOS="1086" WIDTH="41" HEIGHT="21" WC="0.96" CONTENT="den"/>
						</TextLine>
						<TextLine ID="line_28" HPOS="131" VPOS="1119" WIDTH="742" HEIGHT="30">
							<String ID="string_243" HPOS="131" VPOS="1121" WIDTH="27" HEIGHT="21" WC="0.96" CONTENT="23"/><SP WIDTH="19" VPOS="1121" HPOS="158"/>
							<String ID="string_244" HPOS="177" VPOS="1120" WIDTH="103" HEIGHT="21" WC="0.96" CONTENT="Februari"/><SP WIDTH="23" VPOS="1120" HPOS="280"/>
							<String ID="string_245" HPOS="303" VPOS="1120" WIDTH="59" HEIGHT="25" WC="0.93" CONTENT="1789,"/><SP WIDTH="17" VPOS="1120" HPOS="362"/>
							<String ID="string_246" HPOS="379" VPOS="1119" WIDTH="63" HEIGHT="22" WC="0.92" CONTENT="sädan"/><SP WIDTH="16" VPOS="1119" HPOS="442"/>
							<String ID="string_247" HPOS="458" VPOS="1119" WIDTH="40" HEIGHT="21" WC="0.93" CONTENT="den"/><SP WIDTH="15" VPOS="1119" HPOS="498"/>
							<String ID="string_248" HPOS="513" VPOS="1119" WIDTH="59" HEIGHT="29" WC="0.93" CONTENT="lyder"/><SP WIDTH="14" VPOS="1119" HPOS="572"/>
							<String ID="string_249" HPOS="586" VPOS="1119" WIDTH="8" HEIGHT="21" WC="0.93" CONTENT="i"/><SP WIDTH="14" VPOS="1119" HPOS="594"/>
							<String ID="string_250" HPOS="608" VPOS="1119" WIDTH="92" HEIGHT="28" WC="0.92" CONTENT="Kejserl."/><SP WIDTH="16" VPOS="1119" HPOS="700"/>
							<String ID="string_251" HPOS="716" VPOS="1120" WIDTH="157" HEIGHT="29" WC="0.92" CONTENT="Förordningen"/>
						</TextLine>
						<TextLine ID="line_29" HPOS="131" VPOS="1154" WIDTH="743" HEIGHT="29">
							<String ID="string_252" HPOS="131" VPOS="1155" WIDTH="41" HEIGHT="21" WC="0.96" CONTENT="den"/><SP WIDTH="15" VPOS="1155" HPOS="172"/>
							<String ID="string_253" HPOS="187" VPOS="1155" WIDTH="12" HEIGHT="21" WC="0.96" CONTENT="8"/><SP WIDTH="16" VPOS="1155" HPOS="199"/>
							<String ID="string_254" HPOS="215" VPOS="1155" WIDTH="117" HEIGHT="20" WC="0.96" CONTENT="December"/><SP WIDTH="24" VPOS="1155" HPOS="332"/>
							<String ID="string_255" HPOS="356" VPOS="1154" WIDTH="60" HEIGHT="26" WC="0.93" CONTENT="1873,"/><SP WIDTH="23" VPOS="1154" HPOS="416"/>
							<String ID="string_256" HPOS="439" VPOS="1156" WIDTH="83" HEIGHT="26" WC="0.92" CONTENT="tryggat"/><SP WIDTH="18" VPOS="1156" HPOS="522"/>
							<String ID="string_257" HPOS="540" VPOS="1154" WIDTH="168" HEIGHT="21" WC="0.91" CONTENT="stadskommuns"/><SP WIDTH="20" VPOS="1154" HPOS="708"/>
							<String ID="string_258" HPOS="728" VPOS="1155" WIDTH="95" HEIGHT="28" WC="0.92" CONTENT="samtlige"/><SP WIDTH="16" VPOS="1155" HPOS="823"/>
							<String ID="string_259" HPOS="839" VPOS="1155" WIDTH="35" HEIGHT="22" WC="0.96" CONTENT="vid"/>
						</TextLine>
						<TextLine ID="line_30" HPOS="130" VPOS="1188" WIDTH="746" HEIGHT="29">
							<String ID="string_260" HPOS="130" VPOS="1190" WIDTH="166" HEIGHT="21" WC="0.92" CONTENT="rädhusstämma"/><SP WIDTH="20" VPOS="1190" HPOS="296"/>
							<String ID="string_261" HPOS="316" VPOS="1188" WIDTH="169" HEIGHT="28" WC="0.89" CONTENT="röstberättigade"/><SP WIDTH="19" VPOS="1188" HPOS="485"/>
							<String ID="string_262" HPOS="504" VPOS="1189" WIDTH="135" HEIGHT="21" WC="0.96" CONTENT="medlemmar"/><SP WIDTH="15" VPOS="1189" HPOS="639"/>
							<String ID="string_263" HPOS="654" VPOS="1189" WIDTH="36" HEIGHT="21" WC="0.93" CONTENT="vid"/><SP WIDTH="14" VPOS="1189" HPOS="690"/>
							<String ID="string_264" HPOS="704" VPOS="1189" WIDTH="126" HEIGHT="28" WC="0.92" CONTENT="rättigheten"/><SP WIDTH="15" VPOS="1189" HPOS="830"/>
							<String ID="string_265" HPOS="845" VPOS="1192" WIDTH="31" HEIGHT="20" WC="0.97" CONTENT="att"/>
						</TextLine>
						<TextLine ID="line_31" HPOS="132" VPOS="1222" WIDTH="743" HEIGHT="31">
							<String ID="string_266" HPOS="132" VPOS="1224" WIDTH="73" HEIGHT="29" WC="0.92" CONTENT="sjelfve"/><SP WIDTH="20" VPOS="1224" HPOS="205"/>
							<String ID="string_267" HPOS="225" VPOS="1224" WIDTH="21" HEIGHT="21" WC="0.96" CONTENT="få"/><SP WIDTH="18" VPOS="1224" HPOS="246"/>
							<String ID="string_268" HPOS="264" VPOS="1223" WIDTH="75" HEIGHT="22" WC="0.96" CONTENT="föreslå"/><SP WIDTH="15" VPOS="1223" HPOS="339"/>
							<String ID="string_269" HPOS="354" VPOS="1224" WIDTH="139" HEIGHT="27" WC="0.96" CONTENT="borgmästare"/><SP WIDTH="16" VPOS="1224" HPOS="493"/>
							<String ID="string_270" HPOS="509" VPOS="1223" WIDTH="38" HEIGHT="21" WC="0.96" CONTENT="och"/><SP WIDTH="15" VPOS="1223" HPOS="547"/>
							<String ID="string_271" HPOS="562" VPOS="1222" WIDTH="54" HEIGHT="28" WC="0.93" CONTENT="välja"/><SP WIDTH="16" VPOS="1222" HPOS="616"/>
							<String ID="string_272" HPOS="632" VPOS="1222" WIDTH="85" HEIGHT="22" WC="0.96" CONTENT="rådmän"/><SP WIDTH="15" VPOS="1222" HPOS="717"/>
							<String ID="string_273" HPOS="732" VPOS="1223" WIDTH="7" HEIGHT="21" WC="0.96" CONTENT="i"/><SP WIDTH="16" VPOS="1223" HPOS="739"/>
							<String ID="string_274" HPOS="755" VPOS="1224" WIDTH="59" HEIGHT="21" WC="0.96" CONTENT="deras"/><SP WIDTH="15" VPOS="1224" HPOS="814"/>
							<String ID="string_275" HPOS="829" VPOS="1224" WIDTH="46" HEIGHT="22" WC="0.96" CONTENT="stad"/>
						</TextLine>
						<TextLine ID="line_32" HPOS="133" VPOS="1257" WIDTH="742" HEIGHT="30">
							<String ID="string_276" HPOS="133" VPOS="1260" WIDTH="38" HEIGHT="20" WC="0.89" CONTENT="och"/><SP WIDTH="23" VPOS="1260" HPOS="171"/>
							<String ID="string_277" HPOS="194" VPOS="1258" WIDTH="79" HEIGHT="22" WC="0.96" CONTENT="således"/><SP WIDTH="22" VPOS="1258" HPOS="273"/>
							<String ID="string_278" HPOS="295" VPOS="1260" WIDTH="30" HEIGHT="19" WC="0.93" CONTENT="att"/><SP WIDTH="20" VPOS="1260" HPOS="325"/>
							<String ID="string_279" HPOS="345" VPOS="1257" WIDTH="17" HEIGHT="29" WC="0.96" CONTENT="ej"/><SP WIDTH="20" VPOS="1257" HPOS="362"/>
							<String ID="string_280" HPOS="382" VPOS="1257" WIDTH="82" HEIGHT="21" WC="0.93" CONTENT="mindre"/><SP WIDTH="20" VPOS="1257" HPOS="464"/>
							<String ID="string_281" HPOS="484" VPOS="1257" WIDTH="21" HEIGHT="21" WC="0.93" CONTENT="få"/><SP WIDTH="16" VPOS="1257" HPOS="505"/>
							<String ID="string_282" HPOS="521" VPOS="1257" WIDTH="71" HEIGHT="21" WC="0.84" CONTENT="utöfva"/><SP WIDTH="15" VPOS="1257" HPOS="592"/>
							<String ID="string_283" HPOS="607" VPOS="1260" WIDTH="30" HEIGHT="19" WC="0.97" CONTENT="ett"/><SP WIDTH="15" VPOS="1260" HPOS="637"/>
							<String ID="string_284" HPOS="652" VPOS="1259" WIDTH="51" HEIGHT="20" WC="0.93" CONTENT="stort"/><SP WIDTH="15" VPOS="1259" HPOS="703"/>
							<String ID="string_285" HPOS="718" VPOS="1258" WIDTH="114" HEIGHT="28" WC="0.96" CONTENT="inflytande"/><SP WIDTH="17" VPOS="1258" HPOS="832"/>
							<String ID="string_286" HPOS="849" VPOS="1258" WIDTH="26" HEIGHT="29" WC="0.96" CONTENT="pä"/>
						</TextLine>
						<TextLine ID="line_33" HPOS="132" VPOS="1291" WIDTH="743" HEIGHT="29">
							<String ID="string_287" HPOS="132" VPOS="1292" WIDTH="137" HEIGHT="22" WC="0.96" CONTENT="tillsättandet"/><SP WIDTH="20" VPOS="1292" HPOS="269"/>
							<String ID="string_288" HPOS="289" VPOS="1292" WIDTH="23" HEIGHT="21" WC="0.96" CONTENT="af"/><SP WIDTH="18" VPOS="1292" HPOS="312"/>
							<String ID="string_289" HPOS="330" VPOS="1291" WIDTH="58" HEIGHT="22" WC="0.93" CONTENT="deras"/><SP WIDTH="20" VPOS="1291" HPOS="388"/>
							<String ID="string_290" HPOS="408" VPOS="1292" WIDTH="90" HEIGHT="25" WC="0.95" CONTENT="domare,"/><SP WIDTH="17" VPOS="1292" HPOS="498"/>
							<String ID="string_291" HPOS="515" VPOS="1296" WIDTH="25" HEIGHT="16" WC="0.93" CONTENT="än"/><SP WIDTH="16" VPOS="1296" HPOS="540"/>
							<String ID="string_292" HPOS="556" VPOS="1292" WIDTH="38" HEIGHT="20" WC="0.96" CONTENT="ock"/><SP WIDTH="15" VPOS="1292" HPOS="594"/>
							<String ID="string_293" HPOS="609" VPOS="1291" WIDTH="22" HEIGHT="21" WC="0.93" CONTENT="få"/><SP WIDTH="14" VPOS="1291" HPOS="631"/>
							<String ID="string_294" HPOS="645" VPOS="1291" WIDTH="146" HEIGHT="29" WC="0.69" CONTENT="tillgodonjuta"/><SP WIDTH="15" VPOS="1291" HPOS="791"/>
							<String ID="string_295" HPOS="806" VPOS="1293" WIDTH="69" HEIGHT="27" WC="0.92" CONTENT="rättig-"/>
						</TextLine>
						<TextLine ID="line_34" HPOS="132" VPOS="1326" WIDTH="742" HEIGHT="26">
							<String ID="string_296" HPOS="132" VPOS="1327" WIDTH="64" HEIGHT="20" WC="0.92" CONTENT="heten"/><SP WIDTH="15" VPOS="1327" HPOS="196"/>
							<String ID="string_297" HPOS="211" VPOS="1328" WIDTH="30" HEIGHT="18" WC="0.93" CONTENT="att"/><SP WIDTH="16" VPOS="1328" HPOS="241"/>
							<String ID="string_298" HPOS="257" VPOS="1326" WIDTH="70" HEIGHT="20" WC="0.92" CONTENT="dömas"/><SP WIDTH="16" VPOS="1326" HPOS="327"/>
							<String ID="string_299" HPOS="343" VPOS="1326" WIDTH="22" HEIGHT="20" WC="0.93" CONTENT="af"/><SP WIDTH="13" VPOS="1326" HPOS="365"/>
							<String ID="string_300" HPOS="378" VPOS="1326" WIDTH="76" HEIGHT="20" WC="0.92" CONTENT="sädane"/><SP WIDTH="16" VPOS="1326" HPOS="454"/>
							<String ID="string_301" HPOS="470" VPOS="1326" WIDTH="88" HEIGHT="20" WC="0.92" CONTENT="domare."/><SP WIDTH="22" VPOS="1326" HPOS="558"/>
							<String ID="string_302" HPOS="580" VPOS="1326" WIDTH="46" HEIGHT="20" WC="0.93" CONTENT="När"/><SP WIDTH="15" VPOS="1326" HPOS="626"/>
							<String ID="string_303" HPOS="641" VPOS="1326" WIDTH="148" HEIGHT="26" WC="0.91" CONTENT="Lagutskottet"/><SP WIDTH="14" VPOS="1326" HPOS="789"/>
							<String ID="string_304" HPOS="803" VPOS="1327" WIDTH="71" HEIGHT="25" WC="0.93" CONTENT="likväl,"/>
						</TextLine>
						<TextLine ID="line_35" HPOS="133" VPOS="1358" WIDTH="741" HEIGHT="29">
							<String ID="string_305" HPOS="133" VPOS="1360" WIDTH="48" HEIGHT="20" WC="0.89" CONTENT="med"/><SP WIDTH="21" VPOS="1360" HPOS="181"/>
							<String ID="string_306" HPOS="202" VPOS="1359" WIDTH="83" HEIGHT="28" WC="0.89" CONTENT="hänsigt"/><SP WIDTH="20" VPOS="1359" HPOS="285"/>
							<String ID="string_307" HPOS="305" VPOS="1358" WIDTH="68" HEIGHT="21" WC="0.90" CONTENT="dertill"/><SP WIDTH="20" VPOS="1358" HPOS="373"/>
							<String ID="string_308" HPOS="393" VPOS="1360" WIDTH="30" HEIGHT="19" WC="0.96" CONTENT="att"/><SP WIDTH="21" VPOS="1360" HPOS="423"/>
							<String ID="string_309" HPOS="444" VPOS="1358" WIDTH="68" HEIGHT="21" WC="0.96" CONTENT="denna"/><SP WIDTH="14" VPOS="1358" HPOS="512"/>
							<String ID="string_310" HPOS="526" VPOS="1358" WIDTH="8" HEIGHT="21" WC="0.93" CONTENT="i"/><SP WIDTH="14" VPOS="1358" HPOS="534"/>
							<String ID="string_311" HPOS="548" VPOS="1358" WIDTH="102" HEIGHT="28" WC="0.93" CONTENT="grundlag"/><SP WIDTH="14" VPOS="1358" HPOS="650"/>
							<String ID="string_312" HPOS="664" VPOS="1359" WIDTH="120" HEIGHT="21" WC="0.92" CONTENT="bekräftade"/><SP WIDTH="16" VPOS="1359" HPOS="784"/>
							<String ID="string_313" HPOS="800" VPOS="1362" WIDTH="41" HEIGHT="19" WC="0.93" CONTENT="rätt"/><SP WIDTH="15" VPOS="1362" HPOS="841"/>
							<String ID="string_314" HPOS="856" VPOS="1360" WIDTH="18" HEIGHT="27" WC="0.93" CONTENT="ej"/>
						</TextLine>
						<TextLine ID="line_36" HPOS="132" VPOS="1391" WIDTH="743" HEIGHT="31">
							<String ID="string_315" HPOS="132" VPOS="1395" WIDTH="61" HEIGHT="27" WC="0.93" CONTENT="utgör"/><SP WIDTH="14" VPOS="1395" HPOS="193"/>
							<String ID="string_316" HPOS="207" VPOS="1393" WIDTH="75" HEIGHT="21" WC="0.93" CONTENT="hinder"/><SP WIDTH="15" VPOS="1393" HPOS="282"/>
							<String ID="string_317" HPOS="297" VPOS="1392" WIDTH="32" HEIGHT="22" WC="0.96" CONTENT="för"/><SP WIDTH="15" VPOS="1392" HPOS="329"/>
							<String ID="string_318" HPOS="344" VPOS="1400" WIDTH="26" HEIGHT="13" WC="0.97" CONTENT="en"/><SP WIDTH="15" VPOS="1400" HPOS="370"/>
							<String ID="string_319" HPOS="385" VPOS="1392" WIDTH="51" HEIGHT="21" WC="0.96" CONTENT="eller"/><SP WIDTH="15" VPOS="1392" HPOS="436"/>
							<String ID="string_320" HPOS="451" VPOS="1400" WIDTH="69" HEIGHT="13" WC="0.96" CONTENT="annan"/><SP WIDTH="15" VPOS="1400" HPOS="520"/>
							<String ID="string_321" HPOS="535" VPOS="1392" WIDTH="45" HEIGHT="21" WC="0.96" CONTENT="stad"/><SP WIDTH="15" VPOS="1392" HPOS="580"/>
							<String ID="string_322" HPOS="595" VPOS="1394" WIDTH="31" HEIGHT="19" WC="0.96" CONTENT="att"/><SP WIDTH="14" VPOS="1394" HPOS="626"/>
							<String ID="string_323" HPOS="640" VPOS="1391" WIDTH="32" HEIGHT="22" WC="0.93" CONTENT="för"/><SP WIDTH="15" VPOS="1391" HPOS="672"/>
							<String ID="string_324" HPOS="687" VPOS="1392" WIDTH="67" HEIGHT="29" WC="0.92" CONTENT="nägon"/><SP WIDTH="15" VPOS="1392" HPOS="754"/>
							<String ID="string_325" HPOS="769" VPOS="1393" WIDTH="31" HEIGHT="21" WC="0.91" CONTENT="tid"/><SP WIDTH="10" VPOS="1393" HPOS="800"/>
							<String ID="string_326" HPOS="810" VPOS="1393" WIDTH="65" HEIGHT="22" WC="0.91" CONTENT="frivil-"/>
						</TextLine>
						<TextLine ID="line_37" HPOS="132" VPOS="1426" WIDTH="744" HEIGHT="31">
							<String ID="string_327" HPOS="132" VPOS="1429" WIDTH="39" HEIGHT="28" WC="0.91" CONTENT="ligt"/><SP WIDTH="22" VPOS="1429" HPOS="171"/>
							<String ID="string_328" HPOS="193" VPOS="1427" WIDTH="52" HEIGHT="22" WC="0.91" CONTENT="afstä"/><SP WIDTH="20" VPOS="1427" HPOS="245"/>
							<String ID="string_329" HPOS="265" VPOS="1427" WIDTH="54" HEIGHT="22" WC="0.90" CONTENT="ifrän"/><SP WIDTH="20" VPOS="1427" HPOS="319"/>
							<String ID="string_330" HPOS="339" VPOS="1426" WIDTH="123" HEIGHT="29" WC="0.90" CONTENT="utöfningen"/><SP WIDTH="15" VPOS="1426" HPOS="462"/>
							<String ID="string_331" HPOS="477" VPOS="1426" WIDTH="60" HEIGHT="22" WC="0.92" CONTENT="deraf"/><SP WIDTH="13" VPOS="1426" HPOS="537"/>
							<String ID="string_332" HPOS="550" VPOS="1429" WIDTH="53" HEIGHT="19" WC="0.96" CONTENT="samt"/><SP WIDTH="15" VPOS="1429" HPOS="603"/>
							<String ID="string_333" HPOS="618" VPOS="1429" WIDTH="30" HEIGHT="19" WC="0.93" CONTENT="att"/><SP WIDTH="16" VPOS="1429" HPOS="648"/>
							<String ID="string_334" HPOS="664" VPOS="1426" WIDTH="62" HEIGHT="29" WC="0.92" CONTENT="nägra"/><SP WIDTH="14" VPOS="1426" HPOS="726"/>
							<String ID="string_335" HPOS="740" VPOS="1427" WIDTH="82" HEIGHT="22" WC="0.93" CONTENT="mindre"/><SP WIDTH="15" VPOS="1427" HPOS="822"/>
							<String ID="string_336" HPOS="837" VPOS="1431" WIDTH="39" HEIGHT="19" WC="0.93" CONTENT="stä-"/>
						</TextLine>
						<TextLine ID="line_38" HPOS="133" VPOS="1461" WIDTH="742" HEIGHT="30">
							<String ID="string_337" HPOS="133" VPOS="1463" WIDTH="37" HEIGHT="22" WC="0.96" CONTENT="der"/><SP WIDTH="21" VPOS="1463" HPOS="170"/>
							<String ID="string_338" HPOS="191" VPOS="1463" WIDTH="72" HEIGHT="21" WC="0.96" CONTENT="kunna"/><SP WIDTH="22" VPOS="1463" HPOS="263"/>
							<String ID="string_339" HPOS="285" VPOS="1463" WIDTH="56" HEIGHT="20" WC="0.96" CONTENT="finna"/><SP WIDTH="23" VPOS="1463" HPOS="341"/>
							<String ID="string_340" HPOS="364" VPOS="1461" WIDTH="34" HEIGHT="22" WC="0.96" CONTENT="det"/><SP WIDTH="19" VPOS="1461" HPOS="398"/>
							<String ID="string_341" HPOS="417" VPOS="1469" WIDTH="49" HEIGHT="14" WC="0.96" CONTENT="vara"/><SP WIDTH="19" VPOS="1469" HPOS="466"/>
							<String ID="string_342" HPOS="485" VPOS="1461" WIDTH="48" HEIGHT="22" WC="0.96" CONTENT="med"/><SP WIDTH="19" VPOS="1461" HPOS="533"/>
							<String ID="string_343" HPOS="552" VPOS="1461" WIDTH="46" HEIGHT="22" WC="0.93" CONTENT="sina"/><SP WIDTH="17" VPOS="1461" HPOS="598"/>
							<String ID="string_344" HPOS="615" VPOS="1461" WIDTH="102" HEIGHT="22" WC="0.90" CONTENT="intressen"/><SP WIDTH="15" VPOS="1461" HPOS="717"/>
							<String ID="string_345" HPOS="732" VPOS="1461" WIDTH="98" HEIGHT="30" WC="0.93" CONTENT="förenligt"/><SP WIDTH="15" VPOS="1461" HPOS="830"/>
							<String ID="string_346" HPOS="845" VPOS="1465" WIDTH="30" HEIGHT="20" WC="0.96" CONTENT="att"/>
						</TextLine>
					</TextBlock>
					<TextBlock ID="block_3" HPOS="201" VPOS="1501" WIDTH="340" HEIGHT="24">
						<TextLine ID="line_39" HPOS="201" VPOS="1501" WIDTH="340" HEIGHT="24">
							<String ID="string_347" HPOS="201" VPOS="1502" WIDTH="136" HEIGHT="23" WC="0.91" CONTENT="Lagutskottets"/><SP WIDTH="12" VPOS="1502" HPOS="337"/>
							<String ID="string_348" HPOS="349" VPOS="1501" WIDTH="111" HEIGHT="19" WC="0.96" CONTENT="betänkande"/><SP WIDTH="11" VPOS="1501" HPOS="460"/>
							<String ID="string_349" HPOS="471" VPOS="1507" WIDTH="30" HEIGHT="13" WC="0.93" CONTENT="n:o"/><SP WIDTH="13" VPOS="1507" HPOS="501"/>
							<String ID="string_350" HPOS="514" VPOS="1503" WIDTH="27" HEIGHT="18" WC="0.93" CONTENT="12."/>
						</TextLine>
					</TextBlock>
				</ComposedBlock>
			</PrintSpace>
		</Page>
	</Layout>
</alto>
