<?xml version="1.0" encoding="UTF-8"?>
<alto xmlns="http://www.loc.gov/standards/alto/ns-v3#" xmlns:xlink="http://www.w3.org/1999/xlink" xmlns:xsi="http://www.w3.org/2001/XMLSchema-instance" xsi:schemaLocation="http://www.loc.gov/standards/alto/ns-v3# http://www.loc.gov/alto/v3/alto-3-0.xsd">
	<Description>
		<MeasurementUnit>pixel</MeasurementUnit>
		<sourceImageInformation>
			<fileName>/tmp/tess_5v59gqxd_input.PNG</fileName>
		</sourceImageInformation>
		<OCRProcessing ID="OCR_0">
			<ocrProcessingStep>
				<processingSoftware>
					<softwareName>tesseract 5.3.4</softwareName>
				</processingSoftware>
			</ocrProcessingStep>
		</OCRProcessing>
	</Description>
	<Layout>
		<Page WIDTH="1073" HEIGHT="1720" PHYSICAL_IMG_NR="0" ID="page_0">
			<PrintSpace HPOS="0" VPOS="0" WIDTH="1073" HEIGHT="1720">
				<ComposedBlock ID="cblock_0" HPOS="314" VPOS="130" WIDTH="368" HEIGHT="29">
					<TextBlock ID="block_0" HPOS="314" VPOS="130" WIDTH="368" HEIGHT="29">
						<TextLine ID="line_0" HPOS="314" VPOS="130" WIDTH="368" HEIGHT="29">
							<String ID="string_0" HPOS="314" VPOS="130" WIDTH="80" HEIGHT="23" WC="0.91" CONTENT="Ständ."/><SP WIDTH="16" VPOS="130" HPOS="394"/>
							<String ID="string_1" HPOS="410" VPOS="130" WIDTH="38" HEIGHT="24" WC="0.93" CONTENT="Sv."/><SP WIDTH="16" VPOS="130" HPOS="448"/>
							<String ID="string_2" HPOS="464" VPOS="144" WIDTH="27" HEIGHT="3" WC="0.93" CONTENT="—"/><SP WIDTH="16" VPOS="144" HPOS="491"/>
							<String ID="string_3" HPOS="507" VPOS="131" WIDTH="69" HEIGHT="28" WC="0.94" CONTENT="Prop."/><SP WIDTH="17" VPOS="131" HPOS="576"/>
							<String ID="string_4" HPOS="593" VPOS="131" WIDTH="40" HEIGHT="22" WC="0.96" CONTENT="N:o"/><SP WIDTH="14" VPOS="131" HPOS="633"/>
							<String ID="string_5" HPOS="647" VPOS="131" WIDTH="35" HEIGHT="22" WC="0.89" CONTENT="32."/>
						</TextLine>
					</TextBlock>
				</ComposedBlock>
				<ComposedBlock ID="cblock_1" HPOS="257" VPOS="401" WIDTH="607" HEIGHT="160">
					<TextBlock ID="block_1" HPOS="257" VPOS="401" WIDTH="607" HEIGHT="160">
						<TextLine ID="line_1" HPOS="342" VPOS="401" WIDTH="522" HEIGHT="32">
							<String ID="string_6" HPOS="342" VPOS="401" WIDTH="131" HEIGHT="26" WC="0.93" CONTENT="Finlands"/><SP WIDTH="31" VPOS="401" HPOS="473"/>
							<String ID="string_7" HPOS="504" VPOS="402" WIDTH="135" HEIGHT="25" WC="0.92" CONTENT="Ständers"/><SP WIDTH="26" VPOS="402" HPOS="639"/>
							<String ID="string_8" HPOS="665" VPOS="403" WIDTH="199" HEIGHT="30" WC="0.91" CONTENT="underdåniga"/>
						</TextLine>
						<TextLine ID="line_2" HPOS="258" VPOS="442" WIDTH="606" HEIGHT="34">
							<String ID="string_9" HPOS="258" VPOS="448" WIDTH="65" HEIGHT="18" WC="0.94" CONTENT="svar"/><SP WIDTH="17" VPOS="448" HPOS="323"/>
							<String ID="string_10" HPOS="340" VPOS="442" WIDTH="7" HEIGHT="24" WC="0.96" CONTENT="i"/><SP WIDTH="19" VPOS="442" HPOS="347"/>
							<String ID="string_11" HPOS="366" VPOS="442" WIDTH="117" HEIGHT="32" WC="0.95" CONTENT="anledning"/><SP WIDTH="17" VPOS="442" HPOS="483"/>
							<String ID="string_12" HPOS="500" VPOS="443" WIDTH="26" HEIGHT="24" WC="0.96" CONTENT="af"/><SP WIDTH="10" VPOS="443" HPOS="526"/>
							<String ID="string_13" HPOS="536" VPOS="442" WIDTH="57" HEIGHT="26" WC="0.96" CONTENT="Hans"/><SP WIDTH="14" VPOS="442" HPOS="593"/>
							<String ID="string_14" HPOS="607" VPOS="443" WIDTH="128" HEIGHT="32" WC="0.96" CONTENT="Kejserliga"/><SP WIDTH="13" VPOS="443" HPOS="735"/>
							<String ID="string_15" HPOS="748" VPOS="443" WIDTH="116" HEIGHT="33" WC="0.96" CONTENT="Majestäts"/>
						</TextLine>
						<TextLine ID="line_3" HPOS="257" VPOS="480" WIDTH="606" HEIGHT="35">
							<String ID="string_16" HPOS="257" VPOS="480" WIDTH="79" HEIGHT="32" WC="0.96" CONTENT="nådiga"/><SP WIDTH="22" VPOS="480" HPOS="336"/>
							<String ID="string_17" HPOS="358" VPOS="482" WIDTH="142" HEIGHT="33" WC="0.96" CONTENT="proposition,"/><SP WIDTH="18" VPOS="482" HPOS="500"/>
							<String ID="string_18" HPOS="518" VPOS="482" WIDTH="113" HEIGHT="32" WC="0.95" CONTENT="angående"/><SP WIDTH="19" VPOS="482" HPOS="631"/>
							<String ID="string_19" HPOS="650" VPOS="483" WIDTH="78" HEIGHT="31" WC="0.60" CONTENT="anslag"/><SP WIDTH="17" VPOS="483" HPOS="728"/>
							<String ID="string_20" HPOS="745" VPOS="484" WIDTH="26" HEIGHT="25" WC="0.93" CONTENT="af"/><SP WIDTH="15" VPOS="484" HPOS="771"/>
							<String ID="string_21" HPOS="786" VPOS="483" WIDTH="77" HEIGHT="25" WC="0.92" CONTENT="bevill-"/>
						</TextLine>
						<TextLine ID="line_4" HPOS="258" VPOS="522" WIDTH="533" HEIGHT="39">
							<String ID="string_22" HPOS="258" VPOS="522" WIDTH="133" HEIGHT="30" WC="0.92" CONTENT="ningsmedel"/><SP WIDTH="19" VPOS="522" HPOS="391"/>
							<String ID="string_23" HPOS="410" VPOS="522" WIDTH="36" HEIGHT="25" WC="0.92" CONTENT="för"/><SP WIDTH="18" VPOS="522" HPOS="446"/>
							<String ID="string_24" HPOS="464" VPOS="522" WIDTH="205" HEIGHT="26" WC="0.91" CONTENT="folkskolväsendet"/><SP WIDTH="17" VPOS="522" HPOS="669"/>
							<String ID="string_25" HPOS="686" VPOS="524" WIDTH="7" HEIGHT="24" WC="0.96" CONTENT="i"/><SP WIDTH="18" VPOS="524" HPOS="693"/>
							<String ID="string_26" HPOS="711" VPOS="524" WIDTH="80" HEIGHT="37" WC="0.96" CONTENT="landet."/>
						</TextLine>
					</TextBlock>
				</ComposedBlock>
				<ComposedBlock ID="cblock_2" HPOS="122" VPOS="607" WIDTH="742" HEIGHT="66">
					<TextBlock ID="block_2" HPOS="122" VPOS="607" WIDTH="742" HEIGHT="66">
						<TextLine ID="line_5" HPOS="122" VPOS="607" WIDTH="742" HEIGHT="32">
							<String ID="string_27" HPOS="122" VPOS="607" WIDTH="255" HEIGHT="30" WC="0.90" CONTENT="Stormäktigste,"/><SP WIDTH="23" VPOS="607" HPOS="377"/>
							<String ID="string_28" HPOS="400" VPOS="608" WIDTH="239" HEIGHT="31" WC="0.91" CONTENT="Allernådigste"/><SP WIDTH="20" VPOS="608" HPOS="639"/>
							<String ID="string_29" HPOS="659" VPOS="609" WIDTH="129" HEIGHT="30" WC="0.96" CONTENT="Kejsare"/><SP WIDTH="23" VPOS="609" HPOS="788"/>
							<String ID="string_30" HPOS="811" VPOS="610" WIDTH="53" HEIGHT="22" WC="0.96" CONTENT="och"/>
						</TextLine>
						<TextLine ID="line_6" HPOS="401" VPOS="649" WIDTH="188" HEIGHT="24">
							<String ID="string_31" HPOS="401" VPOS="649" WIDTH="188" HEIGHT="24" WC="0.86" CONTENT="Storfurste!"/>
						</TextLine>
					</TextBlock>
				</ComposedBlock>
				<ComposedBlock ID="cblock_3" HPOS="121" VPOS="717" WIDTH="744" HEIGHT="756">
					<TextBlock ID="block_3" HPOS="121" VPOS="717" WIDTH="744" HEIGHT="756">
						<TextLine ID="line_7" HPOS="189" VPOS="717" WIDTH="674" HEIGHT="30">
							<String ID="string_32" HPOS="189" VPOS="717" WIDTH="70" HEIGHT="22" WC="0.93" CONTENT="Sedan"/><SP WIDTH="22" VPOS="717" HPOS="259"/>
							<String ID="string_33" HPOS="281" VPOS="717" WIDTH="83" HEIGHT="22" WC="0.90" CONTENT="Eders"/><SP WIDTH="18" VPOS="717" HPOS="364"/>
							<String ID="string_34" HPOS="382" VPOS="717" WIDTH="152" HEIGHT="30" WC="0.95" CONTENT="Kejserliga"/><SP WIDTH="17" VPOS="717" HPOS="534"/>
							<String ID="string_35" HPOS="551" VPOS="719" WIDTH="126" HEIGHT="28" WC="0.95" CONTENT="Majestät"/><SP WIDTH="14" VPOS="719" HPOS="677"/>
							<String ID="string_36" HPOS="691" VPOS="719" WIDTH="33" HEIGHT="22" WC="0.95" CONTENT="till"/><SP WIDTH="14" VPOS="719" HPOS="724"/>
							<String ID="string_37" HPOS="738" VPOS="720" WIDTH="82" HEIGHT="22" WC="0.96" CONTENT="landets"/><SP WIDTH="14" VPOS="720" HPOS="820"/>
							<String ID="string_38" HPOS="834" VPOS="729" WIDTH="29" HEIGHT="13" WC="0.96" CONTENT="nu"/>
						</TextLine>
						<TextLine ID="line_8" HPOS="121" VPOS="752" WIDTH="743" HEIGHT="31">
							<String ID="string_39" HPOS="121" VPOS="752" WIDTH="124" HEIGHT="22" WC="0.93" CONTENT="församlade"/><SP WIDTH="18" VPOS="752" HPOS="245"/>
							<String ID="string_40" HPOS="263" VPOS="752" WIDTH="90" HEIGHT="22" WC="0.90" CONTENT="Ständer"/><SP WIDTH="17" VPOS="752" HPOS="353"/>
							<String ID="string_41" HPOS="370" VPOS="753" WIDTH="65" HEIGHT="22" WC="0.90" CONTENT="aflåtit"/><SP WIDTH="18" VPOS="753" HPOS="435"/>
							<String ID="string_42" HPOS="453" VPOS="753" WIDTH="63" HEIGHT="29" WC="0.96" CONTENT="nådig"/><SP WIDTH="14" VPOS="753" HPOS="516"/>
							<String ID="string_43" HPOS="530" VPOS="753" WIDTH="126" HEIGHT="30" WC="0.95" CONTENT="proposition"/><SP WIDTH="15" VPOS="753" HPOS="656"/>
							<String ID="string_44" HPOS="671" VPOS="753" WIDTH="106" HEIGHT="29" WC="0.96" CONTENT="angående"/><SP WIDTH="15" VPOS="753" HPOS="777"/>
							<String ID="string_45" HPOS="792" VPOS="755" WIDTH="72" HEIGHT="28" WC="0.96" CONTENT="anslag"/>
						</TextLine>
						<TextLine ID="line_9" HPOS="121" VPOS="787" WIDTH="743" HEIGHT="28">
							<String ID="string_46" HPOS="121" VPOS="787" WIDTH="23" HEIGHT="21" WC="0.93" CONTENT="af"/><SP WIDTH="11" VPOS="787" HPOS="144"/>
							<String ID="string_47" HPOS="155" VPOS="787" WIDTH="195" HEIGHT="28" WC="0.90" CONTENT="bevillningsmedel"/><SP WIDTH="14" VPOS="787" HPOS="350"/>
							<String ID="string_48" HPOS="364" VPOS="787" WIDTH="32" HEIGHT="22" WC="0.93" CONTENT="för"/><SP WIDTH="14" VPOS="787" HPOS="396"/>
							<String ID="string_49" HPOS="410" VPOS="787" WIDTH="196" HEIGHT="28" WC="0.90" CONTENT="folkskolväsendet,"/><SP WIDTH="15" VPOS="787" HPOS="606"/>
							<String ID="string_50" HPOS="621" VPOS="790" WIDTH="54" HEIGHT="20" WC="0.96" CONTENT="samt"/><SP WIDTH="14" VPOS="790" HPOS="675"/>
							<String ID="string_51" HPOS="689" VPOS="788" WIDTH="69" HEIGHT="22" WC="0.96" CONTENT="tillika"/><SP WIDTH="13" VPOS="788" HPOS="758"/>
							<String ID="string_52" HPOS="771" VPOS="788" WIDTH="48" HEIGHT="23" WC="0.96" CONTENT="låtit"/><SP WIDTH="12" VPOS="788" HPOS="819"/>
							<String ID="string_53" HPOS="831" VPOS="789" WIDTH="33" HEIGHT="22" WC="0.96" CONTENT="till"/>
						</TextLine>
						<TextLine ID="line_10" HPOS="122" VPOS="821" WIDTH="742" HEIGHT="30">
							<String ID="string_54" HPOS="122" VPOS="821" WIDTH="117" HEIGHT="23" WC="0.90" CONTENT="Ständerna"/><SP WIDTH="21" VPOS="821" HPOS="239"/>
							<String ID="string_55" HPOS="260" VPOS="821" WIDTH="78" HEIGHT="28" WC="0.90" CONTENT="afgifva"/><SP WIDTH="21" VPOS="821" HPOS="338"/>
							<String ID="string_56" HPOS="359" VPOS="822" WIDTH="133" HEIGHT="29" WC="0.96" CONTENT="redovisning"/><SP WIDTH="16" VPOS="822" HPOS="492"/>
							<String ID="string_57" HPOS="508" VPOS="822" WIDTH="32" HEIGHT="23" WC="0.96" CONTENT="för"/><SP WIDTH="17" VPOS="822" HPOS="540"/>
							<String ID="string_58" HPOS="557" VPOS="823" WIDTH="25" HEIGHT="21" WC="0.96" CONTENT="de"/><SP WIDTH="15" VPOS="823" HPOS="582"/>
							<String ID="string_59" HPOS="597" VPOS="823" WIDTH="36" HEIGHT="21" WC="0.96" CONTENT="vid"/><SP WIDTH="16" VPOS="823" HPOS="633"/>
							<String ID="string_60" HPOS="649" VPOS="823" WIDTH="55" HEIGHT="21" WC="0.96" CONTENT="1872"/><SP WIDTH="15" VPOS="823" HPOS="704"/>
							<String ID="string_61" HPOS="719" VPOS="823" WIDTH="32" HEIGHT="22" WC="0.93" CONTENT="års"/><SP WIDTH="14" VPOS="823" HPOS="751"/>
							<String ID="string_62" HPOS="765" VPOS="823" WIDTH="99" HEIGHT="28" WC="0.92" CONTENT="landtdag"/>
						</TextLine>
						<TextLine ID="line_11" HPOS="121" VPOS="856" WIDTH="742" HEIGHT="30">
							<String ID="string_63" HPOS="121" VPOS="856" WIDTH="32" HEIGHT="22" WC="0.96" CONTENT="för"/><SP WIDTH="18" VPOS="856" HPOS="153"/>
							<String ID="string_64" HPOS="171" VPOS="856" WIDTH="109" HEIGHT="21" WC="0.96" CONTENT="enahanda"/><SP WIDTH="14" VPOS="856" HPOS="280"/>
							<String ID="string_65" HPOS="294" VPOS="856" WIDTH="96" HEIGHT="22" WC="0.92" CONTENT="ändamål"/><SP WIDTH="14" VPOS="856" HPOS="390"/>
							<String ID="string_66" HPOS="404" VPOS="857" WIDTH="98" HEIGHT="28" WC="0.90" CONTENT="anslagna"/><SP WIDTH="14" VPOS="857" HPOS="502"/>
							<String ID="string_67" HPOS="516" VPOS="857" WIDTH="199" HEIGHT="29" WC="0.91" CONTENT="bevillningsmedel,"/><SP WIDTH="15" VPOS="857" HPOS="715"/>
							<String ID="string_68" HPOS="730" VPOS="858" WIDTH="39" HEIGHT="21" WC="0.93" CONTENT="har"/><SP WIDTH="14" VPOS="858" HPOS="769"/>
							<String ID="string_69" HPOS="783" VPOS="857" WIDTH="80" HEIGHT="22" WC="0.92" CONTENT="Eders"/>
						</TextLine>
						<TextLine ID="line_12" HPOS="121" VPOS="890" WIDTH="742" HEIGHT="31">
							<String ID="string_70" HPOS="121" VPOS="890" WIDTH="121" HEIGHT="30" WC="0.95" CONTENT="Majestät"/><SP WIDTH="20" VPOS="890" HPOS="242"/>
							<String ID="string_71" HPOS="262" VPOS="890" WIDTH="33" HEIGHT="22" WC="0.93" CONTENT="för"/><SP WIDTH="21" VPOS="890" HPOS="295"/>
							<String ID="string_72" HPOS="316" VPOS="890" WIDTH="200" HEIGHT="24" WC="0.92" CONTENT="folkskolväsendets"/><SP WIDTH="20" VPOS="890" HPOS="516"/>
							<String ID="string_73" HPOS="536" VPOS="891" WIDTH="180" HEIGHT="30" WC="0.96" CONTENT="upprätthållande"/><SP WIDTH="19" VPOS="891" HPOS="716"/>
							<String ID="string_74" HPOS="735" VPOS="892" WIDTH="39" HEIGHT="22" WC="0.96" CONTENT="och"/><SP WIDTH="17" VPOS="892" HPOS="774"/>
							<String ID="string_75" HPOS="791" VPOS="892" WIDTH="72" HEIGHT="22" WC="0.96" CONTENT="vidare"/>
						</TextLine>
						<TextLine ID="line_13" HPOS="122" VPOS="924" WIDTH="743" HEIGHT="32">
							<String ID="string_76" HPOS="122" VPOS="924" WIDTH="121" HEIGHT="30" WC="0.96" CONTENT="utveckling"/><SP WIDTH="13" VPOS="924" HPOS="243"/>
							<String ID="string_77" HPOS="256" VPOS="925" WIDTH="67" HEIGHT="22" WC="0.93" CONTENT="under"/><SP WIDTH="14" VPOS="925" HPOS="323"/>
							<String ID="string_78" HPOS="337" VPOS="925" WIDTH="175" HEIGHT="31" WC="0.92" CONTENT="femårsperioden"/><SP WIDTH="16" VPOS="925" HPOS="512"/>
							<String ID="string_79" HPOS="528" VPOS="927" WIDTH="139" HEIGHT="21" WC="0.91" CONTENT="1878—1882"/><SP WIDTH="14" VPOS="927" HPOS="667"/>
							<String ID="string_80" HPOS="681" VPOS="926" WIDTH="60" HEIGHT="22" WC="0.91" CONTENT="äskat"/><SP WIDTH="12" VPOS="926" HPOS="741"/>
							<String ID="string_81" HPOS="753" VPOS="928" WIDTH="30" HEIGHT="20" WC="0.96" CONTENT="ett"/><SP WIDTH="10" VPOS="928" HPOS="783"/>
							<String ID="string_82" HPOS="793" VPOS="927" WIDTH="72" HEIGHT="29" WC="0.96" CONTENT="anslag"/>
						</TextLine>
						<TextLine ID="line_14" HPOS="121" VPOS="961" WIDTH="742" HEIGHT="29">
							<String ID="string_83" HPOS="121" VPOS="961" WIDTH="23" HEIGHT="22" WC="0.93" CONTENT="af"/><SP WIDTH="19" VPOS="961" HPOS="144"/>
							<String ID="string_84" HPOS="163" VPOS="961" WIDTH="113" HEIGHT="26" WC="0.92" CONTENT="3,182,908"/><SP WIDTH="21" VPOS="961" HPOS="276"/>
							<String ID="string_85" HPOS="297" VPOS="961" WIDTH="59" HEIGHT="21" WC="0.96" CONTENT="mark"/><SP WIDTH="24" VPOS="961" HPOS="356"/>
							<String ID="string_86" HPOS="380" VPOS="962" WIDTH="12" HEIGHT="20" WC="0.96" CONTENT="6"/><SP WIDTH="22" VPOS="962" HPOS="392"/>
							<String ID="string_87" HPOS="414" VPOS="961" WIDTH="64" HEIGHT="29" WC="0.96" CONTENT="penni"/><SP WIDTH="18" VPOS="961" HPOS="478"/>
							<String ID="string_88" HPOS="496" VPOS="962" WIDTH="51" HEIGHT="21" WC="0.96" CONTENT="eller"/><SP WIDTH="17" VPOS="962" HPOS="547"/>
							<String ID="string_89" HPOS="564" VPOS="961" WIDTH="7" HEIGHT="22" WC="0.96" CONTENT="i"/><SP WIDTH="14" VPOS="961" HPOS="571"/>
							<String ID="string_90" HPOS="585" VPOS="961" WIDTH="54" HEIGHT="22" WC="0.96" CONTENT="rund"/><SP WIDTH="15" VPOS="961" HPOS="639"/>
							<String ID="string_91" HPOS="654" VPOS="969" WIDTH="81" HEIGHT="14" WC="0.93" CONTENT="summa"/><SP WIDTH="14" VPOS="969" HPOS="735"/>
							<String ID="string_92" HPOS="749" VPOS="962" WIDTH="114" HEIGHT="26" WC="0.92" CONTENT="3,183,000"/>
						</TextLine>
						<TextLine ID="line_15" HPOS="122" VPOS="994" WIDTH="741" HEIGHT="30">
							<String ID="string_93" HPOS="122" VPOS="996" WIDTH="65" HEIGHT="25" WC="0.96" CONTENT="mark,"/><SP WIDTH="23" VPOS="996" HPOS="187"/>
							<String ID="string_94" HPOS="210" VPOS="1003" WIDTH="50" HEIGHT="18" WC="0.93" CONTENT="som,"/><SP WIDTH="20" VPOS="1003" HPOS="260"/>
							<String ID="string_95" HPOS="280" VPOS="994" WIDTH="102" HEIGHT="23" WC="0.93" CONTENT="fördeladt"/><SP WIDTH="21" VPOS="994" HPOS="382"/>
							<String ID="string_96" HPOS="403" VPOS="996" WIDTH="27" HEIGHT="28" WC="0.96" CONTENT="pä"/><SP WIDTH="21" VPOS="996" HPOS="430"/>
							<String ID="string_97" HPOS="451" VPOS="996" WIDTH="43" HEIGHT="22" WC="0.93" CONTENT="fem"/><SP WIDTH="22" VPOS="996" HPOS="494"/>
							<String ID="string_98" HPOS="516" VPOS="996" WIDTH="29" HEIGHT="26" WC="0.92" CONTENT="år,"/><SP WIDTH="22" VPOS="996" HPOS="545"/>
							<String ID="string_99" HPOS="567" VPOS="996" WIDTH="94" HEIGHT="28" WC="0.93" CONTENT="päkallar"/><SP WIDTH="19" VPOS="996" HPOS="661"/>
							<String ID="string_100" HPOS="680" VPOS="1003" WIDTH="26" HEIGHT="20" WC="0.93" CONTENT="en"/><SP WIDTH="19" VPOS="1003" HPOS="706"/>
							<String ID="string_101" HPOS="725" VPOS="996" WIDTH="53" HEIGHT="28" WC="0.92" CONTENT="årlig"/><SP WIDTH="13" VPOS="996" HPOS="778"/>
							<String ID="string_102" HPOS="791" VPOS="995" WIDTH="72" HEIGHT="23" WC="0.90" CONTENT="bevill-"/>
						</TextLine>
						<TextLine ID="line_16" HPOS="122" VPOS="1030" WIDTH="740" HEIGHT="30">
							<String ID="string_103" HPOS="122" VPOS="1031" WIDTH="50" HEIGHT="29" WC="0.95" CONTENT="ning"/><SP WIDTH="14" VPOS="1031" HPOS="172"/>
							<String ID="string_104" HPOS="186" VPOS="1030" WIDTH="24" HEIGHT="22" WC="0.93" CONTENT="af"/><SP WIDTH="12" VPOS="1030" HPOS="210"/>
							<String ID="string_105" HPOS="222" VPOS="1030" WIDTH="91" HEIGHT="26" WC="0.92" CONTENT="636,600"/><SP WIDTH="15" VPOS="1030" HPOS="313"/>
							<String ID="string_106" HPOS="328" VPOS="1030" WIDTH="64" HEIGHT="22" WC="0.93" CONTENT="mark."/><SP WIDTH="30" VPOS="1030" HPOS="392"/>
							<String ID="string_107" HPOS="422" VPOS="1030" WIDTH="89" HEIGHT="22" WC="0.92" CONTENT="Utöfver"/><SP WIDTH="17" VPOS="1030" HPOS="511"/>
							<String ID="string_108" HPOS="528" VPOS="1031" WIDTH="56" HEIGHT="21" WC="0.93" CONTENT="detta"/><SP WIDTH="14" VPOS="1031" HPOS="584"/>
							<String ID="string_109" HPOS="598" VPOS="1031" WIDTH="71" HEIGHT="28" WC="0.92" CONTENT="anslag"/><SP WIDTH="14" VPOS="1031" HPOS="669"/>
							<String ID="string_110" HPOS="683" VPOS="1030" WIDTH="32" HEIGHT="22" WC="0.96" CONTENT="för"/><SP WIDTH="14" VPOS="1030" HPOS="715"/>
							<String ID="string_111" HPOS="729" VPOS="1030" WIDTH="26" HEIGHT="22" WC="0.96" CONTENT="de"/><SP WIDTH="15" VPOS="1030" HPOS="755"/>
							<String ID="string_112" HPOS="770" VPOS="1030" WIDTH="92" HEIGHT="30" WC="0.96" CONTENT="utgifter,"/>
						</TextLine>
						<TextLine ID="line_17" HPOS="121" VPOS="1064" WIDTH="742" HEIGHT="30">
							<String ID="string_113" HPOS="121" VPOS="1065" WIDTH="73" HEIGHT="22" WC="0.96" CONTENT="hvilka"/><SP WIDTH="13" VPOS="1065" HPOS="194"/>
							<String ID="string_114" HPOS="207" VPOS="1065" WIDTH="9" HEIGHT="21" WC="0.96" CONTENT="i"/><SP WIDTH="13" VPOS="1065" HPOS="216"/>
							<String ID="string_115" HPOS="229" VPOS="1064" WIDTH="154" HEIGHT="30" WC="0.93" CONTENT="propositionen"/><SP WIDTH="19" VPOS="1064" HPOS="383"/>
							<String ID="string_116" HPOS="402" VPOS="1070" WIDTH="121" HEIGHT="17" WC="0.96" CONTENT="omnämnas"/><SP WIDTH="19" VPOS="1070" HPOS="523"/>
							<String ID="string_117" HPOS="542" VPOS="1065" WIDTH="66" HEIGHT="22" WC="0.93" CONTENT="såsom"/><SP WIDTH="15" VPOS="1065" HPOS="608"/>
							<String ID="string_118" HPOS="623" VPOS="1064" WIDTH="157" HEIGHT="30" WC="0.92" CONTENT="oundgängliga,"/><SP WIDTH="15" VPOS="1064" HPOS="780"/>
							<String ID="string_119" HPOS="795" VPOS="1065" WIDTH="68" HEIGHT="22" WC="0.96" CONTENT="skulle"/>
						</TextLine>
						<TextLine ID="line_18" HPOS="122" VPOS="1099" WIDTH="741" HEIGHT="29">
							<String ID="string_120" HPOS="122" VPOS="1100" WIDTH="66" HEIGHT="28" WC="0.96" CONTENT="enligt"/><SP WIDTH="13" VPOS="1100" HPOS="188"/>
							<String ID="string_121" HPOS="201" VPOS="1099" WIDTH="155" HEIGHT="29" WC="0.96" CONTENT="propositionen"/><SP WIDTH="14" VPOS="1099" HPOS="356"/>
							<String ID="string_122" HPOS="370" VPOS="1100" WIDTH="118" HEIGHT="28" WC="0.93" CONTENT="ytterligare"/><SP WIDTH="16" VPOS="1100" HPOS="488"/>
							<String ID="string_123" HPOS="504" VPOS="1099" WIDTH="102" HEIGHT="23" WC="0.91" CONTENT="erfordras"/><SP WIDTH="10" VPOS="1099" HPOS="606"/>
							<String ID="string_124" HPOS="616" VPOS="1100" WIDTH="76" HEIGHT="28" WC="0.93" CONTENT="anslag,"/><SP WIDTH="11" VPOS="1100" HPOS="692"/>
							<String ID="string_125" HPOS="703" VPOS="1099" WIDTH="32" HEIGHT="22" WC="0.92" CONTENT="för"/><SP WIDTH="10" VPOS="1099" HPOS="735"/>
							<String ID="string_126" HPOS="745" VPOS="1099" WIDTH="118" HEIGHT="22" WC="0.91" CONTENT="inrättande"/>
						</TextLine>
						<TextLine ID="line_19" HPOS="122" VPOS="1134" WIDTH="742" HEIGHT="29">
							<String ID="string_127" HPOS="122" VPOS="1134" WIDTH="23" HEIGHT="22" WC="0.96" CONTENT="af"/><SP WIDTH="13" VPOS="1134" HPOS="145"/>
							<String ID="string_128" HPOS="158" VPOS="1136" WIDTH="30" HEIGHT="20" WC="0.96" CONTENT="ett"/><SP WIDTH="14" VPOS="1136" HPOS="188"/>
							<String ID="string_129" HPOS="202" VPOS="1136" WIDTH="47" HEIGHT="27" WC="0.93" CONTENT="nytt"/><SP WIDTH="15" VPOS="1136" HPOS="249"/>
							<String ID="string_130" HPOS="264" VPOS="1136" WIDTH="134" HEIGHT="20" WC="0.95" CONTENT="sammansatt"/><SP WIDTH="14" VPOS="1136" HPOS="398"/>
							<String ID="string_131" HPOS="412" VPOS="1134" WIDTH="135" HEIGHT="26" WC="0.59" CONTENT="seminarium"/><SP WIDTH="13" VPOS="1134" HPOS="547"/>
							<String ID="string_132" HPOS="560" VPOS="1134" WIDTH="48" HEIGHT="22" WC="0.93" CONTENT="med"/><SP WIDTH="14" VPOS="1134" HPOS="608"/>
							<String ID="string_133" HPOS="622" VPOS="1134" WIDTH="64" HEIGHT="22" WC="0.93" CONTENT="finskt"/><SP WIDTH="9" VPOS="1134" HPOS="686"/>
							<String ID="string_134" HPOS="695" VPOS="1134" WIDTH="169" HEIGHT="28" WC="0.93" CONTENT="undervisnings-"/>
						</TextLine>
						<TextLine ID="line_20" HPOS="122" VPOS="1168" WIDTH="742" HEIGHT="31">
							<String ID="string_135" HPOS="122" VPOS="1169" WIDTH="61" HEIGHT="29" WC="0.96" CONTENT="språk"/><SP WIDTH="16" VPOS="1169" HPOS="183"/>
							<String ID="string_136" HPOS="199" VPOS="1168" WIDTH="162" HEIGHT="30" WC="0.93" CONTENT="approximativt"/><SP WIDTH="14" VPOS="1168" HPOS="361"/>
							<String ID="string_137" HPOS="375" VPOS="1169" WIDTH="91" HEIGHT="26" WC="0.69" CONTENT="236,885"/><SP WIDTH="15" VPOS="1169" HPOS="466"/>
							<String ID="string_138" HPOS="481" VPOS="1169" WIDTH="65" HEIGHT="30" WC="0.96" CONTENT="mark,"/><SP WIDTH="15" VPOS="1169" HPOS="546"/>
							<String ID="string_139" HPOS="561" VPOS="1169" WIDTH="33" HEIGHT="22" WC="0.93" CONTENT="för"/><SP WIDTH="9" VPOS="1169" HPOS="594"/>
							<String ID="string_140" HPOS="603" VPOS="1168" WIDTH="100" HEIGHT="30" WC="0.96" CONTENT="utvidgad"/><SP WIDTH="10" VPOS="1168" HPOS="703"/>
							<String ID="string_141" HPOS="713" VPOS="1168" WIDTH="151" HEIGHT="29" WC="0.96" CONTENT="undervisning"/>
						</TextLine>
						<TextLine ID="line_21" HPOS="122" VPOS="1203" WIDTH="742" HEIGHT="29">
							<String ID="string_142" HPOS="122" VPOS="1204" WIDTH="8" HEIGHT="22" WC="0.96" CONTENT="i"/><SP WIDTH="13" VPOS="1204" HPOS="130"/>
							<String ID="string_143" HPOS="143" VPOS="1204" WIDTH="54" HEIGHT="28" WC="0.83" CONTENT="slöjd"/><SP WIDTH="21" VPOS="1204" HPOS="197"/>
							<String ID="string_144" HPOS="218" VPOS="1204" WIDTH="36" HEIGHT="22" WC="0.93" CONTENT="vid"/><SP WIDTH="21" VPOS="1204" HPOS="254"/>
							<String ID="string_145" HPOS="275" VPOS="1204" WIDTH="149" HEIGHT="22" WC="0.89" CONTENT="seminarierna"/><SP WIDTH="18" VPOS="1204" HPOS="424"/>
							<String ID="string_146" HPOS="442" VPOS="1205" WIDTH="38" HEIGHT="21" WC="0.93" CONTENT="och"/><SP WIDTH="19" VPOS="1205" HPOS="480"/>
							<String ID="string_147" HPOS="499" VPOS="1204" WIDTH="141" HEIGHT="22" WC="0.92" CONTENT="folkskolorna"/><SP WIDTH="13" VPOS="1204" HPOS="640"/>
							<String ID="string_148" HPOS="653" VPOS="1203" WIDTH="119" HEIGHT="29" WC="0.92" CONTENT="förslagsvis"/><SP WIDTH="14" VPOS="1203" HPOS="772"/>
							<String ID="string_149" HPOS="786" VPOS="1203" WIDTH="78" HEIGHT="26" WC="0.92" CONTENT="84,600"/>
						</TextLine>
						<TextLine ID="line_22" HPOS="123" VPOS="1238" WIDTH="740" HEIGHT="30">
							<String ID="string_150" HPOS="123" VPOS="1239" WIDTH="65" HEIGHT="25" WC="0.95" CONTENT="mark,"/><SP WIDTH="16" VPOS="1239" HPOS="188"/>
							<String ID="string_151" HPOS="204" VPOS="1238" WIDTH="78" HEIGHT="26" WC="0.95" CONTENT="samt,"/><SP WIDTH="-5" VPOS="1238" HPOS="282"/>
							<String ID="string_152" HPOS="277" VPOS="1234" WIDTH="10" HEIGHT="38" WC="0.93" CONTENT="i"/><SP WIDTH="9" VPOS="1234" HPOS="287"/>
							<String ID="string_153" HPOS="296" VPOS="1238" WIDTH="99" HEIGHT="22" WC="0.93" CONTENT="händelse"/><SP WIDTH="15" VPOS="1238" HPOS="395"/>
							<String ID="string_154" HPOS="410" VPOS="1238" WIDTH="34" HEIGHT="22" WC="0.96" CONTENT="det"/><SP WIDTH="14" VPOS="1238" HPOS="444"/>
							<String ID="string_155" HPOS="458" VPOS="1239" WIDTH="8" HEIGHT="21" WC="0.96" CONTENT="i"/><SP WIDTH="15" VPOS="1239" HPOS="466"/>
							<String ID="string_156" HPOS="481" VPOS="1239" WIDTH="153" HEIGHT="29" WC="0.93" CONTENT="propositionen"/><SP WIDTH="15" VPOS="1239" HPOS="634"/>
							<String ID="string_157" HPOS="649" VPOS="1238" WIDTH="136" HEIGHT="22" WC="0.90" CONTENT="omförmälda"/><SP WIDTH="14" VPOS="1238" HPOS="785"/>
							<String ID="string_158" HPOS="799" VPOS="1238" WIDTH="64" HEIGHT="21" WC="0.92" CONTENT="anbu-"/>
						</TextLine>
						<TextLine ID="line_23" HPOS="123" VPOS="1272" WIDTH="741" HEIGHT="29">
							<String ID="string_159" HPOS="123" VPOS="1274" WIDTH="36" HEIGHT="21" WC="0.95" CONTENT="det"/><SP WIDTH="14" VPOS="1274" HPOS="159"/>
							<String ID="string_160" HPOS="173" VPOS="1282" WIDTH="33" HEIGHT="13" WC="0.92" CONTENT="om"/><SP WIDTH="16" VPOS="1282" HPOS="206"/>
							<String ID="string_161" HPOS="222" VPOS="1272" WIDTH="146" HEIGHT="29" WC="0.92" CONTENT="öfvertagande"/><SP WIDTH="15" VPOS="1272" HPOS="368"/>
							<String ID="string_162" HPOS="383" VPOS="1272" WIDTH="23" HEIGHT="23" WC="0.93" CONTENT="af"/><SP WIDTH="13" VPOS="1272" HPOS="406"/>
							<String ID="string_163" HPOS="419" VPOS="1272" WIDTH="115" HEIGHT="23" WC="0.93" CONTENT="Siitoinska"/><SP WIDTH="16" VPOS="1272" HPOS="534"/>
							<String ID="string_164" HPOS="550" VPOS="1273" WIDTH="117" HEIGHT="22" WC="0.93" CONTENT="folkskolan"/><SP WIDTH="14" VPOS="1273" HPOS="667"/>
							<String ID="string_165" HPOS="681" VPOS="1274" WIDTH="85" HEIGHT="27" WC="0.92" CONTENT="antoges"/><SP WIDTH="15" VPOS="1274" HPOS="766"/>
							<String ID="string_166" HPOS="781" VPOS="1272" WIDTH="38" HEIGHT="22" WC="0.96" CONTENT="och"/><SP WIDTH="15" VPOS="1272" HPOS="819"/>
							<String ID="string_167" HPOS="834" VPOS="1274" WIDTH="30" HEIGHT="19" WC="0.96" CONTENT="ett"/>
						</TextLine>
						<TextLine ID="line_24" HPOS="122" VPOS="1306" WIDTH="742" HEIGHT="31">
							<String ID="string_168" HPOS="122" VPOS="1307" WIDTH="140" HEIGHT="30" WC="0.92" CONTENT="projekteradt"/><SP WIDTH="10" VPOS="1307" HPOS="262"/>
							<String ID="string_169" HPOS="272" VPOS="1307" WIDTH="135" HEIGHT="27" WC="0.92" CONTENT="seminarium"/><SP WIDTH="9" VPOS="1307" HPOS="407"/>
							<String ID="string_170" HPOS="416" VPOS="1307" WIDTH="32" HEIGHT="22" WC="0.93" CONTENT="för"/><SP WIDTH="10" VPOS="1307" HPOS="448"/>
							<String ID="string_171" HPOS="458" VPOS="1307" WIDTH="120" HEIGHT="23" WC="0.93" CONTENT="utbildande"/><SP WIDTH="10" VPOS="1307" HPOS="578"/>
							<String ID="string_172" HPOS="588" VPOS="1307" WIDTH="24" HEIGHT="22" WC="0.93" CONTENT="af"/><SP WIDTH="7" VPOS="1307" HPOS="612"/>
							<String ID="string_173" HPOS="619" VPOS="1307" WIDTH="66" HEIGHT="22" WC="0.93" CONTENT="lärare"/><SP WIDTH="11" VPOS="1307" HPOS="685"/>
							<String ID="string_174" HPOS="696" VPOS="1307" WIDTH="31" HEIGHT="21" WC="0.94" CONTENT="för"/><SP WIDTH="14" VPOS="1307" HPOS="727"/>
							<String ID="string_175" HPOS="741" VPOS="1307" WIDTH="56" HEIGHT="28" WC="0.93" CONTENT="lägre"/><SP WIDTH="15" VPOS="1307" HPOS="797"/>
							<String ID="string_176" HPOS="812" VPOS="1306" WIDTH="52" HEIGHT="22" WC="0.88" CONTENT="folk-"/>
						</TextLine>
						<TextLine ID="line_25" HPOS="123" VPOS="1341" WIDTH="741" HEIGHT="28">
							<String ID="string_177" HPOS="123" VPOS="1342" WIDTH="69" HEIGHT="21" WC="0.93" CONTENT="skolor"/><SP WIDTH="14" VPOS="1342" HPOS="192"/>
							<String ID="string_178" HPOS="206" VPOS="1342" WIDTH="8" HEIGHT="20" WC="0.96" CONTENT="i"/><SP WIDTH="15" VPOS="1342" HPOS="214"/>
							<String ID="string_179" HPOS="229" VPOS="1342" WIDTH="149" HEIGHT="27" WC="0.93" CONTENT="sammanhang"/><SP WIDTH="14" VPOS="1342" HPOS="378"/>
							<String ID="string_180" HPOS="392" VPOS="1342" WIDTH="84" HEIGHT="21" WC="0.92" CONTENT="dermed"/><SP WIDTH="14" VPOS="1342" HPOS="476"/>
							<String ID="string_181" HPOS="490" VPOS="1342" WIDTH="118" HEIGHT="25" WC="0.92" CONTENT="inrättades,"/><SP WIDTH="11" VPOS="1342" HPOS="608"/>
							<String ID="string_182" HPOS="619" VPOS="1344" WIDTH="31" HEIGHT="20" WC="0.93" CONTENT="ett"/><SP WIDTH="9" VPOS="1344" HPOS="650"/>
							<String ID="string_183" HPOS="659" VPOS="1341" WIDTH="71" HEIGHT="27" WC="0.93" CONTENT="anslag"/><SP WIDTH="10" VPOS="1341" HPOS="730"/>
							<String ID="string_184" HPOS="740" VPOS="1341" WIDTH="23" HEIGHT="21" WC="0.93" CONTENT="af"/><SP WIDTH="7" VPOS="1341" HPOS="763"/>
							<String ID="string_185" HPOS="770" VPOS="1341" WIDTH="94" HEIGHT="28" WC="0.92" CONTENT="förslags-"/>
						</TextLine>
						<TextLine ID="line_26" HPOS="123" VPOS="1373" WIDTH="740" HEIGHT="29">
							<String ID="string_186" HPOS="123" VPOS="1375" WIDTH="32" HEIGHT="22" WC="0.93" CONTENT="vis"/><SP WIDTH="11" VPOS="1375" HPOS="155"/>
							<String ID="string_187" HPOS="166" VPOS="1376" WIDTH="90" HEIGHT="24" WC="0.92" CONTENT="171,600"/><SP WIDTH="10" VPOS="1376" HPOS="256"/>
							<String ID="string_188" HPOS="266" VPOS="1375" WIDTH="65" HEIGHT="25" WC="0.96" CONTENT="mark,"/><SP WIDTH="11" VPOS="1375" HPOS="331"/>
							<String ID="string_189" HPOS="342" VPOS="1376" WIDTH="51" HEIGHT="20" WC="0.93" CONTENT="eller"/><SP WIDTH="10" VPOS="1376" HPOS="393"/>
							<String ID="string_190" HPOS="403" VPOS="1375" WIDTH="150" HEIGHT="27" WC="0.91" CONTENT="sammanlagdt"/><SP WIDTH="14" VPOS="1375" HPOS="553"/>
							<String ID="string_191" HPOS="567" VPOS="1375" WIDTH="92" HEIGHT="25" WC="0.92" CONTENT="493,085"/><SP WIDTH="14" VPOS="1375" HPOS="659"/>
							<String ID="string_192" HPOS="673" VPOS="1374" WIDTH="66" HEIGHT="26" WC="0.96" CONTENT="mark,"/><SP WIDTH="15" VPOS="1374" HPOS="739"/>
							<String ID="string_193" HPOS="754" VPOS="1373" WIDTH="48" HEIGHT="22" WC="0.93" CONTENT="med"/><SP WIDTH="9" VPOS="1373" HPOS="802"/>
							<String ID="string_194" HPOS="811" VPOS="1374" WIDTH="52" HEIGHT="21" WC="0.92" CONTENT="hvil-"/>
						</TextLine>
						<TextLine ID="line_27" HPOS="123" VPOS="1407" WIDTH="741" HEIGHT="32">
							<String ID="string_195" HPOS="123" VPOS="1410" WIDTH="37" HEIGHT="22" WC="0.90" CONTENT="ket"/><SP WIDTH="13" VPOS="1410" HPOS="160"/>
							<String ID="string_196" HPOS="173" VPOS="1410" WIDTH="73" HEIGHT="29" WC="0.90" CONTENT="belopp"/><SP WIDTH="15" VPOS="1410" HPOS="246"/>
							<String ID="string_197" HPOS="261" VPOS="1408" WIDTH="187" HEIGHT="30" WC="0.89" CONTENT="bevillningen"/><SP WIDTH="-36" VPOS="1408" HPOS="448"/>
							<String ID="string_198" HPOS="412" VPOS="1403" WIDTH="38" HEIGHT="40" WC="0.89" CONTENT="för"/><SP WIDTH="12" VPOS="1403" HPOS="450"/>
							<String ID="string_199" HPOS="462" VPOS="1408" WIDTH="190" HEIGHT="23" WC="0.92" CONTENT="folkskolväsendet"/><SP WIDTH="15" VPOS="1408" HPOS="652"/>
							<String ID="string_200" HPOS="667" VPOS="1408" WIDTH="67" HEIGHT="22" WC="0.96" CONTENT="under"/><SP WIDTH="12" VPOS="1408" HPOS="734"/>
							<String ID="string_201" HPOS="746" VPOS="1409" WIDTH="59" HEIGHT="21" WC="0.93" CONTENT="nästa"/><SP WIDTH="9" VPOS="1409" HPOS="805"/>
							<String ID="string_202" HPOS="814" VPOS="1407" WIDTH="50" HEIGHT="22" WC="0.93" CONTENT="fem-"/>
						</TextLine>
						<TextLine ID="line_28" HPOS="122" VPOS="1443" WIDTH="531" HEIGHT="30">
							<String ID="string_203" HPOS="122" VPOS="1444" WIDTH="105" HEIGHT="29" WC="0.92" CONTENT="ärsperiod"/><SP WIDTH="14" VPOS="1444" HPOS="227"/>
							<String ID="string_204" HPOS="241" VPOS="1444" WIDTH="7" HEIGHT="22" WC="0.93" CONTENT="i"/><SP WIDTH="16" VPOS="1444" HPOS="248"/>
							<String ID="string_205" HPOS="264" VPOS="1443" WIDTH="62" HEIGHT="23" WC="0.90" CONTENT="sädan"/><SP WIDTH="14" VPOS="1443" HPOS="326"/>
							<String ID="string_206" HPOS="340" VPOS="1443" WIDTH="98" HEIGHT="23" WC="0.90" CONTENT="händelse"/><SP WIDTH="16" VPOS="1443" HPOS="438"/>
							<String ID="string_207" HPOS="454" VPOS="1444" WIDTH="83" HEIGHT="22" WC="0.92" CONTENT="komme"/><SP WIDTH="15" VPOS="1444" HPOS="537"/>
							<String ID="string_208" HPOS="552" VPOS="1446" WIDTH="30" HEIGHT="20" WC="0.93" CONTENT="att"/><SP WIDTH="15" VPOS="1446" HPOS="582"/>
							<String ID="string_209" HPOS="597" VPOS="1443" WIDTH="56" HEIGHT="22" WC="0.92" CONTENT="ökas."/>
						</TextLine>
					</TextBlock>
				</ComposedBlock>
			</PrintSpace>
		</Page>
	</Layout>
</alto>
