1056 1711
215 142 12 18 2
342 145 7 5 :
406 140 27 20 U.
449 140 27 21 B.
492 152 24 2 —
533 139 71 27 Prop.
620 139 40 21 N:o
675 138 36 20 30.

188 208 87 20 rättvisa
294 209 44 18 mot
360 207 26 19 de
407 206 165 26 skattdragande
587 206 47 20 med
650 206 68 25 billigt
734 205 98 20 afseende
847 205 28 26 pä
889 205 44 19 lan-

189 242 46 20 dets
250 241 67 21 behof
330 240 23 20 af
366 240 69 21 ökade
449 240 135 22 inkomster”,

258 274 184 28 Borgareständet,
465 281 43 13 som
531 274 6 19 i
560 274 66 20 likhet
651 273 46 20 med
721 272 152 27 Ridderskapet
895 272 39 20 och

192 309 69 20 Adeln
276 309 69 27 ingätt
359 309 6 19 i
382 309 128 26 granskning
526 308 24 20 af
562 307 144 22 betänkandet
716 307 66 20 under
791 307 103 20 förbehäll
905 308 31 18 att

193 343 97 21 Ständets
311 343 73 20 dervid
407 343 79 20 fattade
502 342 68 20 beslut
585 341 67 21 skulle
669 341 65 20 blifva
748 341 99 26 gällande
863 341 74 20 endast

191 377 33 20 för
240 377 35 20 det
289 377 38 20 fall
347 378 30 18 att
397 377 117 25 bevillning
528 376 32 21 för
575 377 60 19 nästa
650 375 75 21 femärs
741 375 70 26 period
829 375 69 20 blefve
915 373 22 21 af

194 411 100 20 behofvet
315 411 107 26 päkallad,
449 411 37 19 och
501 411 77 25 jemväl
602 410 48 19 lätit
668 410 117 19 tillsvidare
808 409 60 20 anstä
888 408 46 20 med

194 445 123 26 pröfningen
333 445 22 19 af
368 447 10 22 $
394 447 19 24 1,
428 445 38 19 har
480 445 118 20 underkänt
615 443 115 20 Utskottets
746 443 135 20 förenämnda
897 443 40 19 för-

193 480 32 19 sta
241 478 213 27 resolutions-förslag
470 478 38 20 och
525 479 113 26 uppmanat
653 478 103 19 utskottet
777 477 42 20 ”att
831 477 108 19 inkomma

195 512 47 20 med
265 513 79 26 förslag
367 513 31 19 till
419 519 25 13 en
465 519 27 19 ny
508 515 10 22 $
533 513 6 19 i
555 512 223 26 bevillningsstadgan,
793 511 145 20 innefattande

195 547 130 25 bestämning
346 547 70 20 derom
437 548 31 19 att
486 547 100 25 importör
602 546 23 20 af
637 546 7 20 i
659 546 104 26 Ryssland
779 545 123 20 tillverkadt
917 545 20 20 öl

193 580 61 23 skall,
275 580 89 21 förutom
384 581 78 19 allmän
484 580 209 26 inkomstbevillning
711 580 86 26 erlägga
811 586 25 14 en
852 580 87 26 lämplig

193 617 60 18 extra
268 614 133 27 bevillning”.

263 648 134 20 Beträffande
407 649 117 20 Utskottets
536 656 72 13 senare
621 648 204 27 resolutionsförslag
840 648 39 20 har
888 648 51 20 Bor-

197 683 134 27 gareständet
341 683 95 26 godkänt
447 683 121 26 detsamma,
580 689 45 14 men
637 683 68 19 tillika
716 682 85 20 beslutit
816 684 30 18 att
861 682 6 19 i
879 682 59 20 Stän-

196 718 75 19 dernas
282 717 168 19 svarsskrifvelse
469 718 3 18 i
488 719 70 18 ämnet
573 717 68 20 skulle
656 717 50 25 ingä
721 723 26 13 en
762 716 131 26 underdänig
904 723 35 13 an-

194 751 72 20 hållan
287 757 33 13 om
340 751 90 20 revision
449 747 24 23 af
486 751 118 26 grunderna
619 751 32 20 för
666 750 149 27 bevillningen,
831 750 88 21 affattad
934 750 6 19 i

197 791 79 14 samma
299 785 94 26 ordalag,
409 791 44 13 som
469 785 166 20 Presteständets
651 784 61 20 ofvan
731 785 120 25 föreslagna
867 785 74 26 tillägg

196 819 31 20 till
248 818 228 27 resolutionsförslaget
495 819 127 26 innehäller;
641 819 109 20 hvarutom
765 819 177 26 Borgareständet

197 854 12 20 i.
215 853 64 26 öfrigt
289 853 39 20 och
340 853 46 19 med
397 853 119 20 hänseende
532 853 30 19 till
579 853 100 26 förslaget
695 853 29 19 till
741 853 202 27 bevillningsstadga

195 887 91 26 päyrkat
301 886 93 27 följande
409 881 145 32 förändringar
570 888 54 20 deri:

265 922 31 18 att
311 921 7 19 i
333 924 10 22 $
360 921 11 19 3
383 921 106 21 slutorden
501 921 78 27 ”enligt
589 924 99 24 agentens
702 922 93 26 uppgift”
806 922 67 20 skulle
885 922 56 27 utgå,

196 957 54 19 samt
268 955 69 20 denna
352 957 10 22 $
378 956 6 18 i
400 956 63 26 öfrigt
478 956 156 20 omformuleras
650 956 6 19 i
672 956 75 20 sädant
762 956 54 26 syfte
831 959 31 18 att
877 958 65 19 aktie-

197 989 39 20 och
255 989 120 27 bankbolag
395 989 65 21 borde
483 992 73 24 utgöra
573 990 115 26 bevillning
704 992 18 25 ej
739 991 52 19 blott
806 991 31 20 för
853 992 39 19 den
910 991 33 20 del

197 1024 23 19 af
231 1023 54 20 ärets
296 1030 51 13 rena
361 1024 62 24 vinst,
439 1030 44 14 som
498 1024 70 20 ansläs
583 1024 32 20 till
631 1024 110 26 utdelning
755 1025 89 20 emellan
860 1026 82 24 bolags-

198 1060 97 23 männen,
311 1059 49 17 utan
376 1057 40 20 ock
440 1058 31 20 för
494 1058 39 19 den
550 1058 33 20 del
602 1058 65 25 deraf,
685 1065 44 14 som
745 1058 75 20 blifver
835 1060 6 18 i
857 1059 86 26 bolaget

199 1091 146 25 innestäende;

263 1126 31 18 att
313 1125 6 18 i
335 1127 9 21 $
361 1125 12 18 4
389 1125 131 26 bestämning
543 1126 65 19 borde
622 1126 78 20 införas
716 1127 77 25 derom,
813 1129 30 17 att
858 1127 35 20 vid
909 1127 34 20 be-

197 1158 90 27 räkning
310 1158 23 20 af
351 1159 39 19 den
413 1166 52 13 rena
483 1159 118 21 inkomsten
621 1160 57 25 skall
702 1160 97 27 afdragas
822 1161 47 20 icke
890 1161 55 20 blott

198 1192 111 27 utskylder
320 1192 31 19 till
367 1195 67 18 staten
451 1193 38 20 och
506 1193 124 21 kommunen
647 1196 48 18 utan
712 1194 61 20 äfven
790 1195 109 26 utskylder
914 1196 30 19 till

198 1225 123 26 församling
337 1226 39 20 och
392 1227 75 26 kyrka,
482 1230 53 17 samt
550 1228 98 26 slutligen

268 1261 31 17 att
321 1260 65 19 orden
404 1261 114 19 ”Enskilda
537 1255 112 32 personer”
669 1263 6 18 i
691 1268 54 13 mom
760 1260 17 28 g
790 1263 21 19 af
824 1265 10 21 $
851 1264 10 18 5
879 1263 64 20 borde

198 1292 84 25 utbytas
301 1294 56 17 emot
372 1295 64 17 annat
455 1295 90 24 uttryck,
561 1301 43 13 som
620 1295 120 26 otvetydigt
755 1296 96 25 angäfve,
867 1297 31 18 att
913 1297 29 18 uti

199 1324 58 21 detta
272 1332 62 19 mom,
347 1327 79 25 jemväl
441 1327 53 20 afses
510 1328 158 26 korporationer
684 1329 39 21 och
739 1329 68 26 bolag.

267 1359 158 22 Bondeständet
448 1361 44 20 äter
515 1363 37 19 har
570 1363 33 20 till
620 1363 42 20 alla
678 1364 58 19 delar
750 1364 95 26 godkänt
859 1364 85 21 Utskot-

191 1395 48 19 "tets
255 1393 140 22 betänkande.

268 1427 71 21 Ehuru
356 1429 32 19 väl
405 1430 76 19 tvänne
498 1429 65 22 Ständ
583 1431 88 20 sälunda
686 1435 55 17 ännu
757 1433 47 20 icke
820 1433 52 27 tagit
887 1436 58 18 ären-

201 1461 36 21 det
260 1462 65 20 under
348 1463 70 26 slutlig
441 1465 103 25 pröfning,
560 1465 37 20 har
616 1466 243 27 Bevillnings-utskottet
879 1468 66 20 likväl

266 1500 75 25 Bihang
354 1502 30 17 till
394 1502 214 25 Bevillningsutskottets
620 1505 112 19 betänkande
743 1507 37 18 N:o
791 1507 16 18 3.
