1078 1711
329 135 30 20 U.
376 135 32 20 B.
425 145 25 3 —
466 133 87 27 Prop.
569 134 50 21 N:o
635 133 47 20 32.

414 313 203 24 Sammansatta
635 313 88 24 Stats-
742 312 46 25 och
807 312 65 25 Eko-

334 351 238 25 nomi-utskottets
593 352 138 25 betänkande
742 352 36 24 N:o
789 352 12 24 1
814 352 6 24 i
835 359 37 17 an-

336 392 88 30 ledning
445 392 27 24 af
479 391 58 25 Hans
555 391 129 32 Kejserliga
701 391 116 31 Majestäts
835 390 39 25 nå-

338 432 51 28 diga
402 430 135 33 proposition
555 430 114 32 angående
687 430 79 31 anslag
784 431 32 24 till
827 431 46 25 för-

336 471 113 24 bättrande
469 472 26 24 af
511 470 122 26 dårvården
651 472 6 23 i
676 471 82 25 landet.

201 544 70 22 Sedan
285 544 82 21 Preste-
382 544 38 20 och
439 543 161 22 Bondestånden
623 544 116 22 remitterat
758 543 68 21 denna
840 544 34 21 nå-

132 577 48 29 diga
198 577 128 29 proposition
345 577 33 21 till
395 579 135 20 sammansatt
544 577 65 22 Stats-
623 577 39 22 och
676 577 198 26 Ekonomi-utskott,

131 619 49 14 men
194 611 154 29 Ridderskapet
366 611 39 21 och
420 611 71 21 Adeln
506 611 73 22 endast
593 611 32 22 till
640 611 64 22 Stats-
722 612 38 21 och
775 611 101 28 Borgare-

131 645 82 22 ståndet
232 645 72 22 endast
323 645 33 22 till
370 645 221 26 Ekonomi-utskottet,
611 645 37 22 har
663 645 166 23 Stats-utskottet
843 647 31 20 ut-

133 679 74 22 verkat
221 679 61 22 äfven
300 679 143 22 nästbemälde
459 679 98 22 Ständers
572 679 59 21 bifall
647 679 33 22 till
695 680 95 21 ärendets
804 679 70 21 bered-

132 713 51 29 ning
197 713 9 22 i
220 715 135 20 sammansatt
370 713 63 22 Stats-
443 713 39 21 och
491 713 199 22 Ekonomi-utskott.
715 713 33 22 Af
755 713 119 28 Kejserliga

133 747 93 23 Senaten
240 748 38 21 har
292 748 103 21 utskottet
409 746 40 23 fått
463 747 31 28 sig
508 747 119 22 meddeladt
641 747 35 22 det
690 747 108 22 utlåtande
807 751 68 18 röran-

133 783 26 20 de
174 781 125 22 dårvårdens
314 781 167 28 reorganisation,
497 789 44 13 som
555 781 114 22 utarbetats
684 781 23 21 af
720 789 32 18 en,
768 781 26 29 på
807 781 68 28 grund

134 815 24 22 af
170 817 69 20 senast
253 815 125 22 församlade
395 814 98 22 Ständers
509 815 71 21 derom
590 815 72 28 gjorda
675 815 157 29 framställning,
843 815 33 22 för

134 848 118 22 ändamålet
266 850 82 20 nedsatt
363 848 83 25 komité,
462 849 90 20 hvarhos
567 849 85 27 upplyst
666 848 70 22 blifvit
746 851 30 19 att
791 849 36 21 vid
837 848 38 22 frå-

137 890 50 20 gans
202 882 154 28 handläggning
371 882 7 20 i
394 881 92 22 Senaten
501 882 128 28 omröstning
643 881 45 21 icke
703 882 104 22 förefallit.

203 984 111 22 Ehuruväl
333 983 159 28 hufvuddragen
511 983 24 21 af
546 984 35 22 det
595 983 81 29 förslag,
692 983 136 22 förenämnda
842 984 34 21 ko-

136 1018 51 22 mité
201 1018 88 29 afgifvit,
305 1018 67 21 finnas
386 1017 85 29 intagna
481 1017 7 21 i
499 1018 40 21 den
553 1018 76 28 nådiga
642 1018 160 29 propositionen,
818 1018 58 22 torde

136 1053 35 21 det
185 1053 53 21 dock
252 1052 32 21 för
300 1052 116 22 Ständerna
430 1051 47 21 icke
493 1052 65 20 sakna
578 1051 88 23 intresse
688 1053 30 21 att
740 1052 77 21 erhålla
831 1056 45 18 när-

136 1095 57 13 mare
207 1086 118 22 kännedom
348 1094 33 13 om
398 1086 103 21 komiténs
516 1086 113 26 utlåtande,
644 1086 82 22 hvilket
739 1086 47 21 icke
807 1085 69 22 blifvit

135 1129 75 20 genom
225 1120 83 28 trycket
319 1119 168 29 offentliggjordt,
503 1120 38 21 och
553 1120 39 21 har
605 1121 103 21 utskottet
722 1120 68 21 derför
803 1120 73 21 främst

137 1156 69 20 ansett
220 1154 31 28 sig
265 1155 51 21 böra
330 1153 94 22 meddela
439 1153 90 29 följande
544 1154 74 28 utdrag
632 1154 71 22 derur:

207 1189 46 21 «En
268 1188 88 22 rationel
370 1187 51 22 vård
433 1187 24 21 af
464 1188 25 20 de
499 1187 136 29 sinnessjuke,
647 1188 73 22 dervid
730 1188 68 22 dessas
813 1188 64 21 lidan-

137 1223 40 21 den
192 1223 105 21 betraktas
312 1221 67 22 såsom
394 1222 84 28 uttryck
493 1222 23 21 af
527 1222 108 22 materiela
645 1222 101 28 störingar
755 1222 58 21 inom
823 1230 55 20 orga-

137 1256 87 26 nismen,
240 1256 106 28 begynner
364 1255 51 22 först
429 1255 36 22 vid
479 1256 63 22 slutet
556 1256 23 21 af
592 1256 35 22 det
641 1256 111 22 adertonde
767 1256 111 21 århundra-

137 1290 41 22 det.
207 1290 44 21 Det
265 1298 38 13 var
317 1289 159 22 Fransmannen
491 1290 68 26 Pinel,
575 1297 44 14 som
633 1290 26 28 på
673 1290 67 28 grund
754 1289 62 23 häraf
827 1289 51 22 först

137 1325 52 21 löste
200 1324 25 21 de
236 1324 62 28 bojor,
309 1323 60 23 hvari
383 1323 33 22 till
430 1324 53 20 hans
497 1324 31 21 tid
543 1324 26 21 de
583 1324 130 27 sinnessjuke
728 1324 70 21 hållits
812 1323 67 27 fängs-

137 1358 53 25 lade,
206 1358 38 20 och
258 1357 71 28 gjorde
351 1356 70 22 försök
437 1356 48 21 med
507 1359 30 19 att
555 1356 64 22 vårda
637 1356 47 22 dem
705 1357 88 21 likasom
815 1356 63 21 andra

137 1390 61 28 sjuka
219 1390 32 22 uti
266 1390 32 21 för
312 1391 60 20 dessa
386 1389 101 29 uppförda
509 1390 87 28 sjukhus
621 1390 50 21 eller
689 1390 95 28 hospital.
813 1390 65 21 Detta

138 1432 37 14 var
197 1424 64 22 första
282 1425 109 28 uppslaget
408 1424 33 21 till
455 1424 26 21 de
495 1424 104 21 såkallade
617 1424 69 21 slutna
707 1424 127 21 anstalterna
847 1423 33 22 för

140 1459 78 22 vården
239 1458 23 21 af
274 1457 137 30 sinnessjuka,
426 1457 73 22 hvilka
520 1465 87 15 numera
628 1457 102 30 betydligt
747 1457 131 22 modifierade

207 1499 137 18 Sammansatta
357 1499 57 18 Stats-
427 1497 31 18 och
470 1497 194 20 Ekonomieutskottets
676 1498 109 19 betänkande
797 1499 36 18 N:o
845 1500 16 17 1.
