1053 1709
224 111 14 20 4
374 110 2 3 '
431 109 22 23 U.
469 109 23 22 B.
502 114 25 10 =
539 108 65 28 Prop.
621 108 38 23 N:o
675 108 37 22 28.

196 174 132 29 betydligare
345 174 24 28 ju
388 181 59 14 mera
466 174 26 21 de
510 180 41 22 nya
566 172 137 29 persedlarne
718 173 76 27 utgöra
808 170 90 23 föremål
912 172 35 20 för

197 208 169 23 verldshandeln.
402 208 110 22 Granskar
529 214 49 15 man
596 206 48 22 från
662 207 69 21 denna
746 207 107 28 synpunkt
867 207 36 20 det
918 213 29 14 nu

195 243 147 28 föreliggande
360 242 109 29 förslaget,
489 241 24 23 sä
532 242 33 22 lär
584 242 37 21 det
638 242 46 21 icke
699 242 73 21 kunna
787 241 112 26 bestridas,
915 242 32 20 att

193 278 25 28 ju
234 277 77 29 många
326 276 47 23 skäl
388 277 56 29 gifva
457 277 48 22 stöd
520 276 23 22 åt
557 276 36 22 det
608 276 130 29 antagandet
748 278 32 20 att
790 276 158 28 grundräntans

196 312 210 28 förvandlingsvärde
425 312 67 26 enligt
511 312 26 21 de
552 311 121 27 föreslagna
688 318 42 21 nya
744 310 205 28 undervisningarna

198 347 54 21 skall
267 347 7 21 i
288 346 116 22 framtiden
418 346 65 22 blifva
497 346 157 22 underkastadt
668 348 59 19 stora
736 345 155 27 förändringar.
916 343 34 22 Då

197 380 97 29 spanmål
309 381 8 21 i
332 381 26 21 de
372 388 42 21 nya
429 381 204 28 undervisningarna
642 380 111 28 upptagits
762 380 34 22 till
806 380 90 27 ungefär
905 378 45 22 lika

197 416 87 27 belopp,
298 416 102 21 varmed
415 416 70 21 denna
499 416 77 21 artikel
591 414 68 29 ingått
674 416 7 20 i
696 416 26 20 de
733 415 59 21 äldre
803 414 147 22 undervisnin-

198 457 73 21 garna,
287 450 80 21 hvilket
381 450 79 27 belopp
479 450 47 21 icke
541 450 84 28 mycket
640 450 140 26 öfverskjuter
795 449 56 21 hvad
867 447 61 22 deraf
942 447 7 21 i

198 492 30 14 nu
246 484 100 28 gällande
365 484 151 28 undervisning
530 484 67 28 ingår,
613 491 48 14 men
675 484 7 21 i
698 484 70 28 öfrigt,
780 484 66 27 jemte
862 483 36 21 det
913 482 38 21 be-

198 519 75 28 loppet
288 519 23 21 af
324 518 104 22 kontanta
443 520 118 27 penningar
575 519 90 27 förhöjts
679 518 83 22 utöfver
776 518 56 21 hvad
843 518 35 21 det
888 518 63 26 utgör

199 554 8 21 i
222 561 28 14 nu
265 554 99 28 gällande
377 554 157 28 undervisning,
545 554 76 22 endast
631 554 90 21 artikeln
732 554 58 21 smör
800 552 70 22 såsom
881 554 70 20 ränte-

200 588 98 28 persedel
312 588 159 29 ifrågakommit
485 589 41 21 och
540 588 8 22 i
563 588 116 22 allmänhet
693 588 77 22 införts
780 588 34 21 till
824 588 48 21 vida
883 588 68 20 större

201 623 78 28 belopp
303 624 27 20 än
350 623 55 21 hvad
423 623 61 21 deraf
501 624 34 20 för
553 623 132 21 närvarande
704 622 28 28 på
751 622 148 22 skatterubeln
919 622 32 27 sig

201 658 95 27 belöper,
312 657 24 22 så
349 657 67 22 måste
432 658 40 21 den
487 658 107 28 naturliga
607 658 79 26 följden
696 658 72 25 blifva,
780 658 31 20 att
821 656 132 22 sistnämnda

202 692 77 22 artikel
293 692 97 21 kommer
404 694 32 19 att
450 692 72 22 utöfva
533 694 30 20 ett
573 692 128 28 väsendtligt
710 691 116 29 inflytande
837 690 28 28 på
875 691 78 27 grund-

202 728 88 20 räntans
304 726 216 28 förvandlingsvärde.
543 726 46 22 Och
602 734 46 14 som
663 728 79 20 smöret
758 726 55 22 visat
823 726 32 27 sig
866 732 87 21 synner-

202 762 58 28 ligen
278 761 105 21 variabelt
400 761 34 21 till
453 762 37 20 sitt
506 762 53 27 pris,
578 761 80 21 hvilket
675 762 78 20 nästan
767 760 135 22 uteslutande
918 760 36 22 be-

204 798 100 20 stämmes
315 796 23 21 af
346 794 163 23 förhållandena
519 794 28 29 på
555 796 26 21 de
589 796 127 27 europeiska
724 794 232 28 marknadsplatserna,

204 830 24 22 så
247 831 62 21 skola
328 833 58 19 stora
405 830 109 28 vexlingar
528 830 8 21 i
551 830 157 28 grundräntans
722 829 172 29 penningevärde
908 828 48 21 icke

204 865 109 21 uteblifva.
335 864 34 22 Då
384 865 101 27 derjemte
501 864 92 22 artikeln
607 865 57 21 smör
678 865 76 21 endast
764 864 33 22 till
807 864 61 28 ringa
877 863 80 27 belopp

205 900 69 28 ingått
288 900 8 20 i
311 899 26 22 de
352 900 71 28 gamla
438 900 210 27 undervisningarna,
664 898 24 22 så
703 900 25 20 är
743 899 35 21 det
792 900 31 20 att
834 899 81 25 befara,
926 901 31 19 att

206 934 128 22 differensen
349 934 91 22 emellan
455 934 157 28 grundräntans
627 934 211 28 förvandlingsvärde
853 934 67 27 enligt
931 933 26 21 de

206 969 59 21 äldre
281 968 204 28 undervisningarna
503 969 40 21 och
565 968 26 22 de
611 976 28 13 nu
654 968 110 28 förslagna
780 967 46 22 åter
840 968 55 21 efter
909 968 48 20 icke

206 1002 73 22 alltför
292 1002 52 28 lång
357 1002 32 22 tid
404 1002 56 22 skall
475 1003 64 21 blifva
555 1002 81 29 ganska
651 1003 101 27 betydlig.
912 996 2 2 |

277 1037 34 22 Då
320 1037 110 22 Utskottet
440 1038 54 27 tagit
504 1038 7 20 i
522 1037 153 29 öfvervägande
685 1037 48 22 icke
744 1037 92 22 allenast
846 1036 26 22 de
880 1036 79 22 brister

207 1073 7 21 i
234 1073 36 21 det
288 1079 30 14 nu
336 1072 148 28 föreliggande
501 1072 103 28 förslaget
618 1072 33 21 till
666 1072 293 28 räntpersedle-omsättning,

208 1114 46 15 som
274 1106 69 22 blifvit
357 1107 8 21 i
380 1107 36 21 det
434 1106 129 28 föregående
577 1107 100 28 antydda,
692 1110 52 18 utan
760 1107 62 21 äfven
837 1107 26 21 de
879 1106 80 28 svärig-

208 1142 66 25 heter,
297 1141 73 28 hvarje
391 1143 46 27 nytt
459 1141 81 28 förslag
558 1141 7 21 i
585 1148 81 15 samma
688 1142 54 28 syfte
765 1141 56 22 skall
843 1141 63 22 hafva
927 1143 32 19 att

209 1176 127 25 Ofvervinna,
356 1178 53 19 utan
425 1177 33 20 att
475 1176 65 22 likväl
555 1176 72 22 kunna
641 1176 73 28 uppnå
728 1176 106 22 önskvärd
849 1176 111 25 stabilitet,

208 1211 40 21 har
262 1210 111 22 Utskottet
386 1210 91 22 kommit
490 1211 33 21 till
538 1211 41 22 den
594 1211 146 27 öfvertygelse,
756 1213 32 19 att
802 1211 157 28 grundräntans

210 1245 130 27 omsättning
358 1245 8 20 i
384 1245 119 27 penningar
522 1252 49 14 vore
591 1245 41 21 den
651 1245 103 25 enklaste,
774 1247 54 19 mest
847 1245 114 21 rationella

210 1279 40 21 och
265 1278 70 21 tillika
349 1278 177 28 fördelaktigaste
540 1280 63 26 utväg
617 1280 32 20 att
664 1278 46 22 lösa
721 1279 69 21 denna
801 1278 24 22 sä
835 1278 63 28 länge
908 1280 52 20 utan

209 1312 113 28 franigäng
340 1312 134 22 behandlade
488 1312 67 29 fråga.
587 1312 111 22 Utskottet
710 1313 40 21 har
764 1312 70 22 funnit
849 1312 33 29 sig
896 1314 65 27 ytter-

210 1348 68 28 ligare
297 1347 69 29 styrkt
384 1347 8 22 i
412 1348 69 21 denna
499 1346 56 30 äsigt
575 1354 75 22 genom
672 1348 63 22 ofvan
756 1348 142 22 omförmälda
917 1351 44 19 om-

210 1382 100 40 röstning
322 1383 7 21 i
340 1378 123 48 Kejserliga
478 1382 99 27 Senaten,
592 1382 86 23 hvarvid
693 1382 36 23 två
744 1383 23 22 af
780 1383 49 22 dess
843 1383 118 42 ledamöter

210 1419 68 28 yttrat
292 1417 33 29 sig
343 1417 4 21 i
362 1424 83 16 samma
458 1418 61 28 syfte.

280 1456 140 18 Statsutskottets
434 1456 112 18 betänkande
561 1456 36 18 N:o
612 1454 19 22 6.
