1056 1709
231 132 27 20 28
519 132 49 21 N:o
584 132 50 20 28.

204 199 76 25 finnas,
299 199 88 21 hvilken
406 199 48 21 frän
473 198 26 21 de
518 198 72 22 skilda
608 198 74 22 länens
703 199 77 26 gamla,
803 198 33 21 till
852 198 46 22 deri
913 199 32 20 in-

204 235 66 24 tagna
284 233 123 26 persedlars
422 232 78 27 belopp
516 233 39 21 och
566 232 149 22 beskaffenhet
726 232 44 22 sins
782 232 92 22 emellan
885 232 64 27 högst

204 267 59 21 olika
280 266 181 27 undervisningar
480 269 95 25 upptoge
598 268 32 19 ett
649 266 53 21 fätal
722 266 23 22 af
759 267 64 21 dessa
837 266 112 28 persedlar

204 301 41 21 och
260 301 28 27 pä
306 307 81 15 samma
402 300 56 27 gäng
473 306 51 16 vore
540 301 24 21 sä
579 302 147 24 sammansatt,
742 303 32 19 att
780 301 169 26 jordeboksrän-

205 337 36 18 tan
260 335 56 21 efter
331 335 71 21 denna
416 335 157 27 undervisning
588 334 102 22 öfverallt
704 335 48 21 icke
767 334 93 22 allenast
875 335 33 21 för
923 342 26 14 en

205 369 44 21 viss
266 368 111 28 tidpunkt,
395 370 53 20 utan
473 368 62 22 äfven
556 370 33 20 för
608 368 116 22 framtiden
740 369 40 21 och
796 369 121 22 oberoende
929 370 23 20 af

204 403 186 27 prisvexlingarne
407 402 12 21 ä
435 403 26 21 de
476 403 49 21 frän
540 403 71 27 gamla
622 403 208 27 undervisningarne
841 403 111 22 uteslutna

205 437 145 27 persedlarne,
371 437 69 21 skulle
463 437 68 21 blifva
551 438 57 21 helst
622 437 67 27 något
704 437 24 21 sä
743 439 39 19 när
796 437 51 26 lika,
863 444 45 14 som
925 438 27 20 dä

205 472 77 19 räntan
298 471 136 21 beräknades
451 471 55 21 efter
522 471 108 27 sistsagde
641 471 187 27 undervisningar,
839 472 40 20 har
890 471 61 21 Hans

205 504 124 28 Kejserliga
351 504 102 27 Majestät
478 505 71 21 funnit
574 504 80 27 skäligt
676 505 116 27 godkänna
811 505 142 22 omförmälda

206 538 88 27 förslag,
319 538 110 22 äfvensom
458 541 30 19 att
517 539 156 26 benämningen
695 539 23 21 af
740 539 125 22 skattetalet
891 540 61 21 rubel

207 572 70 22 skulle
292 573 28 27 pä
335 574 45 20 sätt
389 572 130 28 föregäende
530 573 138 21 Komiterade
680 574 118 26 föreslagit,
810 574 98 26 ombytas
918 574 34 20 till

207 608 80 26 ySkatt*
310 608 49 22 med
379 608 49 22 dess
444 608 213 28 underafdelningar,
673 610 55 20 samt
744 610 33 19 att
792 609 19 27 ej
827 609 84 22 mindre
927 610 26 21 de

206 642 7 21 i
226 642 197 27 jordeboksräntan
432 642 106 26 ingäende
550 642 108 22 särskilda
668 643 145 27 persedlarne,
824 645 27 19 än
862 644 89 26 tionde-,

207 676 91 21 vakans-
314 676 40 22 och
377 676 256 28 gvarntulls-spanmälen
654 676 67 27 jemte
746 677 43 21 alla
807 677 70 27 öfriga
892 678 7 20 i
915 678 38 21 säd

207 710 112 21 bestämda
334 710 108 21 allmänna
458 711 112 27 utskylder
585 711 33 21 till
634 711 83 21 kronan
732 711 40 21 och
782 711 172 27 indelningshaf-

207 750 51 15 vare
279 744 76 26 skulle,
376 744 27 21 dä
421 745 41 21 den
483 745 18 26 ej
525 745 99 27 erlägges
639 746 21 20 in
676 747 84 24 natura,
776 746 107 20 beräknas
899 746 55 21 efter

207 778 148 21 medelvärdet
374 778 22 21 af
414 778 58 21 ärets
494 779 39 21 och
553 778 181 27 nästföregäende
755 778 80 28 fjorton
851 779 35 21 ärs
901 779 53 22 fast-

208 812 80 22 ställda
302 812 137 27 markegäng.

275 846 63 21 Hvad
358 846 46 21 äter
424 846 103 22 beträffar
550 847 76 26 frägan
647 848 32 20 att
694 847 188 26 räntespanmälen
897 847 56 27 finge

208 881 34 21 till
264 880 49 22 hela
333 881 101 26 beloppet
454 880 23 22 af
496 882 136 25 räntetagare
653 881 85 21 fordras
758 881 39 21 och
813 881 22 21 af
849 881 105 27 räntegif-

208 922 51 14 vare
275 915 108 27 erbjudas,
399 914 39 21 har
454 915 37 21 det
506 914 126 27 visserligen
648 914 48 22 frän
711 915 61 21 äldre
787 915 57 21 tider
854 915 57 21 varit
921 916 32 20 sä-

208 950 35 20 väl
263 950 26 20 de
308 948 179 22 räntebetalande
507 948 120 28 medgifvet
650 951 32 19 att
704 949 103 25 leverera,
828 949 70 21 såsom
914 950 40 20 ock

208 983 83 21 kronan
314 983 40 21 och
376 984 166 26 räntetagarene
565 983 130 21 förbehället
715 985 32 19 att
767 982 100 22 utfordra
887 984 68 26 sagde

209 1018 97 26 spanmä!
321 1017 34 21 till
370 1018 49 20 dess
435 1017 53 21 fulla
503 1017 77 27 belopp
596 1017 23 21 in
634 1018 84 24 natura,
734 1016 85 22 hvilket
833 1017 121 27 stadgande

208 1052 34 20 för
261 1052 82 20 kronan
362 1050 111 22 medförde
492 1051 84 21 mindre
597 1050 110 27 svärighet
726 1051 90 21 emedan
835 1051 49 21 dess
899 1051 56 26 tjen-

210 1087 82 19 stemän
311 1085 27 21 dä
361 1084 109 22 aflönades
492 1085 47 20 med
563 1084 103 27 spanmäl.
700 1084 61 22 Dock
776 1084 102 27 ätföljdes
895 1084 61 21 detta

208 1119 120 27 stadgande
351 1118 62 22 alltid
436 1120 23 19 af
482 1124 26 16 en
530 1118 122 28 olägenhet,
676 1118 107 27 nemligen
803 1118 42 22 den
863 1120 33 20 att
915 1120 40 19 när

209 1154 59 22 förut
283 1154 70 26 någon
368 1152 203 28 medelmarkegäng
587 1153 18 27 ej
622 1152 62 22 fanns
700 1152 100 22 bestämd
815 1152 40 22 och
871 1152 84 22 således

210 1189 110 25 räntorna,
335 1193 46 15 som
396 1186 107 22 räknades
518 1186 57 22 efter
590 1187 57 21 ärets
663 1186 140 28 markegäng,
817 1186 69 22 under
894 1187 61 21 miss-

210 1222 76 22 växtär
304 1223 68 25 stego,
392 1221 47 22 blef
460 1221 137 27 svärigheten
617 1221 34 21 för
663 1221 160 27 jordbrukaren
839 1222 32 20 att
887 1221 69 21 under

210 1256 74 26 dylika
304 1256 56 20 tider
376 1256 73 20 kunna
464 1255 91 21 afbörda
571 1256 33 25 sig
620 1255 46 20 sina
681 1256 75 19 räntor
770 1255 127 26 ytterligare
913 1254 42 20 för-

211 1290 56 20 ökad
282 1290 130 25 derigenom,
429 1290 32 19 att
477 1288 124 26 spanmälen
620 1288 72 21 kunde
706 1288 34 20 till
756 1288 50 20 hela
821 1288 103 26 beloppet
934 1287 21 21 in

211 1325 78 20 natura
303 1324 78 21 honom
396 1323 112 21 affordras.
538 1322 80 22 Derför
632 1322 142 22 förordnades
790 1328 76 21 genom
877 1322 80 26 nädiga

210 1358 145 27 kungörelsen
373 1358 23 21 af
412 1358 42 21 den
470 1358 27 20 12
512 1357 122 21 November
649 1356 62 27 1847,
727 1357 7 21 i
745 1356 154 27 sammanhang
907 1356 49 21 med

211 1392 343 27 räntepersedle-omsättningens
578 1391 168 26 verkställande,
770 1392 33 20 att
818 1392 139 25 räntetagare

212 1428 47 21 icke
277 1428 41 26 äga
338 1426 22 22 af
380 1426 146 28 räntegifvare
545 1426 100 21 utfordra
666 1426 38 21 och
720 1426 27 22 de
762 1432 76 15 senare
853 1425 18 27 ej
887 1425 69 21 heller
