1056 1709
239 149 27 21 10

401 150 79 22 Ständ.
495 150 37 22 Sv.
547 163 27 3 —
589 151 70 27 Prop.
674 151 40 21 N:o
728 151 36 21 30.

580 220 14 24 8
610 219 32 21 11.

342 251 88 22 Antalet
449 251 23 21 af
488 251 212 29 bevillningskomit&s
718 253 113 21 ledamöter
845 253 37 21 bör
896 260 49 14 vara

274 285 46 22 från
335 285 41 21 fem
391 286 33 21 till
438 286 40 25 nio,
495 286 86 21 hvarom
596 286 34 22 det
644 287 121 21 ankommer
780 287 11 21 &
807 286 137 23 Guvernören

274 321 30 20 att:
319 319 52 21 efter
386 320 114 21 distriktets
514 320 77 22 storlek
606 325 94 17 närmare
711 321 119 21 bestämma.
852 321 93 22 Tillhöra

273 353 36 22 tvä
331 354 50 21 eller
402 354 50 21 flera
473 354 123 22 kommuner
615 354 109 26 distriktet,
746 356 53 21 skall
813 355 46 22 frän
873 355 72 29 hvarje

274 388 100 21 kommun
389 388 65 29 väljas
468 388 124 22 åtminstone
607 388 35 22 två
656 390 114 21 ledamöter
784 390 6 21 i
807 390 97 22 komiten.

341 428 43 22 Vid
401 436 78 14 samma
493 428 87 27 tillfälle,
596 429 26 21 då
636 430 113 21 ledamöter
763 430 8 21 i
785 430 159 28 bevillningsko-

273 462 64 22 mitén
353 462 64 29 väljas
431 463 37 21 bör
482 462 61 22 äfven
557 463 27 29 på
599 464 107 21 enahanda
720 466 40 20 sätt
774 464 95 22 förrättas
881 465 34 21 val
925 464 22 22 af

273 497 132 29 suppleanter
423 497 34 21 till
475 499 29 20 ett
524 498 56 21 antal
594 496 142 23 motsvarande
752 498 63 22 minst
829 498 79 22 hälften
923 498 23 22 af

272 531 157 22 ledamöternes.

340 571 28 22 Så
383 573 56 20 snart
453 572 33 21 val
500 571 112 29 försiggått,
628 572 37 21 bör
679 572 157 22 valförrättaren
847 572 98 29 ofördröj-

272 605 56 29 ligen
343 610 48 22 göra
406 606 95 21 anmälan
516 613 34 14 om
564 606 104 28 utgången
683 606 59 22 deraf
750 606 37 22 hos
798 606 145 26 Guvernören,

272 647 44 15 som
334 648 47 20 eger
395 639 95 22 förordna
506 648 25 13 en
546 640 22 21 af
581 640 25 21 de
620 640 86 22 utsedde
720 640 128 22 komiterade
864 643 30 19 att
908 641 36 22 vid

272 674 103 22 komiténs
394 674 166 22 sammanträden
574 674 44 22 föra
633 674 63 26 ordet,
710 674 65 29 jemte
790 675 109 29 suppleant
913 675 32 22 för

271 709 83 21 honom.

339 749 43 23 Vid
398 749 212 29 bevillningskomités
624 750 152 21 sammanträde
791 750 53 28 skall
854 749 91 22 Härads-

264 783 124 22 .skrifvaren
404 784 51 21 eller
470 784 39 20 den
526 783 136 22 Guvernören
678 783 8 21 i
700 784 51 21 hans
766 784 58 21 ställe
838 783 108 22 förordnar

272 822 88 17 närvara
379 817 31 22 för
430 820 30 19 att
478 818 69 21 lemna
562 817 74 29 nödiga
651 817 149 29 upplysningar
815 820 53 20 samt
882 818 63 22 hand-

271 851 64 23 hafva
349 852 207 28 protokollsföringen
571 846 38 28 och
624 852 146 28 upprättandet
783 852 22 22 af
813 852 131 29 bevillnings-

271 886 95 28 längden.

339 926 43 22 För
395 928 31 20 att
441 926 35 22 vid
490 926 149 29 förrättningen
654 926 80 22 bevaka
748 927 89 21 kronans
848 929 46 24 rätt,
905 927 39 21 för-

271 960 74 22 ordnar
361 960 138 22 Guvernören
513 961 97 21 särskildt
624 961 148 21 kronoombud.

577 1024 13 26 8
607 1024 31 21 12.

338 1069 218 29 Bevillningskomités
577 1069 121 22 ordförande
720 1070 38 21 och
780 1070 114 22 ledamöter
913 1078 29 14 er-

269 1104 56 21 hålla
345 1104 54 21 intet
417 1104 75 21 arvode
512 1104 31 21 för
562 1104 32 21 sin
608 1103 130 29 förrättning.
767 1105 50 21 Men
832 1109 35 17 äro
881 1105 25 21 de
922 1104 18 29 ej

269 1139 80 21 bosatta
358 1138 8 21 i
376 1146 79 13 samma
469 1138 50 26 stad,
535 1138 51 21 eller
600 1138 12 21 å
626 1137 72 22 landet
712 1138 59 22 invid
786 1139 35 21 det
829 1139 65 25 ställe,
906 1139 36 21 der

269 1172 91 22 komitén
383 1172 167 26 sammanträder,
570 1172 81 28 åtnjuta
670 1172 25 21 de
716 1172 113 29 ersättning
843 1172 32 22 för
889 1181 53 13 rese-

268 1206 88 22 kostnad
371 1206 38 21 och
423 1206 138 21 traktamente
576 1206 32 21 till
623 1213 78 14 samma
716 1207 80 28 belopp,
812 1214 44 14 som
871 1207 25 21 de
909 1207 33 21 till

268 1240 49 21 elfte
335 1240 82 21 klassen
432 1240 8 20 i
454 1240 118 27 Kejserliga
586 1240 182 27 resereglementet
782 1241 23 20 af
817 1241 39 21 den
873 1242 12 20 6
901 1242 40 20 De-

269 1274 81 20 cember
373 1274 54 20 1875
448 1273 100 21 hänförde
567 1281 103 20 personer.
700 1274 173 22 Kronoombudet
893 1282 48 20 eger

267 1307 177 29 tillgodoberäkna
465 1307 31 29 sig
517 1307 58 29 dylik
597 1307 113 29 ersättning
729 1308 7 22 i
756 1304 73 33 sjunde
851 1308 88 27 klassen,

268 1343 68 21 derest
358 1342 41 21 han
422 1342 46 22 icke
482 1342 8 21 i
504 1342 51 29 följd
573 1342 23 22 af
613 1342 32 22 sin
664 1342 63 29 tjenst
742 1348 22 16 är
778 1343 115 29 berättigad
908 1344 32 22 till

267 1376 73 30 skjuts.
356 1377 38 21 och
413 1377 178 28 dagtraktamente
605 1377 8 21 i
627 1377 63 29 högre
705 1378 61 22 klass.
796 1378 143 22 Häradsskrif-

267 1420 64 14 varen
353 1411 79 29 åtnjute
453 1412 99 22 likaledes
572 1412 114 28 ersättning
704 1412 32 22 för
754 1412 67 30 skjuts
840 1414 39 22 och
893 1414 46 29 dag-

267 1447 138 22 traktamente
421 1447 64 29 enligt
498 1447 91 21 nämnda
603 1447 132 28 reglemente.
