1042 1706
337 111 63 21 Ständ.
416 111 30 21 Sv.
464 124 24 2 —
504 112 55 28 Prop,
573 111 32 22 N:o
621 112 31 22 25.
812 113 26 21 19

286 174 68 25 kusk-,
370 174 143 28 legoroddure-
529 175 46 21 med
583 175 58 29 flera
655 176 80 20 sådana
744 175 70 27 yrken,
825 182 43 14 som

286 208 80 28 betjena
380 208 141 27 samfärdseln,
532 209 103 26 äfvensom
644 208 36 28 för
689 208 177 29 skorstensfejare,

285 246 89 20 mätare,
395 244 91 26 packare
508 242 33 22 och
564 243 69 21 andra
656 242 76 28 dylika,
750 243 8 20 i
773 243 40 21 den
829 242 36 22 all-

284 280 80 16 männa
378 276 127 22 säkerhetens
519 278 83 20 intresse
617 277 74 27 stadga
705 278 55 20 vissa
775 277 90 21 kontrol-

285 310 30 20 ler
329 314 54 16 samt
392 310 109 28 fastställa
517 311 51 21 vissa
579 314 62 18 taxor
651 310 36 21 och
698 311 167 27 ordningsregler

280 345 63 26 jemte
358 345 54 20 viten
426 345 36 27 för
478 345 59 21 deras
551 345 166 30 öfverträdande.

354 378 98 22 Deremot
470 379 83 29 upphör
571 378 173 27 Magistraternas
760 378 37 22 och
813 378 53 22 Ord-

285 413 166 27 ningsrätternas
473 412 111 29 skyldighet
607 413 34 20 och
658 413 115 28 befogenhet
788 416 29 17 att
827 414 38 28 för

284 447 82 27 bagare,
382 446 99 29 bryggare
496 447 35 20 och
545 447 90 28 slagtare
645 447 108 28 fastställa
769 451 67 17 taxor.

540 511 16 24 $
571 509 37 21 20.

356 549 146 28 Berättigande
525 553 30 17 utt
578 549 63 28 enligt
656 549 67 21 denna
735 549 131 28 förordning

284 583 72 28 drifva
379 583 74 21 handel
469 585 13 18 å
496 583 69 22 landet
580 584 118 27 innefattar
713 583 44 21 icke
771 583 96 22 tillåtelse

285 617 31 21 till
333 618 130 29 försäljning
482 618 27 28 af
521 618 34 20 vin
572 617 47 22 eller
634 618 68 20 andra
717 617 148 28 spritdrycker,

284 652 16 27 ej
322 651 61 22 heller
406 656 36 20 att,
462 655 52 18 utan
529 651 169 21 landskommuns
713 651 152 29 medgifvande,

284 687 106 20 derstädes
413 686 30 21 till
464 687 46 20 salu
531 686 56 21 hålla
603 686 20 20 öl
637 686 46 21 eller
695 689 74 25 porter
785 686 28 28 af
825 693 40 14 an-

285 728 51 13 nans
352 721 136 27 tillverkning.

354 754 42 22 För
412 757 22 25 af
449 755 96 21 kommun
562 755 115 28 medgifven
687 755 29 20 öl-
725 754 49 22 eller
781 758 84 25 porter-

284 789 77 22 handel
375 791 33 18 må
423 789 89 22 särskild
528 789 64 29 afgift
607 790 43 21 icke
664 789 161 30 ifrågakomma.

354 823 49 22 Med
424 824 34 21 det
480 825 8 20 i
509 823 135 29 nästföljande
661 827 89 18 moment
764 823 101 28 ingående

284 858 107 28 undantag
406 859 34 19 må
455 859 9 20 i
477 858 46 21 stad
538 857 37 21 vid
587 857 84 25 handel,
686 865 44 14 som
745 858 74 21 endast
833 857 33 22 till

283 888 49 37 sjelj
343 893 109 28 örsörjning
475 893 108 27 bedrifves,
605 893 24 20 de
647 893 8 20 i
673 893 68 20 denna
756 894 17 24 $
786 892 79 28 omför-

284 927 73 20 mälda
372 927 85 27 drycker
471 927 40 20 icke
519 927 108 27 försäljas.

354 961 71 21 Under
436 960 132 28 iakttagande
576 960 29 29 af
604 960 167 29 föreskrifterna
779 960 8 20 i
795 960 68 21 denna

278 996 132 28 förordning
432 996 34 19 mä
489 1002 23 13 en
531 994 60 26 hvar,
605 994 76 28 jemväl
697 998 52 18 utan
763 994 100 22 särskildt

283 1030 102 24 tillstånd,
401 1030 13 20 &
429 1029 201 28 tillverkningsorten
641 1028 30 21 till
683 1028 182 30 ajhemtning
820 1024 48 38 för-

282 1068 56 24 yttra
354 1064 18 20 öl
386 1064 38 20 och
436 1067 72 25 porter
523 1064 27 28 af
563 1070 49 21 egen
627 1063 70 28 brygd.

538 1128 17 24 $
568 1126 37 21 21.

351 1166 56 26 Den,
429 1174 43 13 som
488 1166 83 29 upphör
585 1166 47 20 med
647 1165 146 28 näringsyrkes
808 1166 55 27 utöf-

284 1201 70 24 vande,
368 1202 41 23 må,
424 1202 89 25 såframt
526 1200 40 21 han
583 1199 35 21 vill
631 1200 71 27 undgå
712 1202 30 18 att
751 1200 34 27 för
795 1200 67 20 sådan

282 1234 75 22 rörelse
378 1235 66 29 blifva
468 1236 24 25 af
512 1236 123 19 kommunen
657 1234 111 24 beskattad,
792 1234 71 21 derom

280 1273 54 24 göra
356 1269 100 21 anmälan
479 1268 35 22 hos
536 1268 41 22 den
600 1268 125 28 myndighet,
750 1266 31 22 till
802 1267 62 21 hvars

282 1304 135 28 upptagande
433 1304 85 20 ärendet
534 1302 62 28 enligt
611 1304 16 24 $
642 1302 15 21 2
671 1302 66 21 hörer.

537 1364 15 27 $
567 1363 38 21 22.

352 1404 142 28 Magistrater,
516 1401 177 30 Ordningsrätter,
713 1402 151 28 Kronofogdar

282 1440 37 21 och
341 1438 153 29 Länestyrelser
515 1438 56 21 skola
588 1438 53 29 föra
656 1436 104 22 särskilda
773 1437 90 28 förteck-
