1045 1717
295 132 26 19 U.
337 132 29 18 B.
382 142 26 3 —
424 133 80 23 Prop.
520 133 47 19 N:o
582 134 35 18 25.
777 132 24 21 17

92 196 103 21 manfalla
217 198 47 21 med
287 198 191 27 länsindelningen,
501 199 84 21 hvadan
608 200 83 20 säledes
706 200 73 25 hvarje
794 200 36 21 län

92 231 84 21 komme
205 233 32 19 att
259 233 77 25 utgöra
358 234 31 19 ett
408 233 88 20 distrikt
510 233 33 20 för
558 234 39 26 sig.
626 233 76 26 Nägon
717 233 115 27 olägenhet

95 264 34 21 för
150 265 41 20 den
211 265 97 21 enskilda
330 266 233 26 gärdfarihandlanden
582 267 62 20 torde
672 273 26 15 en
717 267 67 21 sädan
800 267 31 20 in-

95 297 132 28 skränkning
249 299 47 21 icke
319 300 68 21 heller
408 301 103 24 medföra,
534 301 33 25 dä,
583 301 70 20 säsom
672 301 68 20 kändt
758 303 30 23 är,
804 301 27 21 de

92 332 188 26 kringvandrande
291 333 141 27 arkangelske
443 334 109 21 bönderne
560 334 8 21 i
576 334 116 21 allmänhet
700 334 89 27 ejheller
798 336 33 20 ut-

92 367 87 22 sträcka
201 367 47 21 sina
269 367 73 22 färder
364 367 59 22 öfver
442 368 74 21 landet
535 368 7 21 i
565 369 33 20 sin
612 368 79 27 helhet,
707 370 52 19 utan
774 369 59 21 hälla

91 401 34 28 sig
140 401 81 22 enhvar
244 401 34 22 till
292 402 70 27 nägon
377 403 43 21 viss
436 403 83 21 mindre
533 405 93 24 terräng,
642 403 99 27 vanligen
756 403 77 21 omfat-

93 436 66 21 tande
175 436 77 21 endast
266 436 67 27 nägra
348 437 91 21 socknar
455 437 52 21 eller
522 437 97 21 härader.

160 471 11 20 I
193 471 99 21 ändamål
313 472 32 20 att
360 471 48 21 med
423 471 24 21 sä
461 471 85 27 mycket
561 473 69 20 större
645 471 101 22 säkerhet
760 471 74 21 kunna

93 505 132 21 förekomma
247 505 72 26 oloflig
343 505 174 27 gärdfarihandel
540 506 39 21 och
601 506 134 21 densammas
753 505 80 22 bedrif-

93 539 70 21 vande
189 539 24 21 af
234 535 137 36 oförpassad-
380 545 78 21 person
482 540 52 21 eller
557 542 58 19 utom
637 540 80 21 tillåtet
739 540 93 25 område,

94 573 62 22 torde
172 573 102 27 derjemte
290 573 70 22 såsom
374 573 83 28 påföljd
472 574 34 21 för
520 574 167 21 öfverträdelser
701 574 8 21 i
724 574 63 21 dessa
801 573 31 21 af-

93 608 96 21 seenden
200 608 53 21 böra
268 608 94 27 stadgas,
378 610 59 19 utom
451 608 50 27 laga
515 609 44 26 bot,
575 608 62 21 äfven
651 608 146 21 konfiskation
812 607 24 21 af

94 642 27 21 de
135 642 113 20 medförda
263 648 97 14 varorna.
388 642 34 21 En
438 642 59 26 dylik
512 642 111 21 föreskrift
638 642 40 20 har
693 643 81 20 ansetts
782 648 52 15 vara

94 676 24 21 sä
132 676 86 26 mycket
236 682 59 15 mera
309 676 108 26 päkallad,
433 682 45 15 som
494 676 37 22 det
545 676 47 22 icke
607 676 69 21 sällan
691 676 61 21 torde
767 676 68 21 blifva

94 710 95 27 ogörligt
211 712 32 19 att
258 710 22 21 fä
295 716 26 16 en
336 710 66 21 sädan
418 716 78 21 person
511 710 89 22 inställd
615 710 56 21 inför
687 710 91 21 domstol
794 710 40 21 och

94 745 49 27 han,
159 745 36 21 vid
211 745 77 21 sådant
302 744 141 27 förhållande,
458 745 73 21 kunde
546 745 72 27 undgå
633 745 75 27 hvarje
722 745 82 27 påföljd
813 744 23 21 af

94 779 43 22 den
151 779 83 21 skedda
251 779 213 27 lagöfverträdelsen.
499 779 45 21 Och
560 780 102 21 ehuruväl
678 780 61 20 detta
753 779 40 21 och
808 779 27 21 de

94 813 54 21 flera
170 814 53 26 skäl,
247 820 46 15 som
314 815 84 19 ansetts
420 814 53 20 böra
494 814 112 21 föranleda
625 814 34 20 till
683 813 152 21 inskränknin-

93 853 40 21 gar
154 847 9 21 i
185 847 190 27 gårdfarihandeln
399 848 39 20 och
459 848 34 20 till
516 848 41 21 den
580 847 33 21 för
635 848 166 21 öfverträdelser
826 848 9 20 i

95 881 61 21 detta
166 881 101 21 afseende
275 881 114 21 förordade
403 881 89 27 påföljd,
507 882 152 21 företrädesvis
674 882 39 21 har
721 882 33 21 sin
762 881 73 27 giltig-

94 915 38 21 het
146 916 49 20 med
210 916 122 20 afseende
321 911 12 36 å
347 916 144 27 utländingar,
507 916 73 21 hvilka
601 917 32 20 uti
651 923 26 14 en
691 916 75 27 längre
780 916 56 21 fram

94 949 73 21 införd
190 956 28 20 ny
239 950 12 27 $
271 950 79 27 jemväl
374 949 123 28 föreslagits
512 950 34 21 till
562 950 123 22 erhållande
701 950 22 22 af
737 952 44 19 rätt
801 951 34 21 till

95 984 182 27 gårdfarihandel,
299 984 40 21 har
362 984 107 22 utskottet
492 985 60 26 dock,
576 985 33 21 till
625 985 174 21 förekommande
813 985 24 21 af

95 1018 75 27 hvarje
191 1018 228 27 undantagsställning
441 1019 7 20 i
469 1019 59 21 detta
543 1018 108 28 afseende,
665 1021 55 19 trott
735 1020 33 26 sig
783 1019 54 21 böra

95 1052 80 21 föreslå
197 1052 112 21 enahanda
332 1052 83 27 påföljd
436 1052 34 21 för
485 1052 166 22 öfverträdelser
669 1053 24 21 af
706 1053 81 26 antydd
803 1054 34 19 art

96 1085 33 22 för
150 1085 43 22 alla
214 1085 207 27 gårdfarihandlare,
436 1088 53 19 utan
504 1086 101 22 afseende
619 1087 28 26 på
661 1093 34 15 om
711 1087 26 21 de
752 1089 37 19 äro
804 1087 33 21 in-

94 1119 55 22 eller
164 1119 145 28 utländingar.

163 1154 34 21 Då
211 1154 67 21 likväl
293 1154 176 27 fabriksegarene
484 1155 7 21 i
506 1155 142 22 Tammerfors
660 1155 34 22 för
701 1155 135 22 närvarande

96 1189 37 20 äro
156 1188 136 27 berättigade
312 1190 32 19 att
358 1195 77 20 genom
449 1191 95 24 antagna
558 1189 118 26 försäljare,
692 1189 73 21 hvilka
780 1189 7 20 i
803 1189 34 21 så-

97 1221 52 21 dant
171 1221 102 22 afseende
295 1221 24 22 af
339 1222 142 27 Magistraten
496 1223 115 26 förpassas,
627 1223 100 21 öfverallt
741 1223 7 20 i
763 1223 75 20 landet

96 1255 93 27 utbjuda
210 1256 39 21 och
264 1256 89 27 försälja
372 1257 48 20 sina
434 1257 170 27 tillverkningar,
620 1257 39 21 och
675 1257 69 21 kändt
758 1259 30 24 är,
804 1258 34 20 att

97 1289 82 22 sådana
193 1290 119 21 fabrikater
327 1291 66 20 redan
408 1291 8 20 i
430 1291 65 27 långa
508 1291 58 22 tider
576 1291 12 21 å
603 1293 49 25 torg
663 1291 40 22 och
710 1291 67 21 andra
785 1291 53 21 han-

97 1323 130 27 delsplatser
249 1324 9 21 i
279 1325 101 20 städerna
396 1325 98 26 opåtaldt
511 1325 119 27 föryttrats,
645 1325 24 21 af
681 1325 110 26 månglare
798 1325 41 21 och

97 1357 155 26 månglerskor,
274 1357 40 21 har
333 1358 114 26 utskottet,
472 1360 51 19 enär
548 1360 32 19 ett
600 1359 89 20 motsatt
703 1357 136 22 förhållande

98 1390 70 21 skulle
191 1390 49 21 leda
261 1391 35 20 till
318 1397 32 20 en,
374 1391 8 21 i
398 1391 118 22 utskottets
530 1391 66 22 tanke
610 1391 48 21 icke
672 1391 120 21 motiverad
806 1391 34 20 in-

99 1424 133 27 skränkning
253 1425 33 21 uti
307 1425 94 21 handeln
416 1426 48 21 med
480 1426 62 21 dessa
556 1425 97 26 artiklar,
668 1425 33 21 uti
715 1425 12 28 $
742 1425 13 21 8
770 1425 69 21 infört

168 1470 123 18 Sammansatta
303 1470 37 23 Lag
352 1471 30 17 och
396 1471 81 18 Ekonomi
488 1471 88 17 utskottets
588 1471 103 17 betänkande
698 1470 32 17 N:o
743 1470 15 17 3.

703 1506 11 17 2
