1042 1706
303 133 29 23 U.
347 133 28 23 B.
392 146 26 3 —
432 134 75 28 Prop.
522 134 45 22 N:o
583 134 37 22 26.
779 134 26 20 29

87 201 41 22 ken
142 201 71 22 kunde
227 201 119 22 bibehållas
362 202 24 22 så
401 202 139 22 modererade
555 209 45 15 som
616 202 26 22 de
657 201 106 22 törhända
777 202 8 21 i
799 202 36 21 be-

88 236 116 27 gynnelsen
222 236 68 21 skulle
309 236 45 21 visa
372 236 38 28 sig,
434 243 48 14 men
501 243 34 14 om
554 243 49 14 man
618 242 75 15 senare
709 235 85 22 fordrar
809 243 26 14 en

88 276 59 15 mera
162 270 116 21 oafbruten
292 270 88 26 rörelse,
398 271 42 21 kan
456 270 36 22 det
506 270 66 22 blifva
587 270 73 22 alltför
675 269 106 28 vanskligt
796 271 39 20 och

89 304 49 28 dyrt
160 306 32 19 att
210 303 59 22 hålla
286 304 98 22 banorna
402 304 25 22 så
445 312 58 18 rena,
527 306 32 20 att
575 304 55 22 lätta
644 304 141 22 lokomotiver
800 304 37 22 der

88 337 36 23 må
138 338 72 22 kunna
225 340 53 27 göra
292 339 33 21 sin
339 339 71 27 tjenst.

156 373 38 21 Att
213 373 71 28 bygga
302 375 93 26 vägarne
414 374 92 21 solidare
524 373 40 22 och
583 373 74 22 färdas
670 372 30 28 på
715 373 48 21 dem
777 372 60 29 lång-

88 414 106 14 sammare
209 409 27 20 än
251 408 7 21 i
273 408 68 21 andra
356 408 74 22 länder
446 408 48 22 med
508 408 89 22 mildare
611 408 75 21 klimat
700 408 72 28 tyckes
786 415 51 15 vara

89 441 33 21 för
144 442 91 21 Finland
254 449 26 15 en
301 442 106 22 helsosam
426 443 58 27 regel
504 442 39 22 och
561 442 149 22 erfarenheten
729 442 108 22 bekräftar

89 477 63 20 ätven
167 476 47 21 dess
234 476 103 28 giltighet.
367 476 32 22 De
413 477 61 21 äldre
488 478 106 20 banornes
609 477 77 21 skenor
700 476 70 27 hafva,
785 477 52 22 lika-

90 517 46 14 som
151 510 81 28 otaliga
246 510 69 22 andra
330 518 16 14 s.
362 511 20 21 k.
397 511 142 28 bredspåriga
553 511 68 22 banor
635 512 8 20 i
653 512 94 27 Europa,
758 518 25 14 en
793 512 45 28 vigt

90 544 25 21 af
128 545 26 20 20
170 544 33 21 till
218 546 26 19 22
260 544 106 28 skålpund
381 544 28 29 på
424 546 92 27 löpande
531 545 37 26 fot,
584 552 48 14 men
649 546 25 20 de
689 546 65 21 hafva
764 546 73 21 befun-

91 578 41 21 nits
151 586 53 14 vara
221 579 33 21 för
272 580 70 25 klena,
366 580 39 21 och
425 580 84 22 derföre
526 581 40 20 har
581 587 50 14 man
646 580 32 20 uti
692 580 146 22 kostnadsför-

91 612 73 28 slagen
180 613 33 21 för
228 614 26 21 de
268 622 30 13 nu
308 614 150 28 projekterade
468 622 42 20 nya
519 614 96 22 banorne
625 614 106 22 beräknat
741 622 26 14 en
778 615 60 21 sken-

90 647 45 27 vigt
150 647 24 21 af
187 649 27 19 24
229 647 105 28 skålpund
349 647 29 28 på
392 648 74 28 hvarje
481 649 37 21 fot.

159 681 71 22 Annat
252 684 26 20 är
299 682 144 22 förhållandet
460 683 49 21 med
528 683 25 21 de
573 690 16 14 s.
611 682 20 21 k.
647 682 140 29 smalspåriga
801 683 38 22 ba-

91 723 75 19 norne,
181 716 83 22 hvilkas
280 717 77 21 skenor
372 717 40 21 och
426 717 97 21 materiel
539 717 71 21 kunna
625 724 51 14 vara
691 718 86 21 klenare
787 718 51 21 kon-

92 750 112 21 struerade
214 752 52 19 utan
276 752 32 20 att
318 750 84 22 derföre
412 750 81 22 förlora
500 751 8 21 i
516 751 98 21 soliditet.
630 750 49 22 Men
687 751 26 21 de
720 752 65 21 hafva
791 752 49 22 med

93 784 32 28 sig
140 784 68 22 andra
223 784 176 28 betänkligheter,
415 785 71 21 hvilka
501 792 56 20 noga
571 784 68 22 måste
654 786 66 26 vägas
731 788 56 19 emot
797 786 42 22 för-

93 818 92 22 delarne.
215 818 42 22 För
272 821 32 19 att
318 819 8 21 i
340 818 70 29 någon
425 818 50 22 mån
490 819 73 28 belysa
579 819 58 21 detta
650 819 100 22 inbördes
761 820 78 22 förhäl-

91 853 63 22 lande
170 860 62 15 anser
247 853 110 22 Utskottet
372 854 32 28 sig
418 853 55 21 böra
487 853 108 22 behandla
609 852 77 29 frågan
701 853 66 29 något
781 862 59 14 mera

92 887 143 28 omständligt.

159 922 41 22 Det
219 921 142 29 smalspåriga
379 924 100 26 systemet
498 922 39 20 har
556 922 70 21 blifvit
644 922 123 28 tillimpadt
785 923 54 22 före-

91 956 104 22 trädesvis
213 956 8 20 i
239 956 97 28 Norrige,
358 956 37 22 der
412 963 50 15 man
477 956 34 21 för
526 956 161 28 folkmängdens
703 956 82 28 gleshet
801 958 40 21 och

92 991 101 21 trafikens
211 991 85 27 ringhet
314 991 74 21 behöft
406 991 97 27 iakttaga
522 990 29 22 all
569 990 73 28 möjlig
658 992 135 26 sparsamhet
806 992 35 21 vid

89 1026 291 27 jernvägsanläggningarne.
410 1025 93 21 Landets
521 1025 66 21 milda
601 1025 76 21 klimat
691 1025 40 21 har
747 1026 46 26 ock,
808 1026 33 21 så-

92 1066 46 15 som
157 1060 35 21 det
210 1066 68 21 synes,
296 1066 46 15 mer
361 1061 27 19 än
406 1060 8 20 i
432 1059 91 21 Finland
538 1059 83 21 kunnat
636 1059 70 21 tillåta
721 1058 82 27 sådant,
819 1062 22 26 ty

93 1094 25 21 de
136 1093 78 22 lättare
232 1093 168 22 lokomotiverna
418 1093 65 22 hafva
502 1093 37 21 der
557 1093 83 21 mindre
660 1095 27 19 än
702 1094 40 21 här
757 1096 32 19 att
803 1094 36 21 be-

92 1128 78 27 kämpa
189 1128 76 21 hinder
283 1128 24 21 af
323 1128 19 21 is
361 1128 39 21 och
420 1129 45 25 snö,
483 1127 100 22 hvarföre
597 1127 62 22 äfven
675 1127 121 28 anspråken
811 1128 28 28 på

93 1163 62 21 deras
174 1162 113 28 dragkraft
305 1163 18 27 ej
343 1162 91 22 behöfva
453 1169 52 15 vara
519 1161 25 22 så
559 1163 64 21 stora.
654 1162 77 22 Dertill
745 1163 95 22 kommer

92 1198 58 19 ännu
168 1199 32 19 att
218 1196 68 29 några
304 1197 24 21 af
344 1197 26 21 de
388 1197 90 21 norrska
497 1197 94 21 banorne
610 1197 37 20 äro
667 1197 82 28 dragna
763 1204 76 21 genom

92 1231 134 27 fjelltrakter,
242 1231 38 22 der
295 1233 31 20 ett
340 1231 91 21 bredare
446 1230 51 28 spår
512 1231 67 21 skulle
593 1231 7 20 i
615 1231 108 28 synnerlig
733 1231 54 28 grad
797 1232 42 21 för-

93 1267 68 20 storat
180 1266 179 21 omkostnaderna
377 1265 33 22 för
426 1265 60 27 jord-
502 1266 40 21 och
557 1265 158 22 konstarbeten.
745 1265 49 22 Med
809 1268 30 19 ett

92 1300 92 22 smalare
199 1299 57 28 spår,
271 1308 46 14 som
332 1299 79 22 tillåter
427 1300 104 27 skarpare
546 1300 83 25 kurver,
644 1300 41 21 har
699 1307 49 14 man
758 1301 81 20 kunnat

92 1333 91 28 kringgå
197 1334 51 27 fjell,
260 1335 24 20 af
291 1335 71 20 hvilka
376 1341 26 13 en
413 1334 34 20 del
457 1341 78 13 annars
546 1334 55 20 hade
610 1334 74 20 behöft
693 1335 49 19 med
753 1341 86 14 enorma

92 1367 116 22 kostnader
226 1368 156 27 genombrytas.
412 1367 73 27 Enligt
503 1367 110 21 fackmäns
631 1369 76 25 utsago
726 1367 72 22 kunna
813 1367 25 21 de

92 1400 144 29 smalspåriga
250 1403 95 26 vägarne
359 1401 7 22 i
381 1401 105 22 anseende
501 1401 33 21 till
549 1408 26 15 en
589 1400 152 29 förmånligare
751 1403 88 26 terräng

93 1435 49 23 från
159 1436 94 21 nämnda
271 1436 107 28 synpunkt
396 1435 46 22 icke
462 1443 60 14 anses
538 1435 96 22 medföra
648 1435 69 29 några
731 1436 108 29 egentliga

162 1477 89 22 Jernvägs-
255 1477 86 18 Utskottets
352 1477 108 18 betänkande.
