1070 1706
240 125 25 19 14
526 124 52 21 N:o
594 122 47 23 31.

654 190 119 27 Transport
788 191 119 26 3,205,600:
922 202 33 4 —

209 252 23 23 B.
261 252 165 30 Approximatift
450 252 121 24 beräknade
593 251 88 29 utgifter
703 251 66 24 under

386 284 183 32 femärsperioden.

208 332 174 22 Resekostnader
408 332 34 21 för
464 332 146 27 öfverinspek-

236 369 49 19 torn
300 366 33 21 för
348 366 149 22 folkskolorna
508 367 39 20 och
557 367 53 21 hans

236 401 84 21 biträde
330 402 56 20 samt
394 400 216 27 folkskoleinspekto-

236 442 40 19 rer,
293 435 126 27 förslagsvis
436 434 12 21 a
463 436 75 25 12,000
549 435 62 21 mark

235 470 34 21 för
284 470 47 21 året
354 486 5 5 .
461 486 4 4 a

207 500 270 35 Löneförhöjningsanslag
497 486 40 39 tin
555 486 55 39 lära-

236 539 151 26 repersonalen
407 538 35 21 vid
458 539 154 20 seminarierna

236 573 39 20 och
291 573 155 25 folkskolorna,
462 572 126 27 förslagsvis
604 589 5 4 .

208 607 140 27 Hyresmedel
363 607 33 21 för
412 607 198 26 seminariilokaler,

236 641 75 26 anslag
326 641 34 21 för
374 641 187 26 folkskolemöten,
574 641 38 21 ho-

235 675 97 21 norarier
361 675 34 20 för
419 675 190 21 folkskoleböcker

237 711 56 19 samt
307 709 68 21 andra
390 709 139 21 oförutsedda
544 709 65 26 utgif-

236 745 39 24 ter,
291 743 126 26 förslagsvis

639 470 83 25 60,000:
738 482 28 2 —

639 573 83 26 50,000:
740 585 25 2 —

639 743 83 26 20,000:
738 755 28 3 —
811 750 97 25 —130,000:
923 761 29 3 —

686 789 86 22 Summa
789 791 120 25 3,335,600:
924 801 28 4 —

278 828 34 21 Då
326 829 55 20 ifrån
398 829 69 20 denna
481 829 139 20 totalsumma
635 829 109 27 afdrages:

207 863 23 27 a)
246 862 140 27 presumerad
394 862 123 27 behällning
525 863 23 20 af
555 862 55 21 folk-

236 896 273 27 skolebevillningsmedlen
515 897 35 20 vid
557 897 52 21 1877

235 931 35 21 års
286 931 80 26 utgång
389 946 5 4 .
425 946 4 4 .

206 964 22 28 0)
244 964 117 28 inflytande
383 942 164 54 internafgifter,
566 947 43 38 ut

235 998 94 27 görande
351 998 49 22 med
422 998 121 26 föreslagen
566 998 43 22 för-

234 1033 88 26 höjning
339 1033 75 25 16,500
430 1032 62 21 mark
506 1032 33 21 för
555 1033 53 25 året,

236 1067 39 21 och
297 1067 82 21 sålsdes
402 1066 34 21 för
457 1066 49 21 hela
521 1066 88 22 femårs-

234 1100 109 28 perioden,
359 1100 139 26 förslagsvis.

206 1146 108 22 erfordras
330 1147 31 19 ett
376 1145 95 21 tillskott
486 1146 35 21 af.

637 932 83 25 70,191:
737 933 34 19 94.

601 1117 4 4 «
636 1102 84 24 82,500:
736 1114 28 2 —
779 1098 16 40 =”
810 1109 97 25 152,691:
923 1110 33 19 94.

765 1164 4 4 .
786 1148 120 26 3,182,908:
937 1150 19 20 6.

206 1180 52 22 eller
273 1181 7 20 i
295 1180 55 21 rund
372 1185 83 15 summa
477 1180 112 26 3,183,000
607 1162 67 45 mark,
691 1187 51 20 som,
759 1164 98 39 fördelad
871 1183 29 27 på
914 1182 44 22 fem

205 1215 30 25 år,
251 1214 97 27 påkallar
364 1220 26 14 en
405 1214 55 26 årlig
475 1196 117 45 bevillning
608 1214 22 22 af
644 1216 92 25 636,600
752 1216 67 21 mark.
838 1216 71 22 Jemte
920 1217 36 21 det

204 1249 60 20 Hans
283 1248 122 26 Kejserliga
423 1248 104 26 Majestät
542 1248 142 21 öfverlemnar
699 1250 22 19 åt
737 1249 120 22 Ständerna
872 1252 33 19 att
919 1256 37 15 an-

205 1283 46 21 visa
273 1282 26 21 de
321 1281 34 21 för
377 1281 60 21 detta
459 1281 98 21 ändamål
576 1282 80 26 nödiga
670 1282 90 27 medlen,
776 1283 39 21 har
830 1284 61 21 Hans
906 1284 50 27 Kej-

204 1316 80 26 serliga
305 1315 102 27 Majestät
429 1315 58 21 velat
508 1315 99 22 meddela
622 1315 125 28 Ständerna,
763 1319 32 20 att
810 1318 146 22 kostnaderna

203 1351 34 21 för
252 1350 145 28 uppförandet
411 1350 24 21 af
449 1350 25 21 de
489 1350 7 21 i
512 1356 84 15 momm.
612 1352 13 20 8
641 1351 39 21 och
696 1352 12 21 9
724 1352 133 27 omnämnda,
874 1352 34 22 för
923 1359 32 16 se-

204 1385 128 23 minarierna
346 1384 8 21 i
368 1384 123 28 Jyväskylä,
507 1385 85 21 Ekenäs
608 1385 39 21 och
662 1385 125 29 Nykarleby
798 1387 79 27 nödiga
890 1388 66 28 bygg-

203 1421 73 25 nader,
298 1420 73 21 hvilka
393 1420 117 20 kostnader
529 1422 37 19 äro
585 1420 123 22 beräknade
724 1421 33 21 till
772 1422 76 22 inalles
865 1424 91 25 749,770

202 1455 68 25 mark,
286 1453 62 22 skola
363 1453 22 21 af
399 1453 107 22 allmänna
521 1454 127 21 statsmedel
664 1454 114 22 bestridas.
