1056 1714
436 136 29 17 :o
482 131 52 23 24.

367 361 68 23 Hans
451 362 149 30 Kejserliga
614 364 136 29 Majestäts
766 365 79 31 nådiga

298 396 131 28 proposition
450 396 30 24 till
503 398 101 23 Finlands
624 398 93 30 Ständer,
736 399 108 30 angående

298 434 26 18 en
347 429 123 31 förordning
492 438 32 17 om
547 432 79 29 vägars
645 434 38 22 och
702 434 73 24 broars
791 435 52 29 byg-

297 463 70 29 gande
382 465 39 23 och
436 464 108 25 underhåll
559 465 13 25 å
587 466 76 24 landet.

164 537 70 21 Sedan
249 538 60 21 Hans
325 538 123 28 Kejserliga
463 539 102 28 Majestät
579 541 34 21 till
627 541 102 22 Finlands
740 542 36 21 vid
789 544 52 20 1867

90 572 37 20 års
150 572 103 26 landtdag
275 572 130 22 församlade
425 574 93 21 Ständer
536 574 69 22 aflåtit
620 575 65 27 nådig
699 572 143 30 proposition,

91 606 149 20 innefattande
262 606 82 27 förslag
365 607 33 21 till
420 608 37 20 två
479 608 70 22 skilda
567 609 157 27 förordningar,
744 610 40 21 den
803 616 40 16 ena

91 640 111 26 angående
214 640 193 27 skjutsbållningen
418 642 40 21 och
468 642 184 27 gästgifverierna,
663 646 55 18 samt
726 644 41 21 den
776 644 67 21 andra

92 680 34 14 om
142 676 76 24 vägars
235 675 39 20 och
290 675 76 21 broars
381 675 112 27 byggande
508 676 7 21 i
530 677 79 26 landet,
621 683 48 15 men
680 677 120 22 Ständerna
810 678 32 21 uti

90 708 66 26 vissa,
171 708 7 20 i
195 709 25 20 de
238 708 123 27 föreslagna
379 709 179 27 författningarne
579 711 92 21 berörda
690 712 151 26 privilegiifrå-

92 748 39 20 gor
146 742 47 22 icke
209 742 85 21 förenat
309 743 33 26 sig
357 749 34 15 om
406 743 67 27 något
483 746 133 24 gemensamt
626 744 78 27 beslut,
716 747 56 19 samt
781 746 60 20 Hans

91 776 122 27 Kejserliga
235 776 103 26 Majestät
360 776 52 22 härå
427 777 7 20 i
450 778 66 21 nåder
534 778 107 21 förklarat
656 780 32 19 att
703 778 139 22 förenämnde

90 810 136 27 proposition
241 810 84 21 komme
341 812 33 20 att
388 810 92 27 förfalla,
496 811 24 21 så
535 812 39 20 har
588 812 102 21 Finlands
701 812 139 21 Bondestånd

90 844 37 21 vid
142 844 131 27 landtdagen
288 844 24 20 år
330 845 53 21 1872
398 844 33 21 uti
447 851 26 15 en
488 845 33 21 till
537 846 60 20 Hans
607 846 121 26 Kejserliga
738 846 104 27 Majestät

90 879 8 20 i
113 878 172 26 underdånighet
305 878 65 21 ställd
389 878 71 26 skrift,
477 879 66 26 jemte
558 879 158 27 framställning
732 881 33 19 att
780 879 23 21 af
817 880 26 20 de

90 912 166 26 ifrågavarande
272 912 178 27 förordningarne
466 913 41 21 den
522 918 34 16 om
566 914 78 25 vägars
655 913 39 21 och
704 913 76 21 broars
791 914 51 26 byg-

91 946 70 27 gande
185 946 39 20 och
247 946 113 21 underhåll
378 946 77 26 blifvit,
474 947 48 21 med
538 946 76 22 endast
628 946 68 28 några
710 947 82 21 mindre
807 948 36 20 vä-

92 980 107 26 sendtliga
214 980 116 26 ändringar
345 980 39 21 och
395 980 82 26 tillägg,
488 980 24 21 af
521 980 119 22 Ständerna
650 981 35 21 vid
696 980 147 22 förstnämnde

91 1014 103 26 landtdag
210 1016 92 25 antagen
317 1014 150 26 förnämligast
481 1014 7 21 i
504 1015 38 21 allt
558 1016 70 25 annat,
640 1016 60 20 utom
710 1015 132 21 beträffande

92 1049 60 21 stads
172 1048 38 21 och
225 1048 92 27 köpings
332 1048 285 28 vägbyggnadsskyldighet,
632 1049 8 20 i
655 1049 86 21 hvilken
756 1050 87 26 privile-

92 1082 93 28 giifräga
207 1084 31 19 ett
262 1082 68 21 Stånd
352 1082 77 21 afvikit
451 1082 47 21 från
517 1083 26 21 de
558 1082 70 26 öfriga
644 1082 105 22 Ständens
764 1083 78 25 beslut,

92 1116 92 22 anhållit
198 1118 34 19 att
245 1116 86 21 landets
346 1116 251 22 nästsammanträdande
609 1116 91 22 Ständer
710 1116 67 22 måtte
787 1117 56 21 före-

92 1151 75 27 läggas
182 1152 54 25 nytt,
252 1151 49 20 med
316 1150 131 22 Ständernas
462 1150 36 21 vid
515 1152 53 20 1867
584 1150 36 21 års
635 1150 103 26 landtdag
748 1150 97 22 uttalade

93 1185 87 26 mening
204 1184 180 27 hufvudsakligen
406 1184 233 22 öfverensstämmande
658 1184 81 26 förslag
754 1184 33 21 till
802 1184 43 21 för-

93 1219 92 26 ordning
208 1218 110 26 angående
340 1219 77 25 vägars
441 1217 39 22 och
494 1217 76 22 broars
585 1217 113 27 byggande
713 1217 39 21 och
767 1218 78 21 under-

93 1253 44 20 håll
154 1253 12 20 å
180 1252 81 26 landet,
281 1252 120 21 oberoende
416 1251 23 22 af
453 1251 26 22 de
494 1252 7 20 i
517 1251 153 27 sammanhang
686 1251 86 21 dermed
787 1251 59 21 förut

94 1286 134 21 behandlade
250 1285 103 27 frågorna
375 1291 33 15 om
432 1286 18 26 ej
468 1285 83 22 mindre
566 1285 111 22 enahanda
692 1287 67 25 tunga
773 1285 8 21 i
797 1285 48 21 stad

95 1320 40 21 och
154 1319 86 28 köping,
261 1321 27 19 än
304 1319 194 28 skjutshållningen
514 1320 40 21 och
568 1319 185 27 gästgifverierna.
783 1319 11 20 I
810 1325 36 14 an-

95 1353 88 26 ledning
205 1353 63 20 häraf
289 1353 39 20 har
350 1353 60 20 Hans
430 1353 122 25 Kejserliga
566 1353 103 26 Majestät
683 1352 49 21 låtit
747 1352 100 21 utarbeta

96 1388 32 19 ett
144 1386 82 25 förslag
245 1385 34 21 till
297 1385 126 26 förordning
442 1385 109 27 angående
567 1387 49 24 väg-
632 1385 39 21 och
686 1385 161 26 brobyggnads-

95 1420 101 21 besväret
216 1419 76 21 endast
306 1419 13 21 å
334 1419 82 26 landet;
436 1419 40 21 och
492 1419 66 26 jemte
573 1419 37 21 det
625 1419 26 21 de
666 1419 48 21 utaf
728 1419 121 21 Ständerna

97 1453 37 22 vid
160 1454 54 21 1867
237 1453 35 20 års
295 1453 103 26 landtdag
419 1453 115 21 förordade
552 1453 116 27 ändringar
682 1453 7 20 i
705 1453 36 21 det
759 1453 48 21 dem
823 1453 28 20 då
