1045 1714
807 115 11 20 7

95 177 34 22 En
144 177 66 23 sådan
226 177 122 28 anslutning
363 185 50 15 vore
428 179 74 27 möjlig
518 178 128 27 derigenom,
661 179 32 20 att
709 177 36 22 det
756 177 92 22 smalare

96 212 73 27 spåret
183 213 69 20 skulle
265 212 108 27 medgifva
387 213 97 22 starkare
500 213 117 26 stigningar
632 212 39 21 och
686 212 83 21 mindre
784 212 64 21 kurv-

97 246 78 21 radier.

163 281 44 21 Det
221 280 68 22 första
304 280 23 21 af
340 280 26 21 de
382 280 90 22 anförda
487 281 73 21 skälen
576 282 24 19 är
614 280 47 21 icke
676 280 81 27 giltigt;
773 280 76 27 tyngd-

95 315 64 27 lagen
173 315 78 21 verkar
266 315 119 21 oberoende
401 314 24 22 af
439 315 135 26 spårvidden.

162 349 44 22 Det
224 349 67 22 andra
310 349 70 22 skälet
398 351 24 19 är
440 349 112 22 teoretiskt
571 349 130 27 berättigadt
720 349 39 21 och
774 349 75 27 förtje-

93 390 40 16 nar
149 390 26 16 en
189 385 99 20 närmare
303 383 140 28 granskning.

162 418 35 22 Då
211 425 26 15 en
249 418 102 27 jernvägs
368 424 56 21 vagn
443 418 56 21 föres
517 418 54 21 fram
587 418 28 27 på
630 424 27 15 en
671 417 121 22 horizontel
807 417 40 22 och

93 453 39 22 rak
153 453 62 27 bana,
231 453 86 22 utöfvar
330 453 43 22 han
392 453 36 22 det
446 453 78 22 minsta
542 453 136 22 motståndet.
707 452 62 22 Huru
788 452 59 22 detta

92 487 109 22 motstånd
218 487 100 22 tillvexer
338 488 8 21 i
365 487 118 27 stigningar
502 487 39 22 och
559 487 80 22 kurvor
657 486 94 28 framgår
766 493 26 15 ur
806 487 41 21 föl-

90 522 67 28 jande
172 522 99 22 tabeller.

161 557 82 26 Tabell,
261 556 113 22 utvisande
392 556 38 22 det
447 557 90 21 relativa
558 556 168 27 tågmotståndet
747 556 28 27 på
789 556 57 21 hori-

92 591 71 22 zontel
178 591 57 22 bana
253 591 39 22 och
306 591 8 22 i
330 590 124 27 stigningar,
474 591 54 22 efter
547 590 73 22 försök
635 590 13 21 å
662 590 89 22 franska
776 590 72 21 ostba-

91 631 49 16 nan.
169 625 134 22 Motståndet
320 625 36 22 vid
376 623 39 26 1'/>
433 625 49 22 mils
500 625 108 27 hastighet
627 625 12 20 &
657 625 119 21 horizontal
791 624 56 22 bana

91 662 61 26 taget
165 661 35 21 till
215 661 70 22 enhet.

245 741 4 4 N
430 727 86 17 Horizon
524 706 11 42 |
548 706 15 42 —
574 710 221 30 Stigningsförhällandet.
812 711 6 1 —

197 737 127 53 Hastigheten.
429 750 25 17 tel
462 750 53 17 bana.
524 746 11 44 |
552 759 50 19 1,900
628 752 3 30 |
658 759 49 21 1,100
734 752 3 34 |
771 759 37 19 1,40

113 821 39 26 1!/2
167 823 38 21 mil
219 823 8 21 i
241 822 88 21 timmen
355 839 47 4 ...|
458 824 43 25 1,00
523 816 17 38 |
561 823 43 26 2,47
665 815 47 38 3,94
772 821 43 26 8,35

111 858 14 21 2
179 873 50 11 mn
283 873 9 11 n»
458 858 43 25 1,26
561 857 43 26 2,78
664 858 44 24 4,20
771 855 43 27 8,61

110 892 42 26 2
180 907 9 11 »
219 908 10 10 »
283 908 9 10 n
459 893 42 24 1,52
561 891 43 26 2,99
664 891 45 26 4,46
772 890 43 27 8,87

111 926 13 21 S
178 943 50 10 EN
282 943 9 10 »
459 927 41 25 1,78
561 925 43 27 3,25
665 925 44 26 4,72
772 925 43 26 9,13

109 961 14 21 4
177 977 49 10 on
281 977 10 11 ”
458 956 47 35 2,30
561 960 43 26 3,77
665 959 44 26 5,24
771 959 44 26 9,65

159 1006 82 27 Tabell,
263 1007 113 22 utvisande
398 1006 37 22 det
456 1007 91 21 relativa
569 1005 170 28 tägmotständet
765 1005 13 22 &
808 1005 39 21 rak

90 1042 58 21 bana
165 1042 40 21 och
223 1042 8 21 i
248 1041 74 22 kurva.
352 1041 74 27 Enligt
440 1041 168 22 Redtenbacher.
627 1039 134 22 Motståndet
781 1040 12 21 ä
807 1039 40 22 rak

91 1076 57 21 bana
162 1077 61 26 taget
236 1075 34 22 till
286 1075 70 22 enhet.

411 1161 39 18 Rak
623 1153 75 18 Radien.

404 1183 54 19 bana.

91 1133 10 103 |
175 1169 123 32 Hastigheten

498 1206 50 20 2000"
568 1201 2 34 |
590 1204 49 22 1500
659 1200 2 34 |
680 1201 51 23 1000
751 1202 3 32 |
779 1204 38 20 600

478 1242 3 23 ]

104 1271 13 22 2
132 1271 34 22 till
181 1271 13 22 3
209 1272 37 21 mil
261 1271 8 22 i
283 1271 88 22 timmen
382 1267 15 36 |
419 1273 43 25 1,00
693 1269 45 27 2,50
752 1265 12 36 |
785 1269 43 27 3,49

103 1306 140 22 Axelständet
261 1306 13 22 å
289 1313 82 21 vagnen

133 1341 26 21 12
175 1347 46 19 eng.
237 1341 38 20 fot.
570 1346 2 21 |

158 1385 44 21 Det
216 1385 117 26 motständ,
350 1391 46 16 som
412 1387 30 20 ett
457 1385 37 27 täg
508 1385 86 22 utöfvar
609 1385 35 21 vid
659 1385 57 27 gäng
730 1391 77 21 genom
821 1391 27 15 en

89 1420 76 27 kurva,
187 1420 139 27 uppkommer
344 1419 24 22 af
385 1419 215 28 centrifugalkraften
619 1419 39 22 och
673 1419 24 22 af
710 1419 140 28 vagnsaxlar-

160 1460 186 22 Jernvägs-Utskottets
357 1460 105 18 betänkande
472 1461 36 16 N:o
520 1460 18 17 3.

510 1273 43 25 1,75
569 1263 14 40 |
602 1272 41 25 1,8
