1056 1709
225 144 12 22 2
517 142 50 24 N:o
585 141 50 25 29.

268 212 41 21 Till
324 212 199 20 Landtständernas
538 211 100 27 pröfning
654 211 37 21 och
708 210 120 27 antagande
839 210 111 21 öfverlem-

196 253 39 14 nas
251 246 56 27 förty
323 246 93 27 följande

227 321 112 26 Förslag
354 319 43 23 till
412 320 159 27 författning
587 326 42 15 om
643 319 148 27 utgörande
806 319 30 22 af
848 319 74 21 skatt

491 355 40 21 för
547 355 112 22 hundar.

551 411 11 27 $
579 412 18 20 1.

268 448 71 31 Ägare
355 451 22 22 af
385 452 58 21 hund
459 451 56 21 skall
530 451 33 22 för
579 451 123 21 densamma
702 444 13 39 i
730 451 54 26 årlig
795 450 59 21 skatt
864 451 87 26 erlägga

198 487 27 26 på
240 487 79 25 landet,
331 493 34 14 om
381 486 85 21 hunden
477 486 108 21 användes
602 485 70 21 såsom
688 485 93 26 gårdvar
792 485 51 21 eller
854 485 34 20 till
899 485 51 20 vall-

198 521 57 26 gång
270 521 53 20 eller
339 520 54 27 jagt,
409 519 36 21 två
461 519 60 21 mark
541 519 40 21 och
597 519 34 20 för
646 519 70 26 öfriga
731 519 84 20 hundar
830 525 37 14 sex
882 519 67 25 mark,

198 556 56 19 samt
269 555 7 20 i
292 554 49 21 stad
357 554 52 21 eller
424 554 80 26 köping
519 553 34 21 för
567 553 42 21 alla
625 553 57 26 slags
698 553 83 20 hundar
796 553 104 20 likaledes
912 559 36 14 sex

198 589 67 20 mark.

551 616 11 27 8
578 617 20 20 2.

268 657 77 20 Denna
360 656 64 25 skatt,
435 656 86 20 hvilken
537 655 63 28 utgår
610 657 52 18 utan
678 655 100 20 afseende
789 655 51 20 derå
851 661 34 14 om
896 655 53 20 hun-

198 691 42 20 den
255 691 70 20 under
340 691 73 26 längre
429 691 52 20 eller
495 691 88 20 kortare
599 690 32 21 tid
646 689 24 21 af
678 690 48 20 året
740 689 47 21 utaf
796 691 80 24 ägaren
890 689 59 20 inne-

197 725 63 26 hafts,
277 725 109 26 uppbäres
405 724 39 21 och
463 724 103 21 förvaltas
585 724 7 21 i
608 723 154 26 sammanhang
780 723 48 21 med
848 723 26 20 de
888 723 60 20 kom-

198 759 86 21 munala
299 759 140 26 utskylderna
459 760 55 19 samt
532 758 108 22 användes
656 757 154 22 företrädesvis
825 757 34 21 till
874 759 78 18 ersätt-

199 793 51 26 ning
273 793 33 21 för
328 793 96 26 husdjur,
441 799 46 14 som
509 799 76 20 genom
608 792 152 21 vattenskräck
776 791 47 27 gått
838 791 112 21 förloradt.

201 827 62 21 Hvad
279 828 86 20 skatten
379 827 144 26 öfverskjuter
533 827 69 21 denna
614 826 120 26 ersättning
744 825 34 22 för
789 825 46 22 året
845 825 41 26 må,
898 825 54 21 efter

198 862 141 21 kommunens
362 861 157 27 godtfinnande,
543 862 33 21 till
599 861 137 21 kommunala
758 861 98 20 ändamål
872 861 79 20 anslås.

551 924 12 27 $
579 925 19 20 3.

271 960 71 31 Ägare
361 964 24 21 af
397 964 59 20 hund
475 963 82 27 åligger
575 965 38 24 att,
629 963 57 21 inom
706 969 25 15 en
747 963 77 21 månad
844 963 54 21 efter
914 963 36 21 det

201 999 86 20 hunden
310 998 89 21 kommit
421 998 7 21 i
447 998 54 20 hans
523 1000 47 24 ägo,
586 998 39 21 hos
648 997 161 22 vederbörande
831 998 119 25 magistrat,

203 1033 152 26 ordningsman
374 1032 51 21 eller
443 1032 167 21 kronolänsman
629 1032 83 20 anmäla
728 1032 123 20 densamma
866 1031 33 21 till
915 1031 35 21 be-

201 1066 116 27 skattning,
329 1066 72 21 derest
411 1066 67 20 sådan
493 1066 98 20 anmälan
607 1065 34 21 för
656 1065 46 21 året
713 1065 23 21 af
749 1065 49 21 dess
813 1065 59 21 förra
887 1067 65 24 ägare

200 1101 46 20 icke
262 1101 66 20 redan
344 1100 67 26 skett;
428 1100 39 21 och
481 1100 40 21 bör
536 1100 120 27 magistrat,
672 1100 152 26 ordningsman
840 1100 52 20 eller
902 1100 49 20 kro-

201 1135 131 25 nolänsman,
344 1134 27 21 då
387 1134 58 27 dylik
461 1134 98 21 anmälan
574 1136 70 24 göres,
656 1134 18 26 ej
690 1134 82 21 mindre
788 1134 99 20 tillställa
897 1133 53 21 hun-

201 1169 51 20 dens
268 1171 65 24 ägare
353 1170 32 19 ett
399 1168 34 21 för
451 1168 147 26 anbringande
613 1168 13 21 å
644 1168 72 27 djuret
730 1168 104 27 lämpligt,
850 1168 28 26 på
893 1168 59 20 kom-

201 1209 88 15 munens
305 1203 120 20 bekostnad
441 1203 120 20 anskaffadt
576 1203 82 25 tecken,
674 1205 27 18 än
717 1202 68 26 äfven,
801 1203 7 20 i
824 1202 100 21 afseende
939 1202 12 21 å

201 1237 96 21 skattens
317 1237 120 26 debitering
454 1237 39 20 och
511 1237 105 26 uppbörd,
633 1237 36 20 vid
684 1237 73 26 hvarje
772 1236 35 21 års
823 1236 81 26 utgång
919 1237 33 20 till

202 1270 195 27 stadsfullmäktige
420 1271 52 20 eller
493 1270 203 21 kommunalnämnd
712 1269 91 22 aflemna
818 1269 134 27 förteckning

201 1305 59 20 öfver
276 1305 26 20 de
323 1304 69 21 under
412 1304 47 21 året
477 1305 57 20 inom
557 1304 128 21 kommunen
708 1304 32 21 till
762 1303 139 27 beskattning
916 1310 37 15 an-

202 1339 70 21 mälda
287 1339 90 21 hundar.

273 1373 62 22 Efter
358 1373 89 21 sålunda
470 1373 63 27 gjord
551 1373 99 21 anmälan
672 1373 86 26 påföres
782 1373 85 21 skatten
885 1373 68 21 under

202 1408 127 22 kommande
352 1408 23 22 år
391 1408 40 22 den
447 1407 125 22 anmälande
587 1408 107 21 intilldess
710 1408 42 21 han
768 1408 38 21 hos
830 1408 121 26 magistrat,

202 1443 152 26 ordningsman
374 1443 52 21 eller
445 1443 165 21 kronolänsman
630 1442 174 27 tillkännagifver
820 1444 32 19 att
866 1442 87 22 hunden

202 1478 47 20 icke
265 1478 72 20 vidare
354 1479 24 19 är
392 1477 7 21 i
415 1477 52 21 hans
484 1479 47 24 ägo.
