1050 1717
273 136 80 24 Ständ.
368 136 37 24 Sv.
420 148 28 5 —
462 138 72 27 Prop.
548 138 40 22 N:o
603 137 34 23 24.
792 138 12 21 7

157 200 83 27 dighet;
261 198 56 23 samt
337 202 46 26 2:0)
398 200 72 29 byväg,
490 201 89 21 hvartill
596 201 83 21 räknas
696 201 47 21 alla
758 200 75 28 öfriga

159 234 35 21 till
216 235 117 20 underhåll
356 237 8 18 i
388 235 85 28 behörig
496 236 92 27 ordning
610 235 118 28 anbefalda
751 235 83 21 mindre

156 275 74 21 vägar.

224 302 63 22 Hvad
309 309 33 14 om
359 303 147 27 förenämnda
525 306 67 25 vägar
607 303 120 27 nedanföre
742 303 90 28 stadgas

157 343 48 21 eger
220 337 19 27 ej
254 337 140 28 tillämpning
408 337 14 20 å
437 337 107 22 enskildes
555 337 41 28 för
611 340 45 25 eget
666 337 68 28 dehof
740 337 93 28 anlagde

157 371 37 21 och
210 371 36 21 till
260 371 116 22 underhåll
392 371 42 22 icke
448 372 116 27 anbefalde
579 375 73 25 vägar.

220 405 50 22 Der
291 405 79 29 ridväg
388 406 73 27 finnes
478 405 42 28 för
538 407 91 21 allmänt
650 406 67 28 behof
728 407 104 24 inrättad,

156 441 36 20 må
214 440 39 21 den
277 440 141 21 underhållas
441 441 55 27 efter
518 441 55 21 hvad
592 443 132 26 guvernören
738 441 96 27 pröfvar

156 475 75 28 nödigt
246 475 8 20 i
269 475 79 21 sådant
363 475 101 27 afseende
478 475 112 26 förordna.

469 533 15 25 $
498 534 22 21 2.

224 572 63 21 Hvar
309 572 37 21 och
366 579 31 20 en,
412 579 44 14 som
471 573 13 19 ä
500 573 73 20 landet
592 579 48 22 eger
659 572 52 22 eller
730 573 81 21 brukar
826 574 8 19 i

157 607 83 20 mantal
262 608 44 19 satt
324 607 61 26 jord,
405 607 25 20 sä
452 606 38 21 ock
510 607 142 27 innehafvare
666 607 31 26 af
707 606 127 28 skatilagda

157 642 47 25 torp
221 640 35 20 och
273 641 107 27 utjordar,
396 641 60 25 bruk,
467 641 107 26 fabriker,
590 641 72 27 sägar,
674 641 159 27 tullmjölgvar-

156 681 48 18 nar,
216 674 146 29 ölbryggerier
372 675 38 21 och
420 674 236 27 bränvinsbrännerier,
667 674 109 28 äfvensom
784 674 50 22 kro-

156 716 44 14 nan
216 709 42 27 för
279 710 48 20 sina
349 709 149 29 skogsparker,
513 716 49 14 vare
576 709 86 29 skyldig
677 711 32 19 att
723 709 87 27 deltaga
825 709 9 21 i

157 744 113 21 allmänna
285 746 77 26 vägars
377 744 39 25 och
430 744 37 21 vid
482 745 46 20 dem
544 744 77 28 nödige
636 744 75 21 broars
723 743 111 29 byggande

157 778 38 22 och
210 778 124 22 underhåll.

224 812 177 22 Lotshemmanen
423 813 84 21 komma
529 814 66 20 likväl
614 814 41 20 allt
670 813 116 28 framgent
801 815 32 19 att

157 847 118 21 bibehållas
290 848 36 20 vid
342 848 46 20 dem
398 847 65 28 förut
478 841 119 27 tillerkänd
612 847 98 28 befrielse
715 846 58 29 från
784 847 49 29 byg-

155 882 73 28 gande
242 882 37 22 och
294 882 116 21 underhåll
424 882 30 27 af
466 882 105 28 landsväg
586 883 47 20 med
648 882 75 21 dertill
738 882 95 21 hörande

157 916 71 22 broar.

435 944 10 12 4

470 958 15 27 $
499 958 20 20 3

224 996 82 30 Hvarje
329 998 95 28 tingslag
445 997 59 22 skall
520 998 122 27 framdeles
661 999 78 26 utgöra
755 999 28 19 ett
792 997 42 28 för

156 1033 33 28 sig
204 1032 67 22 skildt
285 1032 200 29 vägbyggnadslag,
499 1032 78 22 hvilket
592 1033 84 27 åligger
690 1034 33 19 att
737 1032 57 28 efter
809 1032 25 21 de

155 1068 103 27 grunder,
273 1074 45 14 som
333 1068 9 19 i
356 1068 15 27 $
386 1069 14 19 4
415 1067 132 26 bestämmas,
566 1068 134 26 landsvägar
715 1066 38 21 och
769 1067 64 20 broar

156 1102 58 21 inom
229 1102 118 21 detsamma
368 1101 68 29 bygga
456 1102 37 21 och
508 1101 142 26 underhålla;
664 1101 53 21 dock
732 1103 33 20 att
780 1102 12 19 å
808 1101 26 21 de

156 1139 64 24 orter,
239 1137 39 20 der
297 1137 210 28 vägbyggnadslaget
524 1136 41 27 för
584 1136 138 21 närvarande
741 1137 20 26 ej
777 1142 56 15 sam-

157 1170 120 28 manfaller
287 1171 48 21 med
346 1171 123 27 tingslaget,
480 1171 76 20 dervid
566 1171 34 20 mä
606 1169 117 28 förblifva,
733 1171 26 20 sä
770 1171 64 27 länge

156 1205 26 21 de
201 1205 253 28 vägbyggnadsskyldige
472 1205 70 20 derom
561 1205 88 27 sämjas.
678 1204 47 21 Der
744 1204 90 21 likväli

156 1240 66 27 något
237 1239 191 28 vägbyggnadslag
443 1239 153 21 kostsammare
610 1238 37 21 bro
658 1237 122 28 förefinnes
796 1237 38 22 och

156 1273 139 21 underhället
314 1273 29 27 af
357 1273 121 21 densamma
502 1279 62 15 anses
582 1272 68 27 blifva
666 1272 79 27 alltför
760 1272 74 21 betun-

156 1307 76 27 gande,
248 1308 77 21 stände
339 1307 210 29 väybyggnadslaget
558 1307 55 28 fritt
628 1309 32 18 att
675 1306 38 21 hos
729 1307 104 28 guvernö-

157 1349 39 12 ren
210 1342 82 19 ansöka
308 1349 32 12 om
356 1342 25 19 de
391 1344 98 17 närmast
499 1341 90 26 belägna
599 1340 234 27 vägbyggnadslagens,

157 1375 102 21 häradets
275 1375 52 21 eller
342 1375 48 20 hela
406 1375 68 20 länets
486 1374 154 27 förpligtande
654 1376 33 19 att
697 1374 9 19 i
715 1373 119 22 underhäl-

157 1410 28 20 let
201 1409 30 28 af
241 1409 68 21 sådan
332 1409 38 21 bro
384 1409 94 27 deltaga.
508 1408 90 28 Egande
612 1409 139 26 guvernören,
766 1407 68 21 sedan

157 1444 158 21 vederbörande
337 1443 72 28 blifvit
429 1444 8 19 i
456 1443 90 21 ärendet
568 1442 72 27 hörde,
659 1449 75 21 genom
754 1442 79 27 utslag,

156 1478 115 28 hvaröfver
286 1479 74 21 besvär
374 1479 9 20 i
398 1478 74 28 vanlig
490 1477 93 27 ordning
594 1476 30 28 få
639 1476 98 30 anföras,
753 1477 34 30 sig
802 1476 31 28 öf-
