1056 1709
236 135 28 19 24
542 134 49 20 N:o
606 133 47 22 PS.

210 201 79 21 värden
298 201 132 21 uträknades
439 200 55 21 efter
502 200 143 27 medelprisen
656 200 33 21 för
700 201 51 20 åren
762 200 147 26 1866—1875,
916 201 39 20 har

210 235 100 21 Komitén
334 236 72 19 ansett
429 234 89 20 härröra
534 234 62 21 deraf
614 236 38 24 att,
674 234 27 20 då
723 234 53 21 1868
797 234 35 21 års
847 234 108 21 Komité
945 230 14 35 i

210 269 49 21 dess
280 268 268 26 sannolikhetsberäkning
564 268 84 26 antagit
664 268 12 21 å
691 274 26 15 en
733 268 35 21 del
783 268 173 27 räntepersedlar

210 309 27 16 en
259 303 83 26 ganska
357 303 61 26 ringa
433 302 143 27 prisstegring
592 302 39 21 och
647 302 12 21 å
674 302 68 21 andra
757 302 33 21 till
806 302 39 21 och
861 302 48 21 med
925 303 32 20 ett

211 337 94 20 fallande
325 337 6 20 i
352 336 73 27 priset,
448 336 37 21 det
499 336 7 21 i
523 336 150 27 verkligheten
687 336 57 21 visat
760 336 33 26 sig
809 337 32 20 att
855 335 73 27 prisen
945 335 12 21 å

211 371 43 20 alla
276 371 64 21 dessa
361 370 116 27 undergått
497 376 26 15 en
543 370 82 27 ganska
645 370 98 27 betydlig
758 371 97 26 stegring
869 370 28 27 på
913 371 44 20 sätt

211 411 26 14 en
252 405 107 27 uppgjord
375 404 206 27 jemförelse-kalkyl
604 404 50 21 Litt.
678 405 26 20 N.
730 407 98 18 närmare
851 405 106 21 utvisade.

212 439 95 20 Sålunda
324 438 56 22 hade
398 438 76 21 värdet
488 438 14 21 &
515 439 139 26 persedlarne
671 438 30 21 uti
713 439 31 20 .de
759 438 71 27 gamla
845 439 112 20 undervis-

211 473 112 26 ningarne,
343 472 84 21 utöfver
446 472 56 21 hvad
522 472 54 21 1868
592 473 34 20 års
642 472 87 21 Komité
746 471 111 27 beräknat,
872 472 8 20 i
896 472 61 21 verk-

212 506 96 27 ligheten
324 506 61 27 stigit
400 507 68 20 under
484 507 26 20 de
525 506 125 27 trettiofyra
665 506 51 21 ären
732 506 47 21 frän
791 506 54 20 1837
857 506 34 21 till
903 506 52 21 1871

212 541 7 20 i
245 541 103 20 medeltal
375 546 34 15 om
439 541 47 20 äret
514 540 49 21 med
590 541 57 26 2,820
670 540 65 26 penni
759 541 6 20 i
790 539 97 27 Nylands
907 540 43 26 län,

212 575 50 21 med
278 577 55 24 3,621
348 575 64 26 penni
428 575 8 20 i
451 569 47 26 Äbo
510 575 39 21 och
559 574 146 27 Björneborgs
714 574 42 26 län,
767 574 49 22 med
828 575 55 25 4,348
893 575 65 26 penni

212 609 6 21 i
238 609 134 21 Tavastehus
391 609 42 26 län,
456 609 50 21 med
524 609 56 26 1,926
595 608 65 27 penni
676 609 7 20 i
699 608 32 21 S:t
746 608 90 22 Michels
852 609 41 25 län,
910 609 48 21 med

213 644 56 25 1,244
288 643 65 27 penni
368 643 7 21 i
391 643 85 26 Kuopio
491 643 42 26 län,
549 643 49 21 med
614 644 55 25 2,843
684 643 65 26 penni
769 643 2 20 i
787 643 66 21 Wasa
867 643 36 21 län
919 643 39 21 och

212 678 49 21 med
276 678 56 26 1,849
347 677 64 27 penni
427 677 5 21 i
449 677 120 27 Uleåborgs
585 677 36 21 län
636 677 27 27 pä
679 677 74 26 hvarje
769 676 161 23 skatterubel.
920 672 13 37 +

281 711 42 22 Vid
342 712 150 27 uppgörandet
510 711 22 22 af
548 712 39 21 sitt
608 711 82 27 förslag
704 711 33 22 till
754 711 67 22 sädan
837 718 27 20 ny
880 712 77 21 under-

214 746 86 27 visning
315 747 32 19 att
364 746 45 21 deri
426 746 88 27 inginge
529 745 76 22 endast
621 746 103 27 spanmäl,
740 747 57 20 smör
813 745 40 22 och
868 746 89 26 pennin-

214 787 47 20 gar,
277 781 39 21 har
334 781 52 20 1876
402 780 34 20 ärs
452 780 92 26 Komite,
560 780 34 21 för
609 782 32 19 att
657 780 82 21 erhälla
754 780 70 26 grund
836 780 33 20 för
880 780 79 21 förhäl-

213 814 75 22 landet
310 814 91 22 emellan
425 814 63 21 dessa
510 814 96 26 artiklar,
634 814 92 26 uppsökt
748 814 26 20 de
797 813 78 27 belopp
891 814 68 26 deraf,

214 848 74 23 hvilka
303 848 59 22 såväl
378 848 54 22 efter
448 848 143 27 medelprisen
607 848 33 22 för
655 848 51 21 åren
722 848 141 21 1825—1839
879 849 39 21 och
927 848 33 21 för

214 883 51 21 åren
281 882 141 21 1840--1848
437 888 45 15 som
498 882 39 21 ock
552 882 34 21 för
601 883 50 20 åren
668 882 139 21 1866—1875
823 883 80 21 lemnat
914 885 46 19 vär-

215 918 41 21 den
278 917 13 21 &
310 917 155 26 skatterubeln,
481 917 74 21 hvilka
569 917 7 21 i
592 917 122 26 möjligaste
728 917 50 21 män
794 917 167 22 öfverensstämt

215 951 48 22 med
284 951 27 21 de
330 951 80 21 värden
429 951 13 20 &
457 951 130 26 densamma,
604 957 44 15 som
665 951 99 21 erhällits
779 951 92 22 medelst
885 951 27 22 de
927 951 30 21 äl-

216 986 38 20 dre
272 985 209 26 undervisningarne
500 985 38 21 och
559 991 81 16 samma
654 985 122 26 medelpris.
807 985 83 21 Härvid
904 985 57 22 hade

216 1019 36 21 det
271 1019 56 21 visat
342 1019 39 26 sig,
400 1021 33 19 att
448 1019 33 20 för
497 1019 103 26 Nylands,
618 1013 46 27 Äbo
680 1019 39 21 och
734 1019 152 27 Björneborgs,
895 1019 66 22 Tava-

216 1053 74 20 stehus
318 1053 40 21 och
381 1053 31 20 S:t
441 1053 89 21 Michels
545 1053 35 21 län
597 1053 41 21 den
655 1053 80 21 äskade
751 1053 207 22 öfverensstämmel-

217 1093 36 14 sen
269 1086 78 21 blifver
363 1086 61 21 desto
440 1086 165 27 fullständigare
618 1087 24 26 ju
657 1087 83 20 mindre
756 1087 205 26 spanmälsbelopp
948 1082 15 36 i

217 1120 40 21 den
273 1126 42 20 nya
329 1119 183 27 undervisningen
527 1120 103 26 infördes,
646 1122 33 19 att
693 1120 34 21 för
742 1121 85 26 Kuopio
843 1121 39 21 och
898 1121 63 21 Uleä-

217 1153 65 27 borgs
296 1153 36 21 län
348 1152 237 23 öfverensstämmelsen
601 1153 70 22 blefve
687 1153 163 27 fullständigast
861 1154 28 21 dä
899 1161 63 20 span-

218 1187 154 27 mälsbeloppet
391 1189 24 19 är
433 1187 65 26 något
512 1187 84 22 mindre
612 1189 26 20 än
655 1187 57 22 hvad
727 1194 45 15 som
787 1187 71 27 ingått
873 1188 32 21 uti
921 1188 40 21 den

217 1221 60 21 äldre
292 1221 190 27 undervisningen,
498 1222 39 21 och
552 1221 33 22 för
602 1222 64 21 Wasa
680 1222 42 25 län,
738 1222 28 21 dä
781 1223 119 20 detsamma
909 1229 53 19 upp-

217 1257 62 24 toges
299 1255 33 20 till
351 1255 6 20 i
378 1255 37 21 det
435 1257 108 20 närmaste
558 1255 45 21 lika
619 1255 76 26 belopp
712 1261 45 15 som
773 1256 7 20 i
795 1255 113 21 Komitens
923 1255 40 21 här

217 1288 118 22 nedanföre
350 1289 121 26 framlagda
486 1289 87 27 förslag.
604 1289 32 21 Dä
651 1289 66 21 likväl
732 1289 8 20 i
756 1290 207 26 undervisningarne

218 1322 134 22 fortfarande
370 1322 67 22 borde
455 1323 51 26 ingä
526 1324 102 26 spanmäl,
652 1322 23 22 af
688 1322 88 22 hvilken
792 1322 78 22 artikel
886 1329 26 16 en
927 1324 36 21 del

219 1358 62 21 äfven
305 1357 62 21 alltid
390 1356 42 22 fätt
452 1356 23 22 af
493 1357 145 27 räntegifvare
653 1357 108 22 levereras
777 1358 40 21 och
832 1358 23 21 af
868 1360 95 20 ränteta-

218 1398 51 21 gare
284 1392 86 22 fordras
384 1392 22 21 in
422 1393 84 25 natura,
522 1392 40 21 har
576 1392 102 22 Komit6n
694 1393 71 21 ansett
780 1392 34 28 sig
828 1392 53 22 böra
895 1393 7 21 i
913 1393 49 21 dess

219 1427 81 27 förslag
322 1426 34 22 till
378 1432 42 22 nya
442 1426 180 28 undervisningar
640 1429 95 25 upptaga
750 1427 71 22 denna
836 1427 77 23 artikel
930 1428 32 22 till
