1045 1714
285 128 27 19 U.
328 128 29 19 B.
374 138 22 3 —
414 129 82 22 Prop.
511 129 47 18 N:o
572 131 35 16 25.
764 128 27 20 43

75 201 28 15 en
125 194 83 21 ordnad
232 194 173 22 handelsrörelse
421 195 26 26 pä
462 195 148 27 landsbygden
625 196 58 27 gifva
698 196 121 21 befolknin-

75 235 41 20 gen
139 228 85 21 tillfälle
247 228 33 21 till
302 230 40 24 att,
361 231 53 19 utan
428 229 66 27 länga
510 230 39 21 och
564 230 131 21 kostsamma
709 236 60 15 resor
784 230 35 21 till

75 263 50 20 stad
148 262 58 21 förse
228 263 33 26 sig
281 263 48 20 med
347 263 47 20 sina
410 262 33 21 för
459 263 58 22 säväl
532 263 115 26 hushället,
663 269 45 16 som
723 264 95 26 familjen

77 297 80 26 nödiga
171 296 72 21 behof.
273 296 194 22 Landthandlande
482 297 64 21 hafva
561 297 62 21 äfven
639 297 60 22 öfver
709 298 53 21 allti
772 297 46 21 lan-

77 330 37 21 det
135 329 105 28 uppstått,
264 330 23 21 sä
310 332 32 19 att
365 330 36 21 det
423 337 88 14 numera
526 331 46 21 icke
587 331 62 21 torde
664 331 69 21 finnas
748 331 71 26 någon

75 364 101 21 kommun
199 365 7 20 i
228 364 79 26 landet,
332 365 38 20 der
391 364 48 21 icke
458 365 131 21 åtminstone
604 371 26 15 en
645 365 135 21 handelsbod
795 367 24 18 är

75 398 85 27 öppnad
175 398 40 21 och
229 398 164 27 befolkningens
408 398 98 27 verkliga
513 399 102 21 behofver
623 398 23 21 af
651 399 162 26 förbruknings,

74 432 34 21 till
124 432 39 22 och
177 432 50 21 med
241 431 22 22 ai
278 432 134 27 lyxartiklar,
431 439 76 20 genom
526 433 48 21 dem
588 433 67 21 blifva
663 433 49 21 fullt
719 433 100 26 tillgodo-

77 466 73 22 sedda.
180 466 31 21 På
225 466 71 26 grund
311 465 63 22 häraf
388 466 39 21 har
440 466 38 27 jag
492 466 47 21 icke
554 466 83 21 kunnat
653 466 123 27 öivertysas
785 473 34 14 om

75 500 101 21 behofvet
192 500 39 21 och
245 502 77 25 nyttan
338 500 67 26 deraf,
421 502 32 19 att
468 500 102 22 förbudet
585 501 33 20 för
633 501 41 20 den
690 507 16 15 s.
722 501 21 20 k.
754 500 63 27 gärd-

74 534 136 21 farihandeln
226 535 49 20 med
289 534 113 21 inhemska
417 535 39 20 och
472 534 116 22 utländska
603 535 65 26 slöjd-
677 535 40 21 och
727 535 93 21 fabriks-

75 569 67 21 alster
161 568 126 27 upphäfves,
303 569 27 20 dä
346 574 76 21 genom
438 569 61 21 detta
514 569 89 21 förbuds
619 569 23 21 af
656 569 106 22 utskottet
776 569 44 21 för-

76 605 80 20 ordade
178 604 151 27 upphäfvande
351 604 51 21 vära
424 604 134 22 vidsträckta
582 605 146 26 landsbygder
750 605 70 21 skulle

76 641 81 24 öppnas
173 638 34 21 för
223 638 40 21 och
278 638 68 21 blifva
361 638 199 22 öfversvämmande
568 638 24 22 af
597 638 181 28 kringstrykande
787 644 33 15 ar-

75 672 105 27 kangelsk
200 672 91 26 allmoge
313 672 40 21 och
373 672 70 27 judar,
466 672 140 22 medförande
629 672 58 21 blott
709 672 111 21 värdelöst

75 706 68 25 kram,
163 706 33 22 för
211 708 32 19 att
259 706 89 21 dermed
362 706 66 21 ockra
443 706 27 27 pä
480 706 166 26 befolkningens
655 706 164 26 godtrogenhet.

177 741 42 26 Jag
234 740 66 27 vägar
315 740 86 22 derföre
416 741 110 21 vördsamt
541 740 111 26 tillstyrka
667 742 43 19 att:

143 774 183 29 ofvanäberopade
348 774 25 28 88
396 773 14 21 8
435 774 36 21 och
493 774 23 21 11
532 774 27 28 af
571 774 79 28 nådiga
662 774 158 28 propositionen

144 846 31 17 ter
190 842 11 28 &
217 842 24 20 14
256 842 108 28 inskjutna
379 850 42 20 nya
434 842 134 28 paragrafen
584 844 9 18 i
607 841 137 22 betänkandet
758 842 63 20 måtte

141 876 112 28 förkastas,
269 877 29 19 dä
313 876 61 28 äfven
390 876 11 28 &
417 876 28 21 46
460 876 36 21 och
512 876 63 21 orden
590 877 9 19 i
613 876 11 27 8
639 876 28 20 48
678 876 143 26 ,sistnämnda

145 911 84 28 lagrum
252 911 46 20 med
323 910 64 28 ofvan
411 910 8 20 i
444 911 11 27 8&
478 910 22 21 11
517 910 99 21 bestämdt
631 909 123 29 undantag"
770 909 50 21 böra

143 944 144 30 oförändrade
302 945 91 27 gvarstä.

574 979 75 22 John
663 978 89 23 Julin.

143 1038 10 20 I
169 1038 70 21 denna
254 1037 57 21 Herr
326 1037 71 22 Julins
412 1038 134 21 reservation
561 1037 86 21 förenar
663 1037 33 26 sig

513 1084 75 22 Gust.
603 1083 149 27 Dahlberg.

143 1152 40 21 Att
198 1152 144 26 Regeringen,
358 1152 27 20 dä
400 1152 106 26 rättighet
521 1158 76 20 genom
607 1151 124 27 Kejserliga
738 1150 84 22 förord-

78 1187 80 26 ningen
174 1186 41 22 den
231 1186 26 20 19
273 1186 119 21 December
407 1186 56 21 1859
478 1186 138 21 meddelades
631 1185 34 21 till
680 1185 141 21 bedrifvande

80 1220 23 22 af
125 1220 148 26 landthandel,
296 1220 123 21 fastställde
442 1222 32 19 att
498 1220 33 21 för
546 1220 71 21 denna
631 1218 105 28 rättighet
750 1218 72 22 skulle

76 1255 84 21 betalas
177 1261 25 15 en
217 1254 44 21 viss
277 1254 55 26 årlig
348 1254 70 26 afgift,
433 1254 88 22 hvilken
536 1254 34 20 väl
585 1253 122 27 egentligen
717 1252 49 22 bort
777 1252 44 20 till-

79 1289 52 21 falla
147 1288 106 26 städerne,
269 1288 33 21 uti
312 1288 84 20 hvilkas
405 1288 124 26 privilegier
537 1288 67 26 sagda
611 1287 127 25 förordning
746 1286 75 27 gjorde

79 1324 32 20 ett
125 1323 97 26 ingrepp,
237 1328 48 15 men
301 1328 53 19 som,
370 1324 52 18 enär
438 1322 36 20 det
488 1322 84 20 kunnat
586 1320 67 21 blifva
668 1320 59 21 svärt
737 1322 33 18 att
778 1319 43 21 för-

78 1355 49 21 dela
152 1356 42 20 den
218 1354 118 27 inflytande
360 1354 91 26 afgiften
473 1354 13 21 &
500 1354 100 21 städerne
615 1353 8 20 i
637 1352 136 21 förhällande
788 1351 34 20 till

79 1389 41 21 den
142 1388 79 21 förlust
244 1388 62 21 deras
324 1387 123 21 handlande
461 1387 52 21 lidit
527 1392 77 21 genom
619 1386 26 21 de
662 1385 71 21 blefne
748 1385 73 20 landt-

78 1423 169 26 handlanderne,
269 1422 122 22 bestämdes
414 1421 70 22 skulle
508 1421 87 21 tillfalla
618 1420 90 26 kronan,
723 1425 38 15 var
776 1418 46 21 helt

78 1457 112 28 naturligt,
205 1459 24 26 ty
244 1457 27 22 dä
286 1459 57 19 ännu
358 1457 35 26 låg
408 1456 49 21 hela
472 1458 82 25 tungan
569 1455 7 21 i
591 1455 100 21 städerne
707 1454 12 21 å
733 1453 89 28 borger-

147 1503 125 18 Sammansatta
284 1503 37 22 Lag
334 1502 29 17 och
376 1501 84 18 Ekonomi
472 1502 88 17 utskottets
574 1500 103 18 betänkande
690 1499 34 18 N:o
737 1499 16 17 3.
