1056 1709
371 122 26 23 U,
413 122 27 21 B.
456 135 26 3 —
498 123 70 27 Prop.
583 123 41 21 N:o
638 123 37 22 30.
840 124 11 19 3

137 188 41 20 och
189 189 96 25 emedan,
295 189 56 20 hvad
363 192 9 22 $
386 190 9 18 1
413 190 105 23 beträffar,
530 191 25 19 de
570 191 174 26 skiljaktigheter,
755 196 42 15 som
810 190 70 20 derom

140 222 99 27 möjligen
251 223 70 19 kunna
331 230 74 20 yppas,
420 224 111 26 lämpligen
544 225 59 19 torde
614 225 99 20 särskildt
728 226 51 18 böra
794 224 87 20 föreslås

138 256 32 20 till
181 256 209 27 sammanjemkning,
402 260 68 18 ansett
480 258 32 26 sig
523 258 45 20 med
581 258 98 20 afseende
692 260 12 18 å
719 259 67 19 tidens
801 258 80 26 knapp-

137 290 36 20 het
195 297 27 13 nu
246 290 73 20 kunna
341 291 89 20 aflemna
453 292 77 26 förslag
550 292 31 20 till
597 292 206 26 sammanjemkande
819 292 23 19 af
855 293 26 19 de

137 324 58 20 olika
218 324 75 25 beslut,
311 324 58 20 hvari
391 324 91 21 Stånden
504 326 8 18 i
534 326 63 25 öfrigt
619 327 89 18 stannat.
743 325 78 28 Härvid
845 326 37 19 har

138 358 107 20 Utskottet
265 358 46 20 med
333 358 80 26 hänsyn
429 359 33 19 till
478 359 46 20 dess
539 359 65 20 första
619 359 210 26 resolutionsförslag,
845 366 36 13 an-

139 392 80 26 gående
231 392 37 19 tull
279 392 28 26 på
318 392 60 26 ryskt
389 392 20 20 öl
420 393 40 19 och
474 396 76 23 porter,
562 395 50 18 trott
622 394 32 25 sig
669 393 51 21 böra
736 394 146 26 upplysnings-

139 426 30 20 vis
192 428 118 24 omnämna,
326 428 31 18 att
379 426 104 20 tulltaxan
503 428 31 20 för
550 426 74 28 dylika
643 427 89 27 drycker
748 428 34 19 vid
797 427 85 20 införsel

139 459 31 20 till
181 460 89 20 Finland
281 462 62 24 utgör
353 460 27 20 50
390 461 64 25 penni
469 460 31 20 för
516 461 71 26 butelj,
602 461 48 20 med
664 462 108 26 undantag
788 461 22 20 af
822 461 61 27 ryskt

140 494 19 19 öl
176 494 39 19 och
231 496 69 24 porter
315 500 44 22 som
375 496 22 18 är
413 494 89 26 tullfritt,
518 496 109 19 hvaremot
642 494 63 21 finskt
721 494 20 20 öl
757 495 40 20 och
811 497 72 23 porter

139 534 43 13 som
199 527 77 20 införes
292 527 33 20 till
337 528 105 26 Ryssland
459 528 36 20 bär
510 535 78 14 samma
603 529 39 19 tull
657 529 52 19 eller
727 530 23 19 15
766 528 69 26 kopek
851 529 32 19 för

139 561 72 26 butelj,
223 568 43 13 som
282 562 21 19 öl
318 561 46 20 från
380 568 68 13 annan
466 563 77 19 utrikes
559 564 38 19 ort.
628 562 79 20 Tillika
721 563 38 19 har
775 562 108 20 Utskottet

139 595 60 20 bordt
218 595 112 20 frambålla
345 597 36 23 att,
401 596 66 26 enligt
482 597 46 19 dess
549 596 142 26 förmenande,
707 603 26 13 en
748 596 135 26 beskattning

138 630 23 19 af
174 629 79 21 sådana
267 629 46 20 från
328 630 106 26 Ryssland
453 630 139 26 importerade
609 630 149 27 maltdrycker,
774 630 6 20 i
796 630 39 20 och
851 630 32 20 för

138 664 31 26 sig
192 664 39 19 och
254 664 68 19 såsom
344 664 150 20 inkomstkälla
514 664 118 26 betraktad,
647 668 24 17 är
686 665 24 19 af
722 666 60 26 ringa
797 671 34 13 om
846 671 37 13 ens

138 698 69 26 någon
224 698 137 26 betydenhet;
376 700 22 24 ty
414 698 48 20 med
477 699 110 20 enahanda
602 698 60 28 afgift
676 699 28 26 på
720 700 39 19 den
774 698 109 20 inhemska

139 739 44 13 som
205 732 27 26 på
253 732 41 20 den
317 732 112 20 utländska
452 739 63 13 varan
538 740 62 19 synes
624 733 40 20 den
686 732 127 20 sistnämnda
836 733 47 19 icke

138 767 72 19 kunna
232 766 89 20 uthärda
343 766 156 20 konkurrensen
521 768 47 19 med
583 767 41 20 den
639 768 63 24 förra,
717 767 39 20 och
772 767 111 26 importen,

138 800 99 20 särskildt
253 800 23 20 af
289 801 28 25 öl,
332 800 45 20 från
394 802 33 18 ort
442 802 57 18 utom
513 801 73 20 landet
600 802 66 19 måste
682 802 26 18 då
723 801 117 25 nedsjunka
851 801 32 19 till

137 841 25 13 en
179 834 150 26 obetydlighet.

205 868 72 20 Annat
300 872 23 16 är
338 868 93 21 deremot
453 868 141 20 förhållandet
609 875 32 14 om
658 869 39 19 den
714 868 112 20 utländska
841 868 41 20 till-

138 902 129 26 verkningen
283 906 23 16 är
324 902 25 20 fri
365 902 76 20 medan
462 903 39 19 den
517 903 109 26 inhemska
642 903 113 20 beskattas.
784 902 9 20 I
809 902 75 20 sådant

139 936 37 21 fall
196 940 23 16 är
242 936 36 21 det
300 936 55 20 klart
375 938 30 18 att
419 936 164 27 förbrukningen
599 937 23 20 af
636 937 38 20 den
691 936 114 20 utländska
820 942 64 14 varan

139 971 55 20 skall
211 971 83 27 tilltaga
309 971 28 26 på
353 971 116 21 bekostnad
486 972 22 19 af
522 972 39 20 den
576 971 116 27 inhemska,
708 971 39 20 och
764 973 29 17 att
803 971 80 19 inkom-

138 1008 45 17 sten
207 1006 22 19 af
250 1006 39 20 den
313 1006 27 25 på
363 1006 40 20 den
418 1006 109 20 inhemska
542 1006 63 26 lagda
620 1006 83 20 skatten
719 1006 6 19 i
742 1012 79 13 samma
836 1011 48 13 mon

139 1040 54 20 skall
209 1040 99 20 minskas.
337 1040 42 20 Det
394 1042 22 17 är
432 1040 81 20 således
528 1040 74 20 endast
617 1040 164 26 medelbarligen
793 1038 90 21 beskatt-

140 1074 75 26 ningen
233 1074 22 19 af
269 1074 35 20 det
319 1074 113 20 utländska
447 1074 43 20 ölet
505 1077 23 17 är
543 1074 23 20 af
580 1074 49 26 vigt.

206 1108 41 20 Det
270 1115 36 13 var
328 1108 47 20 med
389 1108 79 20 fästadt
483 1108 99 20 afseende
597 1108 51 20 härå
663 1108 40 20 och
719 1107 89 20 emedan
824 1109 61 17 extra

139 1142 114 26 bevillning
275 1142 32 20 för
329 1142 21 20 öl
369 1142 40 19 och
423 1144 71 24 porter
509 1142 116 20 tillsvidare
648 1143 69 18 ansets
741 1141 50 20 böra
806 1140 78 20 debite-

139 1183 33 13 ras
187 1176 75 20 endast
277 1176 27 26 pä
319 1176 66 26 grund
401 1176 24 20 af
437 1176 168 20 vederbörandes
621 1182 52 20 egen
689 1175 87 27 uppgiff
788 1181 43 14 som
847 1174 36 20 Ut-

138 1211 79 19 skottet
233 1210 74 20 trodde
322 1211 32 26 sig
369 1210 51 20 böra
435 1210 77 20 föreslå
531 1212 31 18 att
578 1210 73 26 dylika
666 1210 46 19 från
727 1208 104 28 Ryssland
847 1209 37 19 im-

139 1245 110 26 porterade
265 1244 90 26 drycker
369 1244 69 20 skulle
449 1243 116 27 förtullas,
581 1246 23 24 ty
620 1243 86 26 sålänge
719 1244 63 25 ingen
792 1242 93 20 kontroll

140 1278 47 20 med
203 1277 119 21 hänseende
338 1278 34 19 till
385 1278 174 26 förbrukningens
576 1278 75 25 belopp
668 1278 108 24 existerar,
791 1276 42 20 kan
850 1283 34 13 en-

139 1313 38 26 ligt
196 1312 118 20 Utskottets
337 1312 63 20 tanke
419 1312 39 20 den
479 1311 137 27 erforderliga
631 1311 160 26 beskattningen
808 1311 22 19 af
845 1311 40 19 den

139 1346 113 20 utländska
263 1352 65 13 varan
342 1346 74 19 endast
431 1346 27 24 på
473 1346 58 18 detta
546 1346 41 18 sätt
603 1346 47 18 med
666 1345 102 25 tillbörlig
782 1350 103 20 noggran-

139 1380 35 20 het
189 1379 132 20 verkställas.

207 1413 32 20 Då
249 1420 28 12 nu
287 1412 118 20 Utskottets
415 1412 79 26 förslag
504 1412 72 20 härom
592 1411 70 20 blifvit
677 1412 86 26 antaget
778 1410 23 20 af
809 1412 77 18 tvänne

141 1447 66 21 Stånd
222 1447 40 20 och
277 1447 80 19 Preste-
373 1446 40 20 och
428 1446 192 27 Borgareståndens
637 1445 67 20 beslut
719 1446 6 18 i
742 1445 69 20 denna
827 1444 60 26 fråga

208 1486 74 24 Bihang
295 1486 30 18 till
329 1486 219 28 Bevillningsutskottets
560 1484 111 19 betänkande
682 1484 38 19 N:o
732 1485 16 18 3.
