1042 1706
322 122 62 22 Ständ.
401 123 31 21 Sv.
447 136 28 3 —
490 123 52 29 Prop.
558 124 31 21 N:o
606 124 31 21 25.
797 125 26 21 13

538 189 16 24 $
568 186 20 22 4.

340 225 51 22 Den
406 226 105 27 rättighet,
526 234 43 13 som
584 227 9 20 i
607 229 17 24 $
633 227 16 21 2
659 226 142 26 omförmäles,
813 226 40 22 till-

271 259 93 21 kommer
386 260 52 21 icke:
460 260 155 28 uppbördsman
636 260 47 22 eller
693 260 122 30 förvaltare
829 262 26 27 af

270 293 92 21 kronans
384 294 71 24 medel,
472 294 64 28 fiskal
558 294 47 21 eller
619 302 68 13 annan
703 294 78 21 allmän
795 294 57 21 äkla-

271 334 57 21 gare,
350 328 122 28 tjensteman
494 328 34 21 och
545 328 74 28 betjent
634 328 35 21 vid
683 328 106 22 tullverket
804 328 48 22 eller

267 361 181 29 polisinrättning,
465 363 18 28 ej
499 362 58 22 heller
573 364 57 20 dessa
642 370 111 21 personers
767 362 84 22 hustrur

271 396 50 22 eller
335 398 110 27 omyndiga
460 397 57 21 barn.

535 439 16 25 $
567 438 20 21 5.

340 477 44 21 För
404 478 113 28 utöfvande
533 478 26 27 af
571 477 63 30 lofligt
649 478 137 28 näringsyrke
801 482 50 17 utan

270 514 68 18 annat
353 511 146 21 arbetsbiträde
511 515 27 17 än
549 512 72 21 hustru
632 511 37 22 och
678 512 113 28 omyndiga
799 512 53 21 barn

271 546 37 21 och
323 549 51 17 utan
389 549 29 17 att
430 546 73 21 dervid
513 546 90 25 salubod,
614 546 72 21 kontor
697 546 49 22 eller
755 546 98 22 särskildt

267 579 195 30 försäljningsställe
472 580 105 28 begagnas,
586 580 108 28 erfordras
701 580 42 22 icke
751 582 39 20 den
797 581 8 21 i
812 583 17 24 $
836 581 14 21 2

265 614 130 28 Jöreskrifna
412 614 105 21 anmälan.
548 614 77 21 Denna
641 614 96 28 rättighet
754 615 33 20 till
797 615 55 28 sjelf-

270 648 126 28 försörjning
418 648 123 22 tillkommer
557 656 23 14 en
595 648 58 28 hvar,
669 649 61 26 äfven
745 650 48 25 den,
808 656 43 14 som

268 682 42 21 icke
330 686 25 18 är
370 682 118 29 välfrejdad
505 682 46 22 eller
566 683 41 21 icke
623 683 62 21 råder
701 683 57 27 öfver
772 684 30 27 sig
817 683 35 21 och

270 717 33 20 sin
319 718 105 26 egendom.

340 751 123 21 Handtverk
478 750 30 21 till
518 750 170 29 sjelfrörsörjning
699 753 34 19 må
744 752 61 28 äfven
814 758 37 14 un-

269 786 38 20 der
322 785 164 27 kringvandring
502 788 49 18 utan
568 786 101 20 anmälan
685 786 85 26 utöfvas.

533 830 14 28 $
564 830 19 22 6.

345 870 40 20 Vill
401 870 124 28 vanfrejdad
538 878 81 19 person,
635 877 42 13 som
694 877 46 21 eger
755 870 55 21 råda
822 871 30 28 öf-

272 912 33 14 ver
320 905 29 27 sig
364 904 49 27 sjelf
426 904 36 21 och
477 905 32 20 sin
524 904 103 28 egendom,
644 905 62 20 vinna
716 904 95 28 rättighet
822 908 30 17 att

269 939 9 20 i
292 939 34 20 sitt
342 938 136 28 näringsyrke
494 938 96 21 använda
606 938 59 28 legda
682 938 101 26 biträden,
793 939 58 21 arbe-

269 976 45 18 tare
330 972 47 22 eller
392 972 102 28 lärlingar
510 974 105 25 äfvensom
630 976 29 16 att
673 972 95 28 bedrifva
779 972 73 22 handel

269 1006 47 22 eller
332 1014 70 14 annan
417 1007 83 21 dermed
515 1007 92 21 likartad
620 1006 75 22 rörelse
709 1008 9 19 i
729 1010 68 25 öppen
806 1007 45 25 bod,

270 1042 73 20 kontor
358 1040 49 22 eller
417 1045 63 16 annat
490 1040 100 22 särskildt
596 1040 207 29 försäljningsställe,
814 1048 36 14 an-

267 1076 46 21 söke
335 1075 71 22 derom
429 1075 116 28 skriftligen
565 1075 8 20 i
590 1075 47 21 stad
651 1074 34 22 hos
701 1074 111 29 Magistrat
827 1075 24 21 el-

265 1109 33 22 der
314 1109 146 28 Ordningsrätt
482 1109 36 21 och
533 1111 12 18 å
561 1109 67 22 landet
642 1109 37 22 hos
695 1108 134 23 Guvernören
843 1110 9 19 i

268 1143 61 22 länet.
359 1143 67 22 Dessa
446 1143 139 29 myndigheter
600 1150 36 21 ega
651 1147 36 24 att,
702 1144 63 21 sedan
779 1144 71 21 veder-
860 1146 10 15 *

265 1178 93 21 börande
378 1178 154 29 yrkesjörening
554 1178 9 20 i
584 1178 49 21 stad
655 1177 48 22 eller
720 1177 130 22 kommunal-

268 1212 81 21 nämnd
370 1214 13 19 &
406 1212 69 22 landet
490 1212 120 30 infordradt
623 1212 100 28 yttrande
736 1212 61 27 öfver
810 1219 40 14 an-

267 1247 111 27 sökningen
400 1247 91 28 ajgifvit,
513 1247 50 20 derä
581 1247 52 28 efter
647 1247 203 28 omständigheterna

268 1279 92 23 meddela
375 1279 59 27 bifall
448 1281 48 22 eller
510 1279 73 30 afslag.

336 1315 92 28 Bifalles
445 1315 145 28 ansökningen,
605 1314 36 21 bör
655 1314 63 21 tillika
727 1314 123 23 bestämmas

266 1348 105 21 huruvida
385 1349 101 20 sökanden
502 1349 33 20 må
551 1348 112 27 berättigas
678 1351 30 17 att
724 1348 32 21 till
769 1348 80 22 biträde

266 1382 47 21 eller
335 1382 95 22 arbetare
452 1385 79 25 antaga
551 1382 61 27 äfven
627 1381 110 28 omyndiga
747 1389 102 21 personer

265 1419 54 18 samt
335 1417 31 21 in-
381 1416 37 22 och
433 1417 100 28 utskrifva
548 1416 111 28 lärlingar.

336 1451 51 22 Har
402 1451 167 28 näringsidkare,
585 1457 42 15 som
642 1450 73 28 drifvit
729 1450 78 23 rörelse
817 1451 30 29 ef-
