1056 1709
399 146 53 22 N:o
469 145 51 23 P4.
791 151 13 19 3

85 211 95 27 valtning
196 213 55 19 samt
266 214 59 24 synts
342 213 96 26 skäligen
453 214 72 21 kunna
535 215 79 21 befrias
626 216 47 21 från
682 217 148 27 vägbyggnad,

86 246 50 19 cnär
151 244 33 21 för
200 246 46 20 dem
262 248 93 24 vägarne
370 246 7 20 i
393 247 115 21 allmänhet
518 248 50 26 föga
578 249 114 27 begagnas,
704 252 26 19 än
742 252 31 19 att
783 251 48 21 från

85 277 127 27 deltagande
227 279 6 20 i
249 279 141 26 vägbyggnad
409 280 110 21 uteslutits
536 282 78 25 jemväl
631 283 200 26 stadgalägenheter

85 311 38 21 och
138 311 93 26 grufvor,
248 313 27 20 de
290 312 58 21 förra
364 313 84 20 derföre
464 315 32 19 att
511 315 25 20 de
552 317 36 18 äro
605 315 23 21 af
641 315 49 27 föga
700 316 129 27 betydenhet

84 345 40 21 och
139 345 114 27 anledning
268 346 114 21 förefinnes
398 349 32 18 att
445 347 128 22 åtminstone
589 355 25 15 en
630 350 34 21 del
679 350 23 21 af
712 350 48 21 dem
770 351 59 21 kom-

83 385 45 15 mer
144 381 32 19 att
191 382 56 19 emot
263 381 93 20 särskild
371 381 58 21 skatt
439 381 85 22 förenas
536 383 47 21 med
594 383 50 26 sjelf
652 384 110 21 bestående
772 385 57 20 hem-

83 419 55 20 man,
161 414 137 26 hvarigenom
321 415 26 20 de
370 415 97 26 upphöra
489 417 32 20 att
540 417 58 20 bilda
614 417 69 21 skilda
698 418 130 27 lägenheter,

83 449 56 19 samt
160 447 121 27 grufvorna,
305 449 88 20 emedan
416 449 62 20 deras
501 450 127 26 deltagande
643 451 7 20 i
666 451 99 22 besväret
786 453 43 20 kan

82 481 85 21 fordras
183 481 76 21 endast
274 488 33 14 om
323 482 26 20 de
364 482 119 26 bearbetas,
500 483 80 21 hvilket
596 484 44 20 ofta
655 485 74 21 tidtals
745 486 46 21 icke
804 488 25 19 är

82 515 66 25 fallet,
165 515 137 26 hvarigenom
317 515 62 21 deras
395 516 141 21 beskattande
551 517 41 20 kan
603 517 65 21 blifva
679 519 101 20 orättvist
790 520 39 20 och

82 549 50 20 leda
146 549 33 20 till
194 549 163 26 förvecklingar,
373 551 52 18 utan
441 551 32 19 att
488 551 82 20 ändock
585 551 99 26 bidraget
698 552 47 21 från
757 553 52 25 dem,
821 553 8 20 i

83 583 105 20 anseende
203 583 33 20 till
252 583 61 20 deras
329 583 59 25 fåtal,
404 583 71 20 kunde
490 584 72 21 vidare
578 587 27 18 än
615 585 7 20 i
633 585 63 26 högst
708 586 61 26 ringa
779 587 49 20 mån

82 616 34 21 för
132 617 67 26 öfrige
214 617 251 26 vägbyggnadsskyldige
480 618 96 21 medföra
590 618 94 27 lindring
699 619 6 20 i
718 619 110 22 besvärets

82 650 125 27 utgörande.
237 650 105 26 Slutligen
361 651 39 20 har
415 651 42 25 det,
474 651 47 20 med
537 651 100 22 afseende
652 652 13 21 å
680 653 147 26 lotstjenstens

83 684 166 26 besvärligheter
265 684 39 20 och
320 684 102 21 särskildt
438 685 40 20 den
493 685 86 21 dermed
594 685 102 22 förenade
707 687 120 26 skyldighe-

82 720 35 19 ten
136 720 32 19 att
187 719 81 20 utsätta
283 718 39 20 och
337 718 153 21 vidmakthålla
504 718 162 27 flaggremmare
681 720 39 21 och
735 721 92 26 prickar,

82 753 82 20 ansetts
181 752 78 26 skäligt
275 754 32 18 att
322 752 168 21 lotshemmanen
505 753 46 20 icke
566 753 92 21 allenast
672 754 28 26 pä
715 756 43 19 sätt
773 755 7 20 i
792 755 11 26 $
815 756 12 20 2

82 788 24 19 är
128 787 75 25 utsatt,
227 786 38 21 allt
286 786 107 26 framgent
416 786 116 21 bibehållas
548 787 36 20 vid
598 787 48 20 dem
661 788 115 21 tillerkänd
791 789 36 20 be-

81 820 73 21 frielse
172 820 48 20 från
239 820 114 25 landsvägs
374 820 38 20 och
428 820 72 21 dertill
515 821 94 20 hörande
624 821 75 21 broars
715 822 113 26 byggande

82 854 38 21 och
136 854 118 25 underhåll,
270 855 52 19 utan
338 852 61 22 äfven
415 853 65 21 blifva
495 854 33 21 för
543 854 114 21 framtiden
672 854 92 27 fritagne
780 855 49 22 från

82 888 133 21 utgifvandet
237 887 23 21 af
281 888 40 20 den
343 887 175 27 penningeafgift,
538 895 51 19 som,
608 889 33 20 för
660 889 41 20 slik
715 889 112 22 befrielses

82 922 131 27 åtnjutande,
236 922 66 26 enligt
323 921 152 27 förordningen
498 923 108 26 angående
628 922 141 22 lotshemman
788 924 38 21 och

80 956 174 27 boningsplatser
269 955 33 22 för
317 956 67 21 lotsar
400 958 55 19 samt
471 963 33 14 om
519 957 51 20 lots-
586 957 39 21 och
640 957 139 26 fyrbetjentes
789 957 36 21 fri-

81 991 60 20 heter
157 990 22 21 af
193 991 40 20 den
249 991 11 20 9
277 990 43 27 Maj
338 991 59 25 1870,
414 990 87 21 Kronan
517 991 95 26 tillfallit,
625 991 88 21 hvarom
724 991 102 21 särskildt

79 1025 144 20 förordnande
238 1025 83 20 komme
337 1026 32 19 att
383 1024 114 21 meddelas.

139 1058 119 21 Ständerna
266 1058 63 21 hafva
337 1058 6 20 i
353 1058 11 27 $
373 1059 12 20 3
393 1058 97 21 förordat
498 1060 32 19 att
537 1059 152 26 vägdistriktet
696 1060 47 21 icke
752 1060 75 26 skulle,

82 1093 70 21 såsom
175 1093 40 20 den
237 1092 59 21 förra
314 1092 161 26 propositionen
489 1092 123 26 innehåller,
628 1095 88 24 utgöras
732 1093 23 22 af
768 1094 58 21 kom-

81 1133 84 19 munen,
188 1128 51 19 utan
262 1126 23 21 af
301 1125 122 27 tingslaget,
439 1125 149 27 förnämligast
603 1127 23 20 af
640 1127 36 20 det
692 1127 46 20 skäl
753 1129 33 19 att
801 1128 25 20 de

80 1162 56 20 mest
150 1160 89 21 befarna
253 1161 100 24 vägarna,
370 1165 45 15 som
433 1159 73 21 fordra
522 1160 40 21 den
578 1160 100 26 drygaste
693 1161 135 20 underhålls-

80 1195 99 24 kostnad,
202 1194 98 25 vanligen
323 1193 49 21 leda
391 1193 48 20 från
454 1193 40 20 den
510 1200 40 13 ena
564 1194 157 26 moderkyrkan
736 1195 33 20 till
786 1195 40 20 den

81 1229 73 25 andra,
177 1229 56 19 samt
255 1229 32 19 att
304 1227 255 26 kapellförsamlingarne,
577 1227 34 20 för
626 1229 32 19 att
672 1228 72 25 undgå
760 1228 66 21 delta-

81 1263 78 26 gandet
170 1262 6 20 i
187 1261 238 25 moderförsamlingens
438 1261 235 26 vägbyggnadsbesvär,
685 1261 69 21 skulle
765 1261 62 21 träda

80 1302 27 14 ur
122 1295 128 27 gemenskap
265 1295 49 20 med
329 1294 68 21 denna
407 1294 7 20 i
424 1294 136 21 kommunala
570 1294 184 27 angelägenheter,
765 1295 62 20 hvar-

81 1331 84 25 igenom
187 1329 100 20 besväret
308 1327 70 21 blefve
400 1327 33 21 för
451 1328 227 25 moderförsamlingen
693 1329 60 19 desto
769 1335 58 13 mera

83 1361 141 27 betungande.
253 1361 50 20 Men
320 1361 59 20 detta
394 1359 23 21 af
431 1359 119 22 Ständerna
565 1361 90 20 anförda
670 1361 46 20 skäl
731 1361 39 20 har
780 1361 46 20 icke

83 1398 59 24 synts
157 1394 126 26 tillräckligt
298 1394 104 20 motivera
417 1393 41 20 den
473 1394 22 19 af
511 1394 47 20 dem
573 1393 122 26 föreslagna
708 1394 122 21 förändrin-

82 1436 47 20 gen,
152 1428 88 21 emedan
257 1426 252 26 moderförsamlingarne
527 1427 36 20 vid
578 1427 26 20 de
619 1428 56 20 mest
689 1427 88 21 befarna
791 1430 39 18 vä-

82 1469 66 21 garne
170 1462 61 21 äfven
255 1461 66 26 draga
343 1460 23 21 af
383 1460 47 21 dem
450 1462 68 19 större
533 1460 75 26 fördel,
625 1462 27 19 än
667 1461 26 21 de
708 1460 119 28 aflägsnare
