1025 1714
440 126 29 17 :0
486 121 49 22 21.

376 357 67 23 Hans
459 357 150 29 Kejserliga
623 357 137 29 Majestäts
776 356 79 31 nådiga

308 391 130 28 proposition
460 392 31 22 till
510 391 101 23 Finlands
634 392 94 28 Ständer,
747 390 107 30 angående

306 424 92 30 ändring
416 425 23 23 af
456 431 28 17 nu
502 426 98 28 gällande
615 425 79 29 lagbud
708 432 33 16 om
757 426 99 29 giftorätt

307 458 39 23 och
354 459 42 23 -arf
409 458 53 24 efter
471 459 104 23 Iandsrätt
585 460 55 23 samt
650 466 32 16 om
693 458 161 31 morgongåfva.

163 527 102 21 Finlands
277 528 35 20 vid
323 528 99 21 sednaste
433 528 103 26 landtdag
546 528 131 22 församlade
688 529 93 21 Ständer
791 529 65 21 hafva

98 560 43 22 'hos
157 561 61 21 Hans
233 561 121 27 Kejserliga
370 562 120 26 Majestät
485 556 10 37 i
501 562 172 27 underdänighet
688 563 117 21 framställt
818 569 36 20 pe-

101 596 64 20 tition
182 596 37 20 det
236 596 83 20 täcktes
338 596 60 21 Hans
414 596 121 27 Kejserliga
550 596 103 27 Majestät
667 596 111 27 förelägga
793 597 61 21 Stän-

103 630 66 20 derna
185 630 35 20 vid
235 630 177 21 nästkommande
427 631 104 26 landtdag
543 630 135 27 proposition
690 638 33 14 om
734 631 121 27 antagande

102 664 24 20 af
143 670 25 14 en
185 664 131 27 förordning,
333 664 130 27 derigenom,
479 665 49 21 med
543 665 91 26 ändring
650 665 39 21 och
704 665 151 27 upphäfvande

102 698 23 20 af
138 698 57 20 hvad
210 698 7 20 i
233 698 163 22 nedannämnda
410 699 136 21 hänseenden
561 699 33 21 uti
609 699 36 27 lag
660 699 104 27 stadgats,
776 700 24 26 a)
810 705 45 15 ma-

102 732 40 20 kar
157 732 86 21 tillades
259 732 44 21 lika
318 733 100 26 giftorätt
432 732 33 21 uti
480 733 110 26 egendom,
605 733 62 21 hvari
678 733 100 25 giftorätt
788 734 68 25 enligt

97 772 34 20 nu
154 766 98 26 gällande
274 766 36 26 lag
329 768 51 25 äger
398 773 48 14 rum
464 767 40 20 och
519 767 88 21 hvarom
622 773 77 20 genom
714 767 142 26 äktenskaps-

103 800 75 20 förord
193 800 47 21 icke
256 800 134 21 annorlunda
406 800 206 27 öfverenskommits,
629 800 23 26 6)
668 801 88 21 hustrus
767 802 45 19 rätt
821 800 35 21 till

102 834 155 26 morgongåfva
279 834 137 21 inskränktes
439 834 33 22 till
491 835 26 20 de
532 834 38 22 fall
585 834 28 21 då
627 835 44 21 hon
686 834 47 22 icke
748 835 39 20 har
802 835 55 20 barn

103 867 55 21 efter
173 874 98 20 mannen,
288 868 38 20 och
342 869 21 25 c)
379 868 150 21 arfslotternas
545 868 82 21 storlek
637 868 87 27 gjordes
735 868 121 21 oberoende

104 901 22 21 af
140 902 148 26 arfvingarnes
304 902 49 20 kön.

160 936 11 20 I
187 936 100 21 afseende
298 936 12 20 å
320 936 86 21 makars
422 936 99 26 giftorätt
531 936 8 21 i
549 936 63 21 deras
626 942 158 20 gemensamma
794 942 63 20 egen-

104 970 49 21 dom
170 970 87 26 stadgas
274 970 31 21 uti
323 972 26 19 10
363 970 49 26 kap.
430 970 25 21 G.
471 970 24 21 B.
511 972 38 24 att,
566 970 54 22 efter
635 970 113 26 landsrätt,
765 976 91 15 mannen

103 1004 132 20 tillkommer
250 1005 35 20 två
301 1004 60 21 delar
376 1004 40 21 och
430 1004 92 21 hustrun
539 1004 76 21 endast
630 1010 25 15 en
671 1004 112 26 tredjedel,
794 1004 63 20 hvar-

104 1040 58 19 emot
180 1038 75 21 makar
275 1044 45 15 som
335 1038 51 26 lyda
400 1038 68 20 under
484 1038 106 21 stadsrätt
605 1038 52 20 eller
673 1038 87 20 tillhöra
775 1040 82 24 preste-

103 1072 88 21 ståndet
212 1072 62 26 njuta
296 1071 100 27 giftorätt
410 1072 7 20 i
433 1072 51 21 boet
505 1072 34 20 till
561 1071 82 21 hälften
657 1072 113 21 hvardera.
801 1072 56 20 Ena-

103 1106 72 21 handa
191 1106 84 20 skilnad
291 1106 91 21 emellan
400 1106 71 21 lands-
487 1106 40 21 och
542 1106 106 21 stadsrätt
663 1108 63 24 göres
741 1106 32 20 uti
789 1107 13 20 2
818 1106 40 20 och

104 1142 12 20 3
132 1140 49 26 kap.
201 1135 26 25 Ä.
245 1140 24 20 B.
286 1140 7 20 i
309 1139 100 22 afseende
424 1140 13 20 å
452 1140 125 26 arfsrätten,
592 1140 8 20 i
615 1139 38 27 thy
669 1142 32 19 att
716 1139 54 21 efter
785 1140 72 20 lands-

104 1176 44 19 rätt
165 1174 62 21 fader
246 1174 71 21 ärfver
335 1174 79 21 dubbel
433 1174 41 20 lott
490 1175 57 19 emot
561 1173 80 26 moder,
658 1180 39 14 son
712 1175 58 19 emot
785 1174 72 20 dotter

104 1208 40 21 och
159 1209 80 20 broder
254 1209 57 20 emot
326 1209 76 25 syster,
422 1213 48 15 men
486 1208 55 21 efter
557 1207 105 21 stadsrätt
676 1207 107 22 hvardera
798 1207 60 22 ärfva

104 1243 50 20 lika.
185 1243 76 20 Denna
284 1242 85 21 skilnad
384 1242 7 21 i
406 1242 93 21 nämnda
521 1241 136 21 hänseenden
680 1241 91 22 emellan
786 1241 71 21 lands-

104 1276 40 21 och
163 1276 106 21 stadsrätt
287 1276 46 26 har,
353 1275 67 21 ehuru
438 1275 103 26 betingad
557 1275 22 20 af
593 1275 26 21 de
634 1275 37 20 vid
686 1275 49 21 dess
750 1275 107 21 tillkomst

105 1310 95 21 rådande
222 1309 155 26 förhållanden,
393 1310 7 20 i
416 1309 90 22 sednare
529 1309 31 20 tid
578 1309 82 20 funnits
679 1315 52 15 vara
747 1309 111 20 stridande

106 1345 56 19 emot
182 1344 53 19 både
254 1343 94 26 naturlig
363 1343 77 20 känsla
455 1343 40 20 och
508 1343 105 25 billighet,
631 1344 55 18 samt
700 1342 112 21 föranleda
827 1342 31 21 fa-

104 1377 218 27 miljeförvecklingar
341 1377 40 20 och
399 1377 87 24 tvister;
502 1375 100 22 hvarföre
618 1375 39 22 och
673 1377 51 19 enär
739 1376 19 25 ej
774 1376 83 20 mindre

105 1411 86 21 makars
214 1411 44 20 lika
280 1412 45 19 rätt
343 1410 34 21 till
393 1410 62 21 deras
471 1415 158 22 gemensamma
645 1409 111 27 egendom,
773 1411 27 19 än
815 1409 45 22 lika

106 1445 89 22 arfsrätt
217 1445 34 21 för
274 1451 39 15 son
332 1444 39 22 och
391 1445 77 25 dotter,
484 1444 79 21 broder
579 1444 38 21 och
634 1445 70 26 syster
720 1450 18 15 o.
755 1449 16 15 s.
786 1450 19 15 v.
822 1450 39 16 nu-
