<?xml version="1.0" encoding="UTF-8"?>
<alto xmlns="http://www.loc.gov/standards/alto/ns-v3#" xmlns:xlink="http://www.w3.org/1999/xlink" xmlns:xsi="http://www.w3.org/2001/XMLSchema-instance" xsi:schemaLocation="http://www.loc.gov/standards/alto/ns-v3# http://www.loc.gov/alto/v3/alto-3-0.xsd">
	<Description>
		<MeasurementUnit>pixel</MeasurementUnit>
		<sourceImageInformation>
			<fileName>/tmp/tess_m5974bag_input.PNG</fileName>
		</sourceImageInformation>
		<OCRProcessing ID="OCR_0">
			<ocrProcessingStep>
				<processingSoftware>
					<softwareName>tesseract 5.3.4</softwareName>
				</processingSoftware>
			</ocrProcessingStep>
		</OCRProcessing>
	</Description>
	<Layout>
		<Page WIDTH="1042" HEIGHT="1711" PHYSICAL_IMG_NR="0" ID="page_0">
			<PrintSpace HPOS="0" VPOS="0" WIDTH="1042" HEIGHT="1711">
				<ComposedBlock ID="cblock_0" HPOS="308" VPOS="135" WIDTH="502" HEIGHT="31">
					<TextBlock ID="block_0" HPOS="308" VPOS="135" WIDTH="502" HEIGHT="31">
						<TextLine ID="line_0" HPOS="308" VPOS="135" WIDTH="502" HEIGHT="31">
							<String ID="string_0" HPOS="308" VPOS="137" WIDTH="63" HEIGHT="22" WC="0.92" CONTENT="Ständ."/><SP WIDTH="17" VPOS="137" HPOS="371"/>
							<String ID="string_1" HPOS="388" VPOS="135" WIDTH="30" HEIGHT="23" WC="0.93" CONTENT="Sv."/><SP WIDTH="10" VPOS="135" HPOS="418"/>
							<String ID="string_2" HPOS="428" VPOS="149" WIDTH="32" HEIGHT="14" WC="0.92" CONTENT="—"/><SP WIDTH="16" VPOS="149" HPOS="460"/>
							<String ID="string_3" HPOS="476" VPOS="138" WIDTH="54" HEIGHT="28" WC="0.94" CONTENT="Prop."/><SP WIDTH="14" VPOS="138" HPOS="530"/>
							<String ID="string_4" HPOS="544" VPOS="138" WIDTH="33" HEIGHT="22" WC="0.96" CONTENT="N:o"/><SP WIDTH="15" VPOS="138" HPOS="577"/>
							<String ID="string_5" HPOS="592" VPOS="137" WIDTH="32" HEIGHT="22" WC="0.96" CONTENT="25."/><SP WIDTH="161" VPOS="137" HPOS="624"/>
							<String ID="string_6" HPOS="785" VPOS="140" WIDTH="25" HEIGHT="21" WC="0.96" CONTENT="15"/>
						</TextLine>
					</TextBlock>
				</ComposedBlock>
				<ComposedBlock ID="cblock_1" HPOS="256" VPOS="200" WIDTH="598" HEIGHT="765">
					<TextBlock ID="block_1" HPOS="261" VPOS="200" WIDTH="583" HEIGHT="90">
						<TextLine ID="line_1" HPOS="262" VPOS="200" WIDTH="578" HEIGHT="30">
							<String ID="string_7" HPOS="262" VPOS="201" WIDTH="89" HEIGHT="27" WC="0.95" CONTENT="tagande"/><SP WIDTH="21" VPOS="201" HPOS="351"/>
							<String ID="string_8" HPOS="372" VPOS="200" WIDTH="27" HEIGHT="26" WC="0.92" CONTENT="af"/><SP WIDTH="11" VPOS="200" HPOS="399"/>
							<String ID="string_9" HPOS="410" VPOS="201" WIDTH="63" HEIGHT="29" WC="0.93" CONTENT="ofvan"/><SP WIDTH="13" VPOS="201" HPOS="473"/>
							<String ID="string_10" HPOS="486" VPOS="201" WIDTH="127" HEIGHT="28" WC="0.73" CONTENT="föreskrifna"/><SP WIDTH="16" VPOS="201" HPOS="613"/>
							<String ID="string_11" HPOS="629" VPOS="201" WIDTH="108" HEIGHT="27" WC="0.96" CONTENT="anmälan,"/><SP WIDTH="15" VPOS="201" HPOS="737"/>
							<String ID="string_12" HPOS="752" VPOS="201" WIDTH="88" HEIGHT="28" WC="0.96" CONTENT="försälja"/>
						</TextLine>
						<TextLine ID="line_2" HPOS="261" VPOS="235" WIDTH="583" HEIGHT="29">
							<String ID="string_13" HPOS="261" VPOS="236" WIDTH="23" HEIGHT="19" WC="0.96" CONTENT="de"/><SP WIDTH="15" VPOS="236" HPOS="284"/>
							<String ID="string_14" HPOS="299" VPOS="235" WIDTH="36" HEIGHT="20" WC="0.96" CONTENT="vid"/><SP WIDTH="9" VPOS="235" HPOS="335"/>
							<String ID="string_15" HPOS="344" VPOS="235" WIDTH="106" HEIGHT="21" WC="0.93" CONTENT="desamma"/><SP WIDTH="8" VPOS="235" HPOS="450"/>
							<String ID="string_16" HPOS="458" VPOS="235" WIDTH="147" HEIGHT="29" WC="0.92" CONTENT="förfärdigade"/><SP WIDTH="6" VPOS="235" HPOS="605"/>
							<String ID="string_17" HPOS="611" VPOS="235" WIDTH="94" HEIGHT="29" WC="0.90" CONTENT="fabriks-"/><SP WIDTH="10" VPOS="235" HPOS="705"/>
							<String ID="string_18" HPOS="715" VPOS="235" WIDTH="46" HEIGHT="22" WC="0.93" CONTENT="eller"/><SP WIDTH="9" VPOS="235" HPOS="761"/>
							<String ID="string_19" HPOS="770" VPOS="235" WIDTH="74" HEIGHT="22" WC="0.89" CONTENT="handt-."/>
						</TextLine>
						<TextLine ID="line_3" HPOS="262" VPOS="269" WIDTH="126" HEIGHT="21">
							<String ID="string_20" HPOS="262" VPOS="269" WIDTH="126" HEIGHT="21" WC="0.91" CONTENT="verksvaror."/>
						</TextLine>
					</TextBlock>
					<TextBlock ID="block_2" HPOS="517" VPOS="308" WIDTH="66" HEIGHT="26">
						<TextLine ID="line_4" HPOS="517" VPOS="308" WIDTH="66" HEIGHT="26">
							<String ID="string_21" HPOS="517" VPOS="310" WIDTH="17" HEIGHT="24" WC="0.92" CONTENT="$"/><SP WIDTH="14" VPOS="310" HPOS="534"/>
							<String ID="string_22" HPOS="548" VPOS="308" WIDTH="35" HEIGHT="22" WC="0.94" CONTENT="10."/>
						</TextLine>
					</TextBlock>
					<TextBlock ID="block_3" HPOS="256" VPOS="354" WIDTH="589" HEIGHT="233">
						<TextLine ID="line_5" HPOS="330" VPOS="354" WIDTH="515" HEIGHT="29">
							<String ID="string_23" HPOS="330" VPOS="355" WIDTH="37" HEIGHT="19" WC="0.91" CONTENT="Att"/><SP WIDTH="15" VPOS="355" HPOS="367"/>
							<String ID="string_24" HPOS="382" VPOS="356" WIDTH="14" HEIGHT="20" WC="0.91" CONTENT="&amp;"/><SP WIDTH="16" VPOS="356" HPOS="396"/>
							<String ID="string_25" HPOS="412" VPOS="354" WIDTH="68" HEIGHT="22" WC="0.96" CONTENT="landet"/><SP WIDTH="13" VPOS="354" HPOS="480"/>
							<String ID="string_26" HPOS="493" VPOS="354" WIDTH="8" HEIGHT="20" WC="0.92" CONTENT="i"/><SP WIDTH="10" VPOS="354" HPOS="501"/>
							<String ID="string_27" HPOS="511" VPOS="354" WIDTH="94" HEIGHT="28" WC="0.91" CONTENT="afseende"/><SP WIDTH="11" VPOS="354" HPOS="605"/>
							<String ID="string_28" HPOS="616" VPOS="355" WIDTH="13" HEIGHT="20" WC="0.93" CONTENT="ä"/><SP WIDTH="4" VPOS="355" HPOS="629"/>
							<String ID="string_29" HPOS="633" VPOS="354" WIDTH="130" HEIGHT="29" WC="0.86" CONTENT="försäljning"/><SP WIDTH="10" VPOS="354" HPOS="763"/>
							<String ID="string_30" HPOS="773" VPOS="354" WIDTH="72" HEIGHT="28" WC="0.92" CONTENT="kring-"/>
						</TextLine>
						<TextLine ID="line_6" HPOS="256" VPOS="388" WIDTH="588" HEIGHT="29">
							<String ID="string_31" HPOS="256" VPOS="390" WIDTH="53" HEIGHT="27" WC="0.94" CONTENT="föra"/><SP WIDTH="15" VPOS="390" HPOS="309"/>
							<String ID="string_32" HPOS="324" VPOS="388" WIDTH="148" HEIGHT="22" WC="0.96" CONTENT="handelsvaror"/><SP WIDTH="13" VPOS="388" HPOS="472"/>
							<String ID="string_33" HPOS="485" VPOS="388" WIDTH="55" HEIGHT="29" WC="0.96" CONTENT="från"/><SP WIDTH="9" VPOS="388" HPOS="540"/>
							<String ID="string_34" HPOS="549" VPOS="389" WIDTH="55" HEIGHT="27" WC="0.95" CONTENT="gård"/><SP WIDTH="10" VPOS="389" HPOS="604"/>
							<String ID="string_35" HPOS="614" VPOS="388" WIDTH="31" HEIGHT="22" WC="0.92" CONTENT="till"/><SP WIDTH="9" VPOS="388" HPOS="645"/>
							<String ID="string_36" HPOS="654" VPOS="389" WIDTH="55" HEIGHT="27" WC="0.96" CONTENT="gård"/><SP WIDTH="10" VPOS="389" HPOS="709"/>
							<String ID="string_37" HPOS="719" VPOS="388" WIDTH="50" HEIGHT="22" WC="0.93" CONTENT="skall"/><SP WIDTH="5" VPOS="388" HPOS="769"/>
							<String ID="string_38" HPOS="774" VPOS="389" WIDTH="70" HEIGHT="28" WC="0.92" CONTENT="fram-"/>
						</TextLine>
						<TextLine ID="line_7" HPOS="263" VPOS="422" WIDTH="580" HEIGHT="29">
							<String ID="string_39" HPOS="263" VPOS="422" WIDTH="57" HEIGHT="25" WC="0.92" CONTENT="deles,"/><SP WIDTH="24" VPOS="422" HPOS="320"/>
							<String ID="string_40" HPOS="344" VPOS="423" WIDTH="80" HEIGHT="21" WC="0.93" CONTENT="likasom"/><SP WIDTH="17" VPOS="423" HPOS="424"/>
							<String ID="string_41" HPOS="441" VPOS="422" WIDTH="84" HEIGHT="26" WC="0.91" CONTENT="härtills,"/><SP WIDTH="16" VPOS="422" HPOS="525"/>
							<String ID="string_42" HPOS="541" VPOS="422" WIDTH="59" HEIGHT="28" WC="0.96" CONTENT="enligt"/><SP WIDTH="22" VPOS="422" HPOS="600"/>
							<String ID="string_43" HPOS="622" VPOS="424" WIDTH="5" HEIGHT="20" WC="0.89" CONTENT="1"/><SP WIDTH="17" VPOS="424" HPOS="627"/>
							<String ID="string_44" HPOS="644" VPOS="425" WIDTH="16" HEIGHT="23" WC="0.89" CONTENT="$"/><SP WIDTH="16" VPOS="425" HPOS="660"/>
							<String ID="string_45" HPOS="676" VPOS="423" WIDTH="15" HEIGHT="21" WC="0.96" CONTENT="6"/><SP WIDTH="14" VPOS="423" HPOS="691"/>
							<String ID="string_46" HPOS="705" VPOS="423" WIDTH="46" HEIGHT="28" WC="0.93" CONTENT="kap."/><SP WIDTH="17" VPOS="423" HPOS="751"/>
							<String ID="string_47" HPOS="768" VPOS="423" WIDTH="29" HEIGHT="22" WC="0.92" CONTENT="H."/><SP WIDTH="18" VPOS="423" HPOS="797"/>
							<String ID="string_48" HPOS="815" VPOS="423" WIDTH="28" HEIGHT="21" WC="0.92" CONTENT="B."/>
						</TextLine>
						<TextLine ID="line_8" HPOS="264" VPOS="457" WIDTH="581" HEIGHT="29">
							<String ID="string_49" HPOS="264" VPOS="465" WIDTH="51" HEIGHT="13" WC="0.93" CONTENT="vara"/><SP WIDTH="18" VPOS="465" HPOS="315"/>
							<String ID="string_50" HPOS="333" VPOS="457" WIDTH="107" HEIGHT="29" WC="0.95" CONTENT="förbjudet"/><SP WIDTH="23" VPOS="457" HPOS="440"/>
							<String ID="string_51" HPOS="463" VPOS="458" WIDTH="35" HEIGHT="20" WC="0.92" CONTENT="vid"/><SP WIDTH="22" VPOS="458" HPOS="498"/>
							<String ID="string_52" HPOS="520" VPOS="458" WIDTH="45" HEIGHT="20" WC="0.92" CONTENT="deri"/><SP WIDTH="22" VPOS="458" HPOS="565"/>
							<String ID="string_53" HPOS="587" VPOS="458" WIDTH="89" HEIGHT="27" WC="0.96" CONTENT="stadgad"/><SP WIDTH="15" VPOS="458" HPOS="676"/>
							<String ID="string_54" HPOS="691" VPOS="457" WIDTH="90" HEIGHT="29" WC="0.96" CONTENT="påföljd,"/><SP WIDTH="8" VPOS="457" HPOS="781"/>
							<String ID="string_55" HPOS="789" VPOS="458" WIDTH="56" HEIGHT="28" WC="0.96" CONTENT="från"/>
						</TextLine>
						<TextLine ID="line_9" HPOS="264" VPOS="491" WIDTH="581" HEIGHT="29">
							<String ID="string_56" HPOS="264" VPOS="492" WIDTH="75" HEIGHT="20" WC="0.96" CONTENT="hvilket"/><SP WIDTH="13" VPOS="492" HPOS="339"/>
							<String ID="string_57" HPOS="352" VPOS="492" WIDTH="77" HEIGHT="28" WC="0.96" CONTENT="förbud"/><SP WIDTH="16" VPOS="492" HPOS="429"/>
							<String ID="string_58" HPOS="445" VPOS="492" WIDTH="51" HEIGHT="20" WC="0.93" CONTENT="dock"/><SP WIDTH="14" VPOS="492" HPOS="496"/>
							<String ID="string_59" HPOS="510" VPOS="492" WIDTH="127" HEIGHT="28" WC="0.91" CONTENT="undantagas"/><SP WIDTH="12" VPOS="492" HPOS="637"/>
							<String ID="string_60" HPOS="649" VPOS="492" WIDTH="54" HEIGHT="27" WC="0.92" CONTENT="glas-"/><SP WIDTH="11" VPOS="492" HPOS="703"/>
							<String ID="string_61" HPOS="714" VPOS="492" WIDTH="37" HEIGHT="20" WC="0.93" CONTENT="och"/><SP WIDTH="10" VPOS="492" HPOS="751"/>
							<String ID="string_62" HPOS="761" VPOS="491" WIDTH="84" HEIGHT="26" WC="0.91" CONTENT="lerkärl,"/>
						</TextLine>
						<TextLine ID="line_10" HPOS="262" VPOS="525" WIDTH="583" HEIGHT="29">
							<String ID="string_63" HPOS="262" VPOS="525" WIDTH="232" HEIGHT="29" WC="0.84" CONTENT="fajanstillverkningar"/><SP WIDTH="21" VPOS="525" HPOS="494"/>
							<String ID="string_64" HPOS="515" VPOS="529" WIDTH="53" HEIGHT="17" WC="0.93" CONTENT="samt"/><SP WIDTH="22" VPOS="529" HPOS="568"/>
							<String ID="string_65" HPOS="590" VPOS="525" WIDTH="60" HEIGHT="21" WC="0.93" CONTENT="alster"/><SP WIDTH="18" VPOS="525" HPOS="650"/>
							<String ID="string_66" HPOS="668" VPOS="527" WIDTH="25" HEIGHT="26" WC="0.96" CONTENT="af"/><SP WIDTH="12" VPOS="527" HPOS="693"/>
							<String ID="string_67" HPOS="705" VPOS="526" WIDTH="90" HEIGHT="21" WC="0.93" CONTENT="inhemsk"/><SP WIDTH="12" VPOS="526" HPOS="795"/>
							<String ID="string_68" HPOS="807" VPOS="526" WIDTH="38" HEIGHT="28" WC="0.92" CONTENT="fa-"/>
						</TextLine>
						<TextLine ID="line_11" HPOS="264" VPOS="559" WIDTH="229" HEIGHT="28">
							<String ID="string_69" HPOS="264" VPOS="560" WIDTH="64" HEIGHT="20" WC="0.89" CONTENT="briks-"/><SP WIDTH="14" VPOS="560" HPOS="328"/>
							<String ID="string_70" HPOS="342" VPOS="559" WIDTH="34" HEIGHT="21" WC="0.93" CONTENT="och"/><SP WIDTH="16" VPOS="559" HPOS="376"/>
							<String ID="string_71" HPOS="392" VPOS="560" WIDTH="101" HEIGHT="27" WC="0.96" CONTENT="hemslöjd."/>
						</TextLine>
					</TextBlock>
					<TextBlock ID="block_4" HPOS="266" VPOS="593" WIDTH="583" HEIGHT="236">
						<TextLine ID="line_12" HPOS="338" VPOS="593" WIDTH="509" HEIGHT="30">
							<String ID="string_72" HPOS="338" VPOS="593" WIDTH="38" HEIGHT="22" WC="0.93" CONTENT="Till"/><SP WIDTH="14" VPOS="593" HPOS="376"/>
							<String ID="string_73" HPOS="390" VPOS="593" WIDTH="146" HEIGHT="30" WC="0.90" CONTENT="kringförande"/><SP WIDTH="15" VPOS="593" HPOS="536"/>
							<String ID="string_74" HPOS="551" VPOS="593" WIDTH="36" HEIGHT="22" WC="0.96" CONTENT="och"/><SP WIDTH="9" VPOS="593" HPOS="587"/>
							<String ID="string_75" HPOS="596" VPOS="593" WIDTH="128" HEIGHT="30" WC="0.95" CONTENT="försäljning"/><SP WIDTH="15" VPOS="593" HPOS="724"/>
							<String ID="string_76" HPOS="739" VPOS="595" WIDTH="26" HEIGHT="28" WC="0.96" CONTENT="af"/><SP WIDTH="14" VPOS="595" HPOS="765"/>
							<String ID="string_77" HPOS="779" VPOS="593" WIDTH="68" HEIGHT="29" WC="0.96" CONTENT="dylika"/>
						</TextLine>
						<TextLine ID="line_13" HPOS="266" VPOS="627" WIDTH="582" HEIGHT="30">
							<String ID="string_78" HPOS="266" VPOS="628" WIDTH="88" HEIGHT="21" WC="0.91" CONTENT="artiklar"/><SP WIDTH="21" VPOS="628" HPOS="354"/>
							<String ID="string_79" HPOS="375" VPOS="629" WIDTH="35" HEIGHT="20" WC="0.91" CONTENT="må"/><SP WIDTH="15" VPOS="629" HPOS="410"/>
							<String ID="string_80" HPOS="425" VPOS="628" WIDTH="116" HEIGHT="29" WC="0.90" CONTENT="välfrejdad"/><SP WIDTH="14" VPOS="628" HPOS="541"/>
							<String ID="string_81" HPOS="555" VPOS="627" WIDTH="37" HEIGHT="22" WC="0.96" CONTENT="och"/><SP WIDTH="15" VPOS="627" HPOS="592"/>
							<String ID="string_82" HPOS="607" VPOS="628" WIDTH="54" HEIGHT="27" WC="0.93" CONTENT="eljest"/><SP WIDTH="15" VPOS="628" HPOS="661"/>
							<String ID="string_83" HPOS="676" VPOS="628" WIDTH="105" HEIGHT="29" WC="0.91" CONTENT="oförvitlig"/><SP WIDTH="10" VPOS="628" HPOS="781"/>
							<String ID="string_84" HPOS="791" VPOS="628" WIDTH="57" HEIGHT="29" WC="0.96" CONTENT="finsk"/>
						</TextLine>
						<TextLine ID="line_14" HPOS="267" VPOS="662" WIDTH="580" HEIGHT="28">
							<String ID="string_85" HPOS="267" VPOS="663" WIDTH="133" HEIGHT="27" WC="0.95" CONTENT="medborgare"/><SP WIDTH="21" VPOS="663" HPOS="400"/>
							<String ID="string_86" HPOS="421" VPOS="663" WIDTH="25" HEIGHT="27" WC="0.96" CONTENT="af"/><SP WIDTH="20" VPOS="663" HPOS="446"/>
							<String ID="string_87" HPOS="466" VPOS="663" WIDTH="149" HEIGHT="21" WC="0.93" CONTENT="vederbörande"/><SP WIDTH="24" VPOS="663" HPOS="615"/>
							<String ID="string_88" HPOS="639" VPOS="662" WIDTH="110" HEIGHT="22" WC="0.95" CONTENT="Guvernör"/><SP WIDTH="20" VPOS="662" HPOS="749"/>
							<String ID="string_89" HPOS="769" VPOS="662" WIDTH="78" HEIGHT="23" WC="0.95" CONTENT="erhålla"/>
						</TextLine>
						<TextLine ID="line_15" HPOS="268" VPOS="697" WIDTH="580" HEIGHT="28">
							<String ID="string_90" HPOS="268" VPOS="697" WIDTH="94" HEIGHT="21" WC="0.93" CONTENT="tillstånd"/><SP WIDTH="13" VPOS="697" HPOS="362"/>
							<String ID="string_91" HPOS="375" VPOS="704" WIDTH="73" HEIGHT="20" WC="0.95" CONTENT="genom"/><SP WIDTH="15" VPOS="704" HPOS="448"/>
							<String ID="string_92" HPOS="463" VPOS="701" WIDTH="65" HEIGHT="24" WC="0.92" CONTENT="öppen"/><SP WIDTH="14" VPOS="701" HPOS="528"/>
							<String ID="string_93" HPOS="542" VPOS="698" WIDTH="140" HEIGHT="27" WC="0.92" CONTENT="förpassning,"/><SP WIDTH="15" VPOS="698" HPOS="682"/>
							<String ID="string_94" HPOS="697" VPOS="705" WIDTH="44" HEIGHT="14" WC="0.96" CONTENT="som"/><SP WIDTH="11" VPOS="705" HPOS="741"/>
							<String ID="string_95" HPOS="752" VPOS="697" WIDTH="36" HEIGHT="22" WC="0.93" CONTENT="bör"/><SP WIDTH="10" VPOS="697" HPOS="788"/>
							<String ID="string_96" HPOS="798" VPOS="697" WIDTH="50" HEIGHT="21" WC="0.89" CONTENT="årli-"/>
						</TextLine>
						<TextLine ID="line_16" HPOS="266" VPOS="731" WIDTH="583" HEIGHT="28">
							<String ID="string_97" HPOS="266" VPOS="739" WIDTH="38" HEIGHT="20" WC="0.93" CONTENT="gen"/><SP WIDTH="15" VPOS="739" HPOS="304"/>
							<String ID="string_98" HPOS="319" VPOS="732" WIDTH="90" HEIGHT="27" WC="0.88" CONTENT="förnyas."/><SP WIDTH="27" VPOS="732" HPOS="409"/>
							<String ID="string_99" HPOS="436" VPOS="731" WIDTH="104" HEIGHT="28" WC="0.88" CONTENT="Rättighet"/><SP WIDTH="17" VPOS="731" HPOS="540"/>
							<String ID="string_100" HPOS="557" VPOS="735" WIDTH="29" HEIGHT="17" WC="0.93" CONTENT="att"/><SP WIDTH="15" VPOS="735" HPOS="586"/>
							<String ID="string_101" HPOS="601" VPOS="731" WIDTH="90" HEIGHT="22" WC="0.91" CONTENT="beskatta"/><SP WIDTH="16" VPOS="731" HPOS="691"/>
							<String ID="string_102" HPOS="707" VPOS="732" WIDTH="38" HEIGHT="21" WC="0.93" CONTENT="slik"/><SP WIDTH="10" VPOS="732" HPOS="745"/>
							<String ID="string_103" HPOS="755" VPOS="733" WIDTH="94" HEIGHT="26" WC="0.91" CONTENT="närings-"/>
						</TextLine>
						<TextLine ID="line_17" HPOS="268" VPOS="765" WIDTH="581" HEIGHT="28">
							<String ID="string_104" HPOS="268" VPOS="766" WIDTH="72" HEIGHT="20" WC="0.92" CONTENT="idkare"/><SP WIDTH="16" VPOS="766" HPOS="340"/>
							<String ID="string_105" HPOS="356" VPOS="765" WIDTH="67" HEIGHT="21" WC="0.95" CONTENT="tillhör"/><SP WIDTH="15" VPOS="765" HPOS="423"/>
							<String ID="string_106" HPOS="438" VPOS="766" WIDTH="38" HEIGHT="21" WC="0.95" CONTENT="den"/><SP WIDTH="15" VPOS="766" HPOS="476"/>
							<String ID="string_107" HPOS="491" VPOS="766" WIDTH="103" HEIGHT="27" WC="0.95" CONTENT="kommun,"/><SP WIDTH="17" VPOS="766" HPOS="594"/>
							<String ID="string_108" HPOS="611" VPOS="766" WIDTH="81" HEIGHT="21" WC="0.96" CONTENT="hvarest"/><SP WIDTH="10" VPOS="766" HPOS="692"/>
							<String ID="string_109" HPOS="702" VPOS="766" WIDTH="41" HEIGHT="21" WC="0.96" CONTENT="han"/><SP WIDTH="10" VPOS="766" HPOS="743"/>
							<String ID="string_110" HPOS="753" VPOS="769" WIDTH="26" HEIGHT="18" WC="0.93" CONTENT="är"/><SP WIDTH="10" VPOS="769" HPOS="779"/>
							<String ID="string_111" HPOS="789" VPOS="773" WIDTH="60" HEIGHT="14" WC="0.91" CONTENT="man-"/>
						</TextLine>
						<TextLine ID="line_18" HPOS="268" VPOS="800" WIDTH="135" HEIGHT="29">
							<String ID="string_112" HPOS="268" VPOS="800" WIDTH="135" HEIGHT="29" WC="0.87" CONTENT="talsskrifven."/>
						</TextLine>
					</TextBlock>
					<TextBlock ID="block_5" HPOS="269" VPOS="833" WIDTH="585" HEIGHT="132">
						<TextLine ID="line_19" HPOS="340" VPOS="833" WIDTH="514" HEIGHT="30">
							<String ID="string_113" HPOS="340" VPOS="833" WIDTH="138" HEIGHT="29" WC="0.92" CONTENT="Uppsamling"/><SP WIDTH="15" VPOS="833" HPOS="478"/>
							<String ID="string_114" HPOS="493" VPOS="834" WIDTH="37" HEIGHT="22" WC="0.96" CONTENT="och"/><SP WIDTH="15" VPOS="834" HPOS="530"/>
							<String ID="string_115" HPOS="545" VPOS="835" WIDTH="84" HEIGHT="27" WC="0.96" CONTENT="uppköp"/><SP WIDTH="16" VPOS="835" HPOS="629"/>
							<String ID="string_116" HPOS="645" VPOS="835" WIDTH="25" HEIGHT="26" WC="0.93" CONTENT="af"/><SP WIDTH="13" VPOS="835" HPOS="670"/>
							<String ID="string_117" HPOS="683" VPOS="834" WIDTH="90" HEIGHT="29" WC="0.92" CONTENT="lumpor,"/><SP WIDTH="19" VPOS="834" HPOS="773"/>
							<String ID="string_118" HPOS="792" VPOS="833" WIDTH="62" HEIGHT="29" WC="0.93" CONTENT="tagel,"/>
						</TextLine>
						<TextLine ID="line_20" HPOS="269" VPOS="868" WIDTH="582" HEIGHT="28">
							<String ID="string_119" HPOS="269" VPOS="869" WIDTH="62" HEIGHT="26" WC="0.96" CONTENT="borst,"/><SP WIDTH="25" VPOS="869" HPOS="331"/>
							<String ID="string_120" HPOS="356" VPOS="868" WIDTH="44" HEIGHT="26" WC="0.93" CONTENT="hår,"/><SP WIDTH="24" VPOS="868" HPOS="400"/>
							<String ID="string_121" HPOS="424" VPOS="868" WIDTH="138" HEIGHT="26" WC="0.90" CONTENT="kreatursben,"/><SP WIDTH="23" VPOS="868" HPOS="562"/>
							<String ID="string_122" HPOS="585" VPOS="868" WIDTH="53" HEIGHT="22" WC="0.95" CONTENT="horn"/><SP WIDTH="19" VPOS="868" HPOS="638"/>
							<String ID="string_123" HPOS="657" VPOS="868" WIDTH="34" HEIGHT="22" WC="0.97" CONTENT="och"/><SP WIDTH="15" VPOS="868" HPOS="691"/>
							<String ID="string_124" HPOS="706" VPOS="872" WIDTH="66" HEIGHT="17" WC="0.96" CONTENT="annat"/><SP WIDTH="15" VPOS="872" HPOS="772"/>
							<String ID="string_125" HPOS="787" VPOS="868" WIDTH="64" HEIGHT="28" WC="0.96" CONTENT="dylikt"/>
						</TextLine>
						<TextLine ID="line_21" HPOS="270" VPOS="902" WIDTH="581" HEIGHT="29">
							<String ID="string_126" HPOS="270" VPOS="903" WIDTH="60" HEIGHT="28" WC="0.69" CONTENT="ajall"/><SP WIDTH="21" VPOS="903" HPOS="330"/>
							<String ID="string_127" HPOS="351" VPOS="906" WIDTH="25" HEIGHT="17" WC="0.96" CONTENT="är"/><SP WIDTH="20" VPOS="906" HPOS="376"/>
							<String ID="string_128" HPOS="396" VPOS="910" WIDTH="23" HEIGHT="14" WC="0.94" CONTENT="en"/><SP WIDTH="22" VPOS="910" HPOS="419"/>
							<String ID="string_129" HPOS="441" VPOS="903" WIDTH="52" HEIGHT="21" WC="0.96" CONTENT="hvar"/><SP WIDTH="17" VPOS="903" HPOS="493"/>
							<String ID="string_130" HPOS="510" VPOS="907" WIDTH="51" HEIGHT="17" WC="0.96" CONTENT="utan"/><SP WIDTH="17" VPOS="907" HPOS="561"/>
							<String ID="string_131" HPOS="578" VPOS="902" WIDTH="98" HEIGHT="22" WC="0.95" CONTENT="anmälan"/><SP WIDTH="16" VPOS="902" HPOS="676"/>
							<String ID="string_132" HPOS="692" VPOS="902" WIDTH="47" HEIGHT="22" WC="0.92" CONTENT="eller"/><SP WIDTH="15" VPOS="902" HPOS="739"/>
							<String ID="string_133" HPOS="754" VPOS="902" WIDTH="97" HEIGHT="22" WC="0.96" CONTENT="särskildt"/>
						</TextLine>
						<TextLine ID="line_22" HPOS="271" VPOS="937" WIDTH="230" HEIGHT="28">
							<String ID="string_134" HPOS="271" VPOS="937" WIDTH="97" HEIGHT="21" WC="0.93" CONTENT="tillstånd"/><SP WIDTH="16" VPOS="937" HPOS="368"/>
							<String ID="string_135" HPOS="384" VPOS="938" WIDTH="117" HEIGHT="27" WC="0.91" CONTENT="medgifvet."/>
						</TextLine>
					</TextBlock>
				</ComposedBlock>
				<ComposedBlock ID="cblock_2" HPOS="530" VPOS="1001" WIDTH="65" HEIGHT="27">
					<TextBlock ID="block_6" HPOS="530" VPOS="1001" WIDTH="65" HEIGHT="27">
						<TextLine ID="line_23" HPOS="530" VPOS="1001" WIDTH="65" HEIGHT="27">
							<String ID="string_136" HPOS="530" VPOS="1002" WIDTH="16" HEIGHT="26" WC="0.92" CONTENT="$"/><SP WIDTH="15" VPOS="1002" HPOS="546"/>
							<String ID="string_137" HPOS="561" VPOS="1001" WIDTH="34" HEIGHT="21" WC="0.94" CONTENT="11."/>
						</TextLine>
					</TextBlock>
				</ComposedBlock>
				<ComposedBlock ID="cblock_3" HPOS="273" VPOS="1046" WIDTH="586" HEIGHT="268">
					<TextBlock ID="block_7" HPOS="273" VPOS="1046" WIDTH="586" HEIGHT="236">
						<TextLine ID="line_24" HPOS="342" VPOS="1046" WIDTH="512" HEIGHT="30">
							<String ID="string_138" HPOS="342" VPOS="1046" WIDTH="82" HEIGHT="27" WC="0.64" CONTENT="Hvarje"/><SP WIDTH="10" VPOS="1046" HPOS="424"/>
							<String ID="string_139" HPOS="434" VPOS="1047" WIDTH="56" HEIGHT="29" WC="0.96" CONTENT="finsk"/><SP WIDTH="14" VPOS="1047" HPOS="490"/>
							<String ID="string_140" HPOS="504" VPOS="1047" WIDTH="133" HEIGHT="27" WC="0.63" CONTENT="medborgare"/><SP WIDTH="16" VPOS="1047" HPOS="637"/>
							<String ID="string_141" HPOS="653" VPOS="1050" WIDTH="25" HEIGHT="17" WC="0.93" CONTENT="är"/><SP WIDTH="16" VPOS="1050" HPOS="678"/>
							<String ID="string_142" HPOS="694" VPOS="1046" WIDTH="115" HEIGHT="28" WC="0.96" CONTENT="berättigad"/><SP WIDTH="16" VPOS="1046" HPOS="809"/>
							<String ID="string_143" HPOS="825" VPOS="1050" WIDTH="29" HEIGHT="16" WC="0.96" CONTENT="att"/>
						</TextLine>
						<TextLine ID="line_25" HPOS="274" VPOS="1080" WIDTH="580" HEIGHT="31">
							<String ID="string_144" HPOS="274" VPOS="1082" WIDTH="29" HEIGHT="21" WC="0.90" CONTENT="till"/><SP WIDTH="21" VPOS="1082" HPOS="303"/>
							<String ID="string_145" HPOS="324" VPOS="1082" WIDTH="76" HEIGHT="21" WC="0.95" CONTENT="utrikes"/><SP WIDTH="16" VPOS="1082" HPOS="400"/>
							<String ID="string_146" HPOS="416" VPOS="1085" WIDTH="32" HEIGHT="18" WC="0.96" CONTENT="ort"/><SP WIDTH="14" VPOS="1085" HPOS="448"/>
							<String ID="string_147" HPOS="462" VPOS="1082" WIDTH="80" HEIGHT="28" WC="0.93" CONTENT="utföra,"/><SP WIDTH="17" VPOS="1082" HPOS="542"/>
							<String ID="string_148" HPOS="559" VPOS="1081" WIDTH="96" HEIGHT="30" WC="0.92" CONTENT="derifrän"/><SP WIDTH="15" VPOS="1081" HPOS="655"/>
							<String ID="string_149" HPOS="670" VPOS="1081" WIDTH="71" HEIGHT="29" WC="0.96" CONTENT="införa"/><SP WIDTH="16" VPOS="1081" HPOS="741"/>
							<String ID="string_150" HPOS="757" VPOS="1081" WIDTH="36" HEIGHT="21" WC="0.96" CONTENT="och"/><SP WIDTH="14" VPOS="1081" HPOS="793"/>
							<String ID="string_151" HPOS="807" VPOS="1080" WIDTH="47" HEIGHT="21" WC="0.87" CONTENT="tull-"/>
						</TextLine>
						<TextLine ID="line_26" HPOS="273" VPOS="1115" WIDTH="586" HEIGHT="29">
							<String ID="string_152" HPOS="273" VPOS="1117" WIDTH="80" HEIGHT="20" WC="0.69" CONTENT="klarera"/><SP WIDTH="15" VPOS="1117" HPOS="353"/>
							<String ID="string_153" HPOS="368" VPOS="1119" WIDTH="52" HEIGHT="18" WC="0.93" CONTENT="samt"/><SP WIDTH="16" VPOS="1119" HPOS="420"/>
							<String ID="string_154" HPOS="436" VPOS="1115" WIDTH="83" HEIGHT="22" WC="0.95" CONTENT="emellan"/><SP WIDTH="15" VPOS="1115" HPOS="519"/>
							<String ID="string_155" HPOS="534" VPOS="1116" WIDTH="76" HEIGHT="21" WC="0.96" CONTENT="inrikes"/><SP WIDTH="15" VPOS="1116" HPOS="610"/>
							<String ID="string_156" HPOS="625" VPOS="1119" WIDTH="56" HEIGHT="18" WC="0.93" CONTENT="orter"/><SP WIDTH="9" VPOS="1119" HPOS="681"/>
							<String ID="string_157" HPOS="690" VPOS="1115" WIDTH="115" HEIGHT="29" WC="0.79" CONTENT="fortskafa"/><SP WIDTH="14" VPOS="1115" HPOS="805"/>
							<String ID="string_158" HPOS="819" VPOS="1123" WIDTH="40" HEIGHT="13" WC="0.90" CONTENT="va-."/>
						</TextLine>
						<TextLine ID="line_27" HPOS="274" VPOS="1149" WIDTH="581" HEIGHT="29">
							<String ID="string_159" HPOS="274" VPOS="1158" WIDTH="42" HEIGHT="17" WC="0.94" CONTENT="ror,"/><SP WIDTH="24" VPOS="1158" HPOS="316"/>
							<String ID="string_160" HPOS="340" VPOS="1150" WIDTH="104" HEIGHT="26" WC="0.91" CONTENT="äfvensom"/><SP WIDTH="24" VPOS="1150" HPOS="444"/>
							<String ID="string_161" HPOS="468" VPOS="1154" WIDTH="31" HEIGHT="17" WC="0.94" CONTENT="att"/><SP WIDTH="19" VPOS="1154" HPOS="499"/>
							<String ID="string_162" HPOS="518" VPOS="1157" WIDTH="54" HEIGHT="14" WC="0.93" CONTENT="vara"/><SP WIDTH="15" VPOS="1157" HPOS="572"/>
							<String ID="string_163" HPOS="587" VPOS="1150" WIDTH="119" HEIGHT="21" WC="0.91" CONTENT="medredare"/><SP WIDTH="15" VPOS="1150" HPOS="706"/>
							<String ID="string_164" HPOS="721" VPOS="1150" WIDTH="8" HEIGHT="20" WC="0.94" CONTENT="i"/><SP WIDTH="13" VPOS="1150" HPOS="729"/>
							<String ID="string_165" HPOS="742" VPOS="1149" WIDTH="63" HEIGHT="29" WC="0.96" CONTENT="skepp"/><SP WIDTH="14" VPOS="1149" HPOS="805"/>
							<String ID="string_166" HPOS="819" VPOS="1150" WIDTH="36" HEIGHT="24" WC="0.95" CONTENT="för"/>
						</TextLine>
						<TextLine ID="line_28" HPOS="274" VPOS="1183" WIDTH="582" HEIGHT="29">
							<String ID="string_167" HPOS="274" VPOS="1185" WIDTH="58" HEIGHT="21" WC="0.90" CONTENT="säväl"/><SP WIDTH="13" VPOS="1185" HPOS="332"/>
							<String ID="string_168" HPOS="345" VPOS="1185" WIDTH="75" HEIGHT="21" WC="0.95" CONTENT="inrikes"/><SP WIDTH="15" VPOS="1185" HPOS="420"/>
							<String ID="string_169" HPOS="435" VPOS="1192" WIDTH="43" HEIGHT="13" WC="0.96" CONTENT="som"/><SP WIDTH="11" VPOS="1192" HPOS="478"/>
							<String ID="string_170" HPOS="489" VPOS="1184" WIDTH="75" HEIGHT="21" WC="0.95" CONTENT="utrikes"/><SP WIDTH="10" VPOS="1184" HPOS="564"/>
							<String ID="string_171" HPOS="574" VPOS="1184" WIDTH="52" HEIGHT="27" WC="0.93" CONTENT="fart."/><SP WIDTH="31" VPOS="1184" HPOS="626"/>
							<String ID="string_172" HPOS="657" VPOS="1184" WIDTH="38" HEIGHT="20" WC="0.85" CONTENT="Til"/><SP WIDTH="10" VPOS="1184" HPOS="695"/>
							<String ID="string_173" HPOS="705" VPOS="1183" WIDTH="151" HEIGHT="29" WC="0.90" CONTENT="hufvudredare"/>
						</TextLine>
						<TextLine ID="line_29" HPOS="276" VPOS="1218" WIDTH="579" HEIGHT="29">
							<String ID="string_174" HPOS="276" VPOS="1221" WIDTH="24" HEIGHT="25" WC="0.95" CONTENT="aj"/><SP WIDTH="18" VPOS="1221" HPOS="300"/>
							<String ID="string_175" HPOS="318" VPOS="1220" WIDTH="73" HEIGHT="27" WC="0.64" CONTENT="fartyg"/><SP WIDTH="24" VPOS="1220" HPOS="391"/>
							<String ID="string_176" HPOS="415" VPOS="1220" WIDTH="35" HEIGHT="19" WC="0.96" CONTENT="mä"/><SP WIDTH="22" VPOS="1220" HPOS="450"/>
							<String ID="string_177" HPOS="472" VPOS="1219" WIDTH="51" HEIGHT="20" WC="0.96" CONTENT="dock"/><SP WIDTH="22" VPOS="1219" HPOS="523"/>
							<String ID="string_178" HPOS="545" VPOS="1219" WIDTH="71" HEIGHT="21" WC="0.93" CONTENT="endast"/><SP WIDTH="22" VPOS="1219" HPOS="616"/>
							<String ID="string_179" HPOS="638" VPOS="1218" WIDTH="119" HEIGHT="28" WC="0.92" CONTENT="välfrejdad"/><SP WIDTH="20" VPOS="1218" HPOS="757"/>
							<String ID="string_180" HPOS="777" VPOS="1225" WIDTH="78" HEIGHT="21" WC="0.96" CONTENT="person"/>
						</TextLine>
						<TextLine ID="line_30" HPOS="276" VPOS="1258" WIDTH="92" HEIGHT="24">
							<String ID="string_181" HPOS="276" VPOS="1258" WIDTH="92" HEIGHT="24" WC="0.90" CONTENT="antagas."/>
						</TextLine>
					</TextBlock>
					<TextBlock ID="block_8" HPOS="534" VPOS="1288" WIDTH="66" HEIGHT="26">
						<TextLine ID="line_31" HPOS="534" VPOS="1288" WIDTH="66" HEIGHT="26">
							<String ID="string_182" HPOS="534" VPOS="1289" WIDTH="17" HEIGHT="25" WC="0.91" CONTENT="$"/><SP WIDTH="14" VPOS="1289" HPOS="551"/>
							<String ID="string_183" HPOS="565" VPOS="1288" WIDTH="35" HEIGHT="20" WC="0.95" CONTENT="12."/>
						</TextLine>
					</TextBlock>
				</ComposedBlock>
				<ComposedBlock ID="cblock_4" HPOS="276" VPOS="1328" WIDTH="589" HEIGHT="169">
					<TextBlock ID="block_9" HPOS="276" VPOS="1328" WIDTH="589" HEIGHT="169">
						<TextLine ID="line_32" HPOS="349" VPOS="1328" WIDTH="510" HEIGHT="32">
							<String ID="string_184" HPOS="349" VPOS="1328" WIDTH="81" HEIGHT="26" WC="0.93" CONTENT="Önskar"/><SP WIDTH="22" VPOS="1328" HPOS="430"/>
							<String ID="string_185" HPOS="452" VPOS="1333" WIDTH="114" HEIGHT="27" WC="0.73" CONTENT="utländing,"/><SP WIDTH="22" VPOS="1333" HPOS="566"/>
							<String ID="string_186" HPOS="588" VPOS="1339" WIDTH="44" HEIGHT="13" WC="0.96" CONTENT="som"/><SP WIDTH="19" VPOS="1339" HPOS="632"/>
							<String ID="string_187" HPOS="651" VPOS="1333" WIDTH="46" HEIGHT="19" WC="0.96" CONTENT="med"/><SP WIDTH="13" VPOS="1333" HPOS="697"/>
							<String ID="string_188" HPOS="710" VPOS="1332" WIDTH="89" HEIGHT="26" WC="0.93" CONTENT="behörigt"/><SP WIDTH="16" VPOS="1332" HPOS="799"/>
							<String ID="string_189" HPOS="815" VPOS="1331" WIDTH="44" HEIGHT="21" WC="0.91" CONTENT="till-"/>
						</TextLine>
						<TextLine ID="line_33" HPOS="276" VPOS="1364" WIDTH="583" HEIGHT="30">
							<String ID="string_190" HPOS="276" VPOS="1367" WIDTH="63" HEIGHT="21" WC="0.96" CONTENT="stånd"/><SP WIDTH="21" VPOS="1367" HPOS="339"/>
							<String ID="string_191" HPOS="360" VPOS="1366" WIDTH="122" HEIGHT="28" WC="0.95" CONTENT="uppehåller"/><SP WIDTH="13" VPOS="1366" HPOS="482"/>
							<String ID="string_192" HPOS="495" VPOS="1366" WIDTH="30" HEIGHT="27" WC="0.96" CONTENT="sig"/><SP WIDTH="14" VPOS="1366" HPOS="525"/>
							<String ID="string_193" HPOS="539" VPOS="1366" WIDTH="9" HEIGHT="20" WC="0.96" CONTENT="i"/><SP WIDTH="14" VPOS="1366" HPOS="548"/>
							<String ID="string_194" HPOS="562" VPOS="1365" WIDTH="76" HEIGHT="25" WC="0.93" CONTENT="landet,"/><SP WIDTH="16" VPOS="1365" HPOS="638"/>
							<String ID="string_195" HPOS="654" VPOS="1364" WIDTH="50" HEIGHT="21" WC="0.93" CONTENT="idka"/><SP WIDTH="15" VPOS="1364" HPOS="704"/>
							<String ID="string_196" HPOS="719" VPOS="1364" WIDTH="96" HEIGHT="21" WC="0.91" CONTENT="handels-"/><SP WIDTH="16" VPOS="1364" HPOS="815"/>
							<String ID="string_197" HPOS="831" VPOS="1364" WIDTH="28" HEIGHT="21" WC="0.91" CONTENT="el-"/>
						</TextLine>
						<TextLine ID="line_34" HPOS="278" VPOS="1398" WIDTH="583" HEIGHT="31">
							<String ID="string_198" HPOS="278" VPOS="1401" WIDTH="32" HEIGHT="21" WC="0.92" CONTENT="ler"/><SP WIDTH="15" VPOS="1401" HPOS="310"/>
							<String ID="string_199" HPOS="325" VPOS="1400" WIDTH="158" HEIGHT="29" WC="0.84" CONTENT="fabriksrörelse"/><SP WIDTH="17" VPOS="1400" HPOS="483"/>
							<String ID="string_200" HPOS="500" VPOS="1399" WIDTH="47" HEIGHT="22" WC="0.95" CONTENT="eller"/><SP WIDTH="14" VPOS="1399" HPOS="547"/>
							<String ID="string_201" HPOS="561" VPOS="1402" WIDTH="66" HEIGHT="18" WC="0.93" CONTENT="annat"/><SP WIDTH="15" VPOS="1402" HPOS="627"/>
							<String ID="string_202" HPOS="642" VPOS="1398" WIDTH="135" HEIGHT="29" WC="0.92" CONTENT="näringsyrke"/><SP WIDTH="14" VPOS="1398" HPOS="777"/>
							<String ID="string_203" HPOS="791" VPOS="1398" WIDTH="9" HEIGHT="21" WC="0.96" CONTENT="i"/><SP WIDTH="13" VPOS="1398" HPOS="800"/>
							<String ID="string_204" HPOS="813" VPOS="1398" WIDTH="48" HEIGHT="22" WC="0.96" CONTENT="stad"/>
						</TextLine>
						<TextLine ID="line_35" HPOS="278" VPOS="1431" WIDTH="582" HEIGHT="31">
							<String ID="string_205" HPOS="278" VPOS="1435" WIDTH="46" HEIGHT="21" WC="0.92" CONTENT="eller"/><SP WIDTH="22" VPOS="1435" HPOS="324"/>
							<String ID="string_206" HPOS="346" VPOS="1435" WIDTH="13" HEIGHT="20" WC="0.92" CONTENT="&amp;"/><SP WIDTH="21" VPOS="1435" HPOS="359"/>
							<String ID="string_207" HPOS="380" VPOS="1433" WIDTH="144" HEIGHT="29" WC="0.92" CONTENT="landsbygden,"/><SP WIDTH="21" VPOS="1433" HPOS="524"/>
							<String ID="string_208" HPOS="545" VPOS="1437" WIDTH="48" HEIGHT="25" WC="0.92" CONTENT="göre"/><SP WIDTH="18" VPOS="1437" HPOS="593"/>
							<String ID="string_209" HPOS="611" VPOS="1433" WIDTH="71" HEIGHT="21" WC="0.92" CONTENT="derom"/><SP WIDTH="15" VPOS="1433" HPOS="682"/>
							<String ID="string_210" HPOS="697" VPOS="1432" WIDTH="113" HEIGHT="29" WC="0.93" CONTENT="ansökning"/><SP WIDTH="15" VPOS="1432" HPOS="810"/>
							<String ID="string_211" HPOS="825" VPOS="1431" WIDTH="35" HEIGHT="22" WC="0.96" CONTENT="hos"/>
						</TextLine>
						<TextLine ID="line_36" HPOS="281" VPOS="1466" WIDTH="584" HEIGHT="31">
							<String ID="string_212" HPOS="281" VPOS="1468" WIDTH="132" HEIGHT="23" WC="0.96" CONTENT="Guvernören"/><SP WIDTH="19" VPOS="1468" HPOS="413"/>
							<String ID="string_213" HPOS="432" VPOS="1469" WIDTH="8" HEIGHT="21" WC="0.89" CONTENT="i"/><SP WIDTH="14" VPOS="1469" HPOS="440"/>
							<String ID="string_214" HPOS="454" VPOS="1467" WIDTH="54" HEIGHT="23" WC="0.96" CONTENT="länet"/><SP WIDTH="14" VPOS="1467" HPOS="508"/>
							<String ID="string_215" HPOS="522" VPOS="1468" WIDTH="47" HEIGHT="22" WC="0.93" CONTENT="med"/><SP WIDTH="15" VPOS="1468" HPOS="569"/>
							<String ID="string_216" HPOS="584" VPOS="1467" WIDTH="111" HEIGHT="30" WC="0.88" CONTENT="bifogande"/><SP WIDTH="16" VPOS="1467" HPOS="695"/>
							<String ID="string_217" HPOS="711" VPOS="1467" WIDTH="25" HEIGHT="28" WC="0.93" CONTENT="af"/><SP WIDTH="13" VPOS="1467" HPOS="736"/>
							<String ID="string_218" HPOS="749" VPOS="1466" WIDTH="64" HEIGHT="29" WC="0.96" CONTENT="betyg,"/><SP WIDTH="17" VPOS="1466" HPOS="813"/>
							<String ID="string_219" HPOS="830" VPOS="1470" WIDTH="35" HEIGHT="18" WC="0.96" CONTENT="att."/>
						</TextLine>
					</TextBlock>
				</ComposedBlock>
			</PrintSpace>
		</Page>
	</Layout>
</alto>
