1059 1714
308 120 30 21 U.
357 123 29 16 B.
404 131 20 3 —
446 123 83 22 Prop.
546 121 49 24 N:o
609 121 47 23 23,
803 121 25 21 11

176 187 73 29 Nägra
263 187 7 22 i
286 187 40 22 den
341 188 67 21 finska
418 189 106 28 lagtexten
534 188 172 23 förekommande
716 189 92 29 spräkfel
818 189 38 21 har

108 221 110 22 Utskottet
232 222 48 21 sökt
294 224 31 19 att
340 222 95 28 aflägsna.

177 255 12 21 I
211 255 215 22 öfverensstämmelse
448 256 48 21 med
521 256 57 21 hvad
600 256 148 28 Lagutskottet
769 255 87 22 sälunda

108 288 46 22 haft
168 293 50 17 äran
232 289 78 25 anföra,
327 289 31 22 får
373 289 108 22 Utskottet
496 289 106 22 vördsamt
617 289 83 22 föreslå:

211 325 33 18 att
266 323 86 20 landets
374 323 117 28 höglofliga
515 323 96 21 Ständer
632 323 50 21 ville
696 323 8 21 i
719 323 39 21 sitt
776 329 51 15 svar
842 323 14 20 å

177 357 40 20 den
232 357 82 27 nådiga
326 357 164 27 propositionen
506 358 8 19 i
528 357 174 28 underdånighet
717 357 95 25 anmäla,
824 359 32 18 att

178 391 124 21 Ständerna
317 391 47 21 med
380 391 70 27 några
466 392 85 20 mindre
566 391 122 27 ändringar
698 391 97 28 godkänt
805 391 50 21 den-

176 432 82 14 samma
274 425 37 20 och
322 425 42 27 för
378 425 34 20 sin
428 425 34 21 del
477 426 87 27 antagit
579 432 25 13 en
619 425 129 28 sålydande:

250 466 144 31 Förordning,
413 465 112 31 angående
546 466 164 24 häradsnämnd.

427 505 29 26 $$
471 505 62 20 1—5.

355 538 74 28 Enligt
443 539 161 28 propositionen.

457 573 15 27 $
486 575 20 19 6.

210 607 54 25 Den,
280 613 45 14 som
340 607 34 20 till
389 607 144 21 nämndeman
549 607 51 21 vald
616 607 77 27 blifvit,
705 613 50 14 vare
766 607 87 20 berätti-

174 641 45 28 gad
234 643 33 19 att
282 641 122 27 uppdraget
419 641 33 27 sig
467 641 86 28 afsäga,
570 647 32 14 om
618 641 42 20 han
672 641 50 28 fylt
736 641 68 20 sextio
820 641 32 25 är,

175 676 51 20 eller
243 676 57 20 inom
315 675 25 20 de
355 677 73 18 senast
442 675 112 27 förflutna
569 681 37 14 sex
621 675 53 20 åren
689 675 114 20 enahanda
819 675 34 21 be-

170 709 102 27 fattning
289 709 107 26 innehaft,
414 709 52 20 eller
480 709 68 28 enligt
563 708 96 21 särskild
670 709 141 28 författning
827 711 26 18 är

169 743 59 24 från
248 743 148 28 skyldigheten
416 745 33 18 att
464 750 53 13 vara
533 743 144 20 nämndeman
692 743 92 26 befriad,
800 743 52 20 eller

174 777 38 21 ock
228 777 91 20 innehar
334 777 86 28 kyrklig
437 778 70 26 tjenst.
540 777 53 20 Sker
608 777 109 27 afsägelse
724 777 32 27 pä
766 777 85 20 sädana

173 811 103 28 grunder,
292 811 64 20 varde
372 813 47 25 nytt
434 811 36 20 val
484 813 76 25 genast
575 810 78 26 hället;
668 817 47 14 men
730 811 19 27 ej
764 811 35 20 mä
814 811 38 20 nä-

172 853 43 20 gon
230 845 60 28 eljest
305 845 52 21 slikt
371 845 114 27 sysslande
500 846 33 27 sig
549 845 153 28 undandraga,
718 847 54 18 utan
786 845 26 20 sä
826 846 27 19 är

173 882 33 19 att
220 879 76 21 skälen
311 879 76 26 derför
402 879 29 27 af
442 879 154 21 häradsrätten
611 879 133 27 godkännas.

423 913 30 28 $$
467 915 63 20 7—9.

406 947 148 22 Oförändrade.

448 983 14 27 $
477 985 33 18 10.

210 1017 44 21 Till
269 1017 118 21 underhåll
402 1017 37 20 vid
455 1017 74 27 tingen
545 1017 83 27 ätnjute
639 1017 107 20 nämnden
758 1023 24 13 en
790 1015 61 28 fjer-

173 1051 61 21 dedel
249 1051 31 26 af
291 1051 32 20 all
338 1051 168 29 tingsgästning.

444 1085 15 26 $
474 1086 33 20 11.

206 1119 159 27 Härförinnan
388 1121 94 25 antagen
503 1119 143 20 nämndeman
661 1125 51 14 vare
727 1118 122 27 berättigad

171 1156 39 23 att,
226 1160 32 14 om
274 1153 81 21 sådant
372 1155 52 18 utan
440 1153 113 27 olägenhet
568 1152 36 21 ske
619 1153 43 20 kan
677 1152 38 21 och
730 1152 65 27 giltig
810 1159 38 13 an-

172 1188 88 26 ledning
276 1188 34 20 till
326 1187 55 21 hans
397 1187 149 27 entledigande
562 1187 60 27 eljest
636 1186 20 27 ej
666 1186 130 27 förefinnes,
813 1186 37 20 vid

171 1222 35 20 sin
221 1221 123 27 befattning
355 1221 99 26 qvarstå;
470 1221 59 27 njute
545 1220 53 21 dock
613 1221 19 26 ej
647 1219 64 28 högre
726 1219 123 26 underhåll,

172 1257 28 18 än
216 1256 13 19 å
246 1255 76 20 honom
342 1255 33 27 sig
392 1255 83 26 belöper
490 1255 30 26 af
532 1255 40 20 den
588 1254 66 21 andel
668 1254 8 20 i
694 1254 156 27 tingsgästnin-

170 1296 47 20 gen,
233 1296 44 13 som
293 1289 92 20 nämden
401 1289 65 26 ofvan
482 1289 79 27 tillagd
576 1290 32 19 är.

446 1323 15 26 $
476 1325 35 19 12.

354 1356 73 27 Enligt
442 1355 155 28 propositionen

204 1389 139 28 Helsingfors,
360 1389 38 20 den
416 1390 10 19 7
444 1388 42 28 Maj
504 1389 60 20 1877.
