1042 1706
233 131 11 20 6
517 131 56 21 N:o
594 130 52 22 26.

203 197 39 21 och
262 197 64 21 södra
345 194 150 25 Österbottens
514 198 141 21 hufvudorter
672 197 110 27 Uleåborg
800 198 38 21 och
858 198 99 21 Nikolai-

204 231 48 21 stad
267 231 49 21 med
331 231 99 27 omkring
445 233 13 19 6
473 232 44 26 mil,
530 238 48 15 men
594 232 172 21 stambansnätet
781 232 96 21 deremot
887 232 7 20 i
905 232 52 21 dess

203 265 72 21 helhet
290 265 67 21 blifva
372 266 99 27 omkring
490 267 25 21 17
531 266 37 21 mil
583 266 87 21 kortare
686 266 40 21 och
740 266 88 26 vidpass
845 267 24 21 17
885 266 71 28 miljo-

203 306 39 15 ner
257 300 61 21 mark
333 300 98 27 billigare
447 302 26 19 än
489 306 34 16 om
538 301 40 21 den
593 302 73 20 vestra
681 300 127 22 stambanan
823 300 84 22 komme
921 301 34 21 till

204 334 119 21 utförande.

274 368 34 22 Då
327 364 172 32 Öfverstyrelsen
518 369 33 21 för
570 370 50 25 väg-
639 369 39 21 och
700 368 254 22 vattenkommunikatio-

203 409 66 15 nerna
285 404 66 26 jemte
369 403 134 27 underdänig
523 403 113 21 skrifvelse
655 404 22 20 af
696 404 41 20 den
756 404 12 20 8
788 404 98 20 sistlidne
903 403 51 27 Sep-

203 437 82 21 tember
300 438 87 20 insändt
403 438 100 26 samtliga
518 437 81 27 kartor,
610 437 107 27 ritningar
728 438 39 20 och
781 438 129 26 handlingar
920 439 35 20 rö-

203 472 67 21 rande
288 472 26 21 de
333 471 133 21 verkställda
481 471 324 27 jernvägsundersökningarna,
821 472 39 20 har
879 468 75 25 Öfver-

203 506 106 26 styrelsen
325 506 70 20 tillika
410 505 84 26 afgifvit
509 508 49 24 eget
572 505 81 27 förslag
668 507 33 20 till
717 505 67 22 finskt
799 505 154 27 stambansnät,

203 540 139 27 upptagande
357 541 170 25 nedannämnda,
544 540 12 21 &
567 546 26 15 en
604 540 93 21 särskild
708 540 63 21 karta
781 541 126 26 uppdragna
917 540 38 21 ba-

202 581 46 19 nor,
264 574 74 21 hvilka
353 575 66 26 enligt
435 570 182 31 Öfverstyrelsens
634 574 56 27 äsigt
700 575 67 20 borde
781 575 85 20 komma
877 575 33 20 till
921 575 33 20 ut-

203 609 89 21 förande
307 609 7 20 i
329 608 95 27 följande
440 609 100 26 ordning:

276 644 31 20 1:0
339 643 68 21 Södra
426 643 61 21 delen
507 644 22 20 af
542 645 72 19 vestra
635 643 127 21 stambanan
781 643 47 20 från
847 643 112 21 Tammer--

202 677 45 22 fors
263 677 34 21 till
311 677 107 21 Wälimaa
433 677 38 21 och
488 678 142 25 Nikolaistad,
646 678 42 20 260
703 679 69 24 verst;

275 713 34 20 2:0
339 712 70 21 Norra
432 711 61 21 delen
513 712 23 21 af
557 717 80 15 samma
655 711 57 21 bana
729 711 49 21 frän
797 711 105 21 Wälimaa
921 711 34 22 till

203 746 115 26 Uleäborg,
335 746 41 21 288
392 748 69 23 verst;

275 781 33 20 3:0
339 776 65 25 Östra
424 779 60 21 delen
504 780 22 20 af
540 780 109 21 mellersta
670 780 126 20 stambanan
812 779 47 21 frän
874 779 81 21 David-

204 815 47 20 stad
273 815 33 20 till
328 814 118 27 Jyväskylä
468 815 48 20 med
538 814 124 27 förgrening
684 814 34 20 till
741 813 92 28 Kuopio,
857 814 98 27 omkring

203 850 41 20 290
259 850 68 24 verst;

275 884 33 19 4:0
339 883 78 21 Vestra
433 883 61 20 delen
510 883 22 21 af
546 883 142 20 nästnämnda
703 883 56 20 bana
774 882 47 21 från
837 883 119 26 Jyväskylä

203 917 33 21 till
252 917 111 26 Wälimaa,
381 916 68 27 173!/,
464 919 67 24 verst;

275 953 33 20 5:0
339 951 278 27 Sammanbindningsbana'
632 951 47 21 från
694 951 144 21 Tammerfors
854 952 33 21 till
902 951 53 21 Kui-

202 986 97 21 vasmäki
316 986 52 21 eller
386 992 70 14 annan
475 987 87 26 lämplig
580 985 70 28 punkt
665 986 12 20 å
692 986 110 21 mellersta
821 986 134 26 stambanan,

203 1020 90 27 ungefär
311 1021 39 20 144
365 1021 69 24 verst;

275 1056 32 19 6:0
339 1050 65 25 Östra
423 1055 125 20 stambanan
567 1054 47 21 frän
634 1054 89 25 Wiborg
741 1054 33 21 till
794 1054 102 26 Joensuu,
913 1055 41 20 260

204 1090 67 24 verst;
289 1090 56 19 samt

275 1124 32 20 7:o
338 1122 149 21 Nästnämnda
505 1122 123 21 stambanas
643 1121 137 27 förlängning
794 1121 48 22 från
857 1123 97 20 Joensuu

203 1159 76 19 norrut
294 1156 60 22 öfver
369 1157 116 20 Idensalmi
501 1156 33 21 till
551 1156 113 26 Uleäborg,
681 1157 41 20 430
738 1158 65 19 verst.

274 1190 137 22 Beträffande
427 1190 150 27 sträckningen
593 1189 23 22 af
630 1190 40 21 den
686 1191 72 20 vestra
774 1190 126 21 stambanan
915 1190 42 21 har

204 1221 172 32 Öfverstyrelsen
396 1225 119 21 framhällit
535 1225 115 21 huruledes
670 1225 41 21 den
730 1224 57 27 äsigt
806 1225 96 26 uttalats,
922 1227 33 19 att

203 1260 70 21 denna
287 1259 57 21 bana
358 1259 67 20 borde
441 1259 78 25 dragas
534 1259 73 20 utmed
622 1258 52 21 eller
688 1259 7 20 i
711 1258 104 21 närheten
826 1258 22 21 af
858 1259 40 20 den
909 1260 46 19 vat-

203 1293 128 21 tendelande
348 1292 145 26 landthöjden,
514 1292 87 21 emedan
618 1291 68 21 denna
707 1292 125 26 sträckning
847 1292 109 21 sannolikt

203 1327 69 21 skulle
290 1327 8 20 i
313 1326 96 22 tekniskt
427 1326 100 22 afseende
545 1326 71 21 lemna
634 1326 50 20 vida
702 1326 201 27 fördelaktigtigare
921 1332 34 15 re-

203 1362 91 21 sultater
313 1363 27 19 än
359 1361 40 21 den
419 1361 74 26 längre
510 1361 41 21 ned
568 1362 45 20 mot
631 1360 115 22 Bottniska
765 1361 74 21 vikens
858 1361 52 21 kust
925 1367 31 15 nu

203 1395 133 22 undersökta
354 1395 71 26 linien,
445 1395 85 22 hvilken
550 1395 51 21 skär
621 1396 81 20 största
722 1395 62 21 delen
800 1395 23 21 af
840 1395 26 21 de
881 1391 74 26 Öster-

203 1431 110 22 bottniska
329 1430 94 22 elfvarne
438 1430 29 27 pä
481 1430 91 27 ungefär
586 1430 82 21 midten
683 1430 23 21 af
720 1431 62 20 deras
797 1430 49 27 lopp
858 1430 39 21 och
908 1431 50 21 der-

201 1466 48 21 före
263 1467 40 25 gör
317 1465 53 22 flera
385 1465 53 27 dyra
458 1465 164 28 brobyggnader
636 1465 142 27 nödvändiga.
808 1465 77 22 Denna
900 1465 59 27 äsigt
