1050 1717
283 140 32 19 U.
327 140 28 19 8.

373 149 22 3 —
410 140 81 23 Prop.
507 140 44 18 N:o
565 140 38 18 24.
828 135 12 21 7

110 251 157 20 Bondeståndet.

634 202 270 8 —
820 189 48 28 —
873 189 15 28 —
901 189 2 28 -

420 251 111 20 Utskottets
549 248 291 28 sammanjemkningsförslag.

32 348 105 20 mensamt
147 347 71 22 hållas
227 348 69 26 öppen
306 354 36 20 ge-

37 381 49 15 nom
101 375 103 27 plogning
222 376 39 20 och
274 376 68 20 skott-

37 403 64 27 ning"
117 410 19 14 o.
152 410 16 14 s.
184 410 19 14 v.
215 404 67 26 enligt
294 410 48 20 pro-

38 432 128 27 positionen.

71 460 65 21 Mom.
155 461 10 19 1
188 462 24 19 är
230 460 112 27 godkändt

37 489 49 21 med
102 489 77 27 tillägg
193 489 8 21 i
216 489 41 21 den
272 488 80 26 finska!

38 519 73 19 texten
134 518 55 20 efter
209 517 63 21 ordet
289 517 53 27 ,jär-

38 546 59 21 vien*
120 546 23 21 af
168 546 66 21 orden
257 552 85 21 ,meren

38 574 101 22 lahtien”.

66 603 41 21 Till
133 609 61 14 mom.
226 604 14 19 2
266 604 76 24 antogs

38 637 62 15 mom.
126 632 12 20 3
163 631 7 21 i
198 631 40 21 den
264 630 79 27 nädiga

38 660 168 26 propositionen.

389 460 49 21 Som
462 460 41 21 den
525 460 33 21 för
574 462 31 19 ett
619 459 163 21 ständerbeslut
797 459 105 21 erforder-

360 488 45 27 liga
426 488 111 27 pluralitet
563 488 134 21 beträffande
720 488 12 20 3
754 488 118 20 momentet
896 487 8 21 i

361 517 78 27 nädiga
455 517 161 27 propositionen
631 516 122 26 förefinnes,
763 516 40 21 och
813 516 90 21 Ridder-

361 546 76 26 skapet
453 546 39 20 och
507 546 81 21 Adelns
603 547 56 19 samt
678 544 174 22 Bondeständets
867 545 35 20 be-

361 574 44 21 slut
427 580 33 15 om
483 574 77 27 tillägg
582 574 34 21 till
638 574 34 27 8:n
687 574 7 20 i
710 573 68 27 öfrigt
792 573 47 21 icke
854 573 49 21 med

361 603 123 20 hvarandra
508 602 197 25 öfverensstämmä,
731 602 25 20 sä
778 608 62 14 anser
864 601 39 21 Ut-

361 630 82 22 skottet
457 631 66 27 nägot
541 630 301 27 sammanjemkningsförslag
856 629 48 22 icke

361 655 114 35 erfordras.
913 667 1 4 |

389 688 10 20 I
423 688 72 26 öfrigt,
511 688 38 20 och
565 694 45 14 som
627 688 39 20 den
683 687 33 21 för
732 688 32 20 ett
779 686 136 22 ständerbe-
907 682 12 36 |

362 716 43 21 slut
427 716 80 27 nödiga
521 716 112 27 pluralitet
648 715 117 21 förefinnes
780 716 7 20 i
803 715 39 21 här
857 714 47 22 icke

362 745 141 21 omförmälda
527 745 65 25 delar,
616 744 39 21 har
673 744 113 21 Utskottet
805 744 48 20 med
868 750 36 14 an-

362 773 88 27 ledning
465 773 23 21 af
502 774 26 20 de
543 773 154 25 äterremisser,
714 772 88 21 hvartill
818 772 36 21 vid
869 772 36 20 be-

363 802 104 26 handling
487 802 23 21 af
527 802 124 21 Utskottets
672 801 138 21 betänkande
825 800 8 21 i
848 800 58 22 vissa

363 830 60 21 delar
440 830 108 27 beslutits,
569 830 75 21 endast
661 830 49 21 bort
725 830 73 20 härom
814 823 102 31 anmäla.
910 819 11 39 |

391 894 136 26 Helsingfors
543 895 41 21 den
600 895 23 20 11
642 894 119 21 December
781 894 58 21 1877.
915 885 2 30 |

104 1521 66 23 Bihang
182 1520 29 18 till
224 1521 93 18 Sammans,
330 1520 44 23 Lag-
390 1526 13 11 o.
418 1520 172 18 Ekonomiutskottels
605 1520 111 17 Betänkande
728 1520 33 18 N:o
780 1520 17 18 9.
