1070 1706
426 144 55 22 Nio
498 143 47 22 81.
821 146 12 20 5

113 203 45 26 har,
181 204 29 26 pä
231 204 76 27 gjorda
330 205 151 27 ansökningar,
497 206 7 20 i
524 206 76 27 sjelfva
618 207 75 21 verket
708 208 99 26 beviljats
823 208 39 21 föl-

109 237 67 27 jande
191 238 89 27 belopp:

256 267 31 26 År
304 274 51 20 1871
387 290 40 4 2.
493 290 75 5 0.0.
599 276 126 24 88,400:
707 263 21 42 —

264 323 12 10 »
303 308 53 20 1892
387 323 75 5 2...
528 325 40 4 00.
598 310 127 24 40,200:
706 298 21 40 —

264 358 12 9 »
303 342 53 20 18788
423 358 4 5 <.
493 360 75 4 00.
599 344 125 25 23,000:
706 333 21 40 —

263 392 12 9 »
303 376 53 21 1874
387 393 75 5 svs
493 394 39 4 ss
564 394 4 4 sv
599 378 126 26 31,600:
706 367 22 41 —

304 411 52 20 1875
598 413 128 25 26,200:
706 403 23 40 —

184 445 41 19 9:0.
255 427 31 38 På
301 445 69 26 grund
386 427 23 39 at
423 428 64 44 stadg
476 428 92 39 gandet
572 446 7 20 i
598 448 20 19 11
637 446 12 27 $
665 447 23 20 af
701 447 159 21 Folkskoleför-

113 478 119 26 ordningen
248 478 39 21 den
305 480 23 19 11
346 479 43 26 Maj
411 480 59 25 1866,
487 486 33 14 om
536 480 134 21 anställande
685 480 24 21 af
722 480 139 22 folkskolein-

114 512 112 26 spektorer
242 512 33 22 för
290 513 167 21 öfvervakandet
476 514 22 20 af
515 514 147 21 folkskolorna
677 514 28 27 på
720 515 78 25 landet,
814 515 46 26 har,

112 546 55 21 efter
182 546 36 21 det
234 547 64 21 dessa
312 548 84 20 skolors
412 548 58 20 antal
486 548 5 20 i
508 548 96 27 betydlig
619 549 48 20 mån
682 549 100 25 tillvuxit,
800 548 60 21 Skol-

113 579 172 28 öfverstyrelsen,
302 581 85 27 jemlikt
405 582 122 21 densamma
542 582 7 21 i
564 582 59 21 Mars
639 583 77 20 månad
733 584 53 20 1873
802 583 58 21 med-

113 614 63 21 delad
199 614 121 28 befallning,
345 616 88 20 anställt
456 616 71 27 dylika
544 616 135 27 inspektorer
697 617 6 20 i
719 617 76 25 skilda,
812 619 48 18 när-

112 654 58 15 mare
187 649 111 21 bestämda
313 650 88 21 distrikt
415 650 57 21 inom
488 651 78 25 landet,
583 651 32 20 till
632 653 31 19 ett
678 651 57 21 antal
752 651 23 21 af
789 651 70 26 tjugu-

112 682 48 26 fem,
183 683 28 26 på
233 685 44 19 sätt
296 680 181 31 Öfverstyrelsens
493 685 47 20 från
556 685 83 27 trycket
654 685 83 27 utgifna
752 685 108 21 årsberät-

112 717 66 21 telser
200 718 131 21 omförmäla.
362 718 69 22 Häraf
451 719 38 20 har
507 719 118 21 föranledts
644 726 26 14 en
689 719 58 21 förut
762 719 46 21 icke
823 720 37 20 be-

112 752 82 20 räknad
205 752 65 26 utgift
280 752 7 21 i
299 752 38 21 och
351 753 33 21 för
395 753 280 27 folkskoleinspektorernes
686 753 172 26 resekostnader.

109 786 86 26 jemlikt
210 786 128 27 stadgandet
353 787 6 20 i
377 788 25 20 13
418 787 11 27 8
445 787 23 21 af
482 788 120 26 åberopade
618 788 131 26 förordning.

183 820 33 21 De
239 821 191 21 sammanräknade
451 821 117 26 utgifterna
587 821 34 21 för
639 821 220 21 folkskolväsendet
848 816 14 35 i

113 855 32 21 sin
168 855 72 21 helhet
258 855 109 21 äfvensom
386 856 33 20 för
434 856 167 20 blindanstalten
618 856 6 20 i
639 856 86 26 Kuopio
740 855 69 26 hafva,
825 856 34 20 så-

112 890 46 20 vidt
173 890 26 20 de
214 890 72 26 utgått
300 890 48 21 från
364 890 218 27 bevillningsmedlen,
598 890 91 26 utgjort:

112 924 33 21 för
160 924 51 21 åren
229 925 138 21 1871—1875
406 941 4 5 .
441 941 4 5 .
476 941 4 5 so
512 942 4 4 so
547 942 4 4 so
618 941 40 5 LR
691 925 117 26 1,956,368:
824 925 34 20 36.

112 959 80 21 Härtill
208 959 95 21 kommer
317 960 152 25 presumerade
484 960 98 26 utgifter:

112 993 34 21 för
161 993 24 21 år
202 994 53 20 1876
300 1010 39 4 <s
371 1010 4 4 sc
442 1010 4 5 ss
479 989 19 35 so
513 1010 4 4 so
548 1010 4 4 so
584 1010 39 4 sv
654 1010 4 4 +
710 994 98 25 511,705:
824 1003 26 5 —

112 1028 33 21 för
161 1028 23 20 år
202 1029 52 20 1877
300 1044 39 5 cos
371 1045 40 4 ss
548 1044 110 5 L
710 1028 98 25 535,700:
823 1038 29 4 —

691 1073 117 26 3,003,773:
824 1073 34 20 36.

112 1108 33 21 Då
160 1108 56 20 ifrån
232 1108 68 21 denna
320 1113 82 15 summa
419 1107 99 27 afdrages
536 1108 119 21 förenämn-

141 1142 32 26 de,
203 1142 22 21 åt
255 1143 166 25 entreprenören
449 1142 23 20 af
494 1142 161 26 nybyggnader-

140 1183 28 14 na
190 1177 33 20 för
248 1177 123 20 seminariet
395 1177 7 20 i
427 1176 85 21 Ekenäs
537 1176 118 25 utbetalda,

141 1217 46 14 men
200 1210 206 27 bevillningsfonden
418 1210 121 21 sedermera
546 1210 109 26 godtgjor-

142 1245 27 20 da
184 1245 125 26 ersättning,
325 1244 120 26 utgörande
463 1245 74 24 15,000
552 1243 67 26 mark,
631 1243 24 21 sä

141 1279 83 26 uppgår
239 1278 174 27 utgiftssumman
429 1278 46 21 till.
506 1295 4 4 .
542 1295 4 4 .
577 1295 5 4 .
612 1294 4 4 .
689 1277 120 26 2,988,773:
825 1277 34 20 36.

113 1312 106 26 hvarföre,
236 1312 27 21 dä
278 1312 46 21 frän
340 1312 63 21 ofvan
419 1312 141 21 observerade
574 1317 82 16 summa

141 1346 90 25 tillgång
260 1362 4 4 .
295 1362 4 4 .
437 1361 75 4 e
613 1360 41 5 LL
691 1345 119 24 3,058,965:
826 1344 34 20 30.

111 1379 101 26 afdrages
228 1385 82 14 summa
325 1361 65 44 utgift
401 1361 4 38 .
436 1395 76 4 sea
690 1378 119 25 2,988,773:
825 1377 35 20 36.

112 1414 34 21 vid
169 1414 114 26 periodens
306 1413 81 26 utgäng
407 1413 69 21 skulle
494 1391 68 52 finnas
578 1395 4 4 €
578 1418 26 15 en
613 1394 42 39 be

140 1448 96 27 hållning
252 1447 47 22 af
293 1443 17 36 .
331 1464 4 4 so
365 1464 5 5 so
401 1464 4 5 os
437 1463 4 6 se
472 1464 4 4 so
507 1464 4 4 so
542 1464 4 4 so
578 1463 4 4 so
613 1463 40 4 eos
727 1446 83 26 70,191:
826 1445 34 21 94.
