1045 1709
221 139 13 21 6
402 141 27 18 U.
445 141 29 18 B.
490 150 26 4 —
531 142 82 22 Prop.
629 141 48 18 N:o
691 142 36 18 25.

193 200 196 26 penningevärdets
404 200 99 26 nedgång
517 200 45 26 och,
583 200 13 20 å
610 200 41 21 den
667 200 73 26 andra,
756 200 142 26 uppkomsten
914 200 23 21 af

195 239 27 15 en
242 233 79 27 mängd
343 239 42 21 nya
400 234 122 20 storartade
537 234 90 26 företag.
657 233 70 21 Dessa
741 234 145 21 absorberade
901 234 34 21 väl

194 267 35 22 till
244 274 27 15 en
286 267 75 28 början
378 267 26 22 de
419 267 137 28 tillgängliga
570 267 191 27 arbetskrafterna,
775 274 56 21 men,
847 269 51 21 enär
909 274 27 15 en

195 303 81 26 mängd
297 302 24 21 af
341 302 93 21 berörda
448 302 84 27 företag
548 302 95 21 saknade
658 302 55 21 solid
729 303 69 26 grund
811 303 41 21 och
867 303 70 22 öfver-

196 337 164 26 spekulationen
383 343 38 15 var
435 337 85 26 allmän,
535 337 65 27 gingo
615 343 27 15 en
657 339 46 19 stor
719 337 34 21 del
768 337 23 22 af
805 337 47 22 dem
868 337 69 22 öfver-

196 371 63 26 ända,
274 370 157 22 framkallande
446 373 31 19 ett
494 370 159 28 affärsbetryck,
663 377 45 16 som
717 371 94 22 sträckte
820 372 47 21 sina
876 372 62 21 verk-

196 404 78 27 ningar
296 404 34 22 till
350 405 50 20 vida
415 404 91 26 kretsar,
522 405 38 21 och
583 405 98 21 lemnade
705 406 52 20 utan
772 405 167 28 sysselsättning

196 445 84 16 massor
297 438 24 22 af
334 439 106 26 arbetare,
455 438 74 22 hvilka
543 439 68 22 under
627 438 81 22 sädana
723 439 149 22 förhällanden
887 439 53 22 föllo

197 473 7 22 i
220 473 111 22 händerna
349 473 28 27 pä
392 473 100 22 öfverallt
506 473 134 22 verksamma
655 473 144 22 socialistiska
814 474 126 27 agitatorer,

198 506 24 22 af
243 507 84 21 hvilkas
350 507 170 27 upphetsningar
542 507 89 27 ejheller
653 507 27 21 de
695 507 106 27 arbetare,
816 513 47 16 som
878 514 62 21 qvar-

198 543 88 20 stannat
300 541 8 21 i
323 541 48 21 sina
385 541 163 28 anställningar,
562 541 84 22 kunnat
654 541 67 22 blifva
736 541 111 27 oberörda,
858 541 85 22 hvilket

199 575 39 22 hos
261 575 55 27 dem,
338 575 69 21 bland
427 577 72 25 annat,
513 575 46 22 ledt
574 575 33 22 till
622 575 138 22 vårdslöshet
774 576 7 20 i
797 576 95 21 arbetets
908 577 33 20 ut-

200 609 96 22 förande.
332 609 43 22 För
397 609 67 28 öfrigt
484 609 56 22 hade
554 615 49 16 man
618 609 32 22 uti
666 616 29 15 nu
710 609 101 28 gällande
825 609 64 27 tyska
905 611 40 20 nä-

200 643 103 28 ringslag,
311 644 65 21 hvars
391 644 101 27 giltighet
507 644 75 27 vidtog
597 643 49 22 med
660 644 109 27 ingången
783 644 24 21 af
818 643 47 22 året
881 644 61 26 1869,

200 678 76 27 begått
291 678 37 21 det
350 677 36 27 fel,
409 680 32 19 att
456 679 42 20 den
513 679 45 21 helt
573 679 39 21 och
627 678 68 21 hållet
709 678 118 22 afskaffade
843 679 99 26 lärlings-

200 712 82 22 bandet
297 713 55 21 samt
367 712 98 22 lemnade
479 713 51 26 inga
544 712 137 22 föreskrifter
696 712 111 28 angående
822 713 122 21 ordnandet

201 746 24 21 af
238 746 145 22 förhållandet
398 746 91 21 emellan
504 747 128 21 arbetarena
647 746 109 27 inbördes,
768 747 24 26 ja
807 747 42 21 den
865 747 79 20 saknar

200 780 125 22 tillochmed
342 781 136 26 bestämning
493 787 34 15 om
542 781 63 21 straff
617 781 34 21 för
665 780 180 27 kontraktsbrott,
862 781 85 21 hvilket

202 814 47 21 helt
270 815 106 26 naturligt
397 815 69 21 måste
488 815 50 21 leda
559 815 34 20 till
611 813 114 28 sjelfsvåld
743 814 47 21 från
805 815 140 21 arbetarenes

203 848 53 27 sida,
272 848 57 22 helst
339 849 34 26 då,
389 849 71 22 såsom
474 849 64 28 sagdt
553 850 30 26 är,
599 855 102 21 personer
710 849 48 22 icke
766 848 95 27 saknats,
871 848 74 22 hvilka

202 884 142 26 uppmuntrat
366 883 49 22 dem
437 884 79 21 dertill.
552 883 90 28 Engång
665 883 71 22 vanda
756 883 35 21 vid
811 883 136 22 stadslifvets

204 917 137 22 förströelser
357 917 40 22 och
411 917 79 22 lättare
504 917 88 27 förvärf,
607 917 66 22 hafva
688 918 127 21 arbetarene
829 918 49 21 icke
892 917 55 22 kun-

203 953 39 19 nat
262 951 80 22 förmås
364 953 33 20 att
420 952 68 27 draga
509 954 25 19 ut
548 951 34 22 till
596 951 156 27 landsbygden,
768 952 37 21 der
821 952 68 21 under
904 951 43 22 alla

206 985 63 22 dessa
292 985 149 22 förhållanden
464 987 125 27 isynnerhet
604 986 33 21 för
649 986 130 27 jordbruket
794 993 26 14 en
835 985 113 27 verkligen

205 1019 98 22 kännbar
318 1019 55 22 brist
387 1020 28 27 på
429 1021 80 26 nödiga
523 1027 71 15 armar
608 1020 105 27 uppstått,
729 1022 51 19 utan
793 1019 115 27 föredraga
916 1021 34 19 att

206 1055 130 25 qvarstanna
358 1054 8 21 i
381 1054 109 27 städerna,
505 1055 32 20 uti
552 1054 74 22 hvilka
641 1054 70 21 nöden
726 1053 137 27 följaktligen
879 1053 70 22 måste

206 1088 69 21 blifva
290 1088 76 22 endast
375 1088 23 21 så
406 1089 84 26 mycket
506 1090 76 20 större.
611 1087 126 28 Uppgiften,
753 1089 32 20 att
801 1088 26 21 de
835 1087 115 28 betryckta

206 1122 165 22 förhållandena
392 1123 7 20 i
413 1122 110 27 Tyskland
537 1122 49 22 icke
599 1122 66 21 hafva
679 1122 33 21 sin
727 1121 70 27 grund
812 1121 7 21 i
835 1122 41 20 den
891 1121 59 21 med-

207 1156 61 28 gifna
288 1156 190 27 näringsfriheten,
493 1156 111 22 bekräftas
617 1155 79 27 jemväl
712 1155 67 26 deraf,
794 1157 33 19 att
841 1154 109 28 klagomål

208 1190 61 22 öfver
277 1191 94 26 menliga
385 1190 78 27 följder
477 1190 23 21 af
514 1196 26 15 en
556 1190 66 21 sådan
637 1189 67 22 frihet
718 1189 48 22 icke
780 1189 107 26 försports
902 1188 48 21 från

208 1225 67 27 något
297 1227 66 19 annat
384 1225 58 26 land,
464 1225 40 21 och
526 1224 55 21 dock
604 1226 44 24 äro,
667 1223 70 22 såsom
752 1223 70 27 sagdt,
837 1222 115 22 enahanda

208 1259 147 26 anordningar
376 1258 8 20 i
407 1259 61 20 detta
490 1257 102 22 afseende
612 1257 60 21 öfver
693 1257 51 20 hela
758 1257 41 20 den
815 1256 137 21 civilicerade

207 1291 90 22 verlden
311 1291 92 21 införda.

277 1327 11 20 I
310 1325 83 28 princip
409 1325 75 28 gjorde
499 1325 33 27 sig
548 1324 66 22 också
628 1323 193 28 näringsfrihetens
837 1323 116 28 grundsat-

209 1367 36 16 ser
260 1361 39 21 hos
315 1366 35 16 oss
365 1360 100 27 gällande
480 1360 67 22 redan
562 1359 35 22 vid
613 1359 139 22 1863—1864
768 1358 62 22 årens
840 1358 113 26 landtdag,

210 1395 68 22 ehuru
303 1397 32 20 ett
359 1394 133 23 omedelbart
515 1393 166 29 genomförande
699 1393 23 22 af
737 1393 108 21 desamma
859 1392 34 21 till
909 1391 44 23 alla

211 1431 67 27 delar,
292 1431 50 21 med
356 1432 64 24 rätta,
436 1430 28 21 då
479 1432 57 20 ännu
550 1429 48 22 icke
613 1428 78 28 ansågs
706 1428 102 27 förenligt
823 1427 48 22 med
887 1426 66 27 nödig

210 1465 102 23 omtanke
327 1464 34 22 för
376 1464 59 22 såväl
450 1464 37 22 det
501 1464 118 21 allmännas
635 1469 45 15 som
695 1462 104 22 särskildt
815 1462 26 21 de
855 1461 99 27 närings-

279 1512 125 17 Sammensatta
416 1511 37 23 Lag
466 1510 30 18 och
508 1510 84 18 Ekonomi
603 1510 90 17 utskottets
706 1508 104 18 betänkande
822 1508 35 18 N:o
869 1508 17 16 3.
