1042 1706
245 146 26 20 62
433 145 29 23 U.
476 145 29 23 B.
520 159 26 3 —
562 145 75 28 Prop.
653 144 45 22 N:o
710 144 42 23 26.

215 208 74 27 tighet,
304 214 46 15 som
364 206 96 28 framgår
475 207 24 21 af
512 206 35 22 det
558 206 63 22 ofvan
632 206 74 28 sagda,
719 206 65 21 linien
792 206 174 22 Tammerfors—

216 242 173 27 Alavo—(event.
406 240 254 28 Ilmola)—Nikolaistad.

283 275 63 22 Hvad
361 276 100 26 slutligen
475 274 68 28 angår
558 275 40 21 den
614 274 90 22 relativa
717 274 124 28 betydelsen
853 276 56 20 samt
924 274 42 22 den

217 310 59 21 derat
297 310 108 22 beroende
426 310 58 21 tiden
502 309 35 21 för
559 308 121 29 byggandet
698 309 25 21 af
744 308 26 21 de
784 308 69 22 under
868 310 12 19 2
896 308 39 22 och
952 310 13 20 3

216 344 39 21 här
274 344 62 22 ofvan
358 344 124 27 föreslagna
503 343 75 26 banor,
600 343 83 21 hvilkas
701 342 115 22 utförande
834 342 7 21 i
856 342 56 22 hvad
927 342 38 22 fall

216 385 45 15 som
276 378 56 21 helst
346 378 47 21 icke
409 378 42 21 kan
466 377 68 22 under
548 378 109 21 närmaste
672 376 87 22 framtid
774 377 8 21 i
797 376 62 28 fråga
873 377 92 26 komma,

216 419 63 15 anser
294 412 39 27 jag
347 412 36 21 vid
397 412 141 21 betraktande
553 412 24 21 af
593 410 87 29 frågans
696 411 106 21 outredda
816 410 102 26 tillstånd,
934 413 32 19 att

217 447 134 22 densammas
374 446 131 22 besvarande
527 446 40 22 bör
588 447 82 21 lemnas
692 446 44 21 tills
757 446 74 21 vidare
848 445 117 26 beroende;

217 481 53 22 dock
285 489 62 20 synes
363 481 36 21 det
413 481 44 28 mig
471 487 46 15 som
532 488 34 14 om
582 481 48 22 med
648 480 100 22 afseende
764 479 12 23 å
791 480 124 22 nuvarande
929 480 36 22 be-

216 515 116 28 folknings-
355 516 40 21 och
419 514 232 29 odlingsförhållanden
674 515 118 21 företrädet
814 514 67 22 borde
899 515 66 21 tiller-

216 550 81 21 kännas
312 550 127 21 kustbanan.

656 586 30 23 E.
705 585 192 30 Wasastjerna.

285 630 10 21 I
309 629 135 22 förestående
459 629 130 22 reservation
603 629 87 21 förenar
702 629 38 27 jag
755 629 44 27 mig

668 677 61 24 Joh.
748 677 45 23 Er.
810 677 78 24 Keto.

285 790 33 22 Då
335 791 34 21 det
385 790 23 22 af
417 791 83 21 landets
515 790 116 29 höglofliga
642 790 92 21 Ständer
744 789 100 23 nedsatta
854 789 114 30 Jernvägs-

216 825 104 22 utskottet
334 824 42 23 fått
394 825 33 28 sig
447 825 35 21 det
496 824 62 23 svåra
573 825 121 27 uppdraget
710 826 32 20 att
756 825 76 26 pröfva
847 824 119 29 Styrelsens

216 860 80 27 förslag
311 860 33 21 till
359 862 30 19 ett
403 860 149 21 stambanenät
567 859 34 22 för
613 860 143 27 jernvägarne
771 859 7 20 i
793 859 98 26 Finland,
907 859 39 22 och
960 860 7 21 i

217 894 145 28 föreliggande
372 894 135 21 betänkande
518 894 46 21 icke
575 893 92 22 allenast
676 893 112 28 föreslagit
798 895 30 20 ett
838 893 49 22 hela
894 894 73 21 landet

217 929 138 26 omfattande,
370 929 7 20 i
392 928 121 28 möjligaste
528 927 67 23 måtto
613 928 137 27 fullständigt
768 927 77 22 sådant
860 929 44 25 nät,
919 935 49 15 men

217 963 61 22 äfven
293 963 103 28 tillstyrkt
410 963 93 21 beslutet
518 970 32 14 om
564 963 123 27 byggandet
697 963 24 20 af
730 969 25 14 en
763 962 107 27 jernbana
879 969 45 20 upp
934 963 33 20 till

217 998 134 21 Nikolaistad
362 1010 26 3 —
401 997 38 22 allt
454 997 68 22 under
532 997 150 22 användandet
698 997 24 21 af
730 1004 82 14 samma
822 997 145 28 byggnadssy-

217 1034 53 19 stem
279 1039 45 14 som
332 1031 34 22 för
383 1031 25 22 de
420 1032 66 21 redan
498 1031 127 22 trafikerade
636 1031 154 21 stambanorna
800 1031 8 20 i
818 1031 74 22 landet
899 1031 69 22 blifvit.

217 1066 122 27 tillämpadt
356 1079 27 2 —
403 1065 24 22 så
445 1073 63 20 synes
523 1066 43 27 mig
581 1065 110 22 Utskottet
706 1065 64 22 hafva
786 1065 82 28 afgifvit
883 1065 38 22 sitt
935 1068 32 27 yt-

217 1101 76 21 trande
311 1101 68 20 under
398 1100 33 21 för
451 1102 55 19 stort
520 1100 122 21 förtroende
657 1100 33 21 till
706 1100 41 20 den
762 1101 108 20 närmaste
885 1099 82 22 framti-

218 1135 39 21 den
277 1135 39 21 och
335 1134 84 21 landets
433 1134 128 27 produktiva
576 1134 87 21 krafter.
693 1134 29 27 Ty
735 1133 27 22 dä
776 1133 67 22 redan
854 1134 35 21 det
899 1133 68 23 mäste

217 1176 62 14 anses
297 1169 34 20 för
349 1176 26 13 en
395 1171 46 18 stor
457 1168 92 27 djerfhet
564 1170 32 19 att
611 1168 51 27 vilja
676 1168 72 27 bygga
764 1175 26 14 en
802 1168 106 27 jernbana
923 1175 44 20 upp

217 1203 33 20 till
267 1202 133 21 sisinämnda
419 1202 54 25 stad,
493 1202 89 27 belägen
600 1201 68 22 under
687 1201 40 21 639
744 1201 45 26 lat.,
804 1209 26 14 en
845 1201 122 28 breddgrad

217 1237 32 20 till
274 1236 85 21 hvilken
386 1237 57 19 ännu
470 1236 53 21 intet
548 1235 51 22 land
621 1235 7 21 i
651 1235 93 26 verlden,
767 1235 24 21 sä
812 1235 46 22 vidt
877 1235 44 28 mig
943 1237 25 20 är

217 1270 86 25 bekant,
317 1269 69 21 utfört
401 1276 25 14 en
441 1269 49 20 med
506 1269 35 21 det
556 1269 69 27 öfriga
637 1269 167 26 jernbanenätet
818 1269 149 21 sammanhän-

217 1304 69 28 gande
298 1303 98 28 jernväg,
412 1303 40 22 och
460 1303 83 21 hvilken
551 1302 123 28 breddgrad
688 1301 49 23 värt
750 1302 120 28 grannland
881 1302 86 29 Sverige

217 1339 82 27 knappt
318 1339 57 20 ännu
394 1339 87 20 närmar
498 1338 37 27 sig,
552 1339 27 20 än
594 1337 83 22 mindre
692 1337 103 28 uppnått;
811 1336 24 23 sä
850 1338 24 21 är
889 1337 36 22 det
939 1339 28 20 än

217 1380 59 15 mera
295 1373 64 28 djerft
377 1373 40 21 och
436 1371 70 23 säsom
524 1372 44 29 mig
588 1379 61 22 synes
667 1372 46 21 icke
732 1372 34 21 väl
782 1372 93 26 betänkt,
892 1374 33 20 att
938 1371 29 29 pä

216 1407 23 23 sä
247 1407 142 27 otillräckliga
397 1407 96 22 skälsom
498 1407 119 22 Utskottets
624 1407 136 22 betänkande
767 1407 136 28 framlägger,
909 1407 57 28 skju-

216 1446 23 19 ta
250 1443 73 28 hvarje
334 1442 100 29 billigare
445 1442 189 29 byggnadssystem
648 1441 22 22 åt
681 1441 61 23 sidan
750 1442 34 21 för
794 1444 31 19 att
832 1441 45 22 helt
883 1441 42 22 lätt
933 1449 34 14 ac-

283 1483 182 22 Jernvägs-Utskottets
476 1483 108 17 betänkande.
