1042 1703
238 121 26 18 74
420 119 29 22 U.
464 119 28 22 B.
509 131 26 3 —
549 119 74 28 Prop.
639 119 44 22 N:o
699 119 36 22 26.

208 180 82 21 fördela
298 181 31 26 sig
338 180 61 21 äfven
407 181 32 20 till
447 181 115 20 hamnarne
570 181 6 20 i
585 180 82 21 landets
675 180 64 21 södra
748 180 39 21 och
796 180 109 27 sydvestra
913 180 41 21 del.

209 214 37 20 Att
268 213 52 26 åter,
344 213 69 21 såsom
428 214 115 24 Utskottet,
559 214 110 27 splittradt
691 221 45 13 som
756 213 35 21 det
805 213 55 21 varit
875 214 6 19 i
897 213 57 21 olika

208 247 218 28 meningsfraktioner,
442 247 56 22 velat
513 247 84 26 föreslå,
613 249 27 20 än
654 247 92 28 fullfölja
764 247 39 22 den
818 254 45 19 ena,
875 249 26 19 än
914 247 41 22 den

208 282 68 21 andra
294 282 71 25 linien,
384 282 33 21 för
436 284 32 19 att
483 281 89 22 sålunda
587 282 67 26 skapa
669 281 110 26 bandelar,
794 281 71 21 hvilka
879 281 54 21 först
948 282 6 20 i

208 323 25 14 en
248 315 96 28 aflägsen
360 315 92 26 framtid,
470 315 27 22 då
508 316 160 27 jernvägsnätet
681 316 77 21 hunnit
773 315 134 28 fullständigt
921 318 33 18 ut-

207 350 90 25 vecklas,
312 349 71 21 kunde
399 348 22 22 få
436 350 32 20 sin
483 351 56 20 rätta
554 350 114 28 betydelse,
684 357 51 14 vore
749 350 65 20 likväl
829 351 56 19 ännu
901 350 52 20 min-

209 384 37 20 dre
260 385 28 19 än
302 383 66 28 något
383 386 66 19 annat
464 386 32 19 att
510 384 181 26 rekommendera,
708 384 89 21 emedan
812 384 83 21 landets
910 390 44 15 ma-

208 417 81 22 teriella
308 418 81 21 krafter
404 417 97 27 sålunda,
516 420 51 19 utan
583 418 148 21 motsvarande
747 425 62 20 gagn,
825 418 68 21 skulle
908 418 46 20 bin-

208 452 37 20 das
263 452 34 20 för
316 458 25 14 en
357 452 94 27 aflägsen
467 452 92 26 framtid,
574 452 84 21 hvilken
673 451 107 22 måhända
795 452 70 27 aldrig
887 452 68 21 skulle

206 486 83 20 randas.
320 486 63 21 Klart
398 488 24 19 är
438 486 111 28 nemligen,
565 488 32 20 att
612 493 26 15 en
653 486 74 28 längre
739 486 152 28 jernvägslinie
907 486 47 22 med

206 520 94 28 naturlig
326 520 110 27 slutpunkt
460 522 54 20 samt
535 520 103 28 lämpliga
660 521 121 27 grenbanor
804 520 61 22 alltid
886 520 68 22 måste

206 554 84 21 komma
306 556 32 19 att
352 554 54 22 bära
421 555 32 27 sig
467 555 70 21 bättre
553 556 26 20 än
596 562 25 14 en
637 555 86 21 kortare
737 554 75 26 sådan,
828 554 31 22 till
870 555 84 21 hvilken

205 587 67 28 några
286 588 94 27 planlöst
395 589 105 27 anbragta
515 589 114 21 sidobanor
645 589 84 21 ansluta
744 589 38 28 sig.

273 622 61 22 Hvad
351 623 39 21 den
407 625 71 19 vestra
492 624 126 21 stambanan
633 624 86 20 särskilt
734 623 110 26 beträffar,
853 624 53 20 skall
918 624 35 21 det

205 664 51 14 vara
272 656 40 22 lätt
328 659 31 19 att
378 657 50 26 inse,
449 660 31 18 att
496 658 45 27 just
559 658 69 21 denna
643 658 63 25 bana,
722 658 91 21 framom
829 658 73 27 hvarje
917 665 36 14 an-

205 698 48 19 nan,
272 692 8 20 i
298 691 133 21 närvarande
450 691 64 21 stund
533 693 24 20 är
571 692 34 21 för
619 692 73 21 landet
707 692 93 27 behöflig
815 693 40 20 och
871 692 83 21 derföre

205 725 66 27 gifver
290 725 25 22 de
334 725 62 22 bästa
418 726 90 27 utsigter
529 726 34 21 för
585 728 32 19 att
638 727 72 20 kunna
732 726 54 21 bära
807 727 38 26 sig.
880 727 75 20 Denna

204 759 62 26 bana,
282 759 83 22 hvilken
381 760 68 21 blefve
468 767 44 14 mer
531 761 26 20 än
574 762 26 19 75
615 763 58 18 verst
688 761 86 20 kortare
789 762 27 19 än
832 761 64 20 linien
911 761 42 20 Da-

204 793 214 26 vidstad-Uleåträsk,
436 794 68 21 skulle
523 795 104 27 nemligen
646 794 93 28 fortlöpa
757 793 96 26 sålunda,
872 797 32 18 att
925 793 29 28 på

204 827 47 22 dess
266 830 70 19 vestra
352 828 46 21 sida
412 829 83 20 komme
511 831 31 18 att
557 828 52 22 falla
623 829 49 21 hela
687 829 35 21 det
732 829 91 21 folkrika
835 824 118 26 Österbott-

203 862 61 21 niska
286 862 127 26 kustlandet,
437 863 84 21 hvarest
543 863 78 21 handel
640 863 39 21 och
695 863 107 27 jordbruk
821 862 81 29 årligen
922 863 31 22 bi-

204 896 67 27 draga
289 896 33 21 till
341 896 127 22 förökandet
487 897 23 21 af
526 899 31 19 ett
575 897 66 21 redan
664 897 130 28 förefintligt,
817 897 136 28 aktningbju-

204 930 69 21 dande
291 929 103 27 välstånd,
415 930 13 21 å
446 931 68 21 andra
533 931 67 26 sidan,
617 931 46 21 åter
678 931 26 22 de
719 931 24 22 af
756 933 30 20 ett
801 931 153 28 månglänkadt

204 967 149 26 vattensystem
373 965 127 22 bevattnade
518 965 46 22 inre
583 965 86 22 delarne
689 965 24 21 af
729 965 108 22 mellersta
856 966 97 26 Finland,

203 999 81 21 hvilkas
306 999 47 21 rika
371 999 186 27 malmtillgångar,
581 999 80 27 otaliga
680 999 69 22 forsar
768 1001 39 20 och
826 1000 32 21 till
881 1001 72 27 odling

203 1032 88 28 tjenliga
309 1032 85 22 marker
413 1033 75 21 endast
506 1034 64 20 vänta
585 1032 28 28 på
628 1035 32 19 att
675 1040 75 20 genom
765 1034 82 26 kapital
863 1034 41 21 och
919 1040 34 14 ar-

203 1066 47 21 bete
270 1068 62 26 göras
351 1066 177 28 fruktbringande
547 1067 34 21 för
599 1067 50 21 land
665 1068 40 20 och
720 1067 51 22 folk.
801 1068 78 20 Härtill
895 1068 58 21 kom-

204 1108 50 17 mer,
270 1103 32 19 att
318 1100 40 22 den
374 1102 70 20 vestra
458 1101 70 21 banan
544 1100 29 28 på
587 1101 108 27 betydliga
711 1102 96 21 sträckor
822 1102 84 21 komme
921 1104 32 19 att

204 1134 126 28 genomlöpa
348 1134 89 26 trakter,
457 1135 85 21 hvarest
560 1135 78 21 talrika
657 1135 39 21 och
719 1135 118 26 frodväxta,
857 1135 45 22 dels
917 1143 35 14 en-

202 1169 64 21 skilta
284 1175 102 21 personer
409 1169 45 21 dels
470 1169 80 21 kronan
570 1169 109 27 tillhöriga
694 1169 78 28 skogar
795 1171 37 20 äro
854 1170 98 28 belägna.

202 1202 74 22 Banan
299 1202 67 22 skulle
388 1202 90 22 sålunda
498 1210 74 21 genom
599 1205 110 25 transport
727 1203 24 21 af
771 1203 182 28 skogsprodukter

202 1237 65 20 redan
282 1236 56 21 ifrån
353 1237 75 26 början
445 1238 69 20 lemna
529 1238 108 26 betydliga
652 1238 117 20 inkomster
784 1238 32 20 till
831 1238 121 21 trafikkost-

202 1270 105 21 nadernas
326 1270 138 26 betäckande,
484 1271 75 21 medan
580 1271 123 21 densamma
721 1271 69 21 tillika
808 1272 6 20 i
834 1272 119 27 väsendtlig

202 1303 48 22 mån
269 1304 67 22 skulle
355 1304 90 27 bidraga
463 1304 33 21 till
515 1306 30 20 att
563 1305 52 27 höja
633 1305 74 21 värdet
722 1305 24 21 af
759 1305 92 21 kronans
867 1306 39 20 här
921 1306 31 21 fö-

201 1338 106 27 refintliga
326 1338 78 27 skogar
422 1338 40 22 och
481 1337 90 23 sålunda
591 1338 61 22 äfven
667 1339 93 22 indirekt
775 1340 64 21 verka
858 1340 32 21 till
909 1340 42 22 för-

202 1373 81 21 ökande
302 1372 23 22 af
342 1373 205 21 statsinkomsterna.
577 1373 91 22 Särskilt
685 1373 40 22 bör
740 1373 40 22 här
795 1375 57 20 ännu
867 1376 84 20 anmär-

202 1407 43 26 kas,
254 1409 32 20 att
294 1407 40 22 den
343 1409 70 20 vestra
421 1407 126 22 stambanan
555 1408 7 21 i
570 1408 124 27 strategiskt
701 1408 99 22 afseende
805 1409 71 21 säkert
884 1409 68 22 blefve

270 1448 89 21 Jernvägs-
364 1448 86 17 Utskottets
462 1448 109 17 betänkande.
