1053 1709
310 152 29 23 U.
354 152 28 22 B.
398 164 26 4 —
440 151 72 29 Prop.
528 151 44 23 N:o
587 151 37 22 26.
804 151 13 20 3

162 216 146 22 Betänkandet
322 216 38 21 N:o
375 216 13 20 3
403 222 59 15 mom.
477 216 14 20 2
506 222 32 14 om
552 216 212 26 byggnadssystemet.

198 268 132 27 Ridderskapet
344 268 33 21 och
391 268 54 21 Adeln

163 309 39 20 har
222 309 95 20 bestämt
338 309 32 20 att
391 308 35 21 vid
448 308 125 27 byggnaden
595 308 24 21 af
639 308 39 21 och
701 309 95 21 rörelsen
819 311 26 25 pä

95 343 26 21 de
141 343 66 21 banor
224 349 45 14 som
288 342 36 22 vid
343 342 69 21 denna
426 342 102 27 landtdag
543 343 101 26 beslutas,
660 343 55 21 skall
730 343 113 28 tillämpas,

95 379 32 19 att
143 378 33 21 1:o
191 377 128 27 spårvidden
334 377 23 21 af
370 377 42 22 fem
427 377 102 27 engelska
543 377 32 21 fot
585 377 127 26 bibehälles;
724 378 34 21 2:0
770 378 74 27 tågens

95 412 108 27 hastighet
220 412 27 26 pä
265 411 71 22 banan
353 411 127 22 bestämmes
496 411 32 22 till
544 412 62 26 högst
621 412 40 26 2'/>
675 412 38 21 mil
728 412 8 22 i
750 413 93 26 timmen,

96 448 56 20 samt
167 447 33 21 3:0
215 446 168 27 banbyggnaden
393 446 90 21 inrättas
499 447 29 25 sä,
540 447 32 20 att
583 447 26 20 de
617 446 116 23 bestående
741 447 106 22 banornes

97 487 80 21 vagnar
199 481 72 21 kunna
288 480 50 22 fullt
355 481 83 21 lastade
456 481 50 27 löpa
524 481 100 21 öfverallt
641 481 28 27 pä
687 482 26 21 de
732 482 114 23 framdeles

98 516 131 27 uppstäende
245 516 101 26 banorne,
361 515 108 22 äfvensom
484 517 32 20 att
532 515 40 22 den
588 516 33 21 för
635 515 110 23 utlätande
760 517 6 21 i
782 517 65 22 saken

99 551 98 21 nedsatta
212 550 177 21 kommissionens
404 550 80 27 förslag
498 551 8 20 i
522 550 65 27 öfrigt
601 550 54 22 skall
667 551 49 22 med
728 551 120 28 möjligaste

97 585 149 28 noggrannhet
260 584 69 27 följas.

202 642 134 22 Presteständet

168 683 82 28 antagit
268 683 120 22 Utskottets
407 684 217 27 resolutions-förslag
645 685 3 20 i
667 691 63 15 mom.
746 686 14 21 2
775 685 23 22 af
811 686 35 21 be-

100 719 116 22 tänkandet
231 719 39 21 N:o
285 719 20 21 3.

204 770 152 29 Borgareständet

169 812 57 21 velat
241 813 32 20 att
283 812 37 21 det
331 813 85 26 system,
428 818 45 15 som
486 812 122 27 föreslagits
620 812 23 21 af
653 813 41 20 den
705 813 144 27 kommission,

101 847 86 21 hvilken
201 847 56 21 varit
271 847 34 21 för
319 847 86 27 frägans
420 846 114 28 utredning
549 849 84 20 senaste
649 853 93 16 sommar
759 849 92 26 nedsatt,

101 882 55 22 skall
179 881 108 27 tillämpas
305 881 35 22 vid
359 881 124 28 byggnaden
502 882 24 21 af
543 882 38 21 och
600 882 96 21 rörelsen
714 883 28 26 pä
760 884 92 21 nämnda

101 917 66 26 bana;
183 918 56 20 samt

205 967 132 22 Bondeständet

172 1009 94 26 godkänt
281 1008 121 21 Utskottets
417 1008 80 27 förslag
512 1008 109 27 angäende
637 1014 81 15 samma
732 1009 85 26 system.

171 1043 43 21 För
229 1045 32 19 att
275 1042 76 27 bringa
365 1042 33 21 till
412 1042 182 27 samstämmighet
604 1043 63 20 dessa
677 1042 47 21 frän
735 1043 120 21 hvarandra

104 1079 6 20 i
129 1078 62 27 ringa
209 1077 48 21 män
277 1077 113 21 afvikande
408 1077 78 26 beslut,
501 1077 40 21 bör
556 1077 109 21 Utskottet
680 1077 34 22 för
729 1078 65 27 sagde
810 1084 43 15 mo-

104 1114 59 21 ment
177 1112 79 22 föreslä
271 1112 66 21 sädan
352 1111 115 22 förändrad
481 1111 92 28 lydelse:

173 1171 30 20 att
217 1169 34 22 det
265 1169 27 26 af
303 1168 130 28 förbemälda
448 1168 134 22 kommission
592 1168 120 27 föreslagna
722 1171 76 25 system
809 1170 48 21 med

106 1205 114 28 möjligaste
238 1203 142 28 noggrannhet
398 1204 64 21 måtte
477 1203 107 28 tillämpas
597 1203 36 22 vid
647 1203 120 28 byggnaden
782 1204 27 26 af
820 1204 36 21 och

106 1240 93 21 rörelsen
212 1239 33 28 pä
263 1239 25 22 de
307 1239 71 26 banor,
397 1238 31 21 till
446 1238 80 22 hvilkas
544 1238 129 28 anläggande
692 1238 121 22 Ständerna
827 1246 30 14 nu

102 1270 91 38 deslutit.
355 1271 2 2 I

175 1326 117 21 Utskottets
306 1325 134 21 betänkande
455 1324 108 27 angäende
576 1325 75 26 anslag
660 1325 34 20 för
703 1325 154 20 ofvannämnda

107 1360 148 27 banbyggnad.

210 1411 136 29 Ridderskapet
357 1411 33 21 och
405 1410 59 22 Adeln,

177 1453 100 22 Ständets
301 1452 117 22 resolution
436 1452 118 22 innehäller
577 1452 32 21 att
631 1452 31 21 ett
684 1451 108 23 bestämdt
815 1452 44 21 ärs-

109 1490 74 26 anslag
199 1488 23 23 af
235 1490 32 21 tre
282 1488 99 28 miljoner
395 1487 60 23 mark
470 1487 56 22 skall
540 1493 26 16 ur
576 1487 282 22 kommunikationsfondens
