1075 1709
223 132 14 20 4
445 131 31 21 U.
493 131 32 20 B.
537 141 26 3 —
583 131 83 23 Prop.
681 130 49 20 32.

196 196 73 24 thaler,
291 196 38 20 har
351 196 68 20 denna
440 195 89 21 kostnad
551 194 108 22 efterhand
681 196 87 26 stegrats
789 194 34 22 till
847 194 62 26 1,100
927 198 12 18 a

197 229 62 25 1,200
280 229 68 21 thaler
370 228 33 22 för
424 228 104 28 sjuksäng,
544 228 38 21 och
597 227 42 22 stär
653 227 64 21 redan
739 228 27 28 pä
783 228 55 21 vissa
859 227 80 22 trakter

195 262 54 22 ända
263 262 33 22 till
311 262 63 26 2,000
388 262 69 22 thaler
476 262 33 21 för
528 262 72 21 endast
614 261 152 29 byggnaderna,
782 261 85 22 hvartill
882 266 56 17 ännu

195 296 96 22 kommer
311 296 116 22 kostnaden
442 296 32 21 för
489 298 58 24 tomt,
562 295 112 28 inredning
687 296 39 21 och
741 295 133 22 inventarier.
904 290 35 26 Äf

197 337 40 14 ven
251 330 64 22 hafva
328 329 156 29 psychiatrerne
499 332 44 20 mot
557 330 25 21 de
597 328 69 23 alltför
680 329 86 28 mycket
775 329 164 21 koncentrerade

197 362 231 28 därvärdsanstalterna,
446 364 36 21 der
497 364 74 22 måttet
585 363 23 22 af
620 363 63 22 frihet
700 363 33 22 för
750 363 108 29 patienten
873 367 22 17 är
909 363 30 21 in-

196 397 87 22 skränkt
303 397 35 22 tili
352 397 35 22 det
408 397 76 23 minsta
504 398 89 28 möjliga,
609 397 102 25 anmärkt,
728 399 30 19 att
773 404 26 14 en
814 396 33 22 del
861 396 78 22 sinnes-

197 431 61 28 sjuka
265 431 48 21 med
321 432 67 21 bättre
396 432 88 21 resultat
491 431 113 22 behandlas
614 433 58 19 utom
681 436 26 16 än
714 431 58 21 inom
780 431 71 28 dylika
866 431 74 21 anstal-

197 467 37 23 ter,
250 465 133 21 alldenstund
398 465 34 21 det
447 465 54 21 visat
516 465 37 28 sig,
568 467 31 19 att
613 465 55 22 vissa
682 465 104 29 patienter
796 465 47 21 med
853 464 87 22 kronisk

198 498 167 28 sinnessjukdom
380 498 33 22 till
426 498 52 29 följd
493 499 23 21 af
529 499 34 21 det
585 498 114 29 enformiga
713 498 61 22 lifvet
788 499 36 21 vid
839 500 103 20 anstalten

198 532 130 28 smäningom
343 540 45 14 mer
402 533 38 21 och
455 540 45 14 mer
515 532 104 22 förslöas.»

267 566 102 22 Komiten
383 566 126 22 framställer
523 566 95 25 derefter,
634 566 118 26 huruledes,
768 565 26 22 dä
811 566 54 22 intet
879 566 24 21 af
915 566 26 22 de

198 600 135 21 omförmälda
348 601 106 26 systemen
468 600 55 22 visat
533 600 31 28 sig
573 599 49 22 fullt
636 599 196 27 tillfredsställande,
845 600 40 21 den
898 602 43 20 tan-

198 634 26 21 ke
240 641 87 14 numera
349 633 75 22 vunnit
442 633 75 29 insteg,
531 636 32 20 att
576 641 50 14 man
641 641 75 21 genom
730 634 149 21 kombinerade
894 634 48 21 kur-

198 668 38 21 och
247 667 151 23 värdanstalter
411 668 37 21 bör
463 668 50 21 söka
528 667 136 29 tillgodogöra
678 668 31 28 sig
724 668 26 21 de
764 667 139 29 fördelaktiga
917 667 25 22 si-

198 701 64 21 dorna
276 701 38 22 hos
329 701 24 22 de
369 701 147 22 förutnämnda
538 702 113 22 olikartade
670 704 112 26 systemen.
812 702 44 22 Det
869 707 23 17 är
906 702 37 22 vid

197 736 104 21 anstalten
316 735 128 22 Fits-James
460 736 7 20 i
482 736 165 28 departementet
667 735 50 22 Oise
732 736 7 21 i
754 736 125 26 Frankrike,
897 744 46 14 som

197 769 68 21 denna
281 769 32 22 idé
328 769 52 22 först
394 769 70 23 blifvit
477 770 115 28 tillämpad,
606 770 39 22 och
659 770 38 21 har
711 778 27 13 en
753 770 145 28 organisation,
914 770 28 22 öf-

198 804 204 21 verensstämmande
423 804 49 21 med
494 804 57 22 detta
573 804 22 22 sä
614 804 82 21 kallade
716 804 158 22 kolonisations-
893 805 50 21 eller

193 837 145 28 farmsystem,
347 837 82 23 hvilket
444 837 23 23 af
479 838 92 22 komiten
586 838 101 22 förordats
701 838 68 22 såsom
780 839 35 21 det
830 839 113 22 ändamäls-

199 872 100 28 enligaste
314 871 62 23 äfven
391 872 31 22 för
437 872 98 27 Finland,
551 880 29 14 nu
594 872 70 22 blifvit
683 872 24 22 af
721 873 124 29 regeringen
861 873 34 22 till
910 881 34 14 an-

199 906 88 28 tagande
302 906 116 28 föreslaget.

267 1008 44 21 Det
325 1008 58 22 torde
398 1007 22 22 få
434 1008 83 28 bringas
531 1009 8 20 i
554 1008 92 29 erinring
663 1010 31 20 att
709 1009 110 28 Styrelsen
838 1009 64 21 redan
921 1009 24 22 år

201 1042 54 21 1859
269 1042 54 21 hade
338 1041 48 23 låtit
406 1046 92 24 uppgöra
512 1042 76 29 förslag
607 1042 33 22 till
655 1043 125 22 dårvårdens
796 1043 147 27 förbättrande,

200 1076 37 20 och
253 1075 158 23 Presteständet
425 1076 36 22 vid
479 1076 109 22 1863—64
603 1076 32 22 års
651 1077 99 28 landtdag
764 1077 66 22 aflätit
844 1078 99 22 underdä-

200 1109 36 27 nig
257 1109 89 28 petition
368 1117 34 13 om
424 1110 128 22 inrättandet
569 1110 22 21 af
605 1118 26 13 en
646 1118 29 20 ny
689 1110 117 22 kuranstalt
821 1110 32 22 för
867 1111 77 22 sinnes-

200 1142 60 28 sjuke
282 1143 38 21 och
335 1144 31 20 att.
380 1142 62 22 Hans
456 1143 120 29 Kejserliga
590 1144 98 28 Majestät
709 1144 88 28 förelagt
819 1148 69 19 senast
906 1145 40 22 för-

201 1176 90 22 samlade
307 1176 91 22 Ständer
412 1177 62 28 nådig
489 1177 126 29 proposition
630 1178 107 28 angående
751 1178 116 30 bevillning
877 1179 32 22 för
919 1188 26 13 en

201 1210 64 22 sädan
280 1211 82 21 anstalt.

269 1244 34 20 Då
317 1244 59 28 fråga
390 1252 34 13 om
439 1246 71 26 anslag
525 1245 31 21 för
569 1245 124 21 därvärdens
703 1246 141 20 förbättrande
854 1246 45 21 åter
913 1246 33 21 till

201 1276 97 28 pröfning
313 1277 37 21 hos
366 1277 117 21 Ständerna
497 1278 116 28 föreligger,
628 1278 126 22 framställer
763 1279 31 28 sig
807 1283 92 17 närmast
916 1280 30 21 så-

201 1317 43 14 som
260 1310 87 22 föremål
362 1310 32 22 för
412 1311 185 28 uppmärksamhet
615 1312 41 21 den
674 1312 159 29 omständighet,
854 1314 31 21 att
899 1313 47 22 oak-

201 1345 46 22 tadt
260 1344 127 29 landtdagen
403 1345 60 25 1872,
479 1346 48 21 med
549 1346 112 28 anledning
683 1346 23 22 af
718 1347 137 28 nyssberörda
869 1348 76 28 nädiga

201 1379 134 29 proposition,
350 1378 87 29 beviljat
450 1380 93 25 400,000
557 1380 60 21 mark
632 1380 32 22 för
679 1380 134 30 afhjelpande
828 1380 23 22 af
863 1382 82 22 dårvår-

202 1414 51 22 dens
263 1414 8 21 i
280 1413 72 23 landet
361 1413 123 29 bristfälliga
492 1414 65 26 skick,
572 1414 64 28 några
650 1414 95 28 åtgärder
759 1415 32 22 för
806 1416 45 22 dess
866 1424 79 22 reorga-

202 1448 90 23 nisation
307 1453 56 17 ännu
378 1447 46 22 icke
438 1448 71 22 blifvit
523 1448 104 29 vidtagna.

272 1488 138 19 Sammansatta
423 1488 58 18 Stats-
493 1488 33 18 och
538 1488 195 19 Ekonomieutskottets
745 1489 111 19 betänkande
868 1490 35 19 N:o
915 1493 16 16 1.
