1325 1703
584 140 31 20 U.
632 140 31 19 B.
681 150 27 3 —
724 140 86 24 Prop.
826 139 50 20 N:o
890 138 49 21 27.
1086 138 26 20 19

458 205 44 21 bete
517 206 20 26 ej
546 206 103 26 förrätta
664 205 54 26 kan;
733 206 94 26 kungöre
842 205 36 21 det
897 205 116 27 hofrätten.
1043 204 98 28 Pröfvas

445 260 3 2 .
458 239 35 21 det
509 240 86 26 lagligt;
615 239 108 27 förordne
746 238 112 27 hofrätten
875 246 25 13 en
919 238 90 28 skicklig
1023 245 58 19 man,
1097 245 44 14 som

458 273 86 20 embetet
559 274 8 18 i
582 272 54 21 hans
657 273 64 20 ställe
738 273 106 26 förestär.
877 272 87 21 Samma
988 273 36 26 lag
1042 279 51 13 vare
1108 278 33 14 om

459 306 153 27 borgmästare,
633 306 39 20 der
694 306 191 25 rädstufvurätten
908 308 53 18 utan
979 305 77 21 honom
1076 306 20 26 ej
1115 308 27 18 är

458 339 94 26 domför,
582 338 86 27 Hafver
683 340 144 19 nämndeman
838 338 87 27 förfall
939 338 38 21 och
993 338 78 21 varder
1077 338 65 27 förty

458 373 155 20 häradsrätten
629 374 20 25 ej
664 373 93 26 domför,
780 373 52 20 eller
854 373 82 20 saknas
958 373 63 26 eljest
1038 372 105 27 fulltalig

458 407 81 20 nämnd
555 407 7 20 i
577 407 72 20 andra
663 407 48 26 fall
730 409 29 18 än
775 407 41 24 det,
832 413 44 14 som
892 407 8 20 i
916 408 27 19 13
957 411 50 22 kap.
1022 407 14 20 4
1051 407 14 26 $
1082 409 61 25 sägs;

458 441 57 20 kalle
537 440 177 27 häradshöfding
736 441 30 27 af
782 441 75 21 dertill
872 440 88 22 valbare
971 447 112 21 personer,
1098 447 45 14 som

458 476 99 19 närmast
575 475 31 25 bo,
626 481 25 14 en
670 475 52 20 eller
731 475 62 27 flere,
809 474 55 27 efter
880 477 29 25 ty,
924 481 45 14 som
985 474 96 27 behofvet
1091 475 52 26 for-

459 509 60 20 drar.

718 560 13 20 2
746 560 136 28 Kapitlet.

778 607 13 19 1
807 605 21 27 $.

494 644 16 20 I
521 644 76 26 hvarje
621 644 97 27 tingslag
740 644 60 21 skola
824 644 86 28 årligen
925 645 14 19 å
954 647 75 18 rättan
1046 646 98 26 tingstad

459 678 72 20 hållas
553 678 36 20 två
612 678 53 26 ting,
690 678 35 20 det
747 685 47 18 ena,
816 678 114 27 vårtinget,
953 678 91 21 emellan
1061 678 40 21 den
1116 680 28 20 31

459 711 98 22 Januari
579 711 39 21 och
641 711 41 21 den
706 713 12 18 1
740 711 56 21 Juni
818 711 38 21 och
875 712 35 21 det
925 713 79 24 andra,
1021 712 122 29 hösttinget,

460 747 91 20 emellan
569 746 40 21 den
629 747 27 20 31
675 747 95 26 Augusti
786 746 37 21 och
838 746 40 21 den
893 747 29 20 21
938 746 121 22 December.
1090 747 16 20 I
1119 747 26 21 de

460 783 64 23 orter,
541 781 39 20 der
595 780 34 21 det
644 780 77 27 nödigt
736 781 32 24 är,
785 781 41 25 mä,
842 781 47 20 med
903 779 122 28 hofrättens
1037 781 108 26 tillåtelse,

460 815 109 27 vårtinget
583 813 49 27 före
647 813 110 22 Februari
772 814 80 21 månad
868 814 105 28 begynna.

499 848 70 27 Utgör
585 848 118 27 tingslaget
714 848 42 26 för
770 849 34 26 sig
820 855 26 14 en
861 849 114 27 domsaga;
986 848 57 22 skall
1053 849 92 22 härads-

459 885 72 18 rätten
553 882 71 21 under
647 882 108 27 vårtinget
770 881 61 22 hålla
841 881 57 28 fyra
914 882 38 21 och
967 883 71 20 under
1053 883 93 21 hösttin-

459 919 35 24 get
509 915 63 26 äfven
583 915 58 28 fyra
656 915 115 21 allmänna
786 916 184 27 sammanträden,
985 916 73 21 hvilka
1074 917 72 28 börjas

455 950 76 27 första
548 949 98 28 helgfria
661 950 43 27 dag
720 950 9 20 i
744 949 73 28 hvarje
832 950 87 25 månad,
935 951 36 20 vid
981 951 36 20 det
1022 950 69 27 förra
1102 952 44 20 tin-

459 987 35 24 get
505 983 58 27 från
579 983 38 21 och
633 983 48 21 med
696 983 108 21 Februari
820 984 35 21 till
870 984 38 20 och
923 984 47 21 med
984 985 50 27 Maj
1043 987 56 19 samt
1110 985 37 21 vid

461 1018 34 20 det
510 1024 76 14 senare
605 1017 58 26 från
682 1017 37 21 och
738 1018 48 20 med
803 1018 120 27 September
939 1018 34 21 till
989 1019 36 20 och
1041 1019 47 21 med
1103 1019 43 20 De-

461 1052 80 20 cember
556 1051 87 25 månad,
659 1051 59 24 eller,
735 1058 32 14 om
783 1051 105 28 helgedag
899 1051 102 28 följande
1013 1053 43 28 dag
1067 1052 79 28 inträf-

456 1085 48 27 Jar,
521 1087 64 18 nästa
600 1084 122 27 söckendag
738 1085 99 25 derefter.

497 1120 46 20 Aro
567 1119 34 20 två
621 1119 97 27 tingslag
738 1119 35 20 till
793 1126 25 13 en
839 1119 102 28 domsaga
952 1119 122 27 förenade;
1089 1121 58 21 hålle

463 1153 155 21 häradsrätten
633 1153 9 19 i
657 1152 108 21 hvardera
785 1153 118 27 tingslaget
923 1154 90 21 vexelvis
1033 1155 115 21 allmänna

461 1187 188 24 sammanträden,
665 1186 70 21 under
750 1187 108 27 vårtinget
873 1187 36 21 två
924 1189 83 26 gånger
1022 1189 48 20 med
1080 1190 68 20 minst

463 1227 37 14 sex
523 1219 86 22 veckors
631 1219 32 20 tid
684 1219 90 30 emellan
789 1221 202 21 sammanträdenas
1007 1221 86 28 början,
1109 1222 38 21 och

463 1255 68 20 under
545 1253 118 28 hösttinget
679 1261 24 12 en
719 1255 65 26 gång.

499 1288 46 20 Der
560 1288 8 19 i
584 1294 25 14 en
632 1287 104 27 domsaga
752 1288 73 27 finnes
848 1291 32 18 tre
903 1289 52 20 eller
969 1289 60 27 flera
1045 1291 102 26 tingslag,

465 1321 57 21 hålle
537 1321 158 21 häradsrätten
710 1323 29 19 ett
754 1322 92 20 allmänt
861 1323 162 20 sammanträde
1038 1323 38 21 vid
1086 1323 63 22 hvart

465 1355 54 27 ting.

501 1388 16 21 I
530 1388 101 27 tingslag,
649 1387 37 21 der
702 1388 35 20 två
753 1388 46 28 ting
815 1388 53 21 eller
878 1388 65 28 ofvan
954 1390 71 28 sagda
1035 1390 62 22 antal
1108 1391 42 21 all-

466 1425 81 19 männa
563 1422 176 21 sammanträden
755 1423 20 27 ej
790 1422 92 27 tarfvas,
898 1424 70 27 gånge
983 1424 87 22 dermed
1080 1426 69 21 såsom

466 1456 106 23 särskildt
586 1456 105 27 stadgadt
706 1458 26 19 är
747 1457 52 20 eller
811 1456 106 28 påbjudet
931 1459 84 20 varder.
1071 1451 2 2 |

469 1496 140 24 Lagutskottets
621 1495 112 19 betänkande
744 1496 36 18 N:o
792 1497 27 18 12.
