1048 1714
309 127 33 19 :u.

105 240 157 22 Bondeständet.

351 127 36 20 B.
405 136 23 4 —
443 127 85 24 Prop.
544 127 45 21 N:o
605 128 37 20 24,
870 126 14 21 3

418 240 110 22 Utskottets
543 234 292 34 sammanjemkningsförslag.

60 331 182 27 Äterremitterad
255 337 34 21 till
299 337 39 21 Ut-

37 365 79 22 skottet
137 366 34 21 för
188 366 113 21 införande
317 365 24 21 af

37 394 67 20 landt-
114 394 116 21 handlande
271 394 68 28 jemte

36 422 118 21 handlande
172 423 40 21 och
227 422 111 21 handtver-

36 450 47 22 kare
103 451 7 21 i
128 451 81 27 köping
226 450 65 22 bland
307 450 31 22 öf-

36 480 43 27 rige
89 480 39 21 här
137 479 142 28 uppräknade
289 481 49 25 väg-

36 509 36 21 och
78 508 259 28 brobyggnadsskyldige.

61 759 33 28 8:n
110 758 103 28 godkänd
232 758 48 22 med
296 759 41 21 den

33 787 165 27 omredigering,
214 793 45 15 som
267 786 69 22 betin-

33 816 67 27 gades
118 816 24 21 af
162 816 95 21 beslutet
272 815 64 27 angå-

32 844 55 22 ende
102 844 11 28 &
128 845 21 25 2,
163 844 94 21 hvarhos
273 844 6 20 i
295 844 41 20 den

32 872 70 22 finska
120 874 74 20 texten
214 872 23 22 af
253 878 56 15 mom
324 872 14 20 2

32 902 78 20 rättats
135 900 113 27 uttrycken
275 900 72 27 käy-|

32 929 50 21 köön
105 936 19 14 se
146 930 48 20 uusi
212 928 124 21 manttaali*

32 957 32 21 till
87 956 85 29 olkoon
189 956 148 28 perustuksena

31 986 49 20 uusi
94 985 133 21 manttaali*.

58 1241 181 28 Aterremitterad
249 1247 48 21 med
306 1247 30 22 af-

31 1275 79 22 seende
126 1276 13 21 &
154 1281 62 16 mom.
226 1275 8 20 1
245 1275 34 22 för
287 1275 49 22 dess

32 1304 179 27 omredigerande
217 1303 81 22 derhän
304 1305 33 20 att

32 1332 153 26 kronobetjent
199 1333 46 24 bör,
256 1333 27 25 pä
293 1334 44 19 sätt

32 1360 7 21 i
54 1360 12 27 $
81 1361 26 20 15
119 1359 23 22 af
153 1359 55 21 1734
219 1359 34 22 ärs
265 1359 71 22 lands-

31 1387 103 28 höfdinge
142 1387 134 22 instruktion
282 1387 54 29 jem-

32 1417 35 21 väl
72 1415 69 23 finnes
149 1415 145 27 föreskrifvet,
300 1416 36 21 vid

32 1447 95 26 vägasyn
148 1445 87 27 ätföljas
257 1444 23 22 af
300 1444 37 22 tvä

32 1474 152 26 nämndemän;
200 1474 33 21 att
247 1473 90 22 framför

346 333 2 15 |
384 337 96 22 Emedan
502 337 77 22 endast
600 338 37 21 två
659 336 64 23 stånd
742 336 90 22 beslutit
850 338 49 26 väg-

357 366 40 21 och
411 366 267 27 brobyggnadsbesvärets
700 365 154 22 utsträckande
869 365 31 21 äf-

357 400 39 16 ven
419 394 34 21 till
468 394 192 26 landthandlande,
679 394 39 22 och
733 393 77 27 frägan
826 394 72 21 derom

356 422 28 27 pä
398 422 68 22 sådan
482 423 69 27 grund
566 423 40 21 bör
621 428 63 16 anses
699 422 65 22 hafva
780 422 33 21 för
828 422 72 22 denna

346 461 2 2 |
357 450 56 28 gång
428 451 98 26 förfallit,
542 453 56 20 samt
612 451 86 21 Preste-
713 450 39 22 och
765 449 133 23 Bondestän-

357 480 53 21 dens
432 480 72 21 beslut
528 479 7 22 i
558 479 66 28 öfrigt
645 478 47 23 icke
708 478 192 23 öfverensstämma

356 509 49 21 med
420 508 129 26 hvarandra,
568 508 124 22 hemställes
710 508 34 21 till
760 507 139 22 sistbemälda

357 536 75 22 stånd:

441 568 31 18 att
487 566 13 26 $
515 564 16 21 2
545 565 8 20 i
568 563 223 23 utskottsbetänkandet
804 564 62 21 måtte
874 564 28 28 af

414 593 45 21 dem
472 592 130 29 godkännas.

346 776 1 6 |
384 764 10 21 I
410 764 76 27 sjelfva
500 764 67 22 saken
583 766 24 19 är
621 763 124 22 Utskottets
761 763 137 22 betänkande

346 791 1 4 |
356 792 118 28 godkändt.
484 792 113 22 Utskottet
604 792 124 22 hemställer
737 792 85 22 derföre
832 792 66 22 blott:

440 824 30 17 att
493 821 39 21 den
554 820 28 49 ad
603 820 155 21 Bondeståndet
766 820 78 28 gjorda
855 820 42 20 rät-

413 848 61 22 telsen
489 849 63 21 måtte
580 848 85 28 bifallas;
680 851 54 18 samt

441 880 30 17 att
494 876 128 27 Ständerna,
645 876 35 21 till
700 876 156 29 förebyggande
873 876 27 28 af

413 904 71 28 hvarje
500 904 85 22 ovisshet
600 904 36 21 vid
647 904 143 28 expeditionen
801 904 28 28 af
834 904 62 22 Stän-

412 933 76 21 dernas
503 933 71 27 beslut,
589 933 62 21 måtte
669 932 97 29 förklara
781 935 30 19 att
827 933 69 21 Expe-

412 961 173 22 ditionsutskottet
607 968 47 21 eger
676 961 72 28 införa
769 968 61 14 mom.
890 962 8 19 i

412 990 68 21 denna
494 990 14 27 $
522 990 64 27 enligt
602 990 80 27 nådiga
694 990 164 28 propositionen.

383 1251 75 22 Ehuru
475 1251 80 28 jemväl
575 1251 71 22 denna
664 1251 18 28 $,
705 1251 57 22 hvad
779 1250 119 23 innehållet

355 1279 109 28 beträffar,
480 1282 24 19 är
519 1280 24 21 af
556 1281 33 20 tre
607 1279 65 22 stånd
687 1279 107 28 godkänd,
810 1279 39 22 har
864 1281 33 20 ut-

355 1308 83 22 skottet
453 1308 55 22 dock
522 1308 63 21 äfven
595 1307 114 28 härvidlag
721 1308 49 21 med
781 1307 116 28 anledning

355 1336 24 21 af
391 1337 176 20 Presteståndets
582 1336 141 25 anmärkning
736 1337 55 20 trott
801 1336 33 26 sig
844 1336 53 21 böra

355 1364 115 21 hemställa
495 1365 33 20 att
553 1363 121 22 Ständerna
698 1363 50 22 ville
774 1363 70 21 uttala
866 1366 30 17 att

355 1391 236 30 Empeditionsutskottet
609 1397 46 22 eger
670 1390 72 28 införa
756 1397 71 14 senare
844 1394 52 25 styc-

355 1420 31 22 ket
402 1420 26 29 af
440 1421 14 27 $
470 1419 27 22 10
512 1419 65 28 enligt
591 1419 39 22 den
645 1419 81 29 nådiga
730 1419 165 29 propositionen.

89 1514 68 22 Bihang
169 1513 28 18 till
209 1513 94 19 Sammans.
316 1513 44 22 Lag»
373 1518 15 13 o.
401 1512 173 19 Ekonomiutskottets
586 1511 111 18 Betänkande
709 1511 34 18 N:o
755 1511 17 18 9.
