1056 1714
232 133 25 20 14
521 133 49 20 N:o
585 132 47 22 28.

202 200 101 21 Komitén
322 202 56 18 samt
397 200 140 20 nästnämnde
557 200 67 21 Stånd
647 200 122 27 föreslagna
785 201 107 20 särskilda
907 207 38 13 un-

202 234 183 25 dervisningarne,
401 233 70 21 skulle
487 233 67 21 under
569 240 81 14 samma
665 233 111 27 tjugufyra
790 234 24 21 år
829 234 65 21 hafva
909 234 37 20 sti-

202 269 32 26 git
253 269 7 20 i
279 268 100 27 samtliga
396 267 43 26 län,
461 269 51 19 utan
532 267 65 27 något
613 268 117 26 undantag,
746 270 55 19 samt
817 269 33 20 att
865 267 81 22 skilna-

202 303 41 21 den
258 303 7 20 i
280 301 141 22 förhållande.
430 301 33 20 till
475 301 26 21 de
511 302 70 25 gamla
591 302 208 26 undervisningarne
808 302 57 20 varit
879 303 68 20 störst

202 337 49 20 med
266 336 121 26 antagande
402 335 23 21 af
438 342 29 13 nu
483 335 100 26 gällande
598 335 163 27 undervisning,
777 336 88 21 dernäst
880 335 67 27 något

201 371 83 21 mindre
304 370 67 25 enligt
385 369 112 21 Komiténs
513 369 80 28 förslag
609 369 39 21 och
663 370 66 21 minst
745 369 54 22 efter
814 369 131 22 Ridderska-

202 407 47 24 pets
265 404 39 21 och
320 404 81 21 Adelns
416 405 55 19 samt
486 403 180 22 Bondeståndets.

268 437 139 22 Komiterade
431 437 64 21 hafva
516 437 118 22 framhållit
657 439 32 19 att
709 444 34 14 om
767 438 26 20 de
812 437 27 27 på
857 437 88 21 anfördt

200 475 44 19 sätt
258 471 124 22 beräknade
397 471 179 27 förändringarne
587 471 23 21 af
619 471 151 26 persedlarnes
781 472 80 20 värden
872 471 72 21 kunde

200 509 90 24 antagas
306 506 61 21 äfven
384 506 114 21 framdeles
514 506 71 27 fortgå
595 507 7 19 i
614 512 81 15 samma
704 507 133 26 proportion,
849 512 46 15 som
906 513 39 14 un-

201 541 38 20 der
258 541 40 20 den
314 541 7 20 i
336 540 101 27 kalkylen
452 540 90 21 afsedda
557 540 129 27 tidrymden,
702 540 24 21 så
742 540 76 26 skulle,
834 541 49 20 med
898 540 45 21 led-

200 575 52 26 ning
271 574 67 26 deraf,
357 575 6 20 i
384 581 25 14 en
429 574 109 21 blifvande
558 581 27 20 ny
603 574 155 27 undervisning
773 574 74 21 kunna
861 574 82 21 införas

201 612 31 19 ett
251 610 57 21 färre
327 609 58 20 antal
401 609 117 26 persedlar,
534 609 80 25 hvilka,
629 609 175 20 sammanställde
819 609 6 20 i
841 609 103 26 lämpliga

200 644 150 27 proportioner
366 642 55 21 efter
437 643 62 20 deras
515 644 70 19 större
601 642 52 21 eller
668 643 84 20 mindre
762 643 136 26 benägenhet
909 643 33 21 till

200 677 178 28 prisförändring,
401 677 18 25 ej
446 677 92 20 allenast
558 676 32 21 för
610 683 26 14 en
655 676 73 27 gifven
748 677 32 20 tid
800 677 6 20 i
821 677 122 21 totalvärde

197 713 70 26 jemnt
281 711 136 21 motsvarade
432 711 26 20 de
474 711 70 26 gamla
558 711 145 26 persedlarne,
720 712 52 20 utan
788 710 62 21 äfven
861 711 7 20 i
879 711 64 20 fram-

199 746 60 21 tiden
278 745 125 22 föranledde
423 751 25 14 en
469 745 45 21 lika
532 747 45 19 stor
594 745 96 26 stegring
705 745 24 21 af
743 745 98 21 skattens
856 745 85 26 belopp,

200 787 45 14 som
264 780 74 25 dessa;
358 785 47 16 men
425 779 88 21 emedan
533 779 93 21 nämnde
643 779 147 27 beräkningar
809 779 23 21 af
846 779 97 27 antydda

200 815 46 20 skäl
268 815 77 20 endast
361 813 83 21 kunnat
459 813 90 22 omfatta
564 820 26 14 en
605 813 87 22 kortare
708 814 40 21 och
763 814 68 21 redan
846 813 96 27 aflägsen

199 849 126 26 tidsperiod,
341 854 50 15 vore
407 849 31 19 ett
453 848 77 21 sådant
545 848 122 26 antagande
682 848 47 21 icke
745 847 50 22 fullt
803 849 139 27 berättigadt,

199 882 57 21 helst
278 882 26 21 de
327 881 139 27 kalkylerade
489 882 178 27 förändringarne
690 883 23 20 af
734 883 150 26 persedlarnes
903 884 40 21 och

199 917 49 20 hela
262 916 161 21 skatterubelns
438 917 188 26 penningevärden
641 917 7 20 i
659 917 117 21 allmänhet
787 917 81 22 utfallit
879 918 64 26 högst

200 951 125 26 obetydliga
340 950 39 21 och
400 951 7 19 i
425 950 68 27 några
507 951 36 20 län
558 951 33 20 till
607 951 40 20 och
662 951 49 21 med
726 951 89 22 företett
826 958 26 15 en
862 952 81 21 minsk-

199 985 57 26 ning,
280 984 87 21 hvartill
386 984 91 21 orsaken
497 984 34 21 till
551 991 26 14 en
598 985 34 20 del
651 985 66 21 borde
737 985 63 21 sökas
820 986 6 20 i
842 985 100 27 gällande

198 1017 203 22 kursförhållanden
417 1018 91 21 emellan
524 1018 37 21 det
576 1018 27 21 då
619 1019 110 26 gångbara
744 1019 93 21 svenska
852 1019 40 22 och
907 1027 35 19 ry-

199 1053 39 20 ska
256 1054 92 25 myntet;
367 1052 111 21 hvaremot
498 1052 109 21 sannolikt
626 1054 89 25 ansetts,
735 1055 32 19 att
782 1054 64 21 dessa
861 1054 80 21 värden

198 1087 123 20 sedermera
339 1086 60 26 stigit
419 1086 5 20 i
443 1087 50 20 vida
511 1087 66 25 högre
597 1087 130 26 proportion.
757 1087 61 21 Intill
834 1088 49 21 dess
898 1088 44 21 till-

199 1120 104 26 förlitliga
322 1119 110 27 uppgifter
450 1120 71 21 kunde
543 1121 75 20 vinnas
641 1121 112 26 angående
769 1121 44 21 alla
828 1121 26 21 de
870 1122 71 26 gamla

198 1154 150 26 persedlarnes
368 1154 188 26 penningevärden
575 1155 69 20 under
663 1161 26 14 en
707 1161 76 15 senare
798 1155 39 26 tid,
853 1155 88 22 hvartill

198 1187 136 22 erfordrades
352 1193 26 15 en
399 1188 68 20 under
482 1188 67 27 några
563 1188 24 21 år
602 1188 88 21 fortsatt
705 1189 236 26 markegångsbestäm-

198 1222 51 26 ning
268 1222 12 20 å
295 1222 43 20 alla
354 1221 63 21 dessa
431 1222 97 26 artiklar,
544 1222 65 21 hafva
623 1222 138 21 Komiterade
777 1225 72 19 ansett
864 1223 74 26 hvarje

196 1255 74 19 försök
286 1256 32 18 att
334 1257 76 17 utreda
425 1255 62 20 deras
499 1256 112 19 sannolika
621 1255 198 27 prisförändringar
830 1262 51 14 vara
892 1257 49 19 allt-

197 1287 33 20 för
252 1287 83 26 osäker,
361 1287 32 20 för
416 1289 32 18 att
462 1288 137 21 uteslutande
615 1288 59 27 tjena
688 1289 33 20 till
737 1289 70 26 grund
822 1289 34 20 för
871 1295 26 14 en
913 1295 26 20 ny

197 1321 161 26 undervisning,
377 1321 64 21 hvars
462 1321 68 22 första
548 1322 70 21 vilkor
639 1322 66 21 borde
726 1329 51 14 vara
796 1324 33 19 att
843 1323 97 21 hvarken

197 1361 29 14 nu
241 1355 53 21 eller
308 1355 116 21 framdeles
445 1355 112 22 förorsaka
571 1356 71 27 någon
658 1357 121 26 väsendtlig
794 1357 109 26 rubbning
918 1357 24 20 af

196 1389 98 21 skattens
310 1389 152 27 ursprungliga
478 1391 76 26 belopp
570 1391 39 20 och
625 1391 137 27 naturenliga
776 1391 91 21 tillvext.
