1056 1714
264 178 12 21 2
430 174 79 22 Ständ.
526 173 37 23 Sv.
578 186 27 2 —
621 174 70 26 Prop.
706 173 40 21 N:o
761 172 34 21 23.

302 244 58 21 Enär
381 243 76 21 valrätt
478 242 35 22 vid
532 242 33 21 val
582 241 23 21 af
620 241 139 21 nämndeman
778 244 22 17 är
817 239 115 27 föreslagen
947 239 30 20 att

235 278 117 22 tillkomma
367 285 25 13 en
407 277 51 21 hvar
473 276 151 28 tingsgästning
638 274 109 30 betalande
762 274 91 21 medlem
866 273 58 21 inom
935 272 41 21 val-

234 312 90 26 kretsen,
348 319 47 15 men
417 310 150 29 tingsgästning
587 309 18 29 ej
625 310 90 27 erlägges
735 309 56 21 inom
810 308 25 21 de
853 306 125 29 nordligaste

234 347 116 28 tingslagen
364 346 8 21 i
387 344 112 29 Uleåborgs
514 345 41 25 län,
569 344 63 21 hafva
647 343 117 22 Ständerna
779 342 32 22 till
827 344 13 25 $
855 342 13 21 4
883 341 56 28 fogat
949 342 30 20 ett

235 381 71 29 tillägg
321 380 23 22 af
356 379 93 23 innehåll
464 381 30 20 att
508 379 8 21 i
531 381 36 23 ort,
583 379 37 21 der
635 378 151 28 tingsgästning
796 376 18 29 ej
825 378 88 26 utgöres,
925 375 53 22 skall

235 416 34 22 val
286 415 24 22 af
325 414 139 23 nämndeman
482 414 37 22 ske
537 413 26 29 på
580 413 43 21 lika
643 415 46 24 sätt,
705 420 44 14 som
764 411 105 29 angående
885 411 93 21 kommu-

235 450 68 22 nalval
321 449 94 28 stadgadt
433 454 28 20 är,
480 448 85 22 sålunda
583 448 66 21 likväl
667 449 30 20 att
712 455 25 13 en
753 448 42 20 röst
809 446 128 22 tillkommer
952 452 26 14 en

235 485 51 21 hvar
301 483 23 22 af
337 484 25 22 de
377 482 166 30 valberättigade.

302 518 70 22 Bland
391 518 24 21 de
430 518 8 20 i
453 517 71 29 början
541 516 24 22 af
578 518 13 25 $
606 518 13 19 6
634 516 135 21 omförmälda
784 516 45 30 skäl
844 515 31 21 för
890 514 87 22 ovilkor-

235 553 28 28 lig
285 553 99 28 rättighet
401 554 30 20 att
449 552 69 28 afsäga
536 551 30 28 sig
584 551 115 29 uppdraget
716 553 30 20 att
764 559 49 13 vara
831 550 145 25 nämndeman,

235 587 62 22 hafva
319 587 116 22 Ständerna
457 589 68 19 ansett
541 585 154 22 innehafvande
715 585 22 22 af
753 585 84 28 kyrklig
851 585 64 29 tjenst
929 585 49 21 böra

235 622 53 28 ingå,
308 621 26 22 då
352 621 40 26 det,
412 621 34 22 väl
463 621 46 22 icke
527 621 64 24 alltid,
612 628 46 13 men
678 620 51 21 dock
745 620 96 22 stundom
856 620 42 21 kan
913 619 64 22 blifva

235 655 56 23 svårt
312 655 32 23 för
361 656 46 25 den,
426 663 44 14 som
489 660 22 16 är
529 655 59 22 stadd
606 655 7 21 i
631 655 91 28 kyrkans
740 654 69 29 tjenst,
828 656 30 20 att
877 654 100 29 derjemte

235 691 72 21 kunna
321 690 112 22 medhinna
447 690 55 21 hvad
517 690 32 21 till
563 689 310 28 nämndemannabefattningen
888 689 81 29 hörer.

302 725 35 22 Då
354 725 115 22 nämndens
487 725 61 21 andel
563 725 7 21 i
584 724 184 29 tingsgästningen,
788 724 47 21 med
853 724 97 21 afseende
965 724 12 21 &

235 759 320 29 nämndemannabefattningens
574 759 103 28 egenskap
695 759 22 21 af
733 761 30 20 ett
779 759 131 22 kommunalt
929 759 48 28 ålig-

234 795 73 27 gande,
323 794 47 21 icke
384 794 40 21 kan
441 793 103 22 betraktas
559 793 66 22 såsom
636 793 66 21 någon
713 793 90 28 egentlig
813 794 40 25 lön,
865 795 50 19 utan
926 793 52 22 blott

236 828 66 22 såsom
321 836 25 13 en
364 828 127 28 godtgörelse
511 827 32 22 för
561 828 25 21 de
606 827 90 28 utgifter,
715 835 44 14 som
774 827 23 22 af
811 827 114 29 uppdraget
939 828 38 21 för-

235 863 89 25 anledas,
343 862 62 21 hafva
425 862 116 21 Ständerne
560 863 69 27 utbytt
649 862 63 21 orden
735 863 18 20 »i
771 862 102 28 aflöning»
893 863 7 20 i
919 864 13 25 &
952 863 25 20 10

236 899 55 20 emot
305 897 64 21 orden
387 897 42 21 »till
444 896 109 22 underhåll
568 896 35 22 vid
617 896 83 28 tingen»
719 899 52 18 samt
786 897 73 21 ändrat
869 897 58 21 ordet
939 897 39 21 »af-

235 932 83 28 löning»
335 931 8 21 i
358 932 14 25 &
388 931 24 21 11
429 931 32 21 till
478 931 140 21 »underhäll».

303 966 65 22 Hvad
382 965 43 23 åter
440 966 130 21 vidkommer
585 966 96 28 beloppet
696 965 22 21 af
732 966 67 21 denna
814 966 115 21 nämndens
945 974 33 13 an-

236 1001 33 22 del
284 1000 8 22 i
306 1000 183 29 tingsgästningen,
510 1000 23 22 så
547 999 116 23 innehåller
677 999 236 30 författningsförslaget,
929 1000 48 22 med

236 1035 120 28 anslutning
374 1034 31 22 till
423 1035 26 21 de
468 1034 153 29 bestämningar
639 1042 33 14 om
690 1034 189 29 tingsgästningens
897 1035 79 29 belopp,

236 1069 72 22 hvilka
325 1069 49 28 ingå
388 1069 6 21 i
410 1069 40 21 den
466 1068 35 22 vid
515 1068 140 22 innevarande
670 1068 99 28 landtdag
781 1069 79 28 jemväl
874 1070 104 28 förelagda

236 1104 75 28 nådiga
326 1103 154 28 propositionen
495 1103 106 28 angående
616 1102 157 29 tingsgästning,
785 1103 112 28 stadgande
907 1104 69 21 derom

236 1140 30 20 att
281 1138 105 20 nämnden
400 1136 35 22 må
445 1137 80 28 åtnjuta
536 1145 25 13 en
571 1136 101 29 fjerdedel
681 1137 22 21 af
712 1138 27 20 all
749 1137 156 29 tingsgästning.
928 1139 48 20 Men

237 1180 44 13 som
299 1172 122 24 Ständerna,
441 1171 27 28 pä
482 1173 40 19 sätt
537 1172 25 20 de
577 1171 31 21 uti
623 1170 130 29 underdänig
767 1171 109 23 skrifvelse
891 1172 32 22 för
939 1173 38 21 den

236 1207 13 21 3
264 1206 140 22 innevarande
419 1206 90 21 Januari
524 1206 83 25 anmält,
624 1206 47 20 icke
685 1206 82 20 kunnat
779 1205 72 22 förena
861 1206 30 28 sig
901 1214 34 14 om
945 1214 34 14 an-

236 1240 98 27 tagandet
356 1239 23 21 af
396 1240 133 22 nästberörda
550 1240 74 27 nådiga
642 1240 132 28 proposition,
792 1240 106 28 angående
916 1241 61 27 tings-

235 1273 103 29 gästning,
353 1273 62 21 hafva
430 1273 117 21 Ständerna
560 1276 41 19 sett
616 1273 31 27 sig
661 1273 117 21 nödsakade
793 1275 30 20 att
838 1274 64 21 ordna
917 1275 62 27 sagde

236 1307 117 29 fördelning
371 1307 48 21 med
437 1307 83 28 hänsigt
537 1307 33 22 till
591 1308 39 20 den
649 1308 166 21 häradsrätterna
834 1315 29 14 nu
882 1308 48 21 med
947 1310 31 20 tre

235 1343 79 29 kappar
331 1342 93 29 spanmål
442 1342 45 22 från
503 1342 72 28 hvarje
589 1342 199 29 betalningsskyldig
803 1343 37 21 rök
855 1342 122 23 tillfallande

236 1377 156 29 tingsgästning,
411 1377 86 22 hvilken
517 1378 7 20 i
544 1377 111 29 anledning
675 1377 22 22 af
715 1378 126 22 Ständernas
860 1378 67 22 beslut
942 1379 35 21 vid

236 1412 124 29 landtdagen
380 1412 21 22 år
421 1413 53 21 1867
495 1412 46 22 icke
559 1413 42 21 kan
621 1413 47 21 med
687 1412 40 22 den
742 1412 121 29 ledigblifna
877 1414 99 28 lagmans-

236 1446 243 30 tingsgästningskappen
495 1448 49 21 ökas
559 1447 134 26 annorlunda,
707 1452 26 17 än
748 1447 7 21 i
771 1448 148 29 sammanhang
929 1449 46 21 med

236 1481 67 29 någon
322 1481 71 28 åtgärd
413 1481 32 22 till
465 1481 113 22 förökande
594 1482 22 21 af
633 1482 177 22 häradsrätternas
824 1483 85 28 lagtima
924 1491 49 14 sam-

236 1517 123 22 manträden
374 1517 38 21 och
427 1516 59 22 deraf
499 1516 108 28 påkallade
622 1516 125 29 regleringar
763 1517 23 21 af
798 1517 140 28 domsagorna.
965 1518 12 21 I
