1061 1714
212 137 14 20 2
381 137 31 20 U.
430 138 31 17 B.
477 147 27 3 —
519 137 83 23 Prop.
618 139 49 17 N:o
682 136 47 19 23.

185 202 49 26 mål,
256 204 51 20 utan
329 202 62 22 äfven
410 202 8 21 i
436 202 72 29 lagens
525 202 133 30 tillämpning
675 202 31 22 uti
724 203 42 21 alla
780 202 48 22 mål.
857 203 73 21 Jemte

185 237 36 21 det
235 236 106 22 nämnden
355 236 87 22 sålunda
456 236 45 22 blef
514 244 26 14 en
555 237 82 28 ständig
651 236 33 22 till
698 236 144 22 häradsrätten
857 237 73 21 höran-

185 271 25 21 de
232 270 120 22 institution
372 272 55 20 samt
448 270 183 22 nämndemännen
652 270 126 22 fortfarande
797 270 97 22 tillsattes
909 270 23 22 af

185 304 190 29 häradshöfdingen
390 304 68 22 allena
474 305 51 21 eller
539 304 7 22 i
561 304 82 22 samråd
653 305 48 21 med
710 304 112 26 nämnden,
833 305 41 21 fick
884 305 47 21 ock-

185 338 23 22 så
222 339 106 21 nämnden
346 338 115 26 efterhand,
478 339 88 21 likasom
580 338 196 29 häradshöfdingen,
792 338 23 22 af
828 340 103 27 allmogen

185 373 83 29 åtnjuta
288 373 46 22 fritt
354 373 110 22 underhåll
479 373 36 22 vid
530 374 77 28 tingen,
623 373 82 21 hvilket
720 373 23 21 af
755 373 57 21 ålder
827 374 104 28 allmogen

185 408 8 22 i
208 408 97 22 afseende
324 408 13 22 &
354 408 190 29 häradshöfdingen
563 408 109 28 äliggande
692 408 104 21 allmänna
814 409 74 21 besvär
902 408 28 22 åt-

185 442 104 22 minstone
311 442 46 22 från
379 442 105 29 sjuttonde
504 443 67 21 seklet
588 442 106 29 utgjordes
710 450 76 20 genom
804 450 27 14 en
848 442 83 29 ständig

185 476 47 22 från
245 477 73 28 hvarje
332 477 78 29 matlag
424 477 104 28 utgående
543 476 229 30 tingsgästningsafgift,
789 485 45 13 som
842 478 88 20 bestäm-

184 511 37 22 des
238 511 56 22 olika
308 511 33 22 för
355 511 93 29 Sverige,
464 512 36 21 der
515 512 72 28 tingen
601 518 50 15 voro
666 518 155 22 gemensamma
835 511 33 21 för
882 512 49 21 hela

185 546 112 28 domsagan
319 546 38 21 och
375 546 252 29 tingsgästningsafgiften
642 545 80 22 derföre
738 546 105 28 utgjordes
858 546 8 21 i
881 554 48 20 pen-

184 580 75 29 ningar
275 580 33 22 till
326 580 116 29 obetydligt
459 580 81 30 belopp,
561 580 39 22 och
615 580 56 21 olika
686 579 32 22 för
732 580 98 26 Finland,
846 580 85 22 hvarest

185 614 109 29 allmogen,
318 617 55 19 emot
395 615 100 28 rättighet
516 617 31 20 att
567 615 22 21 få
608 614 101 22 särskilda
727 614 45 29 ting
786 615 32 21 uti
833 615 50 21 flera
897 615 33 22 till

184 648 73 30 hvarje
272 648 98 30 domsaga
383 649 93 21 hörande
492 650 94 28 tingslag,
602 648 47 30 åtog
662 649 31 28 sig
703 650 31 20 att
743 648 7 22 i
760 649 170 29 tingsgästnings-

185 682 61 30 afgift
263 683 47 21 från
328 683 74 29 hvarje
416 684 38 21 rök
470 684 81 29 erlägga
565 684 47 28 fyra
627 684 79 28 kappar
721 684 94 28 spanmål
830 692 34 13 om
878 684 50 22 året.

184 718 75 28 Enligt
280 718 78 29 Kongl.
381 718 159 29 Förordningen
562 718 41 22 den
621 720 13 20 6
651 718 48 22 Juli
715 718 55 22 1720
784 718 68 22 skulle
868 718 40 22 den
923 719 7 21 i

186 752 87 29 Sverige
294 753 49 21 med
362 753 88 22 allenast
468 762 35 13 sex
523 757 34 17 öre
573 752 132 29 silfvermynt
720 760 33 14 om
769 752 45 22 året
827 752 103 29 utgående

184 787 258 29 tingsgästningsafgiften,
462 796 43 14 som
524 788 65 28 enligt
603 788 78 28 Kongl.
697 786 87 23 Brefvet
800 788 40 20 den
856 788 10 21 1
883 788 46 22 Juli

187 823 54 21 1685
256 822 60 22 inflöt
330 822 8 21 i
352 822 161 26 läneränterien,
529 822 57 22 delas
597 822 92 25 sålunda,
700 823 30 21 att
740 821 190 30 häradshöfdingen

185 857 67 21 erhöll
266 856 42 22 den
322 864 39 14 ena
375 856 87 27 hälften,
478 858 53 20 samt
546 856 111 26 nämnden,
673 856 87 22 hvilken
775 856 35 22 det
826 856 36 22 der
871 856 8 22 i
888 857 42 21 lan-

186 891 35 21 det
239 890 46 28 ålåg
304 892 31 20 att
352 890 110 22 öfvervara
480 890 62 22 också
556 890 172 30 lagmanstingen,
745 891 40 21 den
800 890 65 22 andra
879 891 52 21 hälf-

185 927 36 19 ten
244 924 64 27 deraf,
331 924 75 22 medan
424 925 26 21 de
468 925 46 27 fyra
531 924 269 30 tingsgästningskapparne
815 925 8 21 i
837 925 92 21 Finland

185 966 62 22 synas
261 958 65 23 hafva
340 959 110 28 uppburits
466 958 22 22 af
500 958 190 29 häradshöfdingen
704 958 49 29 sjelf
766 959 51 21 eller
832 959 32 21 för
877 960 53 21 hans

185 993 90 28 räkning
290 993 23 21 af
325 994 137 20 länsmännen
480 994 50 20 eller
545 993 188 26 nämndemännen,
748 993 49 21 med
811 993 120 29 skyldighet

185 1028 8 20 i
207 1027 103 22 hvardera
324 1026 59 22 fallet
397 1026 32 22 för
443 1027 188 28 häradshöfdingen
647 1028 30 20 att
690 1027 39 22 vid
736 1028 148 28 häradstingen
894 1036 36 13 un-

185 1062 93 21 derhålla
293 1061 111 27 nämnden,
422 1061 88 22 hvilken
524 1062 38 21 här
577 1061 46 21 icke
638 1069 37 14 var
689 1061 75 29 pligtig
776 1063 30 20 att
821 1062 109 22 öfvervara

184 1096 172 28 lagmanstingen.
386 1096 13 21 I
413 1096 53 28 följd
486 1096 62 21 häraf
564 1096 93 28 uppkom
675 1096 40 20 den
730 1096 62 21 seden
808 1096 7 21 i
830 1096 99 26 Finland,

185 1132 31 20 att
236 1129 188 26 häradsnämnden,
448 1129 52 22 efter
523 1129 211 22 öfverenskommelse
749 1130 48 20 med
811 1130 119 21 häradshöf-

186 1164 82 28 dingen,
284 1164 48 28 åtog
347 1164 31 28 sig
393 1166 31 19 att
438 1164 36 21 vid
489 1164 70 28 tingen
579 1163 122 22 underhålla
716 1163 32 29 sig
762 1163 50 29 sjelf
825 1166 55 20 emot
895 1164 35 22 det

184 1200 31 20 att
229 1197 190 30 häradshöfdingen
436 1198 22 21 åt
478 1198 105 21 nämnden
597 1197 68 22 afstod
680 1205 26 14 en
720 1197 27 29 på
761 1197 51 22 aftal
826 1198 103 21 beroende

185 1233 62 22 andel
264 1232 24 22 af
304 1232 295 29 tingsgästningsspanmälen;
620 1233 39 21 och
677 1232 57 22 detta
748 1232 129 22 förhållande
891 1233 38 22 har

184 1265 56 22 intill
259 1265 120 22 nuvarande
399 1266 31 21 tid
445 1265 95 26 fortfarit,
556 1265 63 22 äfven
634 1266 63 21 sedan
712 1265 35 22 det
760 1273 76 20 genom
850 1266 78 27 Kongl.

184 1299 89 22 Brefvet
288 1299 40 21 den
343 1300 26 21 21
384 1299 49 22 Juli
448 1300 53 21 1727
518 1300 53 21 hade
585 1299 70 22 blifvit
669 1300 109 25 bestämdt,
794 1301 31 20 att
839 1300 91 27 lagmän-

184 1341 42 15 nen
240 1334 8 21 i
263 1334 92 22 Finland
370 1334 68 22 skulle
453 1333 22 22 få
489 1333 145 30 tillgodonjuta
649 1342 27 13 en
690 1333 23 22 af
726 1333 24 22 de
765 1333 47 30 fyra
821 1333 109 29 tingsgäst-

184 1369 168 29 ningskapparne
375 1371 56 20 emot
453 1369 119 29 skyldighet
594 1370 30 21 att
646 1368 114 29 ombesörja
782 1369 36 22 sitt
836 1369 38 21 och
888 1369 41 29 lag-

184 1403 175 23 mansnämndens
373 1403 111 22 underhäll
498 1404 36 22 vid
548 1404 172 28 lagmanstingen.

252 1439 12 20 I
287 1439 55 21 1734
363 1438 33 22 års
417 1439 35 28 lag
468 1439 43 22 blet
530 1439 46 21 icke
595 1443 96 18 närmare
706 1439 110 26 bestämdt,
831 1439 27 28 pä
872 1439 56 22 hvad

182 1475 41 20 sätt
244 1472 181 22 häradsnämnden
447 1474 68 21 skulle
536 1473 107 27 tillsättas;
664 1475 23 26 ty
702 1473 73 22 härom
789 1473 59 22 inflöt
863 1474 6 21 i
887 1475 10 20 1
914 1475 14 25 8

250 1511 137 25 Lagutskottets
399 1513 111 18 betänkande
522 1513 36 18 N:o
570 1513 27 18 13.
