1045 1709
236 145 12 19 8
420 143 28 21 U.
464 143 28 21 B.
508 153 24 4 —
548 141 73 27 Prop.
635 141 46 21 N:o
695 140 38 22 25.

207 218 27 13 va
256 211 51 20 med
328 210 96 21 nämnda
446 211 95 20 moment
563 207 123 27 verkställd,
708 207 124 21 hemställer
846 206 107 20 Utskottet

208 245 116 26 vördsamt,

344 293 31 18 att
395 288 123 22 Ständerna
544 286 108 29 behagade
672 286 117 29 godkänna
807 285 98 29 följande
920 284 34 29 ly-

277 323 56 22 delse
347 323 37 28 för
399 322 17 22 3
431 327 109 17 momentet
556 322 28 28 af
597 321 13 28 $
627 321 46 21 21:

345 362 50 23 Med
411 362 34 22 det
459 362 9 21 i
481 361 148 30 nästföljande
645 364 89 18 moment
749 359 106 30 ingående
867 359 87 22 undan-

278 402 35 23 tag
329 397 34 22 må
379 397 8 21 i
401 396 49 23 stad
464 396 36 22 vid
515 396 86 25 handel,
617 402 46 15 som
679 395 75 22 endast
769 394 33 22 till
816 393 139 31 sjelfförsörj-

276 431 53 29 ning
345 430 112 28 bedrifves,
475 431 25 22 de
515 431 10 21 i
539 430 71 23 denna
625 431 18 25 $
655 428 144 30 omförmälda
813 428 89 29 drycker
911 427 44 23 icke

277 464 112 31 försäljas.

277 517 175 22 Vidkommande
468 517 98 27 slutligen
588 517 6 20 4
610 517 118 21 momentet
739 515 33 22 får
782 516 114 26 Utskottet,
905 515 52 22 med

210 551 103 22 afseende
328 550 54 22 derä

279 593 29 19 att
329 591 107 21 Utskottet
456 591 7 20 i
483 591 35 21 det
535 589 132 29 föregående
683 590 106 21 hemställt
804 597 35 14 om
854 589 58 22 bifall
927 589 31 22 till

211 626 34 21 sitt
259 626 80 27 förslag
353 625 135 21 beträffande
502 631 65 16 mom.
584 625 25 26 1;

280 667 29 20 att
326 666 51 21 sista
395 667 118 20 momentet
527 666 7 20 i
550 665 72 22 denna
638 666 13 24 $
666 665 5 20 i
687 665 96 27 enlighet
797 665 91 21 härmed
900 665 56 26 jem-

211 701 35 20 väl
261 700 61 21 torde
336 700 54 21 böra
405 699 97 28 qvarstå;

280 742 29 19 att
327 739 160 28 Ridderskapet
501 740 41 21 och
557 739 70 22 Adeln
643 741 55 20 samt
712 738 182 29 Borgareståndet
909 739 47 21 der-

212 774 88 22 utinnan
316 774 156 27 samstämmigt
486 774 86 22 beslutit
586 773 77 22 sådant
677 774 73 27 tillägg
765 774 7 20 i
787 775 124 24 momentet,
928 776 30 18 att

212 808 66 22 orden
295 808 44 28 ytill
355 808 148 27 afhemtning*
518 809 54 21 böra
587 808 46 21 deri
647 807 62 28 ingå;
727 809 54 20 samt

279 849 30 19 att
338 848 43 21 den
396 848 51 21 med
461 846 132 29 föregående
604 849 95 20 moment
711 848 101 27 vidtagna
823 848 133 21 redaktions-

212 882 125 27 förändring
352 882 98 27 betingar
464 883 132 26 uteslutning
610 882 24 21 af
646 882 61 21 ordet
721 881 83 28 ,,dock"
819 883 7 19 i
841 882 57 21 detta
907 882 51 21 4:de

213 917 102 26 moment,
333 915 110 22 vördsamt
456 915 86 28 föreslå,

349 965 30 17 att
392 967 62 16 mom.
471 961 18 22 4
504 961 9 22 i
557 961 33 22 21
606 960 27 28 af
649 961 109 22 Utskottets
770 960 83 30 förslag
862 961 62 22 måtte
934 961 28 28 af

280 994 123 23 Ständerna
417 995 127 28 godkännas
560 995 46 22 med
620 995 99 29 följande
734 995 92 29 lydelse:

352 1034 71 22 Under
439 1034 138 29 iakttagande
593 1035 28 28 af
632 1035 165 28 föreskrifterna
812 1035 9 21 i
832 1035 71 22 denna
910 1035 48 28 för-

282 1067 93 29 ordning
390 1067 35 22 må
441 1075 23 14 en
480 1069 61 25 hvar,
554 1068 81 30 jemväl
649 1072 53 19 utan
717 1068 103 22 särskildt
831 1068 103 26 tillstånd,
945 1069 14 22 å

281 1101 207 28 tillverkningsorten
503 1102 33 22 till
550 1101 133 30 afhemtning
698 1102 94 29 föryttra
806 1103 21 20 öl
839 1102 38 22 och
887 1106 73 25 porter

282 1134 28 28 af
322 1142 52 21 egen
389 1135 75 28 brygd.

281 1192 138 21 Beträffande
442 1191 21 30 $
485 1195 41 20 24
546 1200 91 15 mom.
650 1187 14 39 1
687 1193 109 22 innehålla
811 1194 147 27 protokollsut-

214 1225 91 28 dragen:
323 1227 30 20 att

315 1271 181 27 Ridderskapet
510 1273 40 20 och
565 1272 82 22 Adeln

282 1310 96 28 godkänt
392 1312 158 28 betänkandet;
567 1314 30 19 att

316 1355 185 25 Presteständet

281 1396 86 22 beslutit
389 1396 121 23 återremiss
530 1398 28 21 till
574 1398 106 22 Utskottet
695 1400 6 19 i
717 1400 103 21 afseende
835 1399 13 22 &
863 1406 95 16 momen-

213 1432 39 20 tets
276 1431 159 27 omredigering
449 1432 7 20 i
471 1431 77 22 sådant
562 1434 63 25 syfte,
643 1434 30 20 att
687 1434 164 28 näringsidkare
863 1434 31 29 på
910 1434 49 22 lan-

214 1464 34 22 det
266 1464 71 22 blefve
351 1464 74 22 tillåtet
441 1468 36 24 att,
495 1466 39 21 der
549 1467 27 20 de
592 1466 77 22 sådant
683 1468 75 27 önska,
777 1468 57 21 bilda
848 1468 29 22 de
891 1470 7 20 i
913 1476 45 14 mo-

236 1511 73 23 Bihang
321 1510 29 19 till
361 1511 103 18 Sammans.
478 1511 47 25 Lag-
538 1518 17 12 o.
563 1512 185 20 Ekonomiutskottets
760 1513 112 19 betänkande
883 1514 38 20 N:o
935 1515 21 17 3.
