1073 1703
303 127 31 21 U.
351 127 31 22 B,
400 138 22 4 —
443 128 84 24 Prop.
543 128 50 21 N:o
609 129 47 19 32.
812 130 25 21 17

115 192 151 22 folkskolornas
284 194 64 25 antal,
367 193 62 22 äfven
448 201 35 14 om
501 202 49 14 man
570 195 73 21 tänkte
659 195 31 29 sig
705 196 48 22 dem
767 197 53 21 blott
834 196 32 22 så-

115 234 45 14 som
174 229 31 19 ett
220 228 53 28 slags
288 227 113 26 elitskolor,
418 228 33 21 till
465 228 51 28 följd
531 228 23 22 af
563 228 74 29 mänga
647 229 216 29 landsförsamlingars

116 261 152 22 vidsträckthet
290 261 66 22 måste
378 260 112 30 flerfaldigt
509 262 85 21 komma
613 264 30 20 att
658 262 112 30 öfverstiga
785 264 79 21 antalet

115 295 22 21 af
158 294 150 29 församlingar,
324 294 23 22 så
368 294 45 28 läge
434 295 148 29 omöjligheten
596 296 33 21 för
643 298 30 20 ett
688 297 54 21 enda
756 297 64 21 finskt
834 305 30 13 se-

115 328 114 21 minarium
244 330 30 20 att
289 336 37 14 ens
340 328 170 23 tillnärmelsevis
525 330 72 21 kunna
612 330 89 21 utsända
716 331 35 21 det
761 330 103 29 behöfliga

115 362 79 21 antalet
208 362 67 21 lärare
290 362 39 21 och
344 362 116 22 lärarinnor
474 362 33 22 för
522 367 68 24 öppen
605 363 44 28 dag.
680 364 44 22 Det
741 365 74 28 högsta
830 372 34 13 an-

113 397 52 20 talet
179 396 74 22 lärare-
268 397 38 20 och
320 396 235 27 lärarinnekandidater,
571 405 45 14 som
630 397 75 23 hittills
726 398 27 29 pä
767 406 27 13 en
808 398 54 28 gäng

114 430 150 23 utdimitterats
287 430 47 22 frän
356 430 121 23 seminariet
491 431 8 22 i
513 431 125 29 Jyväskylä,
654 433 53 21 hade
730 432 78 29 utgjort
823 432 40 22 till-

114 467 151 27 sammantaget
286 465 107 22 trettionio
415 466 39 21 och
474 465 68 29 nägon
556 466 68 28 grund
645 466 33 22 till
692 467 126 28 antagandet
832 468 31 20 att

114 499 41 22 den
170 499 65 29 årliga
250 499 135 22 dimissionen
400 499 91 22 derifrän
506 500 7 21 i
529 508 27 13 en
571 508 48 13 snar
633 500 85 23 framtid
732 501 85 21 komme
832 502 31 21 att

113 534 8 20 i
134 533 70 29 nägon
218 533 201 29 anmärkningsvärd
433 534 51 28 grad
502 534 56 26 ökas,
574 533 107 23 förefanns
691 535 26 28 ej,
729 535 88 21 emedan
828 535 35 21 det

113 568 116 28 procenttal
250 568 24 21 af
294 568 102 25 eleverne,
412 575 45 14 som
480 567 68 29 afgick
566 567 45 22 före
629 568 108 22 fulländad
753 568 56 27 kurs,
826 569 50 28 vid

113 602 122 22 seminariet
252 610 50 13 vore
324 603 66 20 större
408 602 78 21 än+vid
500 602 65 21 andra
586 602 101 26 läroverk,
703 603 40 21 och
758 602 57 22 detta
829 603 33 21 till

113 636 49 28 följe
186 636 22 21 af
228 636 50 21 flere
297 636 195 21 sammanträffande
515 636 182 28 omständigheter,
720 636 73 21 hvilka
815 636 47 22 icke

112 670 54 21 hade
183 670 33 21 sin
230 670 68 27 grund
312 670 8 20 i
335 669 75 29 sjelfva
424 670 281 27 seminariiorganisationen,
721 670 68 21 såsom
803 672 15 19 t.
828 678 32 13 ex.

112 704 100 21 flertalets
231 703 23 22 af
268 703 70 22 elever
351 703 138 22 medellöshet
504 704 38 21 och
557 711 67 14 ovana
638 704 37 21 vid
689 704 80 28 andligt
783 705 78 24 arbete,

113 738 184 21 folkskollärarens
312 738 39 21 och
365 737 130 22 lärarinnans
509 738 143 21 mödosamma
662 738 56 21 och
707 733 13 37 i
729 738 133 21 ekonomiskt

112 772 99 22 afseende
227 771 18 29 ej
261 771 90 22 särdeles
366 772 101 21 lockande
482 772 105 29 ställning,
604 774 54 20 samt
673 772 99 28 slutligen
786 772 74 22 lätthe-

112 809 36 20 ten
162 808 32 20 att
207 806 67 21 under
289 806 121 22 nuvarande
424 805 145 23 förhållanden
584 806 62 22 äfven
663 806 53 21 efter
730 806 69 29 någon
813 807 48 20 kort

110 841 42 22 tids
167 841 85 22 vistelse
267 840 37 22 vid
318 840 136 22 seminarium
470 840 79 22 erhålla
563 839 229 29 folkskolläraretjenst.

179 875 33 22 Ur
234 883 29 12 nu
285 875 125 21 framhållna
432 875 45 20 skäl
499 874 91 29 framgår
611 874 154 28 behöfligheten
787 874 24 21 af
830 876 31 20 ett

110 909 178 21 folkskolelärare-
310 909 39 21 och
371 908 242 22 lärarinneseminarium
632 908 49 21 med
695 908 82 21 finskan
792 908 67 21 såsom

110 943 225 28 undervisningsspråk
350 942 48 21 med
413 942 64 22 sådan
492 942 163 28 nödvändighet,
671 943 31 20 att
716 942 110 22 Utskottet
840 941 18 28 ej

110 978 52 28 hyst
184 977 168 28 betänkligheter
373 978 31 20 att
426 978 51 20 utan
491 975 242 29 meningsskiljaktighet
747 977 68 21 uttala
830 975 31 29 sig

110 1011 35 22 för
160 1011 46 21 dess
222 1010 124 22 inrättande.
859 1033 3 2 .

182 1045 65 22 Hvad
262 1045 64 28 angår
340 1043 130 29 lämpligaste
485 1045 81 28 platsen
581 1043 32 22 för
627 1051 80 14 samma
717 1043 143 26 seminarium,

111 1079 23 22 så
154 1079 64 22 hafva
239 1079 73 22 främst
326 1078 128 22 Brahestads
474 1078 127 22 innevånare
622 1078 8 21 i
645 1085 26 14 en
685 1078 17 21 till
732 1078 61 21 Hans
808 1077 52 29 Kej-

112 1113 76 29 serliga
208 1113 98 28 Majestät
326 1112 95 29 ingifven
439 1113 61 22 skrift
518 1113 4 21 i
536 1112 167 29 underdånighet
723 1112 89 21 anhållit
826 1119 34 14 om

112 1148 119 21 inrättande
247 1147 105 22 derstädes
366 1146 25 22 af
410 1149 30 20 ett
455 1149 135 19 sammansatt
604 1147 64 21 finskt
683 1146 177 22 folkskolelärare-

112 1183 40 20 och
173 1181 247 26 lärarinneseminarium,
444 1181 32 21 till
498 1181 63 21 hvars
582 1180 109 22 förseende
712 1180 49 21 med
781 1180 80 21 lokaler

113 1217 39 20 och
167 1216 66 28 öfriga
247 1215 119 28 byggnader
382 1215 72 22 staden
468 1214 108 22 förbundit
590 1214 32 29 sig
636 1216 31 20 att
681 1214 85 28 bidraga
775 1213 50 22 med
834 1221 27 14 en

113 1257 82 14 summa
214 1249 22 22 af
251 1249 90 26 100,000
361 1249 68 21 Mark.
459 1249 13 20 I
486 1248 113 29 anledning
616 1247 62 22 häraf
690 1248 38 21 har
743 1247 118 23 Skolöfver-

114 1284 103 29 styrelsen
240 1283 31 22 uti
291 1283 23 21 af
334 1283 62 22 Hans
410 1282 120 29 Kejserliga
544 1281 99 30 Majestät
657 1281 115 22 infordradt
787 1282 75 21 under

114 1318 74 28 dänigt
204 1317 108 22 utlåtande
330 1317 8 21 i
357 1319 71 21 ämnet
442 1319 65 26 yttrat
520 1319 31 19 att
565 1316 123 25 Brahestad,
704 1316 66 21 såsom
785 1315 76 22 afsides

115 1351 89 28 belägen
218 1350 39 21 och
272 1350 88 21 emedan
375 1351 46 20 dess
442 1349 205 22 kommunikationer
661 1349 48 21 med
723 1349 67 28 öfriga
804 1349 58 21 delar

116 1385 24 21 af
152 1384 72 22 landet
236 1383 152 30 jemförelsevis
403 1388 35 17 äro
453 1383 66 27 svåra,
535 1383 19 29 ej
569 1391 50 15 vore
633 1383 86 29 lämplig
734 1384 32 20 ort
780 1382 32 22 för
827 1382 35 22 det

116 1419 122 23 tillämnade
260 1418 126 27 seminariet,
409 1418 86 22 hvartill
518 1418 215 28 Skolöfverstyrelsen
756 1416 107 29 föreslagit

115 1454 77 22 staden
205 1453 93 28 Nyslott,
314 1453 88 22 hvilken
424 1452 32 21 för
470 1452 118 22 ändamålet
607 1452 90 21 utlofvat
711 1453 31 20 ett
755 1452 73 27 bidrag
842 1450 23 22 af

184 1493 139 18 Sammansatta
336 1493 58 18 Stats-
407 1492 32 19 och
450 1493 188 18 Ekonomiutskottets
650 1491 112 19 betänkande
773 1491 37 19 N:o
821 1491 17 18 2.

780 1521 11 17 2
