1056 1709
230 146 12 18 4
420 144 27 22 U.
462 144 28 21 B.
504 155 28 4 —
546 143 72 27 Prop.
633 144 41 21 N:o
688 143 37 22 30.

204 211 105 20 dessutom
327 212 6 19 i
349 211 24 20 så
388 212 64 19 måtto
473 214 35 17 äro
528 212 32 25 sig
582 211 90 20 emellan
694 211 94 26 stridiga,
810 213 30 18 att
863 212 78 19 Preste-

204 245 84 20 ståndet
308 245 63 27 yrkat
394 248 29 17 att
447 247 59 18 extra
524 244 115 27 bevillning
659 245 64 20 borde
744 247 84 24 utgöras
843 245 32 20 för
890 245 58 20 såväl

204 279 50 27 rysk
264 286 45 13 som
321 286 69 14 annan
401 280 97 20 utländsk
515 278 136 27 tillverkning
666 278 52 22 efter
733 286 79 13 samma
826 280 67 26 grund
904 286 43 13 som

205 313 32 21 för
262 314 40 20 den
321 314 110 20 inhemska
453 316 23 17 är
495 313 106 27 gällande,
618 313 19 21 d.
653 316 19 16 ä.
688 314 7 18 i
710 313 132 20 förhållande
866 314 31 19 till
913 314 36 19 det

205 348 76 26 belopp
300 354 44 14 som
359 346 114 28 försäljes,
490 348 74 20 medan
580 347 176 26 Borgareständet
771 347 32 21 för
818 348 31 19 sin
866 347 33 20 del
915 354 33 19 sy-

205 388 36 14 nes
256 382 58 20 hälla
330 382 44 20 före
389 384 31 18 att
435 383 60 19 extra
514 381 114 27 bevillning
645 381 64 20 borde
726 382 77 20 äsättas
819 381 74 21 endast
908 382 40 19 den

204 416 64 26 ryska
287 416 162 26 tillverkningen
471 416 39 20 och
531 416 103 20 beräknas
650 416 18 24 ej
686 416 53 19 blott
754 416 51 19 efter
822 416 34 19 det
872 416 76 25 belopp

205 456 43 13 som
259 449 102 27 försäljes,
373 451 48 19 utan
433 449 60 21 äfven
504 450 52 20 efter
571 449 35 21 det
622 449 76 26 belopp
714 455 44 13 som
775 449 32 20 för
822 451 48 24 eget
886 449 65 20 behof

204 484 130 24 importeras,
357 483 38 20 har
412 483 243 27 Bevillnings-utskottet
674 484 70 18 ansett
766 483 31 26 sig
815 482 53 21 böra
888 483 60 19 vörd-

205 519 54 17 samt
274 516 95 21 anhälla:

339 553 34 19 att
387 550 82 22 Preste-
488 550 37 22 och
541 550 191 28 Borgareständen
748 551 57 25 ville,
821 550 48 21 med
879 550 71 27 frän-

270 584 83 28 gående
367 584 31 28 af
408 586 51 20 sina
471 585 65 26 förra
552 585 66 21 beslut
633 584 9 20 i
656 584 92 25 saken,
740 580 9 36 i
763 584 66 22 likhet
839 585 47 21 med
895 584 54 21 Rid-

272 618 114 28 derskapet
401 619 38 21 och
454 620 70 20 Adeln
540 621 55 20 samt
610 618 163 22 Bondeständet
782 618 116 28 godkänna
913 618 37 22 Ut-

271 652 88 22 skottets
374 653 133 21 betänkande
522 654 8 20 i
546 654 70 21 denna
632 653 40 21 del.

269 687 169 20 Vidkommande
461 688 93 20 deremot
576 687 84 21 Preste-
683 687 40 20 och
746 687 203 28 Borgareständens

203 721 156 27 samstämmiga
374 722 69 20 beslut
457 722 89 20 rörande
562 729 25 13 en
602 722 91 20 revision
709 722 24 20 af
742 722 119 26 grunderna
873 722 31 20 för
916 722 33 20 be-

204 754 122 27 villningen,
341 755 67 20 finner
424 755 106 20 Utskottet
544 762 26 14 en
586 755 65 20 sådan
667 756 90 20 revision
773 756 84 20 komma
872 758 31 18 att
917 758 33 24 yt-

204 788 97 26 terligare
312 789 119 20 underlätta
444 790 40 19 den
495 789 129 21 omfattande
640 789 97 27 pröfning
753 789 23 20 af
788 790 161 26 ifrägavarande

204 822 80 26 vigtiga
299 819 68 29 ämne,
382 823 85 20 hvilken
487 823 157 27 otvifvelaktigt
659 824 34 19 vid
711 824 126 20 kommande
852 824 97 20 landtda-

204 862 38 20 gar
256 857 66 21 mäste
338 860 40 24 äga
393 864 52 20 rum,
460 858 39 20 och
514 859 32 19 fär
561 858 108 21 Utskottet
684 858 82 21 derföre
777 859 106 21 vördsamt
894 859 53 21 före-

204 890 33 20 slå
251 892 37 24 att,
303 892 7 18 i
325 891 216 22 öfverensstämmelse
557 892 47 20 med
620 893 56 19 hvad
691 892 61 21 dessa
767 893 65 21 Stånd
848 894 92 26 beslutit,

342 926 9 20 i
363 925 135 22 Ständernas
511 926 152 28 underdäniga
676 927 175 25 svarsskrifvelse
866 928 9 20 i
889 930 62 19 ären-

271 958 36 22 det
321 960 84 27 jemväl
423 960 69 21 skulle
507 961 102 21 anhällas
625 968 33 14 om
673 968 25 14 en
714 962 35 20 till
764 963 64 20 nästa
843 962 107 28 landtdag

271 992 90 22 skeende
375 994 94 21 revision
486 995 31 27 af
531 995 69 21 redan
615 995 112 28 befintliga
742 995 110 27 äfvensom
867 996 85 21 utarde-

273 1027 65 21 tande
357 1027 30 27 af
400 1035 44 21 nya
463 1029 95 27 grunder
574 1029 41 27 för
631 1029 127 28 bevillmings
773 1031 127 27 utgörande,
915 1032 33 19 sä-

271 1067 45 15 som
334 1061 36 21 det
392 1062 55 21 enda
469 1064 65 19 sättet
552 1065 32 19 att
599 1062 148 22 åstadkomma
765 1070 25 15 en
801 1064 148 28 förbättring,

271 1100 46 15 som
331 1094 96 27 förenar
448 1097 93 20 rättvisa
562 1099 44 19 mot
622 1097 25 20 de
662 1097 171 27 skattdragande
848 1099 48 20 med
911 1099 39 20 bil-

272 1128 41 27 ligt
327 1128 101 27 afseende
438 1130 33 27 pä
486 1130 84 21 landets
586 1130 68 27 behof
664 1131 30 26 af
704 1131 68 21 ökade
786 1131 123 23 inkomster.

269 1162 134 22 Beträffande
420 1164 68 26 öfriga
502 1166 7 18 i
524 1164 132 22 förestäende
667 1166 64 20 mätto
748 1166 107 27 päyrkade
866 1167 83 21 föränd-

203 1196 71 25 ringar
286 1197 73 20 "hafva
381 1198 107 20 desamma
509 1198 96 21 beslutits
628 1199 24 19 af
663 1200 178 26 Borgareständet
862 1204 87 18 ensamt.

206 1228 31 20 Då
260 1230 66 20 likväl
349 1230 61 22 dessa
425 1232 119 26 ändringar,
560 1233 68 20 såvidt
644 1233 26 20 de
686 1234 74 20 beröra
775 1235 10 19 1
803 1236 111 25 meningen
929 1236 24 19 af

203 1264 10 22 $
230 1263 11 19 3
257 1265 54 18 samt
325 1266 22 22 $$
363 1265 12 19 4
391 1264 39 20 och
447 1266 19 24 5,
481 1265 74 20 endast
578 1266 44 20 afse
642 1268 30 18 ett
686 1266 156 28 förtydligande
865 1268 23 19 af
905 1268 44 20 deri

203 1296 65 20 redan
290 1297 104 26 ingående
417 1298 161 28 bestämningar,
595 1300 37 19 har
647 1294 117 26 Utskottete
787 1302 50 18 trott
852 1302 31 26 sig
899 1302 51 19 böra

203 1330 78 21 föreslå
291 1328 93 29 följande
394 1332 126 21 förändrade
531 1334 134 26 ordalydelse
678 1334 32 20 för
725 1335 61 20 dessa
801 1337 28 23 $$,
845 1335 52 20 eller
907 1335 42 21 för:

271 1364 66 21 första
351 1366 111 26 meningen
478 1366 23 20 af
511 1369 11 21 $
538 1368 20 19 3:

338 1398 73 22 Aktie-
427 1400 38 21 och
484 1400 126 29 bankbolag,
626 1402 83 21 hvilkas
725 1402 91 28 stadgar
831 1403 72 27 blifvit
918 1404 33 27 öf-

271 1432 130 29 verhetligen
414 1434 143 28 stadfästade,
569 1436 52 20 böra
635 1438 78 26 utgöra
729 1438 172 27 ofvanstadgade
915 1438 34 21 be-

271 1467 94 29 villning
376 1467 42 27 för
432 1469 58 21 årets
505 1476 53 15 rena
572 1470 64 27 vinst,
652 1470 47 21 deri
713 1471 135 21 inberäknad
862 1472 41 20 den
916 1473 34 20 del

269 1507 76 24 Bihang
357 1508 30 18 till
398 1508 211 24 Bevillningsutskottets
620 1510 112 19 betänkande
742 1511 38 19 N:o
791 1512 16 17 3.
