1045 1709
227 148 26 21 56
416 147 30 23 U.
461 147 28 23 B.
504 160 27 3 —
546 147 74 28 Prop.
636 147 45 23 N:o
697 147 36 22 26.

197 210 92 22 emellan
307 209 91 22 linierna
416 208 191 29 Etsäri-Uleåborg
626 210 40 21 och
684 204 205 33 Kuopio-Uleåborg
907 208 40 22 föl-

194 244 76 28 jande:

267 280 40 20 1:0.
336 278 39 22 Att
393 278 151 28 sträckningen
563 276 56 23 ifrån
633 278 92 27 Kuopio,
741 279 70 20 vester
825 284 35 15 om
876 277 74 22 Saima

197 314 94 25 vattnen,
309 312 34 22 till
362 312 117 22 Idensalmi
497 312 40 22 och
557 311 94 23 derifrån
668 312 34 21 till
716 312 139 27 ändpunkten
871 311 23 22 af
907 312 43 21 den

197 347 122 27 föreslagna
334 345 234 29 Uleåborg-Uleåträsk
582 346 78 26 banan,
675 347 65 27 utgör
755 346 97 27 omkring
867 347 27 19 20
904 346 47 25 mil,

197 381 78 21 medan
293 381 65 21 linien
376 380 57 22 ifrån
451 380 73 22 Etsäri
539 380 58 22 öfver
611 380 127 28 Pihtipudas
752 380 33 21 till
800 386 82 16 samma
896 379 54 22 änd-

197 416 69 27 punkt
284 415 67 28 jemte
373 415 151 28 förgreningen
545 414 34 22 till
599 414 130 26 vestkusten,
747 416 26 20 är
791 415 27 20 38
836 414 38 21 mil
888 412 63 29 läng;

198 450 31 21 uti
248 449 91 22 sednare
357 449 61 21 fallet
435 449 68 21 skulle
517 448 82 22 säledes
614 448 84 22 landets
710 449 139 27 jernvägsnät
864 448 87 22 komma

198 485 32 20 att
258 483 109 28 förlängas
395 483 49 21 med
470 484 25 20 18
520 483 38 21 mil
585 483 40 21 och
652 483 99 28 fördyras
778 483 49 21 med
852 483 98 27 omkring

200 518 125 26 18,000,000
345 518 68 20 mark.
444 517 40 21 Om
502 524 51 14 man
570 518 76 20 tänker
665 518 32 28 sig
712 518 41 21 den
768 517 102 28 ostligare
885 519 66 20 stam-

198 552 79 26 banan,
295 551 57 22 ifrän
370 551 118 22 Davidstad
507 552 59 21 öfver
585 551 31 22 S:t
634 551 79 22 Michel
735 552 33 21 till
791 552 92 27 Kuopio,
906 551 44 21 för-

199 586 65 28 längd
286 586 33 21 till
341 585 122 26 Idensalmi,
486 584 70 23 säsom
575 592 26 15 en
620 586 42 27 dag
681 586 155 27 otvifvelaktigt
854 586 100 21 kommer

199 622 31 19 att
246 620 43 26 ske,
304 618 25 23 sä
343 620 42 21 blir
401 620 119 21 skillnaden
535 621 57 20 ännu
606 621 76 25 större,
697 620 106 28 nemligen
814 621 29 20 27
851 620 38 20 mil
898 620 55 21 eller

199 654 119 28 respektive
334 655 26 20 27
376 654 99 27 miljoner
489 654 67 22 mark.

267 689 40 21 2:0.
337 688 38 21 Att
394 688 210 22 kommunikationen
622 688 90 22 emellan
731 687 110 29 Uleåborg
859 688 40 22 och
918 688 33 21 S:t

198 722 137 28 Petersburg,
355 730 34 14 om
408 722 127 28 Pihtipudas
553 723 65 21 linien
633 722 92 28 tidigare
739 722 89 28 bygges,
841 722 68 22 under
924 730 28 14 en

198 756 51 28 läng
264 757 53 28 följd
333 757 25 21 af
370 756 30 27 är,
417 757 51 21 eller
482 757 44 22 tills
542 757 41 22 den
597 757 25 21 af
634 757 110 22 Utskottet
759 757 121 28 föreslagne
895 764 55 14 sam-

199 791 238 28 manbindningsbanan
459 792 224 27 Kuopio-Kärsämäki
705 792 52 21 eller
779 792 41 21 den
841 792 110 21 mellersta

199 826 128 21 stambanan
345 826 33 21 till
395 826 50 21 hela
463 826 32 21 sin
514 826 124 27 sträckning
660 826 66 22 blifva
748 826 112 26 slutförda,
882 825 70 22 måste

199 860 116 21 förmedlas
331 860 58 21 öfver
404 860 145 22 Tammerfors
564 860 40 22 och
619 860 115 22 Riihimäki
748 859 29 29 på
792 867 26 14 en
833 861 76 28 omväg
929 860 26 21 af

200 894 58 22 öfver
274 895 26 19 22
316 894 44 21 mil.
389 894 126 21 Emellertid
529 895 65 27 utgör
608 894 32 21 S:t
654 894 131 28 Petersburg
794 894 157 22 hufvudafsätt-

199 928 131 28 ningsorten:
342 928 34 22 för
395 928 27 22 de
436 928 62 22 flesta
512 936 70 19 varor,
597 928 83 22 hvilkas
695 930 110 26 transport
819 928 30 28 på
860 928 92 28 jernväg

199 962 56 22 ifrån
277 963 71 21 Norra
371 958 138 26 Österbotten
532 963 33 21 till
587 963 69 21 Södra
673 963 91 21 Finland
781 954 47 41 kan
843 963 109 21 komma
938 954 19 41 i

199 996 69 29 fråga,
283 997 90 22 likasom
389 997 35 21 det
440 997 39 21 ock
493 999 26 19 är
533 996 95 23 derifrån
643 1004 45 15 som
703 996 119 29 Uleåborgs
837 997 36 21 län
883 997 70 21 under

199 1030 126 23 missvextår
346 1030 69 23 måste
438 1031 56 22 förse
513 1032 32 27 sig
563 1032 48 21 med
629 1032 59 27 mjöl.
717 1032 76 21 Denna
815 1033 76 26 omväg
908 1031 45 22 blir

200 1067 57 21 ännu
280 1066 140 28 olämpligare
439 1073 34 14 om
491 1066 8 21 i
514 1073 26 15 en
563 1066 86 22 framtid
672 1073 26 15 en
720 1066 231 22 transito-förbindelse

200 1100 90 22 emellan
309 1100 177 28 Sverige-Norige
505 1100 13 22 &
536 1108 40 14 ena
595 1101 39 21 och
649 1100 106 28 Ryssland
770 1100 13 22 å
798 1101 69 21 andra
882 1101 70 26 sidan,

199 1134 124 22 förmedelst
342 1141 26 14 en
386 1134 58 22 bana
462 1134 48 22 från
529 1134 109 28 Uleåborg
655 1135 33 21 till
703 1134 89 27 Torneå,
807 1135 96 21 kommer
917 1135 35 21 till

200 1168 68 22 stånd.
298 1167 115 23 Afståndet
431 1168 91 22 emellan
540 1168 110 28 Uleåborg
668 1169 40 21 och
730 1169 134 27 Helsingfors
882 1169 43 21 blir
943 1170 7 20 i

200 1202 70 22 denna
284 1202 103 22 händelse
401 1202 124 28 visserligen
541 1204 12 20 9
569 1203 37 21 mil
620 1202 82 28 längre,
717 1210 48 14 men
780 1203 7 21 i
802 1203 106 21 anseende
918 1203 33 21 till

200 1237 40 21 den
259 1235 166 23 förhållandevis
444 1236 123 28 obetydliga
584 1236 123 26 varutrafik,
726 1244 46 14 som
786 1237 71 21 kunde
871 1236 80 28 uppstå

199 1270 91 21 emellan
309 1269 62 22 dessa
389 1269 78 26 städer,
487 1270 40 21 har
545 1270 71 22 denna
634 1270 157 28 omständighet
805 1270 48 21 icke
867 1271 85 27 mycket

198 1306 32 20 att
244 1303 79 29 betyda
339 1303 40 22 och
391 1302 98 22 förfaller
503 1302 24 23 så
543 1304 51 28 godt
608 1311 46 15 som
669 1304 94 26 alldeles,
779 1304 67 22 sedan
861 1311 26 15 en
902 1304 49 22 blif-

198 1338 68 22 vande
281 1337 107 22 kustbana
403 1337 90 22 kommit
507 1338 33 21 till
555 1337 69 23 stånd.

268 1374 39 20 3:0.
337 1370 34 24 Då
389 1372 42 22 den
449 1373 120 28 egenteliga
587 1373 111 28 meningen
717 1372 49 23 med
784 1373 127 27 Pihtipudas
925 1373 30 21 li-

198 1408 56 26 nien,
269 1406 29 29 pä
316 1408 43 20 sätt
377 1406 68 22 redan
460 1407 89 26 anförts,
566 1408 124 28 antagligen
705 1408 56 21 varit
776 1408 41 21 den
832 1410 32 20 att
879 1408 74 22 utföra

198 1442 125 22 densamma
341 1441 104 22 nästefter
459 1441 132 23 bandelarne
606 1442 292 22 Tammerfors-Nikolaistad
911 1443 41 22 och

266 1482 91 22 Jernvägs-
361 1482 87 17 Utskottets
459 1482 109 18 betänkande.
