1042 1706
294 142 30 24 U.
339 143 27 23 B.
382 156 26 4 —
424 143 74 29 Prop.
514 143 44 23 N:o
573 144 36 22 26.
772 145 25 20 19

80 212 62 22 bred-
158 212 39 22 och
212 211 142 29 smalspåriga
367 212 69 22 banor
451 213 48 21 med
513 212 86 28 hänsigt
613 212 33 22 till
661 212 61 22 drift-
739 213 40 21 och
793 220 33 14 re-

79 246 210 22 montkostnaderna.

148 383 109 22 Utskottet
271 382 39 29 går
324 383 89 22 härmed
428 386 32 19 att
474 384 101 22 betrakta
589 384 112 22 resultatet
716 384 24 22 af
753 384 26 22 de
793 392 33 14 re-

80 418 42 21 dan
141 418 111 21 tillkomna
268 418 152 27 jernvägarnes
439 418 71 26 trafik,
528 418 34 21 för
577 420 32 19 att
624 418 91 22 sålunda
728 418 30 28 på
773 420 54 21 erfa-

80 452 112 22 renhetens
208 451 87 22 område
309 452 64 21 vinna
384 459 26 14 en
421 452 80 22 fastare
514 451 168 30 utgångspunkt,
697 460 45 15 som
757 454 70 21 kunde

80 486 70 23 tillåta
174 488 32 20 att
231 486 144 27 komparativt
388 487 113 21 bedömma
523 487 40 22 den
585 487 120 22 financiella
723 488 61 21 sidan
806 489 24 20 af

80 521 76 28 frågan
172 528 34 14 om
220 528 42 21 nya
275 521 265 28 jernvägsanläggningar.

148 555 200 28 Jernvägs-chefens
367 555 85 28 tryckta
470 555 127 22 berättelser
615 556 57 27 gifva
690 557 35 21 vid
743 557 84 21 handen

81 593 32 19 att
134 590 414 27 Helsingfors-Tavastehus-Petersburg
571 591 90 27 jernväg
686 591 67 21 under
777 590 51 22 åren

83 625 145 25 1871—1875,
245 623 27 22 då
288 624 122 22 densamma
424 625 7 20 i
447 625 49 21 hela
511 624 48 22 dess
573 625 65 27 längd
653 626 55 21 varit
722 625 34 22 för
765 625 63 22 trafik

82 658 108 29 upplåten,
206 659 95 21 afkastat
315 659 7 20 i
337 665 38 15 ren
392 658 123 29 behållning
533 661 111 24 3,599,427
659 659 67 22 mark.
756 660 72 21 Först-

81 693 93 23 nämnda
193 691 25 23 år
235 693 93 28 uppgick
348 693 122 22 densamma
484 693 8 21 i
506 693 67 22 rundt
590 693 31 22 tal
636 693 33 21 till
684 693 45 22 åtta
744 694 85 21 hundra

82 731 61 20 tusen
161 727 61 22 mark
240 728 40 21 och
299 727 113 22 förökades
432 728 91 21 derefter
542 728 33 21 till
590 735 25 14 en
631 728 80 27 miljon,
726 735 49 14 men
790 736 38 14 un-

82 764 38 21 der
136 763 25 21 de
176 764 33 19 tre
224 761 134 23 återstående
380 761 51 22 åren
446 763 40 20 har
505 763 40 21 den
563 763 115 21 successivt
692 761 89 29 nedgått
795 763 34 21 till

82 798 40 27 sju,
138 804 37 15 sex
190 797 39 21 och
244 797 68 20 under
328 795 46 22 året
390 797 53 20 1875
459 797 113 26 sluteligen
587 796 32 21 till
634 796 48 27 fyra
695 797 86 21 hundra
795 799 33 19 tu-

83 840 36 15 sen
141 832 67 22 mark.
242 831 114 27 Samtidigt
376 831 56 20 hade
453 831 95 21 rörelsen
566 829 55 22 både
639 830 33 21 för
687 838 142 21 passagerare

83 867 39 22 och
138 866 52 28 gods
204 866 70 21 blitvit
289 864 90 29 ungefär
394 865 135 21 fördubblad.
560 864 154 28 Följakteligen
729 866 40 21 har
783 869 46 18 net-

82 901 142 22 toinkomsten
242 899 88 28 nedgått
348 899 32 22 till
399 899 87 26 hälften,
502 899 76 21 medan
593 898 95 22 rörelsen
703 899 69 22 blifvit
786 900 43 21 för-

84 935 73 22 storad
176 935 33 21 till
226 935 37 21 sitt
282 933 79 22 dubbla
379 933 84 27 belopp.
492 933 65 21 Detta
575 933 105 21 abnorma
694 933 135 23 förhållande

84 969 67 22 måste
172 970 53 21 bero
247 969 24 21 af
291 968 105 22 särskilda
421 968 87 21 orsaker
533 968 40 21 och
595 974 62 21 synes
678 968 152 22 företrädesvis

84 1005 72 21 kunna
170 1003 124 23 tillskrifvas
309 1002 18 29 ej
343 1002 82 22 mindre
444 1002 40 21 den
499 1001 183 28 omständigheten
697 1004 33 20 att
745 1003 85 21 kostna-

85 1039 67 22 derna
169 1038 34 21 för
220 1039 116 24 remonten,
354 1036 72 22 hvilka
444 1036 68 22 under
530 1036 40 22 den
586 1036 68 22 första
668 1037 59 21 tiden
740 1038 90 21 naturli-

86 1081 40 21 gen
139 1074 56 21 varit
210 1072 126 28 obetydliga,
352 1071 69 22 blifvit
435 1078 45 14 mer
496 1071 39 21 och
551 1078 45 15 mer
610 1070 117 27 kännbara,
743 1074 28 19 än
789 1074 40 20 ste-

86 1108 66 28 grade
166 1106 94 28 anspråk
275 1105 29 29 på
319 1106 109 25 snabbhet,
444 1105 94 21 komfort
553 1107 55 19 samt
623 1112 26 14 en
665 1106 165 28 omständligare

85 1142 136 27 förvaltning,
243 1141 71 21 hvilka
335 1140 81 21 kunnat
439 1139 75 22 föröka
532 1139 117 28 utgifterna
667 1140 7 20 i
693 1140 81 27 ganska
788 1141 43 27 hög

87 1177 59 27 grad.
175 1176 73 27 Enligt
263 1175 85 21 chefens
366 1173 86 28 uppgift
466 1174 64 21 hafva
545 1174 112 27 samteliga
671 1174 88 27 utgifter
773 1174 58 21 med-

86 1211 54 28 tagit
154 1210 24 22 af
190 1210 182 21 total-inkomsten
386 1210 27 20 70
428 1210 90 25 procent
532 1208 33 22 för
581 1207 50 22 åren
648 1209 51 20 1871
717 1208 40 22 och
770 1210 59 24 1872,

87 1247 25 19 81
128 1246 90 26 procent
236 1242 24 22 är
281 1244 60 25 1873,
361 1244 25 20 86
406 1245 90 25 procent
512 1241 24 23 är
552 1244 55 20 1874
622 1243 40 21 och
677 1242 111 28 sluteligen
804 1244 26 20 92

87 1281 89 26 procent
191 1277 24 23 är
232 1279 60 20 1875.

155 1312 37 22 Uti
210 1311 140 23 förenämnda
366 1310 127 22 berättelser
510 1310 68 22 finnes
593 1311 122 27 visserligen
729 1311 62 21 äfven
807 1318 24 14 en

89 1354 70 15 annan
174 1345 214 27 beräkningsmethod
402 1345 118 27 tillämpad.
551 1344 74 21 Under
640 1343 62 22 årens
716 1344 51 27 lopp
777 1344 55 21 hade

89 1382 88 21 arbeten
192 1380 68 21 blifvit
274 1378 93 26 utförda,
382 1378 72 22 hvilka
468 1378 47 22 icke
530 1378 70 21 kunde
615 1384 62 14 anses
691 1378 54 21 höra
760 1378 32 21 till
807 1378 26 21 de

90 1414 68 28 årliga
176 1413 59 22 drift-
254 1413 39 21 och
308 1411 275 27 underhållskostnaderna,
599 1413 52 20 utan
665 1411 67 22 borde
747 1411 86 28 påföras

90 1448 250 29 anläggningskapitalet.
368 1446 61 22 Efter
448 1446 70 22 denna
535 1446 118 27 beräkning
672 1446 40 21 har
731 1446 35 21 det
787 1446 46 21 sist-

158 1489 89 21 Jernvägs-
251 1488 86 17 Utskottets
348 1487 108 18 betänkande.
