1053 1709
396 131 79 23 Ständ.
491 131 37 21 Sv.
544 144 27 2 —
586 131 70 27 Prop.
671 131 40 21 N:o
726 131 35 21 26.

267 195 54 21 bana
334 193 54 21 ifrån
403 192 139 22 Tammerfors
558 195 88 19 österom
656 192 105 29 Näsijärvi
771 192 33 22 till
813 192 67 28 någon
889 192 63 28 lämp-

268 228 29 28 lig
321 227 67 29 punkt
410 226 12 22 &
443 227 104 21 mellersta
572 227 127 24 stambanan,
721 226 119 22 alternativt
863 226 89 24 Kuivas-

267 261 66 27 mäki;
350 263 53 19 samt

267 292 60 26 Östra
349 296 120 21 stambanan
490 295 54 22 ifrån
559 295 88 28 Wiborg
661 295 8 20 i
684 294 114 29 föreslagen
813 295 93 28 riktning
920 294 32 22 till

267 331 96 21 Joensuu
379 330 37 21 och
431 329 90 22 derifrån
536 329 70 22 vidare
621 329 33 21 till
668 329 100 22 närheten
783 329 22 21 af
812 329 85 28 Kuopio
908 329 45 21 stad

268 365 59 22 öfver
343 364 114 22 Idensalmi
475 364 39 21 och
528 363 54 22 förbi
596 363 54 22 Uleå
664 363 56 22 träsk
735 363 32 22 till
781 363 109 28 Uleåborg,
906 363 48 21 med

270 407 26 13 en
310 398 257 28 sammanbindningsbana
582 397 45 22 från
642 397 66 28 någon
721 397 68 28 punkt
799 397 12 21 å
820 397 134 22 förenämnda

268 432 135 22 hufvudbana
424 431 53 22 förbi
499 431 86 29 Kuopio
607 431 45 22 stad
674 439 73 20 genom
770 431 128 28 Suonenjoki
916 431 38 21 och

269 466 134 21 Pieksämäki
426 465 142 29 församlingar
590 465 32 22 till
642 465 85 28 lämplig
741 465 68 28 punkt
822 465 13 21 &
849 465 104 22 mellersta

269 501 131 25 stambanan
392 497 12 34 ;

336 535 89 21 hvarhos
446 535 80 20 Eders
543 533 121 29 Majestät
678 534 55 21 velat
747 533 76 22 föreslä
838 533 116 22 Ständerna

269 571 30 20 att
320 577 29 13 nu
370 569 81 21 besluta
470 569 32 21 till
519 568 108 29 byggande
645 567 23 22 af
685 568 40 21 den
740 568 60 22 delen
815 567 22 22 af
849 568 105 21 mellersta

269 604 127 25 stambanan,
420 611 43 13 som
485 603 67 21 skulle
574 603 80 21 sträcka
674 603 30 28 sig
719 603 88 21 emellan
822 602 131 21 Nikolaistad

269 638 39 21 och
322 637 123 28 Jyväskylä,
461 637 63 28 jemte
539 637 152 22 ofvannämnde
702 636 196 29 förbindningsbana
908 636 45 21 frän

269 671 140 22 Tammerfors
428 673 89 20 österom
533 671 106 28 Näsijärvi
653 671 33 21 till
701 671 139 22 Kuivasmäki
855 671 50 21 eller
920 671 33 21 nä-

269 714 41 20 gon
329 713 69 14 annan
413 705 109 28 vestligaro
536 706 86 27 belägen
636 705 68 28 punkt
718 705 12 21 &
744 705 136 28 nyssberörda
894 707 60 19 stam-

269 741 58 24 bana,
348 739 105 22 äfvensom
473 741 31 20 att
523 739 66 22 dertill
606 739 76 28 bevilja
696 739 75 28 nödiga
786 739 68 21 medel
868 739 37 21 och
920 739 33 21 be-

270 776 87 19 stämma
379 773 58 22 tiden
455 773 32 22 för
507 774 88 21 arbetets
609 773 131 28 pähörjande,
755 773 92 26 hvilken,
863 773 48 22 med
926 773 27 21 af-

268 807 75 22 seende
358 807 12 22 &
384 807 135 29 tillgängarne
534 808 8 21 i
556 807 267 22 kommunikationsfonden
836 808 38 21 och
886 807 24 22 de
921 808 32 21 be-

269 842 80 29 tydliga
369 843 75 28 anslag,
465 850 42 14 som
523 842 127 22 erfordrades
664 842 32 22 till
711 842 58 22 dessa
784 843 72 21 banors
871 842 83 22 fullbor-

270 877 73 26 dande,
362 877 62 21 borde
443 877 133 29 framskjutas
590 877 32 22 till
638 878 62 25 1880;
724 877 38 21 och
777 877 25 22 dä
817 877 137 22 förhällandet

268 912 71 21 kunde
361 912 142 27 väsendtligen
526 912 105 21 förändras
652 911 63 22 innan
737 912 117 28 byggandet
874 912 22 21 af
914 912 39 21 den

268 945 129 22 återstående
412 946 59 21 delen
494 946 23 21 af
536 946 161 21 stambansnätet
719 946 155 28 ifrägakomme,
898 949 53 19 samt

270 980 133 28 fullständiga
417 980 177 28 undersökningar
608 979 32 22 för
654 980 117 21 ändamålet
785 985 56 16 ännu
848 981 54 23 icke
915 981 38 21 för-

270 1013 113 28 försiggått,
398 1014 53 21 hade
466 1019 94 17 närmare
572 1014 76 27 förslag
657 1014 86 21 rörande
754 1016 67 24 sättet,
833 1015 119 28 ordningen,

269 1049 58 21 tiden
342 1048 38 21 och
394 1048 137 21 kostnaderna
546 1047 32 22 för
589 1047 118 22 utförandet
717 1048 22 21 af
747 1049 62 28 sagde
819 1049 33 21 del
862 1049 23 21 af
893 1051 60 20 stam-

269 1083 109 20 bansnätet
392 1084 77 19 ansetts
479 1082 32 21 för
521 1082 127 21 närvarande
658 1082 46 21 icke
714 1083 49 21 böra
776 1082 116 22 Ständerna
902 1083 50 21 före-

268 1117 75 28 läggas.

280 1151 13 20 I
314 1150 62 29 öfrigt
393 1151 37 20 och
450 1158 43 13 som
509 1150 196 22 ofvanomförmälda
719 1151 71 28 anslag
804 1151 32 22 till
848 1151 104 29 jernvägs-

213 1185 178 28 undersökningar
413 1185 61 21 redan
497 1193 48 13 vore
565 1185 100 25 använda,
683 1185 38 21 har
735 1185 80 22 Eders
830 1186 123 27 Majestät

213 1220 21 21 åt
257 1219 116 22 Ständerna
387 1219 136 22 öfverlemnat
542 1220 36 25 att,
593 1219 8 21 i
615 1219 97 22 händelse
733 1220 25 21 de
778 1220 90 21 önskade
883 1220 70 22 slutfö-

214 1254 73 20 randet
301 1253 23 21 af
336 1253 203 27 undersökningarne
554 1253 31 20 för
601 1253 39 20 den
651 1255 55 19 östra
715 1254 121 20 stambanan
846 1254 105 21 äfvensom

214 1286 178 27 undersökningar
406 1286 31 21 för
452 1294 25 13 en
488 1286 256 28 sammanbindningsbana
755 1287 88 20 emellan
854 1287 39 20 den
904 1288 48 20 mel-

213 1322 63 21 lersta
295 1321 38 21 och
353 1322 55 20 östra
429 1320 126 26 stambanan,
578 1320 69 21 dertill
664 1319 77 29 jemväl
759 1320 76 29 bevilja
855 1321 97 22 erforder-

212 1355 38 29 ligt
264 1355 75 28 anslag.

279 1389 45 22 Det
345 1389 98 22 särskilda
461 1389 84 26 utskott,
561 1388 32 23 till
608 1389 81 22 hvilket
704 1389 115 22 Ständerna
834 1390 6 21 i
856 1390 95 22 afseende

215 1424 12 22 å
241 1423 147 23 förberedande
404 1423 125 29 behandling
544 1423 136 23 öfverlemnat
694 1424 154 29 ifrågavarande
862 1425 90 29 proposi-

213 1460 49 25 tion,
277 1460 38 20 har
330 1459 8 21 i
353 1458 84 29 afgifvet
451 1458 130 22 betänkande
596 1459 62 21 bland
672 1461 62 20 annat
743 1459 100 27 tillstyrkt
852 1462 30 20 att
893 1460 58 22 Stän-
