1053 1709
311 136 70 22 U.:B.
397 148 26 4 —
438 136 75 29 Prop.
529 136 45 24 N:o
589 136 37 23 22.
805 136 14 22 5

97 200 35 21 del
147 200 68 21 finnas
231 200 32 20 att
278 199 67 27 tillgä.

165 234 73 20 Under
253 233 151 27 förutsättning
420 235 31 19 att
466 234 102 26 Borgare-
585 234 38 21 och
637 234 164 21 Bondeständen
811 239 36 15 an-

97 270 50 25 taga
165 268 104 26 förslaget
287 274 34 15 om
339 268 129 27 anläggning
486 268 24 21 af
527 268 130 21 bandelarne
675 267 171 22 Tammerfors
831 263 18 36 —

98 303 77 26 Etseri,
202 304 93 20 österom
316 302 106 27 Näsijärvi
446 305 55 19 samt
523 302 236 22 Etseri—Nikolaistad
781 302 67 21 under

97 336 190 22 nästinstundande
309 337 205 26 Landtdagsperiod,
536 336 97 27 inbjudas
657 337 112 26 samteliga
788 336 60 21 Stän-

98 371 40 21 den
150 373 37 24 att,
198 371 48 21 med
257 370 145 22 modifikation
413 371 23 20 af
445 371 105 21 särskilda
560 371 82 21 mindre
653 371 119 26 väsentliga
782 370 67 27 punk-

98 407 33 19 ter
148 405 6 21 i
175 405 62 21 deras
254 405 58 21 förra
330 405 76 26 beslut,
426 405 130 22 beträffande
576 405 37 22 det
630 405 162 28 ifrägavarande
811 411 37 14 an-

98 439 69 27 slaget
181 439 113 28 godkänna
308 439 95 27 följande
419 439 143 28 bestämning:

167 485 45 22 För
233 485 104 28 byggande
356 485 27 26 af
393 485 167 28 jernvägslinien
578 485 272 26 Tammerfors
736 481 12 36 —
760 485 90 26 Etseri—

99 520 134 21 Nikolaistad
247 521 37 25 får
298 520 67 21 under
380 521 96 20 närmast
486 520 94 27 följande
590 520 155 27 femårsperiod
756 519 93 22 kommu-

98 555 195 26 nikationsfondens
303 554 113 28 tillgångar
426 555 108 21 användas
544 555 9 20 i
563 555 39 20 den
612 555 51 21 män
670 555 25 21 de
706 555 79 26 inflyta,
798 554 50 21 dock

99 589 42 21 icke
159 589 80 26 utöfver
258 589 40 21 den
315 589 119 27 föreslagna
452 596 97 14 summan
568 590 135 25 20,750,000
721 588 72 26 mark;
813 589 36 21 och

99 623 36 21 bör
158 623 181 28 Dbyggnadsarbetet
357 624 83 26 vidtaga
459 624 36 20 och
514 625 50 20 utan
583 623 78 27 afbrott
679 623 115 26 fortsättas,
813 624 36 21 sä-

98 660 60 19 snart
172 658 62 27 sagde
250 657 113 28 tillgångar
378 658 33 21 det
425 657 109 28 medgifva.

167 705 118 26 Utredning
300 703 111 28 angäende
426 705 101 20 framtida
539 705 272 26 jernvägs-anläggningar.

203 755 132 29 Ridderskapet
349 756 32 21 och
397 755 60 22 Adeln.

168 797 10 21 I
193 797 74 21 stället
281 796 33 22 för
329 797 53 20 sista
397 802 62 15 mom.
475 796 23 21 af
508 796 121 22 Utskottets
640 795 135 22 betänkande
786 796 40 21 N:o
840 797 9 20 1

100 832 39 21 har
162 831 92 22 Ständet
276 831 82 28 antagit
376 831 94 28 följande
488 831 143 27 bestämning:
650 832 32 19 att
700 831 125 26 Ständerna,
845 831 6 20 i

99 867 140 21 betraktande
259 866 62 22 deraf
338 868 31 19 att
387 866 34 21 för
439 866 126 27 pröfningen
580 866 24 21 af
617 866 81 27 frägan,
714 865 72 22 hvilka
801 865 51 22 ban-

100 901 147 27 sträckningar
269 901 84 21 utöfver
372 901 26 21 de
417 901 76 21 hittills
512 901 92 26 anlagda
622 900 53 21 eller
693 900 99 21 beslutna
810 899 42 22 för-

100 936 114 27 nämligast
232 937 36 20 äro
288 936 81 26 egnade
388 937 32 19 att
438 935 70 22 säsom
527 935 122 22 stambanor
664 935 82 22 utföras
762 935 33 21 för
810 936 42 19 sta-

100 973 47 19 tens
164 970 95 27 räkning,
276 970 107 21 erfordras
399 976 25 15 en
439 969 121 28 mängsidig
571 969 38 22 och
620 975 110 21 noggrann
740 969 112 26 utredning

102 1005 110 26 angäende
228 1005 42 20 alla
286 1005 26 20 de
327 1004 138 21 ekonomiska
480 1004 154 25 förhällanden,
651 1010 45 15 som
706 1004 8 21 i
724 1003 129 22 hufvudsak-

101 1040 30 26 lig
153 1039 53 27 grad
229 1039 86 26 betinga
338 1039 26 21 de
383 1038 57 21 olika
457 1038 203 27 jernvägsliniernas
678 1039 117 26 betydelse,
815 1038 37 21 hos

101 1074 59 21 Hans
182 1073 121 28 Kejserliga
321 1073 101 27 Majestät
440 1073 7 21 i
465 1073 170 26 underdänighet
652 1073 86 20 anhälla
757 1079 33 14 om
810 1072 42 21 till-

101 1108 98 21 sättande
210 1108 22 21 af
242 1115 24 14 en
279 1108 137 21 kommission
426 1108 48 21 med
485 1108 97 26 uppdrag
592 1109 32 19 att
632 1107 147 22 ästadkomma
787 1107 65 26 sagde

101 1142 119 27 utredning,
230 1142 66 27 jemte
308 1142 35 21 det
354 1142 120 21 Ständerna
484 1144 68 19 motse
562 1143 32 19 att
602 1141 175 22 nästkommande
785 1141 69 21 landt-

102 1177 41 26 dag
162 1183 75 20 genom
256 1177 69 26 Nädig
345 1176 130 27 proposition
495 1176 6 21 i
520 1177 71 20 ämnet
609 1175 89 22 beredes
717 1175 86 22 tillfälle
822 1177 32 19 att

102 1211 27 27 pä
144 1211 66 21 sädan
225 1211 104 26 grundval
344 1211 84 20 besluta
443 1217 34 14 om
492 1210 73 21 vidare
576 1209 211 28 jernvägsbyggnad;
799 1211 55 20 samt

102 1247 33 20 att
157 1245 125 26 Ständerna,
306 1245 33 21 för
361 1245 131 21 bekostande
511 1245 23 20 af
551 1244 139 22 omförmälda
709 1244 145 27 kommission,

102 1279 109 22 äfvensom
223 1280 25 21 de
259 1279 163 21 instrumentala
430 1279 291 27 jernvägsundersökningar,
733 1285 45 14 som
789 1280 65 25 ytter-

102 1314 67 27 ligare
188 1315 37 19 äro
244 1313 23 21 af
284 1313 75 26 nöden,
379 1313 60 21 anslä
458 1319 26 15 en
502 1319 82 15 summa
603 1313 23 20 af
640 1313 91 26 160,000
746 1312 61 21 mark
821 1314 32 19 att

103 1347 47 21 frän
165 1347 284 20 kommunikationsfondens
464 1346 115 26 tillgängar
592 1347 58 25 utgä.

205 1397 133 22 Presteständet

172 1440 39 20 har
226 1439 105 21 förkastat
346 1438 121 22 Utskottets
482 1438 80 28 förslag
578 1445 34 15 om
628 1438 75 27 anslag
718 1438 33 20 till
762 1437 93 22 förbere-

104 1475 69 21 dande
184 1474 163 22 instrumentala
357 1473 188 29 undersökningar,
557 1473 39 23 och
607 1473 92 24 bestämt
705 1474 33 20 att
746 1478 27 20 en
780 1473 76 24 under=
