1073 1709
234 138 26 21 12
400 139 32 20 U.
448 139 32 19 B.
499 149 23 3 —
539 138 86 24 Prop.
641 138 51 20 N:o
708 138 45 20 32.

194 207 72 27 utgör
280 201 197 33 Öfverinspektorns
498 204 32 22 för
553 204 140 22 folkskolorna
708 204 41 26 lön,
765 204 63 26 3,000
844 204 61 21 Mark
921 212 29 13 ar-

205 239 52 21 vode
280 238 21 22 åt
322 240 52 20 hans
392 239 86 25 biträde,
499 241 54 19 samt
573 239 62 25 1,000
654 238 61 21 Mark
735 238 113 28 personellt
862 238 88 22 lönetill-

205 273 55 21 skott
276 272 20 22 åt
314 273 40 21 den
369 272 120 23 nuvarande
504 272 151 22 innehafvaren
671 272 22 21 af
701 272 90 22 nämnde
803 268 148 33 Öfverinspek-

204 308 136 25 torsembete;
364 307 38 21 och
426 314 44 14 som
488 307 109 21 Utskottet
618 306 75 22 härvid
714 306 47 22 icke
783 307 38 21 har
838 306 63 29 nägot
920 309 30 19 att

206 342 74 26 erinra,
296 341 93 22 förordar
403 341 109 22 Utskottet
527 341 161 22 vördsammast:

340 384 32 19 att
393 382 40 20 den
451 382 28 27 af
495 382 205 27 bevillningsmedlen
719 381 104 27 utgäende
837 381 89 21 andelen
940 382 10 20 i

272 415 223 28 Skolöfverstyrelsens
518 418 43 19 stat
582 416 63 20 mätte
669 415 126 21 bestämmas
820 416 34 21 till
867 416 81 25 11,000

272 450 68 21 Mark
355 450 87 27 ärligen.

272 502 13 21 I
303 501 97 22 afseende
419 501 12 21 &
446 501 35 22 det
495 501 90 29 begärda
600 502 93 28 anslaget
707 501 23 21 af
743 501 78 26 60,000
840 501 62 21 Mark
916 501 33 21 till

205 536 158 22 resekostnader
380 536 32 22 för
430 532 185 33 Öfverinspektorn
634 536 32 21 för
685 535 143 22 folkskolorna
842 536 39 21 och
896 536 52 21 hans

205 571 79 22 biträde
303 572 54 20 samt
372 570 31 22 för
420 570 267 29 folkskoleinspektorerne,
704 570 87 22 hvilken
806 570 89 22 kostnad
910 569 38 23 för-

206 606 85 28 slagsvis
310 605 111 22 beräknats
439 605 33 21 till
493 605 76 26 12,000
584 605 61 21 Mark
660 604 32 22 för
710 604 50 26 året,
776 605 38 21 har
833 604 114 26 Utskottet,

205 645 49 17 enär
274 640 59 21 dessa
350 639 112 22 kostnader
476 644 34 16 äro
525 639 132 28 nödvändiga
672 639 38 21 och
729 638 107 29 grundade
851 638 27 29 pä
893 639 13 26 8
923 639 25 20 13

204 674 8 21 i
234 674 61 22 Hans
319 673 119 29 Kejserliga
460 673 107 29 Majestäts
589 673 84 28 Nädiga
691 673 132 28 Förordning
842 672 107 28 angäende

204 708 72 28 slutlig
294 708 140 28 organisation
452 707 22 21 af
490 707 203 22 folkskoleväsendet
707 708 8 20 i
729 708 77 25 landet,
822 706 72 29 gifven
909 707 41 21 den

206 743 24 21 11
252 742 43 28 Maj
320 742 60 26 1866,
403 741 19 29 ej
444 742 45 21 haft
511 742 62 28 något
595 743 30 20 att
643 741 99 29 påminna
763 742 39 20 och
821 740 32 22 får
868 740 80 22 derföre

204 777 106 22 vördsamt
324 776 90 22 förorda:

342 816 62 28 bifall
418 816 33 22 till
464 816 169 28 ifrågavarande
647 816 82 27 anslag.

272 860 70 26 Äfven
360 863 36 22 det
409 863 89 28 begärda
518 863 93 28 anslaget
626 862 23 21 af
661 861 118 29 förslagsvis
795 862 77 26 50,000
887 861 61 21 Mark

205 899 33 22 till
258 898 122 29 förhöjande
402 897 23 22 af
445 898 86 20 lönerna
552 897 22 21 åt
595 897 190 29 lärarepersonalen
806 896 37 21 vid
862 895 87 22 semina-

204 933 75 26 rierna,
300 934 38 20 har
352 932 108 22 Utskottet
479 932 70 21 funnit
563 932 64 21 hafva
644 931 46 22 stöd
708 931 8 21 i
731 932 28 25 88
779 931 28 21 43
828 930 39 22 och
886 930 40 21 134
942 930 7 20 i

204 966 166 30 nyssåberopade
394 965 83 29 Nådiga
494 965 138 29 Förordning,
657 964 97 23 hvarföre
779 964 109 22 Utskottet
910 963 39 22 för-

205 1001 67 22 ordar:

340 1030 32 20 att
385 1028 63 28 sagde
464 1028 75 27 anslag
554 1028 63 20 måtte
633 1026 28 28 af
672 1026 122 22 Ständerna
808 1026 94 27 beviljas.

273 1075 43 22 Till
338 1074 131 29 hyresmede]
490 1074 32 21 för
544 1072 191 26 seminariilokaler,
751 1072 72 28 anslag
844 1072 32 21 för
897 1071 51 22 folk-

205 1110 135 25 skolemöten,
363 1108 120 22 honorarier
504 1108 32 22 för
556 1107 179 21 folkskoleböcker
750 1108 53 20 samt
819 1106 64 21 andra
898 1105 50 21 oför-

205 1144 87 22 utsedda
314 1143 86 29 utgifter
421 1143 85 27 begäres
521 1142 8 21 i
544 1142 40 21 den
607 1141 75 28 nådiga
699 1140 156 29 propositionen
870 1142 30 20 ett
914 1147 34 14 an-

204 1179 44 27 slag
267 1178 23 21 af
306 1177 118 28 förslagsvis
442 1177 77 25 20,000
534 1176 67 21 Mark.
631 1175 108 22 Utskottet
753 1175 68 21 finner
835 1176 30 20 ett
880 1174 68 28 dylikt

205 1213 71 27 anslag
290 1220 51 13 vara
355 1211 8 21 i
378 1212 40 20 alla
440 1210 112 22 afseenden
574 1209 95 29 lämpligt
684 1210 39 20 och
738 1208 97 29 liggande
850 1208 8 22 i
872 1208 76 22 sakens

205 1250 67 22 natur,
288 1248 54 19 samt
356 1244 86 22 föreslår
457 1244 92 21 derföre
540 1240 12 36 :

342 1286 31 19 att
392 1284 40 20 den
450 1284 81 26 nädiga
543 1282 160 27 propositionen
714 1282 81 26 jemväl
808 1282 9 20 i
832 1281 70 21 denna
916 1280 34 21 del

272 1320 63 20 mätte
350 1318 28 28 af
390 1317 122 22 Ständerna
525 1316 129 28 godkännas.

271 1371 13 21 I
299 1371 40 21 den
354 1370 76 28 nädiga
444 1369 155 29 propositionen
615 1368 138 22 öfverlemnas
763 1368 71 22 vidare
845 1367 33 22 till
888 1366 60 23 Stän-

204 1406 74 21 demnas
295 1404 98 30 pröfning
406 1404 105 22 huruvida
526 1403 18 29 ej
561 1404 39 21 den
620 1403 93 29 ärsafgift
728 1402 23 22 af
765 1403 40 21 120
820 1402 67 26 Mark,
904 1410 44 14 som

204 1440 65 29 enligt
283 1441 27 21 22
326 1441 13 25 8
354 1439 7 21 i
376 1438 251 29 folkskoleförordningen
642 1438 37 22 bör
694 1438 92 28 erläggas
801 1436 23 22 af
836 1437 111 21 betalande

203 1475 93 22 interner
320 1474 33 22 vid
376 1473 153 26 seminarierna,
552 1472 71 22 kunde
645 1472 46 22 från
711 1472 98 22 läseärets
831 1470 73 29 början
926 1471 22 21 år

273 1514 139 19 Sammansatta
424 1513 58 19 Stats-
494 1513 32 19 och
538 1512 186 20 Ekonomiutskotteis
737 1510 111 20 betänkande
859 1510 37 19 N:o
908 1511 16 17 2.
