1042 1709
205 140 13 21 4
394 139 63 22 Ständ.
474 140 31 21 Sv.
521 152 25 4 —
562 140 54 27 Prop.
627 139 36 25 N:o
678 139 32 21 25.

176 201 98 23 Föremål
295 201 34 23 för
349 201 171 28 gärdfarihandel
540 202 71 22 kunna
632 202 78 27 vidare,
721 202 65 26 enligt
801 202 11 27 $
828 202 33 25 11,
876 206 51 16 vara

176 236 159 28 tillverkningar
349 236 24 22 af
385 236 51 27 glas,
452 236 45 22 lera
513 236 39 22 och
566 236 73 27 fajans,
655 236 111 22 hvaremot
775 236 66 22 sädan
850 234 78 22 handel

175 270 8 21 i
199 270 62 28 öfrigt
275 273 26 19 är
314 270 117 27 förbjuden.
456 271 33 22 Då
503 270 65 23 likväl
582 270 170 27 fabriksegarene
769 271 7 21 i
786 269 141 23 Tammerfors

176 303 33 23 för
223 305 132 22 närvarande
371 307 36 20 äro
423 305 133 27 berättigade
571 306 31 21 att
617 311 75 21 genom
708 307 92 25 antagna
812 303 115 28 försäljare,

176 338 72 23 hvilka
269 339 8 21 i
291 339 76 22 sädant
381 339 98 22 afseende
494 339 22 23 af
528 339 140 26 Magistraten
682 339 112 27 förpassas,
811 338 95 22 öfverallt
921 337 7 22 i

175 372 72 23 landet
270 373 89 27 utbjuda
381 373 39 22 och
441 373 85 28 försälja
548 373 45 22 sina
610 373 165 27 tillverkningar,
790 372 62 23 hafva
867 372 61 23 Stän-

176 407 71 27 derna,
264 409 51 20 enär
330 413 26 16 en
370 407 152 27 inskränkning
536 407 30 21 uti
581 407 92 22 handeln
688 407 48 22 med
751 407 79 22 sädana
840 406 89 23 artiklar

175 441 46 22 icke
243 448 61 21 synes
324 441 53 22 böra
391 441 157 28 ifrägakomma,
564 448 49 15 men
627 441 44 22 lika
685 443 43 20 rätt
744 441 128 22 härutinnan
887 441 42 21 till-

175 476 104 22 erkännas
301 476 84 22 landets
406 476 97 28 samtlige
524 475 120 29 inbyggare,
660 476 58 21 säväl
733 475 7 22 i
755 475 11 28 $
783 477 12 21 8
811 482 45 15 som
871 475 31 22 uti
917 475 11 28 $

177 512 24 20 11
218 511 97 27 upptagit
329 510 109 22 inhemska
452 510 146 23 fabriksalster
615 509 65 23 bland
691 510 25 22 de
727 517 69 20 varor,
807 516 45 16 som
863 509 66 23 öfver-

175 545 39 22 allt
229 545 8 21 i
250 544 74 23 landet
338 544 21 21 få
373 545 46 21 fritt
434 545 117 27 kringföras
566 545 40 22 och
620 544 106 28 föryttras.

243 579 190 27 Bestämningarna
447 579 8 21 i
469 579 12 28 $
497 580 27 21 10
541 579 108 27 angående
660 579 26 21 de
696 579 74 26 vilkor,
781 579 67 21 under
858 578 71 22 hvilka

175 613 124 22 underbefäl
314 613 40 22 och
363 613 128 27 gemenskap
501 613 35 21 vid
545 613 106 22 militären
662 615 55 19 samt
727 613 61 22 deras
798 613 87 21 hustrur
895 613 34 21 mä

175 647 51 22 idka
240 647 81 27 näring,
335 646 103 22 innefatta
453 647 66 27 enligt
532 647 128 22 Ständernas
670 647 70 26 tanke,
752 653 26 15 en
790 647 99 27 olämplig
899 646 31 21 in-

174 681 131 27 skränkning
319 681 8 21 i
341 682 41 21 den
397 681 23 21 af
431 681 235 28 författningsförslaget
680 687 76 16 annars
775 681 105 27 medgifna
889 679 40 23 fria

175 715 163 28 näringsrätten,
349 715 76 22 medan
435 715 147 22 motsvarande
592 715 132 27 stadganden
734 716 7 20 i
749 715 11 28 &
769 715 27 21 24
804 714 22 22 af
832 714 97 28 gällande

176 749 120 28 näringslag
307 749 43 22 afse
361 751 31 20 att
401 749 80 22 bereda
491 749 70 28 dylika
570 755 101 22 personer
681 755 32 21 en,
724 756 35 15 om
769 749 41 22 ock
819 749 111 22 inskränkt

175 784 174 28 näringsförmon.
375 784 50 22 Med
440 784 82 28 hänsyn
536 784 72 22 härtill
622 784 40 22 och
678 784 26 22 dä
719 784 41 22 den
772 783 118 28 föreslagna
899 784 31 22 in-

175 819 157 27 skränkningen
355 819 68 21 måste
445 818 64 22 blifva
530 818 122 28 isynnerhet
672 818 78 28 obillig,
767 818 71 22 derest
852 818 78 22 allmän

174 853 119 28 värnepligt
315 853 8 22 i
337 853 72 22 landet
424 853 83 27 införes,
524 855 55 20 samt
593 854 65 26 nägot
672 852 236 28 undantagsstadgande
923 853 7 21 i

174 887 138 22 förenämnda
327 887 98 22 afseende
440 887 19 27 ej
472 887 66 22 heller
548 887 7 21 i
566 887 62 28 öfrigt
638 887 61 22 torde
709 887 53 21 böra
771 886 158 29 ifrägakomma,

175 922 40 21 har
230 922 11 28 $
258 923 26 20 10
299 921 23 22 af
330 921 118 22 Ständerna
459 921 68 22 blifvit
537 928 25 15 ur
571 921 236 27 författningsförslaget
817 920 112 23 utesluten.

233 957 65 21 Emot
320 956 12 28 $
349 957 32 25 12,
398 955 61 22 hvari
472 955 65 23 bland
552 958 65 19 annat
630 955 61 27 ingär
706 955 116 27 stadgande
837 961 34 16 om
888 957 42 20 rät-

175 990 94 28 tigheten
289 992 32 20 att
338 990 51 21 reda
403 990 8 21 i
425 990 73 27 skepp,
514 989 62 22 hafva
592 989 117 23 Ständerna
724 989 18 28 ej
758 989 46 22 haft
819 991 64 20 annat
898 991 32 20 att

175 1025 108 26 anmärka,
307 1027 28 19 än
356 1025 33 21 att
411 1025 66 21 orden
492 1024 61 26 ,med
568 1024 136 27 iakttagande
719 1023 23 22 af
755 1023 104 28 sjölagens
874 1024 56 22 stad-

174 1059 96 27 ganden"
293 1060 82 21 ansetts
396 1059 53 21 böra
468 1059 58 28 utgå,
542 1061 51 20 enär
605 1059 45 27 just
665 1058 40 22 den
720 1058 12 27 $
746 1057 7 22 i
769 1058 99 28 sjölagen,
884 1064 45 16 som

174 1093 41 22 här
235 1093 150 22 företrädesvis
403 1093 60 27 afses,
479 1093 117 22 innehäller
611 1099 26 16 en
651 1092 124 28 hänvisning
789 1092 33 22 till
837 1093 93 27 närings-

175 1127 63 28 lagen
252 1128 41 21 och
308 1134 81 15 samma
403 1128 12 27 &
431 1128 106 22 dessutom
552 1133 29 16 nu
593 1127 84 22 komme
688 1128 32 21 att
730 1127 94 27 undergä
835 1127 94 27 ändring.

243 1161 71 23 Jemte
329 1162 37 21 det
381 1161 118 22 Ständerna
513 1161 69 22 funnit
597 1161 144 27 stadgandena
755 1160 8 22 i
777 1167 63 15 mom.
856 1161 13 21 2
887 1161 43 28 af$

176 1197 27 21 13
217 1195 54 22 böra
285 1196 131 21 förekomma
431 1195 53 23 efter
497 1196 186 27 bestämningarna
697 1195 8 21 i
719 1201 63 16 mom.
799 1195 13 22 3
827 1194 22 23 af
862 1195 69 22 denna

175 1229 12 28 8
201 1229 63 23 hafva
278 1229 120 23 Ständerna
413 1232 70 21 ansett
493 1230 41 22 den
542 1229 152 28 inskränkning
704 1229 8 21 i
722 1235 62 16 mom.
796 1230 13 21 5
820 1228 24 23 af
850 1235 80 16 samma

174 1263 12 28 8
208 1263 53 22 böra
275 1265 69 25 göras,
361 1265 33 20 att
408 1263 115 28 utländing,
539 1269 46 16 som
600 1263 8 21 i
621 1263 73 21 landet
710 1263 17 27 ej
743 1263 75 21 vunnit
837 1263 93 27 närings-

174 1298 50 25 rätt,
239 1296 48 22 icke
301 1298 36 20 mä
351 1296 86 28 försälja
451 1297 68 22 andra
533 1299 108 20 matvaror
656 1298 27 20 än
698 1296 85 26 sädana,
799 1302 47 16 som
860 1296 23 22 af
893 1296 37 22 ho-

175 1337 50 15 nom
239 1331 49 27 sjelf
300 1331 34 22 till
348 1331 73 22 landet
434 1330 81 28 införts,
530 1330 33 24 för
573 1332 32 22 att
615 1331 89 21 sälunda
714 1330 138 28 omöjliggöra
863 1330 68 22 denna

173 1364 90 24 handels
277 1365 148 28 utsträckning
432 1365 82 23 utöfver
523 1365 47 23 sina
579 1364 114 28 tillbörliga
703 1366 97 26 gränsor;
811 1364 118 28 hvarutom,

175 1399 66 28 enligt
263 1400 129 22 Ständernas
409 1400 71 27 tanke,
495 1401 32 21 ett
540 1400 75 28 tillägg
629 1399 33 22 till
676 1399 130 23 sistnämnda
820 1405 63 16 mom.
899 1406 32 16 er-

174 1434 83 23 fordras
273 1434 73 23 derom
361 1436 32 21 att
407 1434 110 28 utländing
531 1434 33 23 för
574 1434 41 23 slik
632 1434 79 22 rörelse
720 1434 40 22 bör
770 1433 85 29 erlägga
865 1433 66 29 lämp-

174 1468 31 28 lig
219 1468 146 28 näringsafgift
379 1468 33 22 till
426 1468 81 23 staden.
