1073 1706
224 129 28 21 24
397 128 30 20 U.
442 128 32 20 B.
492 138 22 2 —
532 126 83 24 Prop.
631 126 47 20 N:o
694 124 47 21 32.

264 196 68 20 Dessa
347 193 118 28 sanningar,
481 200 45 14 som
539 192 71 22 blifvit
624 190 125 22 framhållna
764 190 23 22 af
799 190 104 22 Komitén
914 191 31 21 för

196 228 120 29 afgifvande
340 227 23 22 af
382 227 76 29 förslag
480 227 33 21 till
534 224 133 30 husslöjäens
684 224 150 28 befrämjande,
850 224 46 22 visa
910 224 35 21 det

197 263 104 28 naturliga
316 262 122 22 sambandet
452 261 90 21 emellan
555 259 73 22 husflit
643 259 38 21 och
691 258 128 30 uppfostran,
835 260 54 20 samt
899 258 47 21 leda

197 296 126 30 följdriktigt
337 296 33 22 till
385 304 27 14 en
426 295 132 28 bestämning
573 294 78 25 derom,
667 295 30 20 att
711 292 151 29 undervisning
872 293 8 21 i
889 294 57 20 hem-

198 330 53 30 slöjd
272 332 38 20 bör
332 330 106 22 meddelas
460 328 18 29 ej
500 329 81 22 mindre
596 328 8 21 i
618 327 327 26 folkskolelärareseminarierna,

198 370 27 17 än
249 366 8 20 i
278 364 147 22 folkskolorna.
462 363 191 27 Nödvändigheten
674 361 62 22 häraf
756 362 102 20 erkännes
880 361 40 21 ock
940 360 8 22 i

199 399 61 22 Hans
275 398 120 29 Kejserliga
409 397 109 28 Majestäts
536 396 84 29 Nådiga
635 396 138 28 Förordning,
789 395 107 29 angående
918 403 29 13 or-

199 433 118 28 ganisation
332 432 23 21 af
367 431 204 22 folkskoleväsendet
585 430 7 21 i
606 429 99 27 Finland,
727 429 41 22 den
784 430 25 21 11
825 429 43 29 Maj
885 430 61 25 1866,

200 475 44 14 som
262 467 8 20 i
288 467 29 26 88
333 467 33 25 24,
384 466 39 21 107
439 466 38 21 och
494 466 38 21 121
549 464 117 23 innehåller
687 464 155 28 bestämningar
862 472 34 13 om
911 472 37 13 un-

200 501 120 28 dervisning
334 500 8 21 i
352 499 79 29 manlig
446 501 38 20 och
499 499 80 29 qvinlig
593 499 110 28 handslöjd
718 498 37 23 vid
769 498 178 22 folkskolelärare-

200 535 39 22 och
260 533 228 23 lärarinneseminarier
510 536 53 20 samt
578 534 8 21 i
603 534 64 27 högre
689 533 114 22 folkskolor
818 533 8 21 i
841 533 46 22 stad
910 533 38 22 och

200 569 28 28 pä
241 569 77 22 landet.
348 568 118 21 Enahanda
480 568 53 29 äsigt
548 575 34 15 om
597 567 154 29 behöfligheten
766 567 23 21 af
797 567 151 29 undervisning

200 603 8 22 i
222 602 103 29 hemslöjä
340 603 76 22 uttalas
431 603 39 21 ock
484 602 8 21 i
508 603 35 21 det
557 601 143 29 underdäniga
715 601 107 22 utlätande
838 601 34 22 till
886 602 62 21 Hans

200 637 121 28 Kejserliga
336 636 103 29 Majestät,
464 644 43 14 som
529 633 167 32 Öfverstyrelsen
711 635 32 22 för
760 636 147 22 skolväsendet
921 636 27 21 af-

201 671 62 28 gifvit
277 671 8 20 i
299 671 114 28 anledning
427 671 23 21 af
462 670 136 22 förenämnda
612 670 97 22 Komites
724 670 137 21 betänkande.
890 670 58 22 Skol-

202 705 161 28 Ofverstyrelsen
377 707 67 26 yttrar
459 704 31 29 sig
504 705 105 28 nemligen
625 705 72 20 härom
712 704 95 21 sålunda:

272 739 73 21 «Skall
368 738 118 22 folkskolan
507 739 66 21 blifva
593 746 26 13 en
634 738 82 28 verklig
731 737 219 30 uppfostringsanstalt

201 772 32 22 för
252 773 36 22 den
296 773 146 28 uppväxande
457 773 154 28 generationen,
628 780 61 21 synes
712 772 35 22 det
762 780 50 14 vara
831 773 73 28 nödigt
918 774 31 20 att

201 807 46 21 från
270 807 120 22 densamma
404 807 91 28 aflägsna
510 807 43 26 allt,
569 815 44 13 som
627 806 71 22 kunde
713 806 58 29 gifva
785 807 73 22 skolan
874 815 26 14 en
914 815 34 14 an-

201 841 111 28 strykning
334 841 22 22 af
376 843 31 20 att
427 849 51 14 vara
494 849 25 13 en
534 841 121 22 läroanstalt
677 841 72 22 endast
771 841 33 21 för
825 841 125 23 theoretiskt

202 876 95 25 vetande,
313 876 39 21 och
366 875 8 22 i
388 876 71 21 stället
478 875 48 22 leda
540 876 121 21 densamma
675 875 7 22 i
698 883 26 14 en
739 876 94 29 praktisk
848 876 100 29 riktning,

202 917 44 15 som
261 909 55 22 afser
330 909 18 29 ej
365 910 87 21 allenast
466 910 137 27 bibringande
618 909 22 22 af
659 910 82 28 nyttiga
755 910 126 28 kunskaper,
898 913 50 20 utan

203 944 62 22 äfven
280 943 148 29 utvecklingen
443 944 23 21 af
478 944 77 22 sådane
569 943 134 29 färdigheter,
718 944 74 22 hvilka
806 944 8 22 i
829 945 35 21 det
874 945 76 28 alldag-

202 978 42 28 liga
258 978 61 22 lifvet
333 982 35 17 äro
383 978 168 28 oundgängligen
564 977 132 29 nödvändiga
711 978 38 21 och
762 978 23 21 af
793 978 79 22 erkänd
883 981 65 27 nytta.

204 1012 133 28 Gymnastik,
354 1012 99 28 teckning
468 1013 38 21 och
516 1012 138 28 modellering
664 1015 54 19 samt
729 1012 149 27 handarbeten,
890 1014 60 21 hvar-

203 1046 33 22 till
257 1046 98 26 komitén,
372 1046 65 28 enligt
452 1042 177 33 Öfverstyrelsens
651 1046 92 28 mening,
759 1046 129 30 fullkomligt
909 1048 41 22 rik-

203 1081 39 28 tigt
256 1080 69 29 tillagt
339 1080 191 29 trädgårdsskötsel,
546 1081 50 21 böra
611 1080 80 22 derföre
707 1088 60 15 anses
782 1080 67 23 såsom
864 1082 86 22 alldeles

203 1114 131 29 nödvändiga
345 1119 76 17 ämnen
429 1115 7 21 i
444 1115 123 21 folkskolan.
590 1111 126 26 Ändamålet
728 1116 48 21 med
788 1116 59 22 dessa
855 1116 96 29 öfningar

204 1154 22 16 är
233 1149 105 29 kroppens
345 1150 135 21 harmoniska
490 1150 124 28 utbildning,
623 1150 121 28 utveckling
754 1150 23 22 af
785 1151 93 25 smaken,
890 1152 60 22 form-

204 1183 39 21 och
258 1183 174 27 skönhetssinnet,
442 1186 54 20 samt
507 1184 146 29 bibringandet
664 1184 23 22 af
696 1185 77 21 allmän
781 1185 167 30 handfärdighet,

203 1217 73 22 hvilka
291 1217 41 22 alla
347 1222 34 16 äro
397 1218 128 29 egenskaper
539 1218 24 22 af
575 1218 110 29 väsentligt
704 1226 54 21 gagn
777 1219 8 21 i
804 1220 73 28 hvarje
896 1222 54 20 ställ-

203 1252 51 26 ning
268 1251 24 20 af
303 1251 67 21 lifvet.
399 1252 65 20 Hvad
479 1252 98 21 särskildt
591 1252 136 22 handarbetet
742 1253 104 25 beträffar,
862 1254 37 21 bör
914 1254 36 22 det

203 1284 19 27 ej
237 1284 8 20 i
259 1283 118 22 folkskolan
389 1284 105 22 bedrifvas
504 1285 219 28 handtverksmässigt,
739 1287 23 27 ty
777 1286 118 22 folkskolan
910 1287 40 21 till-

203 1317 95 22 kommer
313 1317 18 29 ej
347 1319 31 21 att
392 1318 80 22 utbilda
484 1319 121 29 teknologer
617 1319 51 21 eller
682 1319 97 22 fackmän
794 1320 7 21 i
812 1320 138 24 handtverke-

203 1352 41 21 rier
263 1352 39 22 och
321 1352 82 29 slöjder,
419 1352 32 22 får
466 1354 17 28 ej
499 1354 67 22 heller
586 1353 30 23 slå
631 1362 26 13 an
672 1354 27 28 på
718 1354 147 29 utbildningen
880 1356 21 21 af
914 1356 35 22 nå-

202 1394 41 21 gon
263 1386 43 23 viss
321 1386 58 29 slöjd,
395 1390 51 20 utan
462 1388 73 22 endast
549 1388 51 22 söka
614 1388 94 30 bibringa
727 1389 46 22 sina
788 1390 70 22 elever
873 1399 26 13 en
914 1392 34 22 all-

203 1426 50 17 män
268 1422 166 28 handfärdighet,
454 1423 119 23 användbar
587 1424 8 21 i
609 1423 72 29 hvarje
696 1424 58 29 slöjd,
770 1424 32 22 för
816 1427 31 20 att
862 1426 87 23 sålunda

203 1456 75 28 skärpa
297 1456 108 22 elevernas
420 1457 106 29 ögonmått
541 1461 53 18 samt
609 1458 80 21 utbilda
703 1459 60 21 deras
777 1458 114 23 formsinne
910 1462 39 20 och

272 1495 140 19 Sammansatta
424 1497 58 18 Stats-
496 1498 32 17 och
539 1498 186 18 Ekonomiutskottets
738 1499 112 18 betänkande
860 1500 37 18 N:o
908 1502 17 17 2.
