1045 1711
237 139 13 21 4
422 139 29 21 U.
467 138 28 21 B.
511 149 26 4 —
552 137 73 27 Prop.
640 137 47 22 N:o
701 137 38 22 25.

346 223 6 10 v
353 206 43 27 Att
419 205 13 22 &
451 206 74 21 landet
539 207 6 20 i
561 206 103 21 afseende
679 205 14 21 &
708 206 127 27 försäljning
850 205 111 27 kringföra

277 241 157 21 handelsvaror
451 239 47 22 frän
512 239 54 28 gärd
583 241 28 20 till
626 239 54 28 gärd
696 240 54 21 skall
765 240 124 25 framdeles,
906 240 53 20 lika-

278 282 46 14 som
340 275 111 26 härintills,
467 274 66 27 enligt
554 275 5 20 1
577 275 11 23 $
604 275 13 19 6
631 274 50 27 kap.
700 274 27 20 H.
744 275 24 19 B.
786 280 51 14 vara
852 273 109 27 förbjudet

278 309 36 20 vid
330 308 46 21 deri
391 308 90 28 stadgad
497 307 88 29 påföljd,
601 307 47 21 från
665 308 80 21 hvilket
760 308 78 22 förbud
854 307 56 21 dock
922 314 38 14 un-

278 344 104 26 dantagas
398 342 65 22 alster
481 343 24 20 af
517 342 100 22 inhemsk
632 342 91 21 fabriks-
739 343 40 21 och
795 342 115 27 hemslöjd,
928 340 31 22 så-

277 384 46 15 som
338 378 8 20 i
361 378 13 24 $
389 377 13 21 8
416 376 158 22 bestämmes."

312 430 185 26 Bondeståndet

278 475 40 21 har
333 474 97 28 godkänt
446 474 41 21 den
503 473 81 29 nådiga
598 474 157 27 propositionen
772 474 7 20 i
794 473 72 22 denne
882 474 42 21 del.

277 520 35 21 Då
323 520 160 26 Ridderskapet
497 520 40 21 och
549 520 69 21 Adeln
627 521 56 19 samt
691 518 190 28 Borgareståndet,
892 520 70 20 ehuru

212 552 27 23 de
254 554 49 21 icke
319 554 97 27 godkänt
431 554 116 20 Utskottets
563 554 79 25 förslag
657 560 35 14 om
707 553 202 28 gårdfarihandelns
924 554 36 19 fri-

211 589 109 26 gifvande,
342 588 66 20 likväl
423 587 59 28 gillat
496 588 117 21 Utskottets
629 586 54 28 äsigt
697 588 7 20 i
720 588 67 20 saken
803 586 112 28 såtillvida,
933 589 30 18 att

211 621 129 22 åtminstone
362 622 64 21 alster
449 622 22 20 af
489 622 99 20 inhemsk
608 621 89 21 fabriks-
714 622 39 21 och
769 621 108 27 hemslöjd
892 621 70 21 skulle

211 655 46 22 från
278 656 100 21 förbudet
398 655 142 28 undantagas,
558 658 55 19 samt
628 655 115 22 enahanda
758 656 112 27 undantag
885 655 74 26 borde,

212 690 67 27 enligt
294 690 42 21 den
352 689 80 28 nådiga
446 690 176 27 propositionens,
641 690 22 20 af
675 691 83 20 Preste-
774 690 39 21 och
829 688 132 23 Bondestån-

213 725 42 21 den
278 724 117 27 godkända
414 725 143 26 ordalydelse,
575 731 46 14 som
636 725 7 20 i
659 724 72 21 denna
747 724 35 21 del
797 725 163 20 öfverensstäm-

213 765 47 15 mer
274 759 52 20 med
340 765 30 14 nu
386 758 101 28 gällande
502 759 125 26 stadgande,
645 761 63 24 göras
721 759 32 21 för
768 759 56 26 glas-
834 759 39 21 och
882 759 81 20 lerkärl

212 794 55 20 samt
282 793 239 27 fajanstillverkningar,
540 794 51 19 utan
607 793 102 21 afseende
726 792 74 28 derpä,
818 795 30 19 att
860 793 28 21 de
901 793 62 21 tilläf-

212 829 87 25 ventyrs
322 833 52 15 vore
396 827 101 21 utländsk
519 833 60 21 vara,
602 826 33 21 får
657 827 113 26 Utskottet,
793 828 50 21 med
859 827 104 22 afseende

210 861 83 27 jemväl
308 860 29 28 på
352 861 128 27 stadgandet
495 861 7 20 i
516 862 63 20 2:dra
594 868 65 14 mom.
671 856 18 36 af
710 862 11 24 $
734 862 20 26 8,
768 868 47 14 som
826 862 24 20 af
856 863 31 19 tre
895 861 68 21 Stånd

212 895 106 27 godkänts
342 895 66 27 enligt
422 896 117 20 Utskottets
554 895 145 27 betänkande,
717 896 110 21 vördsamt
841 896 120 27 hemställa,

349 949 31 18 att
394 945 123 23 Ständerna
533 946 61 22 måtte
610 946 81 22 besluta
707 950 30 18 att
751 946 61 29 gifva
828 948 12 24 $
855 946 27 22 11
898 953 62 15 mom.

282 980 12 21 1
310 979 100 30 följande
426 979 91 29 lydelse:

349 1026 37 21 Att
408 1025 13 22 å
443 1025 73 23 landet
531 1026 8 21 i
553 1026 102 28 afseende
671 1026 13 23 å
699 1026 132 30 försäljning
847 1026 115 30 kringföra

281 1059 156 23 handelsvaror
451 1059 52 29 frän
518 1060 57 29 gärd
590 1060 32 22 till
635 1060 57 29 gärd
704 1060 57 23 skall
772 1060 123 29 framdeles,
905 1060 57 23 lika-

281 1101 45 15 som
345 1093 91 28 härtills,
453 1094 65 29 enligt
540 1095 6 21 1
563 1093 14 30 $
594 1092 16 23 6
625 1094 50 29 kap.
692 1092 30 25 H.
740 1096 28 21 B.
784 1103 54 14 vara
854 1095 109 30 förbjudet

280 1127 38 22 vid
340 1127 48 21 deri
408 1127 94 29 stadgad
522 1128 93 30 påföljd,
640 1128 53 28 från
715 1129 77 22 hvilket
812 1129 82 28 förbud
909 1129 53 22 dock

281 1161 139 29 undantagas
434 1162 59 28 glas-
510 1162 37 21 och
560 1162 87 26 lerkärl,
659 1162 241 30 fajanstillverkningar
907 1168 56 17 samt

282 1196 64 21 alster
362 1195 28 29 af
401 1195 94 22 inhemsk
509 1195 98 29 fabriks-
622 1196 38 22 och
675 1197 110 29 hemslöjd.

282 1253 92 20 Mom.
390 1254 19 20 5
424 1254 37 20 af
473 1252 21 28 8
510 1255 33 19 13
559 1257 24 17 är
598 1255 23 19 af

316 1296 181 27 Ridderskapet
511 1298 40 21 och
567 1299 82 21 Adeln

282 1337 110 27 godkändt
407 1338 67 27 enligt
487 1338 156 28 betänkandet;
661 1340 112 21 hvaremot

316 1386 187 24 Presteständet

282 1428 86 21 beslutit
389 1427 123 22 återremiss
531 1429 30 21 till
581 1429 106 22 Utskottet
702 1431 33 21 för
749 1433 127 20 momentets
892 1439 68 15 omre-

215 1459 98 30 digering
334 1463 7 20 i
364 1461 78 22 sädant
461 1464 62 25 syfte,
545 1465 29 19 att
589 1464 112 27 utländing
715 1465 33 22 för
763 1465 43 21 den
824 1467 4 19 i
843 1469 119 18 momentet

240 1507 72 22 Bihang
325 1507 28 18 till
365 1507 102 19 Sammans.
481 1507 51 25 Lag-
539 1514 16 13 o.
563 1508 187 21 Ekonomiutskottets
762 1510 112 19 betänkande
886 1511 38 19 N:o
937 1511 22 18 3.
