<?xml version="1.0" encoding="UTF-8"?>
<alto xmlns="http://www.loc.gov/standards/alto/ns-v3#" xmlns:xlink="http://www.w3.org/1999/xlink" xmlns:xsi="http://www.w3.org/2001/XMLSchema-instance" xsi:schemaLocation="http://www.loc.gov/standards/alto/ns-v3# http://www.loc.gov/alto/v3/alto-3-0.xsd">
	<Description>
		<MeasurementUnit>pixel</MeasurementUnit>
		<sourceImageInformation>
			<fileName>/tmp/tess_0yqstul0_input.PNG</fileName>
		</sourceImageInformation>
		<OCRProcessing ID="OCR_0">
			<ocrProcessingStep>
				<processingSoftware>
					<softwareName>tesseract 5.3.4</softwareName>
				</processingSoftware>
			</ocrProcessingStep>
		</OCRProcessing>
	</Description>
	<Layout>
		<Page WIDTH="1048" HEIGHT="1709" PHYSICAL_IMG_NR="0" ID="page_0">
			<PrintSpace HPOS="0" VPOS="0" WIDTH="1048" HEIGHT="1709">
				<ComposedBlock ID="cblock_0" HPOS="790" VPOS="139" WIDTH="28" HEIGHT="23">
					<TextBlock ID="block_0" HPOS="790" VPOS="139" WIDTH="28" HEIGHT="23">
						<TextLine ID="line_0" HPOS="790" VPOS="139" WIDTH="28" HEIGHT="23">
							<String ID="string_0" HPOS="790" VPOS="139" WIDTH="28" HEIGHT="23" WC="0.95" CONTENT="23"/>
						</TextLine>
					</TextBlock>
				</ComposedBlock>
				<ComposedBlock ID="cblock_1" HPOS="92" VPOS="202" WIDTH="756" HEIGHT="1308">
					<TextBlock ID="block_1" HPOS="95" VPOS="202" WIDTH="751" HEIGHT="91">
						<TextLine ID="line_1" HPOS="95" VPOS="202" WIDTH="751" HEIGHT="29">
							<String ID="string_1" HPOS="95" VPOS="203" WIDTH="84" HEIGHT="28" WC="0.96" CONTENT="ningen,"/><SP WIDTH="19" VPOS="203" HPOS="179"/>
							<String ID="string_2" HPOS="198" VPOS="204" WIDTH="44" HEIGHT="21" WC="0.95" CONTENT="låta"/><SP WIDTH="19" VPOS="204" HPOS="242"/>
							<String ID="string_3" HPOS="261" VPOS="202" WIDTH="49" HEIGHT="23" WC="0.96" CONTENT="leda"/><SP WIDTH="19" VPOS="202" HPOS="310"/>
							<String ID="string_4" HPOS="329" VPOS="204" WIDTH="32" HEIGHT="27" WC="0.96" CONTENT="sig"/><SP WIDTH="15" VPOS="204" HPOS="361"/>
							<String ID="string_5" HPOS="376" VPOS="204" WIDTH="33" HEIGHT="21" WC="0.96" CONTENT="till"/><SP WIDTH="19" VPOS="204" HPOS="409"/>
							<String ID="string_6" HPOS="428" VPOS="206" WIDTH="32" HEIGHT="19" WC="0.96" CONTENT="att"/><SP WIDTH="14" VPOS="206" HPOS="460"/>
							<String ID="string_7" HPOS="474" VPOS="204" WIDTH="34" HEIGHT="22" WC="0.96" CONTENT="för"/><SP WIDTH="14" VPOS="204" HPOS="508"/>
							<String ID="string_8" HPOS="522" VPOS="204" WIDTH="29" HEIGHT="22" WC="0.96" CONTENT="all"/><SP WIDTH="16" VPOS="204" HPOS="551"/>
							<String ID="string_9" HPOS="567" VPOS="204" WIDTH="86" HEIGHT="22" WC="0.95" CONTENT="framtid"/><SP WIDTH="15" VPOS="204" HPOS="653"/>
							<String ID="string_10" HPOS="668" VPOS="204" WIDTH="97" HEIGHT="22" WC="0.96" CONTENT="försvåra"/><SP WIDTH="19" VPOS="204" HPOS="765"/>
							<String ID="string_11" HPOS="784" VPOS="204" WIDTH="62" HEIGHT="22" WC="0.96" CONTENT="dessa"/>
						</TextLine>
						<TextLine ID="line_2" HPOS="96" VPOS="237" WIDTH="750" HEIGHT="29">
							<String ID="string_12" HPOS="96" VPOS="237" WIDTH="52" HEIGHT="22" WC="0.93" CONTENT="våra"/><SP WIDTH="15" VPOS="237" HPOS="148"/>
							<String ID="string_13" HPOS="163" VPOS="238" WIDTH="133" HEIGHT="22" WC="0.89" CONTENT="stambanors"/><SP WIDTH="16" VPOS="238" HPOS="296"/>
							<String ID="string_14" HPOS="312" VPOS="238" WIDTH="127" HEIGHT="27" WC="0.96" CONTENT="utveckling,"/><SP WIDTH="15" VPOS="238" HPOS="439"/>
							<String ID="string_15" HPOS="454" VPOS="239" WIDTH="73" HEIGHT="27" WC="0.96" CONTENT="tyckes"/><SP WIDTH="15" VPOS="239" HPOS="527"/>
							<String ID="string_16" HPOS="542" VPOS="238" WIDTH="166" HEIGHT="23" WC="0.96" CONTENT="kommissionen"/><SP WIDTH="10" VPOS="238" HPOS="708"/>
							<String ID="string_17" HPOS="718" VPOS="238" WIDTH="46" HEIGHT="23" WC="0.93" CONTENT="icke"/><SP WIDTH="11" VPOS="238" HPOS="764"/>
							<String ID="string_18" HPOS="775" VPOS="238" WIDTH="71" HEIGHT="22" WC="0.92" CONTENT="välbe-"/>
						</TextLine>
						<TextLine ID="line_3" HPOS="95" VPOS="272" WIDTH="68" HEIGHT="21">
							<String ID="string_19" HPOS="95" VPOS="272" WIDTH="68" HEIGHT="21" WC="0.96" CONTENT="tänkt."/>
						</TextLine>
					</TextBlock>
					<TextBlock ID="block_2" HPOS="92" VPOS="307" WIDTH="756" HEIGHT="512">
						<TextLine ID="line_4" HPOS="164" VPOS="307" WIDTH="682" HEIGHT="28">
							<String ID="string_20" HPOS="164" VPOS="307" WIDTH="11" HEIGHT="21" WC="0.96" CONTENT="I"/><SP WIDTH="14" VPOS="307" HPOS="175"/>
							<String ID="string_21" HPOS="189" VPOS="307" WIDTH="151" HEIGHT="27" WC="0.96" CONTENT="sammanhang"/><SP WIDTH="14" VPOS="307" HPOS="340"/>
							<String ID="string_22" HPOS="354" VPOS="307" WIDTH="50" HEIGHT="22" WC="0.96" CONTENT="med"/><SP WIDTH="15" VPOS="307" HPOS="404"/>
							<String ID="string_23" HPOS="419" VPOS="307" WIDTH="36" HEIGHT="22" WC="0.93" CONTENT="det"/><SP WIDTH="10" VPOS="307" HPOS="455"/>
							<String ID="string_24" HPOS="465" VPOS="308" WIDTH="106" HEIGHT="26" WC="0.92" CONTENT="sistsagda"/><SP WIDTH="9" VPOS="308" HPOS="571"/>
							<String ID="string_25" HPOS="580" VPOS="308" WIDTH="81" HEIGHT="21" WC="0.96" CONTENT="tillåter"/><SP WIDTH="10" VPOS="308" HPOS="661"/>
							<String ID="string_26" HPOS="671" VPOS="308" WIDTH="33" HEIGHT="27" WC="0.93" CONTENT="sig"/><SP WIDTH="10" VPOS="308" HPOS="704"/>
							<String ID="string_27" HPOS="714" VPOS="307" WIDTH="132" HEIGHT="22" WC="0.92" CONTENT="kommissio-"/>
						</TextLine>
						<TextLine ID="line_5" HPOS="94" VPOS="341" WIDTH="752" HEIGHT="29">
							<String ID="string_28" HPOS="94" VPOS="347" WIDTH="42" HEIGHT="15" WC="0.92" CONTENT="nen"/><SP WIDTH="13" VPOS="347" HPOS="136"/>
							<String ID="string_29" HPOS="149" VPOS="341" WIDTH="80" HEIGHT="27" WC="0.91" CONTENT="jemväl"/><SP WIDTH="14" VPOS="341" HPOS="229"/>
							<String ID="string_30" HPOS="243" VPOS="343" WIDTH="32" HEIGHT="20" WC="0.96" CONTENT="att"/><SP WIDTH="14" VPOS="343" HPOS="275"/>
							<String ID="string_31" HPOS="289" VPOS="341" WIDTH="83" HEIGHT="29" WC="0.96" CONTENT="påpeka"/><SP WIDTH="15" VPOS="341" HPOS="372"/>
							<String ID="string_32" HPOS="387" VPOS="348" WIDTH="26" HEIGHT="15" WC="0.92" CONTENT="en"/><SP WIDTH="15" VPOS="348" HPOS="413"/>
							<String ID="string_33" HPOS="428" VPOS="342" WIDTH="124" HEIGHT="27" WC="0.91" CONTENT="villfarelse,"/><SP WIDTH="15" VPOS="342" HPOS="552"/>
							<String ID="string_34" HPOS="567" VPOS="349" WIDTH="46" HEIGHT="14" WC="0.96" CONTENT="som"/><SP WIDTH="15" VPOS="349" HPOS="613"/>
							<String ID="string_35" HPOS="628" VPOS="342" WIDTH="72" HEIGHT="27" WC="0.96" CONTENT="tyckes"/><SP WIDTH="15" VPOS="342" HPOS="700"/>
							<String ID="string_36" HPOS="715" VPOS="348" WIDTH="42" HEIGHT="21" WC="0.96" CONTENT="nog"/><SP WIDTH="11" VPOS="348" HPOS="757"/>
							<String ID="string_37" HPOS="768" VPOS="341" WIDTH="78" HEIGHT="22" WC="0.96" CONTENT="allmän"/>
						</TextLine>
						<TextLine ID="line_6" HPOS="95" VPOS="375" WIDTH="752" HEIGHT="29">
							<String ID="string_38" HPOS="95" VPOS="375" WIDTH="7" HEIGHT="21" WC="0.96" CONTENT="i"/><SP WIDTH="8" VPOS="375" HPOS="102"/>
							<String ID="string_39" HPOS="110" VPOS="375" WIDTH="48" HEIGHT="22" WC="0.96" CONTENT="vårt"/><SP WIDTH="7" VPOS="375" HPOS="158"/>
							<String ID="string_40" HPOS="165" VPOS="375" WIDTH="56" HEIGHT="22" WC="0.93" CONTENT="land."/><SP WIDTH="12" VPOS="375" HPOS="221"/>
							<String ID="string_41" HPOS="233" VPOS="376" WIDTH="138" HEIGHT="27" WC="0.90" CONTENT="Gemenligen"/><SP WIDTH="8" VPOS="376" HPOS="371"/>
							<String ID="string_42" HPOS="379" VPOS="383" WIDTH="63" HEIGHT="15" WC="0.96" CONTENT="anses"/><SP WIDTH="8" VPOS="383" HPOS="442"/>
							<String ID="string_43" HPOS="450" VPOS="383" WIDTH="27" HEIGHT="15" WC="0.93" CONTENT="en"/><SP WIDTH="7" VPOS="383" HPOS="477"/>
							<String ID="string_44" HPOS="484" VPOS="377" WIDTH="126" HEIGHT="26" WC="0.91" CONTENT="bredspårig"/><SP WIDTH="8" VPOS="377" HPOS="610"/>
							<String ID="string_45" HPOS="618" VPOS="377" WIDTH="90" HEIGHT="27" WC="0.91" CONTENT="liktydig"/><SP WIDTH="8" VPOS="377" HPOS="708"/>
							<String ID="string_46" HPOS="716" VPOS="376" WIDTH="49" HEIGHT="22" WC="0.96" CONTENT="med"/><SP WIDTH="8" VPOS="376" HPOS="765"/>
							<String ID="string_47" HPOS="773" VPOS="383" WIDTH="27" HEIGHT="14" WC="0.96" CONTENT="en"/><SP WIDTH="8" VPOS="383" HPOS="800"/>
							<String ID="string_48" HPOS="808" VPOS="376" WIDTH="39" HEIGHT="27" WC="0.96" CONTENT="dyr"/>
						</TextLine>
						<TextLine ID="line_7" HPOS="96" VPOS="409" WIDTH="750" HEIGHT="29">
							<String ID="string_49" HPOS="96" VPOS="409" WIDTH="39" HEIGHT="22" WC="0.96" CONTENT="och"/><SP WIDTH="8" VPOS="409" HPOS="135"/>
							<String ID="string_50" HPOS="143" VPOS="416" WIDTH="26" HEIGHT="15" WC="0.96" CONTENT="en"/><SP WIDTH="8" VPOS="416" HPOS="169"/>
							<String ID="string_51" HPOS="177" VPOS="411" WIDTH="126" HEIGHT="26" WC="0.96" CONTENT="smalspårig"/><SP WIDTH="8" VPOS="411" HPOS="303"/>
							<String ID="string_52" HPOS="311" VPOS="411" WIDTH="44" HEIGHT="21" WC="0.96" CONTENT="lika"/><SP WIDTH="7" VPOS="411" HPOS="355"/>
							<String ID="string_53" HPOS="362" VPOS="411" WIDTH="48" HEIGHT="21" WC="0.96" CONTENT="med"/><SP WIDTH="9" VPOS="411" HPOS="410"/>
							<String ID="string_54" HPOS="419" VPOS="417" WIDTH="25" HEIGHT="15" WC="0.96" CONTENT="en"/><SP WIDTH="8" VPOS="417" HPOS="444"/>
							<String ID="string_55" HPOS="452" VPOS="411" WIDTH="62" HEIGHT="27" WC="0.96" CONTENT="billig"/><SP WIDTH="7" VPOS="411" HPOS="514"/>
							<String ID="string_56" HPOS="521" VPOS="411" WIDTH="61" HEIGHT="22" WC="0.93" CONTENT="bana."/><SP WIDTH="16" VPOS="411" HPOS="582"/>
							<String ID="string_57" HPOS="598" VPOS="411" WIDTH="108" HEIGHT="26" WC="0.91" CONTENT="Billighet,"/><SP WIDTH="9" VPOS="411" HPOS="706"/>
							<String ID="string_58" HPOS="715" VPOS="411" WIDTH="24" HEIGHT="21" WC="0.96" CONTENT="så"/><SP WIDTH="7" VPOS="411" HPOS="739"/>
							<String ID="string_59" HPOS="746" VPOS="411" WIDTH="46" HEIGHT="21" WC="0.93" CONTENT="vidt"/><SP WIDTH="8" VPOS="411" HPOS="792"/>
							<String ID="string_60" HPOS="800" VPOS="411" WIDTH="46" HEIGHT="21" WC="0.92" CONTENT="der-"/>
						</TextLine>
						<TextLine ID="line_8" HPOS="94" VPOS="444" WIDTH="752" HEIGHT="28">
							<String ID="string_61" HPOS="94" VPOS="444" WIDTH="69" HEIGHT="21" WC="0.95" CONTENT="under"/><SP WIDTH="8" VPOS="444" HPOS="163"/>
							<String ID="string_62" HPOS="171" VPOS="444" WIDTH="78" HEIGHT="22" WC="0.96" CONTENT="förstås"/><SP WIDTH="11" VPOS="444" HPOS="249"/>
							<String ID="string_63" HPOS="260" VPOS="445" WIDTH="134" HEIGHT="27" WC="0.96" CONTENT="sparsamhet"/><SP WIDTH="8" VPOS="445" HPOS="394"/>
							<String ID="string_64" HPOS="402" VPOS="445" WIDTH="40" HEIGHT="22" WC="0.93" CONTENT="och"/><SP WIDTH="12" VPOS="445" HPOS="442"/>
							<String ID="string_65" HPOS="454" VPOS="445" WIDTH="99" HEIGHT="22" WC="0.92" CONTENT="omtänka"/><SP WIDTH="7" VPOS="445" HPOS="553"/>
							<String ID="string_66" HPOS="560" VPOS="445" WIDTH="35" HEIGHT="22" WC="0.96" CONTENT="vid"/><SP WIDTH="9" VPOS="445" HPOS="595"/>
							<String ID="string_67" HPOS="604" VPOS="445" WIDTH="128" HEIGHT="27" WC="0.96" CONTENT="anläggning"/><SP WIDTH="8" VPOS="445" HPOS="732"/>
							<String ID="string_68" HPOS="740" VPOS="445" WIDTH="40" HEIGHT="22" WC="0.95" CONTENT="och"/><SP WIDTH="8" VPOS="445" HPOS="780"/>
							<String ID="string_69" HPOS="788" VPOS="445" WIDTH="58" HEIGHT="26" WC="0.95" CONTENT="drift,"/>
						</TextLine>
						<TextLine ID="line_9" HPOS="94" VPOS="479" WIDTH="752" HEIGHT="28">
							<String ID="string_70" HPOS="94" VPOS="480" WIDTH="25" HEIGHT="19" WC="0.96" CONTENT="är"/><SP WIDTH="7" VPOS="480" HPOS="119"/>
							<String ID="string_71" HPOS="126" VPOS="479" WIDTH="47" HEIGHT="22" WC="0.95" CONTENT="icke"/><SP WIDTH="9" VPOS="479" HPOS="173"/>
							<String ID="string_72" HPOS="182" VPOS="481" WIDTH="31" HEIGHT="20" WC="0.96" CONTENT="ett"/><SP WIDTH="8" VPOS="481" HPOS="213"/>
							<String ID="string_73" HPOS="221" VPOS="481" WIDTH="96" HEIGHT="26" WC="0.96" CONTENT="attribut,"/><SP WIDTH="8" VPOS="481" HPOS="317"/>
							<String ID="string_74" HPOS="325" VPOS="482" WIDTH="46" HEIGHT="20" WC="0.92" CONTENT="som"/><SP WIDTH="8" VPOS="482" HPOS="371"/>
							<String ID="string_75" HPOS="379" VPOS="481" WIDTH="162" HEIGHT="26" WC="0.96" CONTENT="nödvändigtvis"/><SP WIDTH="12" VPOS="481" HPOS="541"/>
							<String ID="string_76" HPOS="553" VPOS="481" WIDTH="64" HEIGHT="21" WC="0.96" CONTENT="beror"/><SP WIDTH="8" VPOS="481" HPOS="617"/>
							<String ID="string_77" HPOS="625" VPOS="480" WIDTH="23" HEIGHT="21" WC="0.96" CONTENT="af"/><SP WIDTH="7" VPOS="480" HPOS="648"/>
							<String ID="string_78" HPOS="655" VPOS="480" WIDTH="133" HEIGHT="27" WC="0.90" CONTENT="spårvidden."/><SP WIDTH="18" VPOS="480" HPOS="788"/>
							<String ID="string_79" HPOS="806" VPOS="479" WIDTH="40" HEIGHT="22" WC="0.96" CONTENT="Om"/>
						</TextLine>
						<TextLine ID="line_10" HPOS="95" VPOS="513" WIDTH="752" HEIGHT="28">
							<String ID="string_80" HPOS="95" VPOS="513" WIDTH="36" HEIGHT="21" WC="0.96" CONTENT="det"/><SP WIDTH="8" VPOS="513" HPOS="131"/>
							<String ID="string_81" HPOS="139" VPOS="515" WIDTH="24" HEIGHT="19" WC="0.93" CONTENT="är"/><SP WIDTH="10" VPOS="515" HPOS="163"/>
							<String ID="string_82" HPOS="173" VPOS="513" WIDTH="80" HEIGHT="28" WC="0.91" CONTENT="rådligt"/><SP WIDTH="11" VPOS="513" HPOS="253"/>
							<String ID="string_83" HPOS="264" VPOS="515" WIDTH="35" HEIGHT="20" WC="0.97" CONTENT="vid"/><SP WIDTH="11" VPOS="515" HPOS="299"/>
							<String ID="string_84" HPOS="310" VPOS="514" WIDTH="37" HEIGHT="22" WC="0.96" CONTENT="det"/><SP WIDTH="7" VPOS="514" HPOS="347"/>
							<String ID="string_85" HPOS="354" VPOS="515" WIDTH="68" HEIGHT="21" WC="0.96" CONTENT="smala"/><SP WIDTH="11" VPOS="515" HPOS="422"/>
							<String ID="string_86" HPOS="433" VPOS="515" WIDTH="71" HEIGHT="26" WC="0.96" CONTENT="spåret"/><SP WIDTH="13" VPOS="515" HPOS="504"/>
							<String ID="string_87" HPOS="517" VPOS="516" WIDTH="32" HEIGHT="20" WC="0.96" CONTENT="att"/><SP WIDTH="10" VPOS="516" HPOS="549"/>
							<String ID="string_88" HPOS="559" VPOS="516" WIDTH="50" HEIGHT="25" WC="0.95" CONTENT="taga"/><SP WIDTH="11" VPOS="516" HPOS="609"/>
							<String ID="string_89" HPOS="620" VPOS="514" WIDTH="40" HEIGHT="21" WC="0.95" CONTENT="allt"/><SP WIDTH="9" VPOS="514" HPOS="660"/>
							<String ID="string_90" HPOS="669" VPOS="514" WIDTH="34" HEIGHT="21" WC="0.96" CONTENT="till"/><SP WIDTH="12" VPOS="514" HPOS="703"/>
							<String ID="string_91" HPOS="715" VPOS="515" WIDTH="6" HEIGHT="20" WC="0.92" CONTENT="i"/><SP WIDTH="8" VPOS="515" HPOS="721"/>
							<String ID="string_92" HPOS="729" VPOS="514" WIDTH="118" HEIGHT="27" WC="0.92" CONTENT="rimligaste"/>
						</TextLine>
						<TextLine ID="line_11" HPOS="94" VPOS="547" WIDTH="754" HEIGHT="30">
							<String ID="string_93" HPOS="94" VPOS="547" WIDTH="85" HEIGHT="28" WC="0.96" CONTENT="knappa"/><SP WIDTH="6" VPOS="547" HPOS="179"/>
							<String ID="string_94" HPOS="185" VPOS="555" WIDTH="55" HEIGHT="20" WC="0.96" CONTENT="mon,"/><SP WIDTH="8" VPOS="555" HPOS="240"/>
							<String ID="string_95" HPOS="248" VPOS="549" WIDTH="67" HEIGHT="21" WC="0.96" CONTENT="finnes"/><SP WIDTH="10" VPOS="549" HPOS="315"/>
							<String ID="string_96" HPOS="325" VPOS="549" WIDTH="54" HEIGHT="22" WC="0.96" CONTENT="intet"/><SP WIDTH="8" VPOS="549" HPOS="379"/>
							<String ID="string_97" HPOS="387" VPOS="549" WIDTH="113" HEIGHT="28" WC="0.96" CONTENT="förnuftigt"/><SP WIDTH="8" VPOS="549" HPOS="500"/>
							<String ID="string_98" HPOS="508" VPOS="550" WIDTH="53" HEIGHT="26" WC="0.96" CONTENT="skäl,"/><SP WIDTH="9" VPOS="550" HPOS="561"/>
							<String ID="string_99" HPOS="570" VPOS="555" WIDTH="45" HEIGHT="16" WC="0.96" CONTENT="som"/><SP WIDTH="6" VPOS="555" HPOS="615"/>
							<String ID="string_100" HPOS="621" VPOS="549" WIDTH="36" HEIGHT="21" WC="0.96" CONTENT="vid"/><SP WIDTH="7" VPOS="549" HPOS="657"/>
							<String ID="string_101" HPOS="664" VPOS="550" WIDTH="31" HEIGHT="20" WC="0.96" CONTENT="ett"/><SP WIDTH="5" VPOS="550" HPOS="695"/>
							<String ID="string_102" HPOS="700" VPOS="549" WIDTH="91" HEIGHT="22" WC="0.96" CONTENT="bredare"/><SP WIDTH="7" VPOS="549" HPOS="791"/>
							<String ID="string_103" HPOS="798" VPOS="549" WIDTH="50" HEIGHT="27" WC="0.96" CONTENT="spår"/>
						</TextLine>
						<TextLine ID="line_12" HPOS="94" VPOS="582" WIDTH="754" HEIGHT="29">
							<String ID="string_104" HPOS="94" VPOS="582" WIDTH="111" HEIGHT="28" WC="0.96" CONTENT="förbjuder"/><SP WIDTH="18" VPOS="582" HPOS="205"/>
							<String ID="string_105" HPOS="223" VPOS="585" WIDTH="31" HEIGHT="20" WC="0.96" CONTENT="ett"/><SP WIDTH="18" VPOS="585" HPOS="254"/>
							<String ID="string_106" HPOS="272" VPOS="583" WIDTH="87" HEIGHT="28" WC="0.96" CONTENT="analogt"/><SP WIDTH="19" VPOS="583" HPOS="359"/>
							<String ID="string_107" HPOS="378" VPOS="583" WIDTH="128" HEIGHT="23" WC="0.91" CONTENT="förfarande."/><SP WIDTH="34" VPOS="583" HPOS="506"/>
							<String ID="string_108" HPOS="540" VPOS="584" WIDTH="106" HEIGHT="22" WC="0.89" CONTENT="Jnkomna"/><SP WIDTH="18" VPOS="584" HPOS="646"/>
							<String ID="string_109" HPOS="664" VPOS="583" WIDTH="56" HEIGHT="22" WC="0.96" CONTENT="ifrån"/><SP WIDTH="18" VPOS="583" HPOS="720"/>
							<String ID="string_110" HPOS="738" VPOS="583" WIDTH="48" HEIGHT="22" WC="0.96" CONTENT="rika"/><SP WIDTH="22" VPOS="583" HPOS="786"/>
							<String ID="string_111" HPOS="808" VPOS="583" WIDTH="40" HEIGHT="22" WC="0.96" CONTENT="och"/>
						</TextLine>
						<TextLine ID="line_13" HPOS="94" VPOS="617" WIDTH="753" HEIGHT="29">
							<String ID="string_112" HPOS="94" VPOS="617" WIDTH="134" HEIGHT="22" WC="0.96" CONTENT="kultiverade"/><SP WIDTH="19" VPOS="617" HPOS="228"/>
							<String ID="string_113" HPOS="247" VPOS="618" WIDTH="76" HEIGHT="22" WC="0.96" CONTENT="länder"/><SP WIDTH="18" VPOS="618" HPOS="323"/>
							<String ID="string_114" HPOS="341" VPOS="618" WIDTH="32" HEIGHT="22" WC="0.96" CONTENT="till"/><SP WIDTH="20" VPOS="618" HPOS="373"/>
							<String ID="string_115" HPOS="393" VPOS="618" WIDTH="101" HEIGHT="28" WC="0.96" CONTENT="fattigare"/><SP WIDTH="18" VPOS="618" HPOS="494"/>
							<String ID="string_116" HPOS="512" VPOS="619" WIDTH="139" HEIGHT="22" WC="0.96" CONTENT="outvecklade"/><SP WIDTH="20" VPOS="619" HPOS="651"/>
							<String ID="string_117" HPOS="671" VPOS="618" WIDTH="88" HEIGHT="27" WC="0.96" CONTENT="bygder,"/><SP WIDTH="24" VPOS="618" HPOS="759"/>
							<String ID="string_118" HPOS="783" VPOS="618" WIDTH="64" HEIGHT="22" WC="0.96" CONTENT="hafva"/>
						</TextLine>
						<TextLine ID="line_14" HPOS="92" VPOS="652" WIDTH="755" HEIGHT="29">
							<String ID="string_119" HPOS="92" VPOS="652" WIDTH="142" HEIGHT="27" WC="0.92" CONTENT="jernvägarne"/><SP WIDTH="28" VPOS="652" HPOS="234"/>
							<String ID="string_120" HPOS="262" VPOS="653" WIDTH="94" HEIGHT="21" WC="0.96" CONTENT="medfört"/><SP WIDTH="29" VPOS="653" HPOS="356"/>
							<String ID="string_121" HPOS="385" VPOS="659" WIDTH="26" HEIGHT="16" WC="0.96" CONTENT="en"/><SP WIDTH="23" VPOS="659" HPOS="411"/>
							<String ID="string_122" HPOS="434" VPOS="654" WIDTH="34" HEIGHT="21" WC="0.96" CONTENT="del"/><SP WIDTH="25" VPOS="654" HPOS="468"/>
							<String ID="string_123" HPOS="493" VPOS="653" WIDTH="124" HEIGHT="28" WC="0.93" CONTENT="oväsentlig,"/><SP WIDTH="18" VPOS="653" HPOS="617"/>
							<String ID="string_124" HPOS="635" VPOS="653" WIDTH="149" HEIGHT="21" WC="0.92" CONTENT="konventionel"/><SP WIDTH="22" VPOS="653" HPOS="784"/>
							<String ID="string_125" HPOS="806" VPOS="653" WIDTH="41" HEIGHT="27" WC="0.85" CONTENT="lyx,"/>
						</TextLine>
						<TextLine ID="line_15" HPOS="94" VPOS="687" WIDTH="754" HEIGHT="28">
							<String ID="string_126" HPOS="94" VPOS="692" WIDTH="46" HEIGHT="16" WC="0.93" CONTENT="som"/><SP WIDTH="18" VPOS="692" HPOS="140"/>
							<String ID="string_127" HPOS="158" VPOS="687" WIDTH="132" HEIGHT="22" WC="0.92" CONTENT="häfdvunnet"/><SP WIDTH="15" VPOS="687" HPOS="290"/>
							<String ID="string_128" HPOS="305" VPOS="689" WIDTH="80" HEIGHT="20" WC="0.96" CONTENT="ansetts"/><SP WIDTH="15" VPOS="689" HPOS="385"/>
							<String ID="string_129" HPOS="400" VPOS="688" WIDTH="54" HEIGHT="21" WC="0.96" CONTENT="böra"/><SP WIDTH="14" VPOS="688" HPOS="454"/>
							<String ID="string_130" HPOS="468" VPOS="688" WIDTH="75" HEIGHT="27" WC="0.96" CONTENT="åtfölja"/><SP WIDTH="15" VPOS="688" HPOS="543"/>
							<String ID="string_131" HPOS="558" VPOS="688" WIDTH="48" HEIGHT="21" WC="0.96" CONTENT="dem"/><SP WIDTH="15" VPOS="688" HPOS="606"/>
							<String ID="string_132" HPOS="621" VPOS="687" WIDTH="119" HEIGHT="22" WC="0.95" CONTENT="oberoende"/><SP WIDTH="20" VPOS="687" HPOS="740"/>
							<String ID="string_133" HPOS="760" VPOS="687" WIDTH="22" HEIGHT="22" WC="0.96" CONTENT="af"/><SP WIDTH="21" VPOS="687" HPOS="782"/>
							<String ID="string_134" HPOS="803" VPOS="687" WIDTH="45" HEIGHT="22" WC="0.96" CONTENT="ofta"/>
						</TextLine>
						<TextLine ID="line_16" HPOS="93" VPOS="721" WIDTH="753" HEIGHT="23">
							<String ID="string_135" HPOS="93" VPOS="721" WIDTH="47" HEIGHT="21" WC="0.96" CONTENT="vidt"/><SP WIDTH="14" VPOS="721" HPOS="140"/>
							<String ID="string_136" HPOS="154" VPOS="721" WIDTH="71" HEIGHT="22" WC="0.96" CONTENT="skilda"/><SP WIDTH="14" VPOS="721" HPOS="225"/>
							<String ID="string_137" HPOS="239" VPOS="722" WIDTH="80" HEIGHT="21" WC="0.96" CONTENT="sociala"/><SP WIDTH="15" VPOS="722" HPOS="319"/>
							<String ID="string_138" HPOS="334" VPOS="722" WIDTH="148" HEIGHT="22" WC="0.96" CONTENT="förhållanden"/><SP WIDTH="16" VPOS="722" HPOS="482"/>
							<String ID="string_139" HPOS="498" VPOS="723" WIDTH="38" HEIGHT="21" WC="0.96" CONTENT="och"/><SP WIDTH="15" VPOS="723" HPOS="536"/>
							<String ID="string_140" HPOS="551" VPOS="723" WIDTH="47" HEIGHT="21" WC="0.96" CONTENT="icke"/><SP WIDTH="15" VPOS="723" HPOS="598"/>
							<String ID="string_141" HPOS="613" VPOS="722" WIDTH="68" HEIGHT="21" WC="0.96" CONTENT="sällan"/><SP WIDTH="16" VPOS="722" HPOS="681"/>
							<String ID="string_142" HPOS="697" VPOS="722" WIDTH="64" HEIGHT="21" WC="0.93" CONTENT="hafva"/><SP WIDTH="14" VPOS="722" HPOS="761"/>
							<String ID="string_143" HPOS="775" VPOS="721" WIDTH="71" HEIGHT="22" WC="0.92" CONTENT="fördo-"/>
						</TextLine>
						<TextLine ID="line_17" HPOS="94" VPOS="757" WIDTH="754" HEIGHT="28">
							<String ID="string_144" HPOS="94" VPOS="761" WIDTH="46" HEIGHT="16" WC="0.96" CONTENT="mar"/><SP WIDTH="22" VPOS="761" HPOS="140"/>
							<String ID="string_145" HPOS="162" VPOS="762" WIDTH="59" HEIGHT="16" WC="0.96" CONTENT="mera"/><SP WIDTH="17" VPOS="762" HPOS="221"/>
							<String ID="string_146" HPOS="238" VPOS="757" WIDTH="99" HEIGHT="21" WC="0.96" CONTENT="inverkat"/><SP WIDTH="21" VPOS="757" HPOS="337"/>
							<String ID="string_147" HPOS="358" VPOS="757" WIDTH="27" HEIGHT="27" WC="0.92" CONTENT="på"/><SP WIDTH="17" VPOS="757" HPOS="385"/>
							<String ID="string_148" HPOS="402" VPOS="757" WIDTH="152" HEIGHT="28" WC="0.92" CONTENT="jernvägarnes"/><SP WIDTH="19" VPOS="757" HPOS="554"/>
							<String ID="string_149" HPOS="573" VPOS="757" WIDTH="99" HEIGHT="22" WC="0.96" CONTENT="ekonomi"/><SP WIDTH="17" VPOS="757" HPOS="672"/>
							<String ID="string_150" HPOS="689" VPOS="757" WIDTH="8" HEIGHT="21" WC="0.95" CONTENT="i"/><SP WIDTH="22" VPOS="757" HPOS="697"/>
							<String ID="string_151" HPOS="719" VPOS="757" WIDTH="129" HEIGHT="27" WC="0.95" CONTENT="anläggning"/>
						</TextLine>
						<TextLine ID="line_18" HPOS="94" VPOS="791" WIDTH="644" HEIGHT="28">
							<String ID="string_152" HPOS="94" VPOS="791" WIDTH="39" HEIGHT="21" WC="0.95" CONTENT="och"/><SP WIDTH="16" VPOS="791" HPOS="133"/>
							<String ID="string_153" HPOS="149" VPOS="791" WIDTH="52" HEIGHT="21" WC="0.96" CONTENT="drift"/><SP WIDTH="14" VPOS="791" HPOS="201"/>
							<String ID="string_154" HPOS="215" VPOS="793" WIDTH="27" HEIGHT="19" WC="0.96" CONTENT="än"/><SP WIDTH="17" VPOS="793" HPOS="242"/>
							<String ID="string_155" HPOS="259" VPOS="798" WIDTH="26" HEIGHT="15" WC="0.96" CONTENT="en"/><SP WIDTH="14" VPOS="798" HPOS="285"/>
							<String ID="string_156" HPOS="299" VPOS="792" WIDTH="66" HEIGHT="27" WC="0.96" CONTENT="något"/><SP WIDTH="16" VPOS="792" HPOS="365"/>
							<String ID="string_157" HPOS="381" VPOS="794" WIDTH="69" HEIGHT="20" WC="0.96" CONTENT="större"/><SP WIDTH="16" VPOS="794" HPOS="450"/>
							<String ID="string_158" HPOS="466" VPOS="793" WIDTH="52" HEIGHT="21" WC="0.96" CONTENT="eller"/><SP WIDTH="15" VPOS="793" HPOS="518"/>
							<String ID="string_159" HPOS="533" VPOS="792" WIDTH="82" HEIGHT="22" WC="0.96" CONTENT="mindre"/><SP WIDTH="16" VPOS="792" HPOS="615"/>
							<String ID="string_160" HPOS="631" VPOS="792" WIDTH="107" HEIGHT="27" WC="0.96" CONTENT="spårvidd."/>
						</TextLine>
					</TextBlock>
					<TextBlock ID="block_3" HPOS="93" VPOS="832" WIDTH="755" HEIGHT="195">
						<TextLine ID="line_19" HPOS="162" VPOS="832" WIDTH="686" HEIGHT="28">
							<String ID="string_161" HPOS="162" VPOS="832" WIDTH="171" HEIGHT="22" WC="0.95" CONTENT="Kommissionen"/><SP WIDTH="22" VPOS="832" HPOS="333"/>
							<String ID="string_162" HPOS="355" VPOS="832" WIDTH="39" HEIGHT="22" WC="0.96" CONTENT="har"/><SP WIDTH="23" VPOS="832" HPOS="394"/>
							<String ID="string_163" HPOS="417" VPOS="833" WIDTH="122" HEIGHT="27" WC="0.96" CONTENT="upprepade"/><SP WIDTH="22" VPOS="833" HPOS="539"/>
							<String ID="string_164" HPOS="561" VPOS="832" WIDTH="80" HEIGHT="28" WC="0.93" CONTENT="gånger"/><SP WIDTH="22" VPOS="832" HPOS="641"/>
							<String ID="string_165" HPOS="663" VPOS="832" WIDTH="123" HEIGHT="21" WC="0.92" CONTENT="framhållet"/><SP WIDTH="24" VPOS="832" HPOS="786"/>
							<String ID="string_166" HPOS="810" VPOS="832" WIDTH="38" HEIGHT="21" WC="0.96" CONTENT="det"/>
						</TextLine>
						<TextLine ID="line_20" HPOS="94" VPOS="867" WIDTH="753" HEIGHT="28">
							<String ID="string_167" HPOS="94" VPOS="867" WIDTH="67" HEIGHT="21" WC="0.93" CONTENT="breda"/><SP WIDTH="16" VPOS="867" HPOS="161"/>
							<String ID="string_168" HPOS="177" VPOS="867" WIDTH="83" HEIGHT="27" WC="0.92" CONTENT="spårets"/><SP WIDTH="15" VPOS="867" HPOS="260"/>
							<String ID="string_169" HPOS="275" VPOS="867" WIDTH="100" HEIGHT="27" WC="0.95" CONTENT="fördelar,"/><SP WIDTH="22" VPOS="867" HPOS="375"/>
							<String ID="string_170" HPOS="397" VPOS="867" WIDTH="39" HEIGHT="22" WC="0.96" CONTENT="och"/><SP WIDTH="16" VPOS="867" HPOS="436"/>
							<String ID="string_171" HPOS="452" VPOS="874" WIDTH="44" HEIGHT="15" WC="0.96" CONTENT="som"/><SP WIDTH="16" VPOS="874" HPOS="496"/>
							<String ID="string_172" HPOS="512" VPOS="874" WIDTH="26" HEIGHT="15" WC="0.96" CONTENT="en"/><SP WIDTH="11" VPOS="874" HPOS="538"/>
							<String ID="string_173" HPOS="549" VPOS="867" WIDTH="65" HEIGHT="22" WC="0.96" CONTENT="sådan"/><SP WIDTH="11" VPOS="867" HPOS="614"/>
							<String ID="string_174" HPOS="625" VPOS="867" WIDTH="39" HEIGHT="22" WC="0.93" CONTENT="bör"/><SP WIDTH="8" VPOS="867" HPOS="664"/>
							<String ID="string_175" HPOS="672" VPOS="867" WIDTH="79" HEIGHT="28" WC="0.92" CONTENT="jemväl"/><SP WIDTH="11" VPOS="867" HPOS="751"/>
							<String ID="string_176" HPOS="762" VPOS="867" WIDTH="85" HEIGHT="22" WC="0.96" CONTENT="anföras"/>
						</TextLine>
						<TextLine ID="line_21" HPOS="94" VPOS="901" WIDTH="754" HEIGHT="28">
							<String ID="string_177" HPOS="94" VPOS="901" WIDTH="50" HEIGHT="22" WC="0.96" CONTENT="dess"/><SP WIDTH="21" VPOS="901" HPOS="144"/>
							<String ID="string_178" HPOS="165" VPOS="902" WIDTH="106" HEIGHT="27" WC="0.96" CONTENT="egenskap"/><SP WIDTH="20" VPOS="902" HPOS="271"/>
							<String ID="string_179" HPOS="291" VPOS="904" WIDTH="32" HEIGHT="20" WC="0.96" CONTENT="att"/><SP WIDTH="18" VPOS="904" HPOS="323"/>
							<String ID="string_180" HPOS="341" VPOS="902" WIDTH="105" HEIGHT="22" WC="0.96" CONTENT="förmedla"/><SP WIDTH="18" VPOS="902" HPOS="446"/>
							<String ID="string_181" HPOS="464" VPOS="903" WIDTH="91" HEIGHT="21" WC="0.96" CONTENT="trafiken"/><SP WIDTH="18" VPOS="903" HPOS="555"/>
							<String ID="string_182" HPOS="573" VPOS="902" WIDTH="99" HEIGHT="27" WC="0.96" CONTENT="billigare"/><SP WIDTH="18" VPOS="902" HPOS="672"/>
							<String ID="string_183" HPOS="690" VPOS="904" WIDTH="27" HEIGHT="19" WC="0.96" CONTENT="än"/><SP WIDTH="18" VPOS="904" HPOS="717"/>
							<String ID="string_184" HPOS="735" VPOS="903" WIDTH="32" HEIGHT="21" WC="0.96" CONTENT="ett"/><SP WIDTH="18" VPOS="903" HPOS="767"/>
							<String ID="string_185" HPOS="785" VPOS="903" WIDTH="63" HEIGHT="21" WC="0.96" CONTENT="smalt"/>
						</TextLine>
						<TextLine ID="line_22" HPOS="94" VPOS="936" WIDTH="753" HEIGHT="28">
							<String ID="string_186" HPOS="94" VPOS="936" WIDTH="56" HEIGHT="27" WC="0.95" CONTENT="spår."/><SP WIDTH="30" VPOS="936" HPOS="150"/>
							<String ID="string_187" HPOS="180" VPOS="937" WIDTH="65" HEIGHT="21" WC="0.96" CONTENT="Detta"/><SP WIDTH="14" VPOS="937" HPOS="245"/>
							<String ID="string_188" HPOS="259" VPOS="937" WIDTH="116" HEIGHT="27" WC="0.96" CONTENT="påstående"/><SP WIDTH="16" VPOS="937" HPOS="375"/>
							<String ID="string_189" HPOS="391" VPOS="937" WIDTH="45" HEIGHT="22" WC="0.96" CONTENT="står"/><SP WIDTH="14" VPOS="937" HPOS="436"/>
							<String ID="string_190" HPOS="450" VPOS="937" WIDTH="8" HEIGHT="21" WC="0.96" CONTENT="i"/><SP WIDTH="15" VPOS="937" HPOS="458"/>
							<String ID="string_191" HPOS="473" VPOS="938" WIDTH="53" HEIGHT="21" WC="0.96" CONTENT="strid"/><SP WIDTH="15" VPOS="938" HPOS="526"/>
							<String ID="string_192" HPOS="541" VPOS="937" WIDTH="49" HEIGHT="22" WC="0.96" CONTENT="med"/><SP WIDTH="15" VPOS="937" HPOS="590"/>
							<String ID="string_193" HPOS="605" VPOS="943" WIDTH="26" HEIGHT="16" WC="0.96" CONTENT="en"/><SP WIDTH="16" VPOS="943" HPOS="631"/>
							<String ID="string_194" HPOS="647" VPOS="937" WIDTH="34" HEIGHT="22" WC="0.96" CONTENT="del"/><SP WIDTH="16" VPOS="937" HPOS="681"/>
							<String ID="string_195" HPOS="697" VPOS="939" WIDTH="79" HEIGHT="25" WC="0.93" CONTENT="gängse"/><SP WIDTH="16" VPOS="939" HPOS="776"/>
							<String ID="string_196" HPOS="792" VPOS="937" WIDTH="55" HEIGHT="21" WC="0.92" CONTENT="före-"/>
						</TextLine>
						<TextLine ID="line_23" HPOS="94" VPOS="971" WIDTH="754" HEIGHT="28">
							<String ID="string_197" HPOS="94" VPOS="971" WIDTH="133" HEIGHT="27" WC="0.96" CONTENT="ställningar,"/><SP WIDTH="8" VPOS="971" HPOS="227"/>
							<String ID="string_198" HPOS="235" VPOS="971" WIDTH="87" HEIGHT="22" WC="0.96" CONTENT="hvarför"/><SP WIDTH="14" VPOS="971" HPOS="322"/>
							<String ID="string_199" HPOS="336" VPOS="972" WIDTH="40" HEIGHT="21" WC="0.96" CONTENT="här"/><SP WIDTH="16" VPOS="972" HPOS="376"/>
							<String ID="string_200" HPOS="392" VPOS="978" WIDTH="26" HEIGHT="15" WC="0.97" CONTENT="en"/><SP WIDTH="15" VPOS="978" HPOS="418"/>
							<String ID="string_201" HPOS="433" VPOS="973" WIDTH="98" HEIGHT="20" WC="0.96" CONTENT="närmare"/><SP WIDTH="15" VPOS="973" HPOS="531"/>
							<String ID="string_202" HPOS="546" VPOS="972" WIDTH="126" HEIGHT="27" WC="0.96" CONTENT="utläggning"/><SP WIDTH="15" VPOS="972" HPOS="672"/>
							<String ID="string_203" HPOS="687" VPOS="971" WIDTH="23" HEIGHT="22" WC="0.96" CONTENT="af"/><SP WIDTH="13" VPOS="971" HPOS="710"/>
							<String ID="string_204" HPOS="723" VPOS="972" WIDTH="75" HEIGHT="27" WC="0.96" CONTENT="frågan"/><SP WIDTH="15" VPOS="972" HPOS="798"/>
							<String ID="string_205" HPOS="813" VPOS="972" WIDTH="35" HEIGHT="21" WC="0.96" CONTENT="må"/>
						</TextLine>
						<TextLine ID="line_24" HPOS="93" VPOS="1005" WIDTH="88" HEIGHT="22">
							<String ID="string_206" HPOS="93" VPOS="1005" WIDTH="88" HEIGHT="22" WC="0.96" CONTENT="tillåtas."/>
						</TextLine>
					</TextBlock>
					<TextBlock ID="block_4" HPOS="94" VPOS="1045" WIDTH="754" HEIGHT="64">
						<TextLine ID="line_25" HPOS="163" VPOS="1045" WIDTH="685" HEIGHT="29">
							<String ID="string_207" HPOS="163" VPOS="1045" WIDTH="73" HEIGHT="22" WC="0.96" CONTENT="Under"/><SP WIDTH="21" VPOS="1045" HPOS="236"/>
							<String ID="string_208" HPOS="257" VPOS="1047" WIDTH="44" HEIGHT="21" WC="0.96" CONTENT="lika"/><SP WIDTH="22" VPOS="1047" HPOS="301"/>
							<String ID="string_209" HPOS="323" VPOS="1046" WIDTH="148" HEIGHT="22" WC="0.96" CONTENT="förhållanden"/><SP WIDTH="21" VPOS="1046" HPOS="471"/>
							<String ID="string_210" HPOS="492" VPOS="1047" WIDTH="113" HEIGHT="22" WC="0.96" CONTENT="trafikerar"/><SP WIDTH="24" VPOS="1047" HPOS="605"/>
							<String ID="string_211" HPOS="629" VPOS="1047" WIDTH="35" HEIGHT="21" WC="0.96" CONTENT="det"/><SP WIDTH="23" VPOS="1047" HPOS="664"/>
							<String ID="string_212" HPOS="687" VPOS="1047" WIDTH="67" HEIGHT="22" WC="0.96" CONTENT="smala"/><SP WIDTH="22" VPOS="1047" HPOS="754"/>
							<String ID="string_213" HPOS="776" VPOS="1047" WIDTH="72" HEIGHT="27" WC="0.96" CONTENT="spåret"/>
						</TextLine>
						<TextLine ID="line_26" HPOS="94" VPOS="1080" WIDTH="554" HEIGHT="29">
							<String ID="string_214" HPOS="94" VPOS="1081" WIDTH="77" HEIGHT="27" WC="0.96" CONTENT="dyrare"/><SP WIDTH="14" VPOS="1081" HPOS="171"/>
							<String ID="string_215" HPOS="185" VPOS="1080" WIDTH="28" HEIGHT="28" WC="0.96" CONTENT="på"/><SP WIDTH="15" VPOS="1080" HPOS="213"/>
							<String ID="string_216" HPOS="228" VPOS="1081" WIDTH="68" HEIGHT="26" WC="0.96" CONTENT="grund"/><SP WIDTH="15" VPOS="1081" HPOS="296"/>
							<String ID="string_217" HPOS="311" VPOS="1081" WIDTH="24" HEIGHT="21" WC="0.96" CONTENT="af"/><SP WIDTH="12" VPOS="1081" HPOS="335"/>
							<String ID="string_218" HPOS="347" VPOS="1081" WIDTH="94" HEIGHT="28" WC="0.96" CONTENT="följande"/><SP WIDTH="16" VPOS="1081" HPOS="441"/>
							<String ID="string_219" HPOS="457" VPOS="1081" WIDTH="191" HEIGHT="28" WC="0.94" CONTENT="omständigheter:"/>
						</TextLine>
					</TextBlock>
					<TextBlock ID="block_5" HPOS="96" VPOS="1115" WIDTH="535" HEIGHT="28">
						<TextLine ID="line_27" HPOS="96" VPOS="1115" WIDTH="535" HEIGHT="28">
							<String ID="string_220" HPOS="96" VPOS="1116" WIDTH="32" HEIGHT="20" WC="0.76" CONTENT="1:0"/><SP WIDTH="24" VPOS="1116" HPOS="128"/>
							<String ID="string_221" HPOS="152" VPOS="1115" WIDTH="73" HEIGHT="21" WC="0.93" CONTENT="Större"/><SP WIDTH="14" VPOS="1115" HPOS="225"/>
							<String ID="string_222" HPOS="239" VPOS="1115" WIDTH="145" HEIGHT="27" WC="0.92" CONTENT="tågmotstånd"/><SP WIDTH="15" VPOS="1115" HPOS="384"/>
							<String ID="string_223" HPOS="399" VPOS="1116" WIDTH="33" HEIGHT="21" WC="0.96" CONTENT="för"/><SP WIDTH="16" VPOS="1116" HPOS="432"/>
							<String ID="string_224" HPOS="448" VPOS="1122" WIDTH="81" HEIGHT="15" WC="0.93" CONTENT="samma"/><SP WIDTH="14" VPOS="1122" HPOS="529"/>
							<String ID="string_225" HPOS="543" VPOS="1116" WIDTH="88" HEIGHT="27" WC="0.92" CONTENT="tägvigt."/>
						</TextLine>
					</TextBlock>
					<TextBlock ID="block_6" HPOS="94" VPOS="1155" WIDTH="750" HEIGHT="57">
						<TextLine ID="line_28" HPOS="94" VPOS="1155" WIDTH="750" HEIGHT="28">
							<String ID="string_226" HPOS="94" VPOS="1155" WIDTH="34" HEIGHT="22" WC="0.78" CONTENT="2:0"/><SP WIDTH="23" VPOS="1155" HPOS="128"/>
							<String ID="string_227" HPOS="151" VPOS="1155" WIDTH="73" HEIGHT="22" WC="0.93" CONTENT="Större"/><SP WIDTH="15" VPOS="1155" HPOS="224"/>
							<String ID="string_228" HPOS="239" VPOS="1156" WIDTH="88" HEIGHT="26" WC="0.92" CONTENT="slitning"/><SP WIDTH="14" VPOS="1156" HPOS="327"/>
							<String ID="string_229" HPOS="341" VPOS="1155" WIDTH="14" HEIGHT="22" WC="0.91" CONTENT="å"/><SP WIDTH="14" VPOS="1155" HPOS="355"/>
							<String ID="string_230" HPOS="369" VPOS="1155" WIDTH="43" HEIGHT="22" WC="0.96" CONTENT="fast"/><SP WIDTH="14" VPOS="1155" HPOS="412"/>
							<String ID="string_231" HPOS="426" VPOS="1156" WIDTH="39" HEIGHT="21" WC="0.96" CONTENT="och"/><SP WIDTH="15" VPOS="1156" HPOS="465"/>
							<String ID="string_232" HPOS="480" VPOS="1157" WIDTH="67" HEIGHT="26" WC="0.96" CONTENT="rörlig"/><SP WIDTH="18" VPOS="1157" HPOS="547"/>
							<String ID="string_233" HPOS="565" VPOS="1157" WIDTH="98" HEIGHT="21" WC="0.95" CONTENT="materiel"/><SP WIDTH="15" VPOS="1157" HPOS="663"/>
							<String ID="string_234" HPOS="678" VPOS="1156" WIDTH="39" HEIGHT="21" WC="0.96" CONTENT="och"/><SP WIDTH="16" VPOS="1156" HPOS="717"/>
							<String ID="string_235" HPOS="733" VPOS="1156" WIDTH="62" HEIGHT="22" WC="0.93" CONTENT="deraf"/><SP WIDTH="13" VPOS="1156" HPOS="795"/>
							<String ID="string_236" HPOS="808" VPOS="1155" WIDTH="36" HEIGHT="23" WC="0.92" CONTENT="be-"/>
						</TextLine>
						<TextLine ID="line_29" HPOS="153" VPOS="1190" WIDTH="454" HEIGHT="22">
							<String ID="string_237" HPOS="153" VPOS="1190" WIDTH="78" HEIGHT="21" WC="0.96" CONTENT="roende"/><SP WIDTH="16" VPOS="1190" HPOS="231"/>
							<String ID="string_238" HPOS="247" VPOS="1191" WIDTH="68" HEIGHT="20" WC="0.96" CONTENT="större"/><SP WIDTH="17" VPOS="1191" HPOS="315"/>
							<String ID="string_239" HPOS="332" VPOS="1190" WIDTH="112" HEIGHT="21" WC="0.96" CONTENT="underhåll"/><SP WIDTH="16" VPOS="1190" HPOS="444"/>
							<String ID="string_240" HPOS="460" VPOS="1191" WIDTH="22" HEIGHT="20" WC="0.96" CONTENT="af"/><SP WIDTH="13" VPOS="1191" HPOS="482"/>
							<String ID="string_241" HPOS="495" VPOS="1191" WIDTH="112" HEIGHT="21" WC="0.96" CONTENT="hvardera."/>
						</TextLine>
					</TextBlock>
					<TextBlock ID="block_7" HPOS="95" VPOS="1230" WIDTH="751" HEIGHT="62">
						<TextLine ID="line_30" HPOS="95" VPOS="1230" WIDTH="751" HEIGHT="28">
							<String ID="string_242" HPOS="95" VPOS="1231" WIDTH="33" HEIGHT="20" WC="0.86" CONTENT="3:0"/><SP WIDTH="25" VPOS="1231" HPOS="128"/>
							<String ID="string_243" HPOS="153" VPOS="1230" WIDTH="73" HEIGHT="22" WC="0.79" CONTENT="Större"/><SP WIDTH="13" VPOS="1230" HPOS="226"/>
							<String ID="string_244" HPOS="239" VPOS="1231" WIDTH="58" HEIGHT="21" WC="0.96" CONTENT="antal"/><SP WIDTH="16" VPOS="1231" HPOS="297"/>
							<String ID="string_245" HPOS="313" VPOS="1231" WIDTH="36" HEIGHT="26" WC="0.96" CONTENT="tåg"/><SP WIDTH="16" VPOS="1231" HPOS="349"/>
							<String ID="string_246" HPOS="365" VPOS="1231" WIDTH="33" HEIGHT="21" WC="0.96" CONTENT="för"/><SP WIDTH="15" VPOS="1231" HPOS="398"/>
							<String ID="string_247" HPOS="413" VPOS="1237" WIDTH="81" HEIGHT="16" WC="0.96" CONTENT="samma"/><SP WIDTH="14" VPOS="1237" HPOS="494"/>
							<String ID="string_248" HPOS="508" VPOS="1232" WIDTH="109" HEIGHT="26" WC="0.96" CONTENT="transport"/><SP WIDTH="15" VPOS="1232" HPOS="617"/>
							<String ID="string_249" HPOS="632" VPOS="1231" WIDTH="40" HEIGHT="22" WC="0.96" CONTENT="och"/><SP WIDTH="18" VPOS="1231" HPOS="672"/>
							<String ID="string_250" HPOS="690" VPOS="1231" WIDTH="72" HEIGHT="22" WC="0.96" CONTENT="derför"/><SP WIDTH="16" VPOS="1231" HPOS="762"/>
							<String ID="string_251" HPOS="778" VPOS="1233" WIDTH="68" HEIGHT="20" WC="0.96" CONTENT="större"/>
						</TextLine>
						<TextLine ID="line_31" HPOS="152" VPOS="1265" WIDTH="159" HEIGHT="27">
							<String ID="string_252" HPOS="152" VPOS="1265" WIDTH="159" HEIGHT="27" WC="0.91" CONTENT="tågkostnader."/>
						</TextLine>
					</TextBlock>
					<TextBlock ID="block_8" HPOS="94" VPOS="1305" WIDTH="752" HEIGHT="60">
						<TextLine ID="line_32" HPOS="94" VPOS="1305" WIDTH="752" HEIGHT="29">
							<String ID="string_253" HPOS="94" VPOS="1306" WIDTH="34" HEIGHT="20" WC="0.90" CONTENT="4:0"/><SP WIDTH="24" VPOS="1306" HPOS="128"/>
							<String ID="string_254" HPOS="152" VPOS="1305" WIDTH="73" HEIGHT="21" WC="0.81" CONTENT="Större"/><SP WIDTH="15" VPOS="1305" HPOS="225"/>
							<String ID="string_255" HPOS="240" VPOS="1306" WIDTH="58" HEIGHT="21" WC="0.96" CONTENT="antal"/><SP WIDTH="15" VPOS="1306" HPOS="298"/>
							<String ID="string_256" HPOS="313" VPOS="1306" WIDTH="116" HEIGHT="21" WC="0.96" CONTENT="lokomotiv"/><SP WIDTH="15" VPOS="1306" HPOS="429"/>
							<String ID="string_257" HPOS="444" VPOS="1306" WIDTH="38" HEIGHT="21" WC="0.96" CONTENT="och"/><SP WIDTH="15" VPOS="1306" HPOS="482"/>
							<String ID="string_258" HPOS="497" VPOS="1312" WIDTH="80" HEIGHT="22" WC="0.96" CONTENT="vagnar"/><SP WIDTH="16" VPOS="1312" HPOS="577"/>
							<String ID="string_259" HPOS="593" VPOS="1306" WIDTH="38" HEIGHT="22" WC="0.96" CONTENT="och"/><SP WIDTH="16" VPOS="1306" HPOS="631"/>
							<String ID="string_260" HPOS="647" VPOS="1306" WIDTH="61" HEIGHT="22" WC="0.93" CONTENT="deraf"/><SP WIDTH="8" VPOS="1306" HPOS="708"/>
							<String ID="string_261" HPOS="716" VPOS="1306" WIDTH="130" HEIGHT="22" WC="0.90" CONTENT="härrörande"/>
						</TextLine>
						<TextLine ID="line_33" HPOS="151" VPOS="1340" WIDTH="491" HEIGHT="25">
							<String ID="string_262" HPOS="151" VPOS="1340" WIDTH="158" HEIGHT="25" WC="0.96" CONTENT="nödvändighet"/><SP WIDTH="14" VPOS="1340" HPOS="309"/>
							<String ID="string_263" HPOS="323" VPOS="1341" WIDTH="32" HEIGHT="19" WC="0.96" CONTENT="att"/><SP WIDTH="14" VPOS="1341" HPOS="355"/>
							<String ID="string_264" HPOS="369" VPOS="1340" WIDTH="126" HEIGHT="20" WC="0.95" CONTENT="underhålla"/><SP WIDTH="15" VPOS="1340" HPOS="495"/>
							<String ID="string_265" HPOS="510" VPOS="1340" WIDTH="50" HEIGHT="21" WC="0.96" CONTENT="flere"/><SP WIDTH="16" VPOS="1340" HPOS="560"/>
							<String ID="string_266" HPOS="576" VPOS="1340" WIDTH="66" HEIGHT="20" WC="0.96" CONTENT="delar."/>
						</TextLine>
					</TextBlock>
					<TextBlock ID="block_9" HPOS="96" VPOS="1378" WIDTH="751" HEIGHT="97">
						<TextLine ID="line_34" HPOS="165" VPOS="1378" WIDTH="681" HEIGHT="28">
							<String ID="string_267" HPOS="165" VPOS="1378" WIDTH="40" HEIGHT="21" WC="0.96" CONTENT="Om"/><SP WIDTH="15" VPOS="1378" HPOS="205"/>
							<String ID="string_268" HPOS="220" VPOS="1378" WIDTH="23" HEIGHT="21" WC="0.96" CONTENT="af"/><SP WIDTH="13" VPOS="1378" HPOS="243"/>
							<String ID="string_269" HPOS="256" VPOS="1378" WIDTH="119" HEIGHT="22" WC="0.96" CONTENT="statistiska"/><SP WIDTH="16" VPOS="1378" HPOS="375"/>
							<String ID="string_270" HPOS="391" VPOS="1379" WIDTH="109" HEIGHT="27" WC="0.96" CONTENT="uppgifter"/><SP WIDTH="19" VPOS="1379" HPOS="500"/>
							<String ID="string_271" HPOS="519" VPOS="1380" WIDTH="67" HEIGHT="26" WC="0.96" CONTENT="några"/><SP WIDTH="19" VPOS="1380" HPOS="586"/>
							<String ID="string_272" HPOS="605" VPOS="1379" WIDTH="112" HEIGHT="21" WC="0.96" CONTENT="slutsatser"/><SP WIDTH="14" VPOS="1379" HPOS="717"/>
							<String ID="string_273" HPOS="731" VPOS="1380" WIDTH="53" HEIGHT="20" WC="0.93" CONTENT="böra"/><SP WIDTH="15" VPOS="1380" HPOS="784"/>
							<String ID="string_274" HPOS="799" VPOS="1380" WIDTH="47" HEIGHT="20" WC="0.93" CONTENT="dra-"/>
						</TextLine>
						<TextLine ID="line_35" HPOS="96" VPOS="1412" WIDTH="751" HEIGHT="29">
							<String ID="string_275" HPOS="96" VPOS="1419" WIDTH="45" HEIGHT="21" WC="0.93" CONTENT="gas,"/><SP WIDTH="13" VPOS="1419" HPOS="141"/>
							<String ID="string_276" HPOS="154" VPOS="1412" WIDTH="70" HEIGHT="28" WC="0.93" CONTENT="jäfvar"/><SP WIDTH="15" VPOS="1412" HPOS="224"/>
							<String ID="string_277" HPOS="239" VPOS="1413" WIDTH="46" HEIGHT="21" WC="0.96" CONTENT="icke"/><SP WIDTH="14" VPOS="1413" HPOS="285"/>
							<String ID="string_278" HPOS="299" VPOS="1413" WIDTH="68" HEIGHT="21" WC="0.96" CONTENT="heller"/><SP WIDTH="15" VPOS="1413" HPOS="367"/>
							<String ID="string_279" HPOS="382" VPOS="1420" WIDTH="26" HEIGHT="14" WC="0.96" CONTENT="en"/><SP WIDTH="15" VPOS="1420" HPOS="408"/>
							<String ID="string_280" HPOS="423" VPOS="1413" WIDTH="28" HEIGHT="27" WC="0.96" CONTENT="på"/><SP WIDTH="15" VPOS="1413" HPOS="451"/>
							<String ID="string_281" HPOS="466" VPOS="1414" WIDTH="48" HEIGHT="20" WC="0.96" CONTENT="dem"/><SP WIDTH="15" VPOS="1414" HPOS="514"/>
							<String ID="string_282" HPOS="529" VPOS="1414" WIDTH="55" HEIGHT="27" WC="0.96" CONTENT="bygd"/><SP WIDTH="16" VPOS="1414" HPOS="584"/>
							<String ID="string_283" HPOS="600" VPOS="1413" WIDTH="123" HEIGHT="22" WC="0.96" CONTENT="erfarenhet"/><SP WIDTH="15" VPOS="1413" HPOS="723"/>
							<String ID="string_284" HPOS="738" VPOS="1414" WIDTH="36" HEIGHT="21" WC="0.96" CONTENT="det"/><SP WIDTH="10" VPOS="1414" HPOS="774"/>
							<String ID="string_285" HPOS="784" VPOS="1414" WIDTH="63" HEIGHT="21" WC="0.96" CONTENT="ofvan"/>
						</TextLine>
						<TextLine ID="line_36" HPOS="96" VPOS="1448" WIDTH="750" HEIGHT="27">
							<String ID="string_286" HPOS="96" VPOS="1448" WIDTH="73" HEIGHT="27" WC="0.96" CONTENT="sagda."/><SP WIDTH="22" VPOS="1448" HPOS="169"/>
							<String ID="string_287" HPOS="191" VPOS="1448" WIDTH="170" HEIGHT="22" WC="0.96" CONTENT="Kommissionen"/><SP WIDTH="14" VPOS="1448" HPOS="361"/>
							<String ID="string_288" HPOS="375" VPOS="1448" WIDTH="39" HEIGHT="22" WC="0.96" CONTENT="har"/><SP WIDTH="11" VPOS="1448" HPOS="414"/>
							<String ID="string_289" HPOS="425" VPOS="1448" WIDTH="156" HEIGHT="22" WC="0.96" CONTENT="sammanställt"/><SP WIDTH="9" VPOS="1448" HPOS="581"/>
							<String ID="string_290" HPOS="590" VPOS="1448" WIDTH="63" HEIGHT="22" WC="0.96" CONTENT="trafik"/><SP WIDTH="11" VPOS="1448" HPOS="653"/>
							<String ID="string_291" HPOS="664" VPOS="1449" WIDTH="117" HEIGHT="21" WC="0.96" CONTENT="resultaten"/><SP WIDTH="10" VPOS="1449" HPOS="781"/>
							<String ID="string_292" HPOS="791" VPOS="1448" WIDTH="55" HEIGHT="22" WC="0.95" CONTENT="ifrån"/>
						</TextLine>
					</TextBlock>
					<TextBlock ID="block_10" HPOS="164" VPOS="1488" WIDTH="372" HEIGHT="22">
						<TextLine ID="line_37" HPOS="164" VPOS="1488" WIDTH="372" HEIGHT="22">
							<String ID="string_293" HPOS="164" VPOS="1484" WIDTH="90" HEIGHT="30" WC="0.17" CONTENT="Jernvägs-"/><SP WIDTH="5" VPOS="1484" HPOS="254"/>
							<String ID="string_294" HPOS="259" VPOS="1489" WIDTH="86" HEIGHT="17" WC="0.17" CONTENT="Utskottets"/><SP WIDTH="12" VPOS="1489" HPOS="345"/>
							<String ID="string_295" HPOS="357" VPOS="1488" WIDTH="103" HEIGHT="18" WC="0.96" CONTENT="betänkande"/><SP WIDTH="12" VPOS="1488" HPOS="460"/>
							<String ID="string_296" HPOS="472" VPOS="1489" WIDTH="34" HEIGHT="17" WC="0.96" CONTENT="N:o"/><SP WIDTH="12" VPOS="1489" HPOS="506"/>
							<String ID="string_297" HPOS="518" VPOS="1489" WIDTH="18" HEIGHT="17" WC="0.95" CONTENT="3."/>
						</TextLine>
					</TextBlock>
				</ComposedBlock>
			</PrintSpace>
		</Page>
	</Layout>
</alto>
