1073 1714
242 130 13 21 2
404 130 79 23 Ständ.
501 130 36 23 Sv.
554 143 26 3 —
595 131 70 26 Prop.
680 130 40 21 N:o
735 129 35 22 24.

211 198 103 22 träffande
331 198 147 29 morgongåfva
493 203 22 18 är
529 199 62 28 ingen
606 206 68 14 annan
689 198 87 28 ändring
790 197 121 28 föreslagen,
928 201 26 17 än

213 234 31 27 att
258 232 46 22 dess
319 232 103 29 utgående
438 233 59 21 alltid
511 233 53 22 skall
578 234 48 21 bero
642 232 62 26 deraf,
716 234 30 20 att
756 232 40 21 den
807 231 148 22 efterlefvande

213 267 68 22 enkan
296 267 18 28 ej
330 267 38 21 har
383 267 50 21 barn
449 267 53 22 efter
516 275 96 14 mannen.
642 267 169 22 Vidkommande
826 266 34 22 arf
870 265 86 23 föreslås

211 301 50 27 åter,
276 303 31 20 att
320 301 131 29 jemnskylda
466 309 98 22 personer
578 302 23 21 af
613 301 110 22 hvartdera
738 302 64 21 könet
818 300 60 22 alltid
896 301 58 22 skola

212 336 58 22 ärfva
291 335 54 27 lika;
369 343 48 14 men
439 336 99 29 derjemte
560 341 22 16 är
597 336 39 21 ock
651 343 26 14 en
691 335 64 22 sådan
770 335 87 28 ändring
871 335 23 22 af
906 335 19 26 2,
941 335 13 22 3

212 371 38 22 och
270 371 14 21 4
307 371 28 26 88
350 371 14 20 3
379 370 46 28 kap.
442 366 24 26 Ä.
482 371 26 21 B.
525 370 8 21 i
547 370 57 29 fråga
619 371 46 24 satt,
681 372 31 19 att
726 370 46 21 icke
787 370 53 21 blott
853 369 58 24 barn,
926 369 29 22 så-

212 413 46 14 som
280 413 30 13 nu
329 409 23 16 är
366 404 99 28 stadgadt,
481 406 51 21 utan
546 405 62 21 äfven
623 405 113 28 aflägsnare
750 404 139 28 afkomlingar
903 403 53 23 efter

212 447 27 14 en
260 439 106 22 arflätares
388 439 76 28 syskon
484 439 58 22 skola
556 440 8 21 i
579 439 69 22 stället
662 439 31 22 för
708 439 60 22 dessa
782 438 83 29 syskon,
880 446 34 14 om
929 438 25 22 de

211 473 71 27 aflidit,
298 473 22 22 få
334 473 59 22 träda
407 474 33 21 till
455 474 33 21 arf
501 474 52 22 efter
567 473 90 22 nämnde
672 473 93 22 arflåtare
780 473 85 22 framför
878 473 76 22 sådane

210 509 52 21 hans
285 508 128 29 skyldemän,
435 508 73 22 hvilka
529 516 29 13 nu
580 510 46 20 näst
648 508 52 22 efter
719 508 87 28 syskons
821 508 51 21 barn
886 507 21 22 få
921 507 33 22 till

210 543 52 29 godo
276 543 60 28 njuta
350 542 73 23 arfvet.

267 577 44 23 Vid
332 577 154 28 granskningen
508 576 23 22 af
551 577 55 22 hvad
628 577 87 22 sålunda
730 581 23 16 är
767 576 110 29 föreslaget
891 576 63 22 hafva

209 611 78 29 jemväl
302 611 122 26 Ständerna,
441 611 63 22 sedan
519 611 55 22 1864
589 611 33 22 års
636 611 34 28 lag
684 619 34 13 om
733 610 88 29 qvinnas
831 610 123 29 myndighet

210 647 63 21 redan
288 645 62 28 gifvit
364 647 30 20 ett
409 645 133 22 erkännande
556 645 21 22 åt
589 647 79 20 hennes
676 645 154 28 jembördighet
838 645 48 21 med
896 653 58 13 man-

210 688 47 18 nen,
280 679 70 23 funnit
365 680 35 21 det
414 688 49 13 vara
479 688 25 13 en
519 679 24 22 af
554 679 189 23 tidsmedvetandet
757 679 96 28 påkallad
867 679 51 29 gärd
932 679 24 22 af

209 714 96 29 billighet
326 715 39 21 och
386 714 87 22 rättvisa
494 716 31 20 att
546 714 42 23 låta
608 715 69 21 henne
696 714 62 21 också
772 713 22 23 få
807 713 145 30 tillgodonjuta

210 749 108 22 enahanda
339 749 93 29 giftorätt
453 749 39 22 och
514 749 84 22 arfsrätt
620 757 44 14 som
686 756 96 19 mannen,
799 748 18 29 ej
833 749 53 22 blott
900 748 53 23 efter

210 784 103 26 stadsrätt,
329 786 51 20 utan
396 783 52 22 efter
463 792 26 13 en
504 783 31 23 för
550 785 48 21 hela
611 784 71 22 landet
696 791 120 21 gemensam
830 786 46 20 rätt.

266 819 118 22 Ständerna
398 818 63 22 hafva
475 818 32 22 för
522 819 39 21 den
577 819 55 22 skull
647 819 79 28 antagit
741 818 41 22 den
796 818 76 29 nådiga
881 826 71 21 propo-

209 853 91 22 sitionen
314 853 8 22 i
336 853 56 22 hvad
405 853 41 22 den
460 853 64 28 angår
539 854 43 21 lika
596 853 94 29 giftorätt
705 853 39 22 och
759 853 83 22 arfsrätt
856 853 32 22 för
903 861 49 14 man

209 888 39 21 och
269 888 83 29 qvinna.
382 887 50 22 Men
455 887 26 22 då
501 896 25 14 en
549 888 63 22 sådan
626 887 154 29 lagförändring
795 888 65 21 likväl
874 888 7 21 i
896 887 55 22 vissa

208 922 37 22 fall
266 923 71 21 kunde
359 922 84 21 komma
465 924 31 20 att
510 922 93 22 medföra
617 922 94 28 verkliga
725 923 138 28 olägenheter,
879 922 73 22 hvilka

207 957 39 21 lätt
260 957 71 21 kunde
345 957 124 24 motverkas,
485 965 33 13 om
534 957 46 22 icke
595 957 70 28 lagens
680 965 29 13 nu
723 957 95 28 gällande
833 957 75 21 förbud
921 959 31 20 att

208 999 74 20 genom
304 990 62 29 gäfva
388 991 50 21 eller
459 993 124 20 testamente
606 990 102 29 bortgifva
723 990 103 29 arfvejord
841 991 109 28 uppstälde

208 1025 75 22 hinder
305 1025 99 26 deremot,
427 1027 54 20 samt
503 1025 26 22 dä
551 1026 58 21 dessa
628 1025 73 22 förbud
716 1025 64 22 hafva
794 1025 33 22 sin
841 1028 33 19 rot
888 1025 8 22 i
910 1027 41 21 den

208 1059 74 22 fordna
303 1059 185 29 ättförfattningen,
510 1060 63 21 hvars
594 1060 182 29 upprätthällande
795 1060 7 21 i
822 1060 58 22 dessa
895 1060 57 22 delar

208 1093 20 30 ej
243 1101 58 14 mera
316 1101 61 21 synes
392 1101 49 14 vara
455 1094 97 29 påkallad
568 1094 22 22 af
603 1094 25 21 de
643 1102 29 14 nu
687 1093 111 23 bestående
814 1095 137 22 samhällsför-

207 1128 125 22 hällandena
354 1127 7 22 i
383 1128 76 26 landet,
481 1128 63 22 hafva
566 1128 118 22 Ständerna
705 1131 51 19 trott
771 1129 31 28 sig
816 1129 69 22 tillika
900 1131 49 20 böra

206 1162 110 22 framhälla
330 1161 98 23 behofvet
443 1162 23 21 af
479 1170 26 14 en
519 1162 153 29 lagförändring
686 1163 7 21 i
709 1163 73 21 sädant
797 1163 60 28 syfte,
868 1165 31 20 att
909 1163 40 22 den

208 1196 110 26 &tskilnad,
340 1203 45 14 som
399 1196 8 21 i
420 1197 95 28 gällande
530 1197 35 28 lag
580 1201 22 17 är
616 1197 59 28 gjord
690 1197 89 22 emellan
794 1197 103 29 arfvejord
911 1198 38 21 och

194 1229 2 2 *
209 1238 69 14 annan
292 1230 100 29 fastighet
405 1231 27 28 pä
446 1231 77 26 landet,
539 1233 53 20 samt
607 1231 25 22 de
647 1231 176 28 inskränkningar
837 1231 8 22 i
860 1232 39 21 den
910 1231 39 22 fria

209 1264 200 28 dispositionsrätten
424 1264 58 21 öfver
492 1265 127 27 fastigheter,
630 1272 44 14 som
685 1265 85 21 dermed
780 1266 168 28 sammanhänga,

207 1297 69 22 blefve
290 1297 111 29 upphäfda.

264 1331 101 23 Deremot
379 1331 62 23 hafva
456 1331 117 23 Ständerna
586 1333 128 22 beträffande
728 1333 174 30 lagstadgandena
914 1341 34 15 om

207 1366 147 29 morgongäfva
368 1368 83 21 stannat
465 1367 32 22 uti
512 1375 26 14 en
552 1367 46 22 från
613 1368 40 21 den
667 1367 75 30 nådiga
756 1369 154 29 propositionen
920 1369 27 22 af-

208 1401 90 23 vikande
319 1401 59 30 åsigt.
407 1401 48 22 Den
477 1401 136 30 likställighet
634 1403 88 22 emellan
736 1411 49 14 man
800 1404 38 22 och
852 1404 74 22 hustru
941 1404 7 21 i

208 1437 97 22 afseende
327 1437 13 21 &
356 1436 98 29 giftorätt,
470 1445 44 13 som
527 1439 62 27 utgör
604 1440 30 20 ett
648 1437 23 22 af
684 1438 40 21 den
738 1438 76 29 nädiga
828 1439 118 29 propositio-

208 1480 52 14 nens
273 1471 184 29 hufvudsyftemäl,
473 1472 67 22 skulle
556 1473 64 28 enligt
636 1473 126 22 Ständernas
777 1474 63 21 tanke
847 1467 11 40 i
855 1474 91 29 sjelfva
