1048 1711
239 113 13 20 2
439 111 22 23 U.
481 111 22 22 B.
521 122 23 4 —
564 110 64 28 Prop.
646 109 37 23 N:o
698 109 38 23 33.

212 176 83 27 viljade
315 176 41 22 och
374 176 25 21 af
410 175 144 28 Regeringen
569 175 114 21 allaredan
698 174 146 28 disponerade
859 181 104 14 summan

211 217 28 14 en
255 210 90 21 million
360 210 65 21 mark
440 217 94 14 numera
548 210 50 21 icke
613 209 67 22 borde
693 212 63 24 tagas
766 209 8 20 i
784 208 127 27 beräkning
923 207 40 22 vid

212 245 63 28 fråga
289 251 37 15 om
341 251 45 21 nya
401 243 219 29 bevillningsanslag
635 243 37 21 till
681 243 222 28 fängelseväsendets
913 241 50 22 ord-

212 279 81 27 nande;

464 318 245 29 Borgareståndet

212 366 8 22 i
235 366 68 28 öfrigt
318 366 101 28 godkänt
433 364 261 24 Utskottsbetänkandet
707 368 63 19 utom
787 364 76 22 såvidt
877 364 38 22 det
925 372 38 14 an-

213 403 41 26 går
273 401 38 21 det
329 401 84 27 förslag
432 401 38 21 till
487 400 117 22 uttalande
619 400 114 27 angående
747 400 152 27 fångvårdens
914 400 49 21 inre

213 435 158 28 organisation,
391 441 48 15 som
458 434 120 22 Utskottet
592 435 14 20 å
621 433 40 22 sid.
676 435 12 20 5
704 434 8 21 i
727 433 154 22 betänkandet
895 434 67 21 fram-

212 469 69 22 ställt.
310 469 12 21 I
342 469 136 22 sistberörda
497 469 38 21 del
553 469 42 21 har
613 468 190 29 Borgareständet
817 469 95 21 beslutit
925 468 38 21 till

212 504 97 28 följande
324 503 122 28 ändringar
461 503 41 22 och
517 503 92 28 tillägg:

279 538 46 21 För
346 538 116 27 ingressen
484 538 41 21 har
548 538 99 27 antagits
669 545 28 14 en
719 537 70 22 sädan
803 537 96 28 lydelse:
917 541 46 22 ,att

213 572 127 22 Ständerna
359 572 8 20 i
388 572 37 21 det
440 572 154 27 underdäniga
609 575 75 18 svaret
698 574 14 19 &
728 572 43 20 den
786 571 82 29 nådiga
883 579 79 20 propo-

212 606 97 22 sitionen
328 606 61 25 ville,
409 606 51 22 med
479 606 89 28 hänsyn
585 606 37 21 till
638 606 26 21 de
679 606 8 21 i
702 606 130 21 densamma
847 610 115 24 upptagna

212 641 104 28 åtgärder
335 641 35 22 för
389 642 151 26 fängvärdens
560 642 48 20 inre
627 641 158 27 organisation,
806 643 73 20 såsom
894 641 68 21 önsk-

211 676 67 21 värdt
299 676 144 25 framhälla*;

279 713 124 18 momentet
417 712 22 22 a)
455 710 41 20 har
513 710 49 21 helt
576 710 41 21 och
632 710 72 20 hället
718 709 131 26 förkastats;

279 747 124 19 momentet
422 744 23 25 b)
467 744 187 21 äterremitterats
672 744 38 20 till
729 744 119 21 Utskottet
867 744 34 21 för
916 751 45 14 om-

211 778 147 28 formulering
374 778 85 21 derhän
473 780 32 19 att
520 780 73 20 säsom
604 778 126 22 önskvärdt
741 778 75 22 blefve
826 778 135 26 framhället,

212 817 33 17 att
264 813 81 22 kosten
364 813 9 21 i
387 813 143 27 fängelserna
545 813 50 21 icke
610 814 69 20 mätte
695 812 80 22 ställas
789 813 74 21 bättre
878 817 30 17 än
923 813 38 21 be-

213 848 78 21 hofvet
312 847 183 28 oundgängligen
517 848 79 21 kräfde
618 848 41 20 och
681 848 8 20 i
711 848 58 21 intet
787 848 41 21 fall
843 848 74 21 bättre
933 852 29 16 än

210 881 61 22 hvad
286 882 44 21 den
344 882 42 21 frie
401 882 118 21 arbetaren
534 883 8 20 i
557 883 51 20 värt
623 882 53 21 land
691 881 72 22 under
777 882 92 27 vanliga
878 882 83 21 förhäl-

212 916 82 22 landen
316 917 46 21 kan
384 917 108 27 päräkna,
514 917 125 27 hvarjemte
661 917 8 20 i
684 919 33 19 ett
732 916 109 22 särskildt
855 920 106 23 moment,

213 958 48 15 som
280 952 8 20 i
307 951 38 21 det
359 951 155 28 underdäniga
529 954 75 18 svaret
620 951 74 21 skulle
709 951 76 28 föregå
799 954 124 18 momentet
937 952 24 25 b)

212 985 41 22 och
267 985 95 22 rörande
376 985 69 21 hvars
460 986 120 27 affattning
594 985 119 22 Utskottet
728 986 56 27 ägde
797 990 100 23 uppgöra
910 990 51 17 när-

212 1027 61 14 mare
290 1020 89 27 förslag,
391 1021 86 26 jemväl
492 1020 68 21 borde
575 1020 54 27 ingä
644 1027 28 14 en
687 1020 136 22 hemställan
837 1020 76 22 derom
928 1023 33 19 att

211 1055 120 27 fängarnes
350 1054 174 28 sysselsättning
544 1055 8 20 i
567 1054 87 21 landets
670 1055 167 27 straffängelser
852 1054 109 22 ordnades

210 1091 30 26 pä
258 1089 79 21 sädant
359 1092 45 18 sätt
418 1092 34 19 att
466 1089 130 22 densamma
612 1089 73 22 blefve
699 1089 92 22 förenad
805 1089 52 22 med
872 1093 89 24 strängt

211 1124 85 26 arbete;

478 1163 215 21 Bondeständet

212 1209 107 29 granskat
338 1209 153 22 betänkandet
508 1210 142 26 momentvis,
666 1213 58 18 samt
739 1210 86 21 dervid:
841 1210 67 28 gillat
923 1210 37 21 det

211 1244 119 20 inledande
344 1248 123 16 momentet
476 1240 12 34 &
510 1244 40 21 sid.
566 1245 18 19 5.

279 1278 110 20 förkastat
404 1281 123 17 momentet
542 1280 21 22 a)

279 1311 87 27 antagit
391 1315 124 17 momentet
536 1311 23 25 b)
582 1312 50 21 meb
655 1312 96 28 ändring
773 1312 24 20 af
819 1330 9 8 ,
832 1312 127 28 Collegium

210 1345 127 22 Medicum*
356 1346 37 21 till
409 1346 134 25 ,Medicinal
558 1345 137 29 Styrelsen*,
711 1351 59 17 samt
785 1346 24 22 af
821 1346 27 22 de
863 1346 96 22 derefter

211 1380 97 28 följande
323 1384 134 21 momenten,
473 1388 48 14 som
536 1383 58 26 angä
610 1381 42 21 den
667 1384 60 26 yttre
743 1382 181 27 organisationen
937 1382 24 21 af

211 1416 214 27 fängelseväsendet,
440 1416 102 27 godkänt
557 1416 27 21 de
598 1416 46 21 fem
658 1416 70 22 första
743 1418 13 19 å
770 1417 39 22 sid.
825 1418 19 25 6,
855 1418 19 24 7,
885 1417 41 22 och
936 1420 22 23 8;

280 1456 131 18 Sammansatta
425 1457 54 17 Stats-
493 1459 29 15 och
535 1458 184 17 Ekonomi-Utskottets
732 1459 111 16 betänkande
855 1459 35 16 N:o
902 1457 33 18 Ja.
