<?xml version="1.0" encoding="UTF-8"?>
<alto xmlns="http://www.loc.gov/standards/alto/ns-v3#" xmlns:xlink="http://www.w3.org/1999/xlink" xmlns:xsi="http://www.w3.org/2001/XMLSchema-instance" xsi:schemaLocation="http://www.loc.gov/standards/alto/ns-v3# http://www.loc.gov/alto/v3/alto-3-0.xsd">
	<Description>
		<MeasurementUnit>pixel</MeasurementUnit>
		<sourceImageInformation>
			<fileName>/tmp/tess_jj_z6j1o_input.PNG</fileName>
		</sourceImageInformation>
		<OCRProcessing ID="OCR_0">
			<ocrProcessingStep>
				<processingSoftware>
					<softwareName>tesseract 5.3.4</softwareName>
				</processingSoftware>
			</ocrProcessingStep>
		</OCRProcessing>
	</Description>
	<Layout>
		<Page WIDTH="1048" HEIGHT="1706" PHYSICAL_IMG_NR="0" ID="page_0">
			<PrintSpace HPOS="0" VPOS="0" WIDTH="1048" HEIGHT="1706">
				<ComposedBlock ID="cblock_0" HPOS="779" VPOS="138" WIDTH="26" HEIGHT="22">
					<TextBlock ID="block_0" HPOS="779" VPOS="138" WIDTH="26" HEIGHT="22">
						<TextLine ID="line_0" HPOS="779" VPOS="138" WIDTH="26" HEIGHT="22">
							<String ID="string_0" HPOS="779" VPOS="138" WIDTH="26" HEIGHT="22" WC="0.96" CONTENT="17"/>
						</TextLine>
					</TextBlock>
				</ComposedBlock>
				<ComposedBlock ID="cblock_1" HPOS="85" VPOS="200" WIDTH="752" HEIGHT="369">
					<TextBlock ID="block_1" HPOS="85" VPOS="200" WIDTH="752" HEIGHT="166">
						<TextLine ID="line_1" HPOS="154" VPOS="200" WIDTH="681" HEIGHT="29">
							<String ID="string_1" HPOS="154" VPOS="202" WIDTH="10" HEIGHT="22" WC="0.96" CONTENT="I"/><SP WIDTH="16" VPOS="202" HPOS="164"/>
							<String ID="string_2" HPOS="180" VPOS="202" WIDTH="38" HEIGHT="22" WC="0.96" CONTENT="och"/><SP WIDTH="14" VPOS="202" HPOS="218"/>
							<String ID="string_3" HPOS="232" VPOS="202" WIDTH="35" HEIGHT="21" WC="0.96" CONTENT="för"/><SP WIDTH="12" VPOS="202" HPOS="267"/>
							<String ID="string_4" HPOS="279" VPOS="202" WIDTH="105" HEIGHT="22" WC="0.96" CONTENT="vinnande"/><SP WIDTH="15" VPOS="202" HPOS="384"/>
							<String ID="string_5" HPOS="399" VPOS="202" WIDTH="24" HEIGHT="22" WC="0.96" CONTENT="af"/><SP WIDTH="12" VPOS="202" HPOS="423"/>
							<String ID="string_6" HPOS="435" VPOS="203" WIDTH="80" HEIGHT="20" WC="0.96" CONTENT="största"/><SP WIDTH="14" VPOS="203" HPOS="515"/>
							<String ID="string_7" HPOS="529" VPOS="202" WIDTH="87" HEIGHT="27" WC="0.96" CONTENT="möjliga"/><SP WIDTH="14" VPOS="202" HPOS="616"/>
							<String ID="string_8" HPOS="630" VPOS="201" WIDTH="83" HEIGHT="25" WC="0.95" CONTENT="lättnad"/><SP WIDTH="13" VPOS="201" HPOS="713"/>
							<String ID="string_9" HPOS="726" VPOS="201" WIDTH="8" HEIGHT="21" WC="0.94" CONTENT="i"/><SP WIDTH="10" VPOS="201" HPOS="734"/>
							<String ID="string_10" HPOS="744" VPOS="200" WIDTH="91" HEIGHT="22" WC="0.95" CONTENT="trafiken"/>
						</TextLine>
						<TextLine ID="line_2" HPOS="88" VPOS="236" WIDTH="749" HEIGHT="27">
							<String ID="string_11" HPOS="88" VPOS="236" WIDTH="38" HEIGHT="22" WC="0.96" CONTENT="och"/><SP WIDTH="15" VPOS="236" HPOS="126"/>
							<String ID="string_12" HPOS="141" VPOS="237" WIDTH="49" HEIGHT="21" WC="0.96" CONTENT="med"/><SP WIDTH="18" VPOS="237" HPOS="190"/>
							<String ID="string_13" HPOS="208" VPOS="236" WIDTH="81" HEIGHT="27" WC="0.96" CONTENT="hänsyn"/><SP WIDTH="17" VPOS="236" HPOS="289"/>
							<String ID="string_14" HPOS="306" VPOS="236" WIDTH="34" HEIGHT="22" WC="0.96" CONTENT="till"/><SP WIDTH="20" VPOS="236" HPOS="340"/>
							<String ID="string_15" HPOS="360" VPOS="236" WIDTH="41" HEIGHT="22" WC="0.96" CONTENT="den"/><SP WIDTH="18" VPOS="236" HPOS="401"/>
							<String ID="string_16" HPOS="419" VPOS="236" WIDTH="69" HEIGHT="22" WC="0.96" CONTENT="fördel"/><SP WIDTH="18" VPOS="236" HPOS="488"/>
							<String ID="string_17" HPOS="506" VPOS="242" WIDTH="45" HEIGHT="16" WC="0.92" CONTENT="som"/><SP WIDTH="19" VPOS="242" HPOS="551"/>
							<String ID="string_18" HPOS="570" VPOS="236" WIDTH="122" HEIGHT="26" WC="0.92" CONTENT="derigenom"/><SP WIDTH="18" VPOS="236" HPOS="692"/>
							<String ID="string_19" HPOS="710" VPOS="236" WIDTH="127" HEIGHT="27" WC="0.90" CONTENT="tillskyndas"/>
						</TextLine>
						<TextLine ID="line_3" HPOS="85" VPOS="270" WIDTH="751" HEIGHT="28">
							<String ID="string_20" HPOS="85" VPOS="271" WIDTH="191" HEIGHT="27" WC="0.92" CONTENT="vagnsmaterielen"/><SP WIDTH="15" VPOS="271" HPOS="276"/>
							<String ID="string_21" HPOS="291" VPOS="270" WIDTH="35" HEIGHT="22" WC="0.96" CONTENT="vid"/><SP WIDTH="14" VPOS="270" HPOS="326"/>
							<String ID="string_22" HPOS="340" VPOS="270" WIDTH="160" HEIGHT="22" WC="0.93" CONTENT="vederbörande"/><SP WIDTH="15" VPOS="270" HPOS="500"/>
							<String ID="string_23" HPOS="515" VPOS="270" WIDTH="72" HEIGHT="27" WC="0.92" CONTENT="banor,"/><SP WIDTH="15" VPOS="270" HPOS="587"/>
							<String ID="string_24" HPOS="602" VPOS="276" WIDTH="63" HEIGHT="16" WC="0.96" CONTENT="anser"/><SP WIDTH="22" VPOS="276" HPOS="665"/>
							<String ID="string_25" HPOS="687" VPOS="270" WIDTH="33" HEIGHT="27" WC="0.93" CONTENT="sig"/><SP WIDTH="16" VPOS="270" HPOS="720"/>
							<String ID="string_26" HPOS="736" VPOS="270" WIDTH="100" HEIGHT="21" WC="0.92" CONTENT="kommis-"/>
						</TextLine>
						<TextLine ID="line_4" HPOS="86" VPOS="304" WIDTH="749" HEIGHT="22">
							<String ID="string_27" HPOS="86" VPOS="306" WIDTH="73" HEIGHT="20" WC="0.92" CONTENT="sionen"/><SP WIDTH="19" VPOS="306" HPOS="159"/>
							<String ID="string_28" HPOS="178" VPOS="304" WIDTH="34" HEIGHT="22" WC="0.96" CONTENT="för"/><SP WIDTH="17" VPOS="304" HPOS="212"/>
							<String ID="string_29" HPOS="229" VPOS="305" WIDTH="26" HEIGHT="21" WC="0.96" CONTENT="de"/><SP WIDTH="19" VPOS="305" HPOS="255"/>
							<String ID="string_30" HPOS="274" VPOS="305" WIDTH="101" HEIGHT="21" WC="0.93" CONTENT="framtida"/><SP WIDTH="18" VPOS="305" HPOS="375"/>
							<String ID="string_31" HPOS="393" VPOS="305" WIDTH="95" HEIGHT="21" WC="0.92" CONTENT="banorna"/><SP WIDTH="17" VPOS="305" HPOS="488"/>
							<String ID="string_32" HPOS="505" VPOS="304" WIDTH="53" HEIGHT="22" WC="0.92" CONTENT="böra"/><SP WIDTH="17" VPOS="304" HPOS="558"/>
							<String ID="string_33" HPOS="575" VPOS="304" WIDTH="87" HEIGHT="22" WC="0.92" CONTENT="förorda"/><SP WIDTH="13" VPOS="304" HPOS="662"/>
							<String ID="string_34" HPOS="675" VPOS="304" WIDTH="160" HEIGHT="22" WC="0.91" CONTENT="bibehällandet"/>
						</TextLine>
						<TextLine ID="line_5" HPOS="85" VPOS="339" WIDTH="434" HEIGHT="27">
							<String ID="string_35" HPOS="85" VPOS="339" WIDTH="24" HEIGHT="21" WC="0.96" CONTENT="af"/><SP WIDTH="13" VPOS="339" HPOS="109"/>
							<String ID="string_36" HPOS="122" VPOS="340" WIDTH="26" HEIGHT="21" WC="0.93" CONTENT="de"/><SP WIDTH="14" VPOS="340" HPOS="148"/>
							<String ID="string_37" HPOS="162" VPOS="339" WIDTH="116" HEIGHT="21" WC="0.91" CONTENT="bestäende"/><SP WIDTH="14" VPOS="339" HPOS="278"/>
							<String ID="string_38" HPOS="292" VPOS="339" WIDTH="106" HEIGHT="21" WC="0.92" CONTENT="banornas"/><SP WIDTH="15" VPOS="339" HPOS="398"/>
							<String ID="string_39" HPOS="413" VPOS="339" WIDTH="106" HEIGHT="27" WC="0.92" CONTENT="spärvidd."/>
						</TextLine>
					</TextBlock>
					<TextBlock ID="block_2" HPOS="86" VPOS="372" WIDTH="751" HEIGHT="197">
						<TextLine ID="line_6" HPOS="153" VPOS="372" WIDTH="682" HEIGHT="28">
							<String ID="string_40" HPOS="153" VPOS="374" WIDTH="33" HEIGHT="20" WC="0.93" CONTENT="En"/><SP WIDTH="15" VPOS="374" HPOS="186"/>
							<String ID="string_41" HPOS="201" VPOS="373" WIDTH="163" HEIGHT="27" WC="0.91" CONTENT="omständighet,"/><SP WIDTH="15" VPOS="373" HPOS="364"/>
							<String ID="string_42" HPOS="379" VPOS="380" WIDTH="46" HEIGHT="15" WC="0.96" CONTENT="som"/><SP WIDTH="14" VPOS="380" HPOS="425"/>
							<String ID="string_43" HPOS="439" VPOS="376" WIDTH="54" HEIGHT="19" WC="0.93" CONTENT="nära"/><SP WIDTH="14" VPOS="376" HPOS="493"/>
							<String ID="string_44" HPOS="507" VPOS="373" WIDTH="176" HEIGHT="27" WC="0.92" CONTENT="sammanhänger"/><SP WIDTH="15" VPOS="373" HPOS="683"/>
							<String ID="string_45" HPOS="698" VPOS="373" WIDTH="49" HEIGHT="21" WC="0.93" CONTENT="med"/><SP WIDTH="10" VPOS="373" HPOS="747"/>
							<String ID="string_46" HPOS="757" VPOS="372" WIDTH="78" HEIGHT="28" WC="0.90" CONTENT="ifräga-"/>
						</TextLine>
						<TextLine ID="line_7" HPOS="86" VPOS="407" WIDTH="749" HEIGHT="28">
							<String ID="string_47" HPOS="86" VPOS="408" WIDTH="92" HEIGHT="22" WC="0.91" CONTENT="varande"/><SP WIDTH="16" VPOS="408" HPOS="178"/>
							<String ID="string_48" HPOS="194" VPOS="408" WIDTH="119" HEIGHT="27" WC="0.88" CONTENT="spörjsmäl,"/><SP WIDTH="15" VPOS="408" HPOS="313"/>
							<String ID="string_49" HPOS="328" VPOS="410" WIDTH="25" HEIGHT="19" WC="0.96" CONTENT="är"/><SP WIDTH="14" VPOS="410" HPOS="353"/>
							<String ID="string_50" HPOS="367" VPOS="408" WIDTH="41" HEIGHT="21" WC="0.93" CONTENT="den"/><SP WIDTH="15" VPOS="408" HPOS="408"/>
							<String ID="string_51" HPOS="423" VPOS="408" WIDTH="119" HEIGHT="27" WC="0.92" CONTENT="olägenhet,"/><SP WIDTH="20" VPOS="408" HPOS="542"/>
							<String ID="string_52" HPOS="562" VPOS="414" WIDTH="45" HEIGHT="16" WC="0.96" CONTENT="som"/><SP WIDTH="15" VPOS="414" HPOS="607"/>
							<String ID="string_53" HPOS="622" VPOS="408" WIDTH="7" HEIGHT="21" WC="0.93" CONTENT="i"/><SP WIDTH="15" VPOS="408" HPOS="629"/>
							<String ID="string_54" HPOS="644" VPOS="407" WIDTH="126" HEIGHT="27" WC="0.91" CONTENT="strategiskt"/><SP WIDTH="13" VPOS="407" HPOS="770"/>
							<String ID="string_55" HPOS="783" VPOS="407" WIDTH="52" HEIGHT="22" WC="0.92" CONTENT="hän-"/>
						</TextLine>
						<TextLine ID="line_8" HPOS="86" VPOS="442" WIDTH="750" HEIGHT="28">
							<String ID="string_56" HPOS="86" VPOS="443" WIDTH="78" HEIGHT="22" WC="0.92" CONTENT="seende"/><SP WIDTH="15" VPOS="443" HPOS="164"/>
							<String ID="string_57" HPOS="179" VPOS="445" WIDTH="25" HEIGHT="19" WC="0.93" CONTENT="är"/><SP WIDTH="14" VPOS="445" HPOS="204"/>
							<String ID="string_58" HPOS="218" VPOS="443" WIDTH="127" HEIGHT="27" WC="0.92" CONTENT="förknippad"/><SP WIDTH="14" VPOS="443" HPOS="345"/>
							<String ID="string_59" HPOS="359" VPOS="443" WIDTH="49" HEIGHT="22" WC="0.96" CONTENT="med"/><SP WIDTH="15" VPOS="443" HPOS="408"/>
							<String ID="string_60" HPOS="423" VPOS="444" WIDTH="31" HEIGHT="20" WC="0.93" CONTENT="ett"/><SP WIDTH="14" VPOS="444" HPOS="454"/>
							<String ID="string_61" HPOS="468" VPOS="443" WIDTH="109" HEIGHT="27" WC="0.91" CONTENT="spärbrott"/><SP WIDTH="10" VPOS="443" HPOS="577"/>
							<String ID="string_62" HPOS="587" VPOS="443" WIDTH="39" HEIGHT="21" WC="0.93" CONTENT="och"/><SP WIDTH="10" VPOS="443" HPOS="626"/>
							<String ID="string_63" HPOS="636" VPOS="442" WIDTH="61" HEIGHT="22" WC="0.91" CONTENT="deraf"/><SP WIDTH="8" VPOS="442" HPOS="697"/>
							<String ID="string_64" HPOS="705" VPOS="442" WIDTH="131" HEIGHT="22" WC="0.92" CONTENT="härrörande"/>
						</TextLine>
						<TextLine ID="line_9" HPOS="86" VPOS="477" WIDTH="751" HEIGHT="28">
							<String ID="string_65" HPOS="86" VPOS="477" WIDTH="134" HEIGHT="27" WC="0.92" CONTENT="omlastning."/><SP WIDTH="29" VPOS="477" HPOS="220"/>
							<String ID="string_66" HPOS="249" VPOS="478" WIDTH="11" HEIGHT="21" WC="0.95" CONTENT="I"/><SP WIDTH="18" VPOS="478" HPOS="260"/>
							<String ID="string_67" HPOS="278" VPOS="477" WIDTH="100" HEIGHT="22" WC="0.93" CONTENT="afseende"/><SP WIDTH="23" VPOS="477" HPOS="378"/>
							<String ID="string_68" HPOS="401" VPOS="477" WIDTH="12" HEIGHT="21" WC="0.92" CONTENT="å"/><SP WIDTH="18" VPOS="477" HPOS="413"/>
							<String ID="string_69" HPOS="431" VPOS="477" WIDTH="97" HEIGHT="28" WC="0.96" CONTENT="förmåga"/><SP WIDTH="22" VPOS="477" HPOS="528"/>
							<String ID="string_70" HPOS="550" VPOS="479" WIDTH="32" HEIGHT="20" WC="0.93" CONTENT="att"/><SP WIDTH="16" VPOS="479" HPOS="582"/>
							<String ID="string_71" HPOS="598" VPOS="479" WIDTH="147" HEIGHT="26" WC="0.93" CONTENT="transportera"/><SP WIDTH="22" VPOS="479" HPOS="745"/>
							<String ID="string_72" HPOS="767" VPOS="477" WIDTH="70" HEIGHT="27" WC="0.92" CONTENT="krigs-"/>
						</TextLine>
						<TextLine ID="line_10" HPOS="86" VPOS="511" WIDTH="751" HEIGHT="28">
							<String ID="string_73" HPOS="86" VPOS="512" WIDTH="170" HEIGHT="27" WC="0.96" CONTENT="förnödenheter,"/><SP WIDTH="23" VPOS="512" HPOS="256"/>
							<String ID="string_74" HPOS="279" VPOS="514" WIDTH="24" HEIGHT="19" WC="0.96" CONTENT="är"/><SP WIDTH="18" VPOS="514" HPOS="303"/>
							<String ID="string_75" HPOS="321" VPOS="512" WIDTH="36" HEIGHT="22" WC="0.96" CONTENT="det"/><SP WIDTH="21" VPOS="512" HPOS="357"/>
							<String ID="string_76" HPOS="378" VPOS="512" WIDTH="91" HEIGHT="22" WC="0.96" CONTENT="bredare"/><SP WIDTH="22" VPOS="512" HPOS="469"/>
							<String ID="string_77" HPOS="491" VPOS="512" WIDTH="72" HEIGHT="27" WC="0.96" CONTENT="spåret"/><SP WIDTH="17" VPOS="512" HPOS="563"/>
							<String ID="string_78" HPOS="580" VPOS="512" WIDTH="105" HEIGHT="27" WC="0.93" CONTENT="betydligt"/><SP WIDTH="22" VPOS="512" HPOS="685"/>
							<String ID="string_79" HPOS="707" VPOS="511" WIDTH="130" HEIGHT="28" WC="0.90" CONTENT="öfverlägset"/>
						</TextLine>
						<TextLine ID="line_11" HPOS="86" VPOS="547" WIDTH="149" HEIGHT="22">
							<String ID="string_80" HPOS="86" VPOS="547" WIDTH="37" HEIGHT="22" WC="0.96" CONTENT="det"/><SP WIDTH="14" VPOS="547" HPOS="123"/>
							<String ID="string_81" HPOS="137" VPOS="547" WIDTH="98" HEIGHT="22" WC="0.96" CONTENT="smalare."/>
						</TextLine>
					</TextBlock>
				</ComposedBlock>
				<ComposedBlock ID="cblock_2" HPOS="349" VPOS="615" WIDTH="219" HEIGHT="24">
					<TextBlock ID="block_3" HPOS="349" VPOS="615" WIDTH="219" HEIGHT="24">
						<TextLine ID="line_12" HPOS="349" VPOS="615" WIDTH="219" HEIGHT="24">
							<String ID="string_82" HPOS="349" VPOS="615" WIDTH="101" HEIGHT="24" WC="0.92" CONTENT="Trafikens"/><SP WIDTH="15" VPOS="615" HPOS="450"/>
							<String ID="string_83" HPOS="465" VPOS="615" WIDTH="103" HEIGHT="24" WC="0.96" CONTENT="säkerhet."/>
						</TextLine>
					</TextBlock>
				</ComposedBlock>
				<ComposedBlock ID="cblock_3" HPOS="85" VPOS="669" WIDTH="756" HEIGHT="642">
					<TextBlock ID="block_4" HPOS="85" VPOS="669" WIDTH="755" HEIGHT="269">
						<TextLine ID="line_13" HPOS="156" VPOS="669" WIDTH="683" HEIGHT="28">
							<String ID="string_84" HPOS="156" VPOS="670" WIDTH="95" HEIGHT="22" WC="0.96" CONTENT="Emedan"/><SP WIDTH="18" VPOS="670" HPOS="251"/>
							<String ID="string_85" HPOS="269" VPOS="670" WIDTH="35" HEIGHT="21" WC="0.96" CONTENT="vid"/><SP WIDTH="19" VPOS="670" HPOS="304"/>
							<String ID="string_86" HPOS="323" VPOS="670" WIDTH="26" HEIGHT="22" WC="0.96" CONTENT="de"/><SP WIDTH="18" VPOS="670" HPOS="349"/>
							<String ID="string_87" HPOS="367" VPOS="671" WIDTH="79" HEIGHT="21" WC="0.93" CONTENT="norska"/><SP WIDTH="16" VPOS="671" HPOS="446"/>
							<String ID="string_88" HPOS="462" VPOS="671" WIDTH="141" HEIGHT="26" WC="0.91" CONTENT="jernvägarne"/><SP WIDTH="19" VPOS="671" HPOS="603"/>
							<String ID="string_89" HPOS="622" VPOS="669" WIDTH="101" HEIGHT="22" WC="0.96" CONTENT="trafikens"/><SP WIDTH="15" VPOS="669" HPOS="723"/>
							<String ID="string_90" HPOS="738" VPOS="669" WIDTH="101" HEIGHT="22" WC="0.96" CONTENT="säkerhet"/>
						</TextLine>
						<TextLine ID="line_14" HPOS="87" VPOS="703" WIDTH="752" HEIGHT="29">
							<String ID="string_91" HPOS="87" VPOS="705" WIDTH="81" HEIGHT="21" WC="0.96" CONTENT="kunnat"/><SP WIDTH="14" VPOS="705" HPOS="168"/>
							<String ID="string_92" HPOS="182" VPOS="711" WIDTH="63" HEIGHT="15" WC="0.96" CONTENT="anses"/><SP WIDTH="14" VPOS="711" HPOS="245"/>
							<String ID="string_93" HPOS="259" VPOS="705" WIDTH="97" HEIGHT="27" WC="0.95" CONTENT="tryggad,"/><SP WIDTH="9" VPOS="705" HPOS="356"/>
							<String ID="string_94" HPOS="365" VPOS="705" WIDTH="71" HEIGHT="21" WC="0.96" CONTENT="fastän"/><SP WIDTH="15" VPOS="705" HPOS="436"/>
							<String ID="string_95" HPOS="451" VPOS="705" WIDTH="74" HEIGHT="22" WC="0.96" CONTENT="vakter"/><SP WIDTH="14" VPOS="705" HPOS="525"/>
							<String ID="string_96" HPOS="539" VPOS="705" WIDTH="47" HEIGHT="22" WC="0.96" CONTENT="icke"/><SP WIDTH="14" VPOS="705" HPOS="586"/>
							<String ID="string_97" HPOS="600" VPOS="703" WIDTH="68" HEIGHT="23" WC="0.96" CONTENT="finnas"/><SP WIDTH="14" VPOS="703" HPOS="668"/>
							<String ID="string_98" HPOS="682" VPOS="704" WIDTH="114" HEIGHT="27" WC="0.96" CONTENT="placerade"/><SP WIDTH="15" VPOS="704" HPOS="796"/>
							<String ID="string_99" HPOS="811" VPOS="704" WIDTH="28" HEIGHT="27" WC="0.96" CONTENT="på"/>
						</TextLine>
						<TextLine ID="line_15" HPOS="87" VPOS="738" WIDTH="753" HEIGHT="28">
							<String ID="string_100" HPOS="87" VPOS="739" WIDTH="112" HEIGHT="22" WC="0.88" CONTENT="bestämda"/><SP WIDTH="18" VPOS="739" HPOS="199"/>
							<String ID="string_101" HPOS="217" VPOS="739" WIDTH="106" HEIGHT="22" WC="0.88" CONTENT="distancer"/><SP WIDTH="21" VPOS="739" HPOS="323"/>
							<String ID="string_102" HPOS="344" VPOS="739" WIDTH="79" HEIGHT="22" WC="0.92" CONTENT="utefter"/><SP WIDTH="23" VPOS="739" HPOS="423"/>
							<String ID="string_103" HPOS="446" VPOS="739" WIDTH="173" HEIGHT="27" WC="0.91" CONTENT="jernvägslinien,"/><SP WIDTH="23" VPOS="739" HPOS="619"/>
							<String ID="string_104" HPOS="642" VPOS="739" WIDTH="69" HEIGHT="21" WC="0.96" CONTENT="såsom"/><SP WIDTH="19" VPOS="739" HPOS="711"/>
							<String ID="string_105" HPOS="730" VPOS="739" WIDTH="36" HEIGHT="21" WC="0.96" CONTENT="vid"/><SP WIDTH="22" VPOS="739" HPOS="766"/>
							<String ID="string_106" HPOS="788" VPOS="738" WIDTH="52" HEIGHT="22" WC="0.96" CONTENT="våra"/>
						</TextLine>
						<TextLine ID="line_16" HPOS="87" VPOS="772" WIDTH="752" HEIGHT="29">
							<String ID="string_107" HPOS="87" VPOS="773" WIDTH="115" HEIGHT="22" WC="0.93" CONTENT="bestående"/><SP WIDTH="13" VPOS="773" HPOS="202"/>
							<String ID="string_108" HPOS="215" VPOS="774" WIDTH="114" HEIGHT="27" WC="0.92" CONTENT="jernvägar"/><SP WIDTH="10" VPOS="774" HPOS="329"/>
							<String ID="string_109" HPOS="339" VPOS="775" WIDTH="25" HEIGHT="20" WC="0.96" CONTENT="är"/><SP WIDTH="9" VPOS="775" HPOS="364"/>
							<String ID="string_110" HPOS="373" VPOS="773" WIDTH="68" HEIGHT="27" WC="0.95" CONTENT="fallet,"/><SP WIDTH="16" VPOS="773" HPOS="441"/>
							<String ID="string_111" HPOS="457" VPOS="774" WIDTH="38" HEIGHT="21" WC="0.96" CONTENT="och"/><SP WIDTH="11" VPOS="774" HPOS="495"/>
							<String ID="string_112" HPOS="506" VPOS="773" WIDTH="28" HEIGHT="22" WC="0.96" CONTENT="då"/><SP WIDTH="9" VPOS="773" HPOS="534"/>
							<String ID="string_113" HPOS="543" VPOS="773" WIDTH="35" HEIGHT="22" WC="0.96" CONTENT="vid"/><SP WIDTH="11" VPOS="773" HPOS="578"/>
							<String ID="string_114" HPOS="589" VPOS="773" WIDTH="63" HEIGHT="22" WC="0.93" CONTENT="dessa"/><SP WIDTH="10" VPOS="773" HPOS="652"/>
							<String ID="string_115" HPOS="662" VPOS="773" WIDTH="89" HEIGHT="22" WC="0.92" CONTENT="sednare"/><SP WIDTH="8" VPOS="773" HPOS="751"/>
							<String ID="string_116" HPOS="759" VPOS="772" WIDTH="80" HEIGHT="28" WC="0.91" CONTENT="jemväl"/>
						</TextLine>
						<TextLine ID="line_17" HPOS="88" VPOS="807" WIDTH="750" HEIGHT="28">
							<String ID="string_117" HPOS="88" VPOS="808" WIDTH="151" HEIGHT="27" WC="0.91" CONTENT="indragningar"/><SP WIDTH="15" VPOS="808" HPOS="239"/>
							<String ID="string_118" HPOS="254" VPOS="808" WIDTH="24" HEIGHT="21" WC="0.92" CONTENT="af"/><SP WIDTH="22" VPOS="808" HPOS="278"/>
							<String ID="string_119" HPOS="300" VPOS="808" WIDTH="104" HEIGHT="22" WC="0.92" CONTENT="banvakts"/><SP WIDTH="15" VPOS="808" HPOS="404"/>
							<String ID="string_120" HPOS="419" VPOS="809" WIDTH="82" HEIGHT="26" WC="0.96" CONTENT="platser"/><SP WIDTH="14" VPOS="809" HPOS="501"/>
							<String ID="string_121" HPOS="515" VPOS="810" WIDTH="51" HEIGHT="20" WC="0.96" CONTENT="utan"/><SP WIDTH="12" VPOS="810" HPOS="566"/>
							<String ID="string_122" HPOS="578" VPOS="808" WIDTH="112" HEIGHT="27" WC="0.96" CONTENT="olägenhet"/><SP WIDTH="9" VPOS="808" HPOS="690"/>
							<String ID="string_123" HPOS="699" VPOS="808" WIDTH="82" HEIGHT="21" WC="0.96" CONTENT="kunnat"/><SP WIDTH="14" VPOS="808" HPOS="781"/>
							<String ID="string_124" HPOS="795" VPOS="807" WIDTH="43" HEIGHT="27" WC="0.96" CONTENT="ske,"/>
						</TextLine>
						<TextLine ID="line_18" HPOS="88" VPOS="841" WIDTH="751" HEIGHT="29">
							<String ID="string_125" HPOS="88" VPOS="842" WIDTH="24" HEIGHT="21" WC="0.95" CONTENT="så"/><SP WIDTH="15" VPOS="842" HPOS="112"/>
							<String ID="string_126" HPOS="127" VPOS="849" WIDTH="64" HEIGHT="15" WC="0.95" CONTENT="anser"/><SP WIDTH="15" VPOS="849" HPOS="191"/>
							<String ID="string_127" HPOS="206" VPOS="843" WIDTH="32" HEIGHT="26" WC="0.96" CONTENT="sig"/><SP WIDTH="15" VPOS="843" HPOS="238"/>
							<String ID="string_128" HPOS="253" VPOS="843" WIDTH="165" HEIGHT="22" WC="0.96" CONTENT="kommissionen"/><SP WIDTH="15" VPOS="843" HPOS="418"/>
							<String ID="string_129" HPOS="433" VPOS="843" WIDTH="53" HEIGHT="22" WC="0.96" CONTENT="böra"/><SP WIDTH="15" VPOS="843" HPOS="486"/>
							<String ID="string_130" HPOS="501" VPOS="843" WIDTH="92" HEIGHT="27" WC="0.96" CONTENT="förorda,"/><SP WIDTH="16" VPOS="843" HPOS="593"/>
							<String ID="string_131" HPOS="609" VPOS="844" WIDTH="32" HEIGHT="20" WC="0.96" CONTENT="att"/><SP WIDTH="14" VPOS="844" HPOS="641"/>
							<String ID="string_132" HPOS="655" VPOS="843" WIDTH="35" HEIGHT="21" WC="0.96" CONTENT="vid"/><SP WIDTH="11" VPOS="843" HPOS="690"/>
							<String ID="string_133" HPOS="701" VPOS="843" WIDTH="27" HEIGHT="21" WC="0.96" CONTENT="de"/><SP WIDTH="10" VPOS="843" HPOS="728"/>
							<String ID="string_134" HPOS="738" VPOS="841" WIDTH="101" HEIGHT="22" WC="0.95" CONTENT="framtida"/>
						</TextLine>
						<TextLine ID="line_19" HPOS="85" VPOS="876" WIDTH="754" HEIGHT="28">
							<String ID="string_135" HPOS="85" VPOS="877" WIDTH="142" HEIGHT="27" WC="0.91" CONTENT="jernvägarne"/><SP WIDTH="15" VPOS="877" HPOS="227"/>
							<String ID="string_136" HPOS="242" VPOS="877" WIDTH="124" HEIGHT="27" WC="0.90" CONTENT="banvakter,"/><SP WIDTH="26" VPOS="877" HPOS="366"/>
							<String ID="string_137" HPOS="392" VPOS="877" WIDTH="70" HEIGHT="22" WC="0.92" CONTENT="såvidt"/><SP WIDTH="14" VPOS="877" HPOS="462"/>
							<String ID="string_138" HPOS="476" VPOS="878" WIDTH="49" HEIGHT="21" WC="0.96" CONTENT="med"/><SP WIDTH="15" VPOS="878" HPOS="525"/>
							<String ID="string_139" HPOS="540" VPOS="877" WIDTH="64" HEIGHT="27" WC="0.96" CONTENT="nödig"/><SP WIDTH="16" VPOS="877" HPOS="604"/>
							<String ID="string_140" HPOS="620" VPOS="877" WIDTH="101" HEIGHT="22" WC="0.96" CONTENT="säkerhet"/><SP WIDTH="17" VPOS="877" HPOS="721"/>
							<String ID="string_141" HPOS="738" VPOS="876" WIDTH="101" HEIGHT="27" WC="0.96" CONTENT="förenligt"/>
						</TextLine>
						<TextLine ID="line_20" HPOS="88" VPOS="911" WIDTH="267" HEIGHT="27">
							<String ID="string_142" HPOS="88" VPOS="913" WIDTH="30" HEIGHT="25" WC="0.96" CONTENT="är,"/><SP WIDTH="16" VPOS="913" HPOS="118"/>
							<String ID="string_143" HPOS="134" VPOS="911" WIDTH="47" HEIGHT="22" WC="0.96" CONTENT="icke"/><SP WIDTH="15" VPOS="911" HPOS="181"/>
							<String ID="string_144" HPOS="196" VPOS="911" WIDTH="35" HEIGHT="22" WC="0.96" CONTENT="må"/><SP WIDTH="14" VPOS="911" HPOS="231"/>
							<String ID="string_145" HPOS="245" VPOS="911" WIDTH="110" HEIGHT="22" WC="0.95" CONTENT="anställas."/>
						</TextLine>
					</TextBlock>
					<TextBlock ID="block_5" HPOS="88" VPOS="945" WIDTH="753" HEIGHT="366">
						<TextLine ID="line_21" HPOS="156" VPOS="945" WIDTH="683" HEIGHT="28">
							<String ID="string_146" HPOS="156" VPOS="945" WIDTH="50" HEIGHT="22" WC="0.93" CONTENT="Med"/><SP WIDTH="10" VPOS="945" HPOS="206"/>
							<String ID="string_147" HPOS="216" VPOS="945" WIDTH="104" HEIGHT="22" WC="0.92" CONTENT="banvakts"/><SP WIDTH="13" VPOS="945" HPOS="320"/>
							<String ID="string_148" HPOS="333" VPOS="945" WIDTH="158" HEIGHT="22" WC="0.93" CONTENT="institutionens"/><SP WIDTH="11" VPOS="945" HPOS="491"/>
							<String ID="string_149" HPOS="502" VPOS="945" WIDTH="150" HEIGHT="28" WC="0.92" CONTENT="upphäfvande"/><SP WIDTH="10" VPOS="945" HPOS="652"/>
							<String ID="string_150" HPOS="662" VPOS="945" WIDTH="113" HEIGHT="22" WC="0.93" CONTENT="bortfaller"/><SP WIDTH="5" VPOS="945" HPOS="775"/>
							<String ID="string_151" HPOS="780" VPOS="945" WIDTH="59" HEIGHT="28" WC="0.91" CONTENT="jern-"/>
						</TextLine>
						<TextLine ID="line_22" HPOS="88" VPOS="979" WIDTH="752" HEIGHT="28">
							<String ID="string_152" HPOS="88" VPOS="981" WIDTH="79" HEIGHT="26" WC="0.96" CONTENT="vägens"/><SP WIDTH="23" VPOS="981" HPOS="167"/>
							<String ID="string_153" HPOS="190" VPOS="980" WIDTH="121" HEIGHT="27" WC="0.96" CONTENT="skyldighet"/><SP WIDTH="21" VPOS="980" HPOS="311"/>
							<String ID="string_154" HPOS="332" VPOS="981" WIDTH="32" HEIGHT="20" WC="0.96" CONTENT="att"/><SP WIDTH="21" VPOS="981" HPOS="364"/>
							<String ID="string_155" HPOS="385" VPOS="980" WIDTH="58" HEIGHT="27" WC="0.96" CONTENT="sörja"/><SP WIDTH="21" VPOS="980" HPOS="443"/>
							<String ID="string_156" HPOS="464" VPOS="981" WIDTH="34" HEIGHT="20" WC="0.96" CONTENT="för"/><SP WIDTH="22" VPOS="981" HPOS="498"/>
							<String ID="string_157" HPOS="520" VPOS="980" WIDTH="142" HEIGHT="27" WC="0.96" CONTENT="uppförandet"/><SP WIDTH="21" VPOS="980" HPOS="662"/>
							<String ID="string_158" HPOS="683" VPOS="979" WIDTH="23" HEIGHT="22" WC="0.93" CONTENT="af"/><SP WIDTH="19" VPOS="979" HPOS="706"/>
							<String ID="string_159" HPOS="725" VPOS="979" WIDTH="115" HEIGHT="22" WC="0.92" CONTENT="banvakts-"/>
						</TextLine>
						<TextLine ID="line_23" HPOS="88" VPOS="1014" WIDTH="752" HEIGHT="27">
							<String ID="string_160" HPOS="88" VPOS="1015" WIDTH="81" HEIGHT="26" WC="0.96" CONTENT="stugor,"/><SP WIDTH="23" VPOS="1015" HPOS="169"/>
							<String ID="string_161" HPOS="192" VPOS="1014" WIDTH="137" HEIGHT="27" WC="0.93" CONTENT="hvarigenom"/><SP WIDTH="13" VPOS="1014" HPOS="329"/>
							<String ID="string_162" HPOS="342" VPOS="1014" WIDTH="80" HEIGHT="27" WC="0.92" CONTENT="jemväl"/><SP WIDTH="13" VPOS="1014" HPOS="422"/>
							<String ID="string_163" HPOS="435" VPOS="1015" WIDTH="128" HEIGHT="26" WC="0.91" CONTENT="jernvägens"/><SP WIDTH="20" VPOS="1015" HPOS="563"/>
							<String ID="string_164" HPOS="583" VPOS="1014" WIDTH="257" HEIGHT="27" WC="0.91" CONTENT="anläggningskostnader"/>
						</TextLine>
						<TextLine ID="line_24" HPOS="89" VPOS="1049" WIDTH="750" HEIGHT="26">
							<String ID="string_165" HPOS="89" VPOS="1049" WIDTH="7" HEIGHT="20" WC="0.96" CONTENT="i"/><SP WIDTH="18" VPOS="1049" HPOS="96"/>
							<String ID="string_166" HPOS="114" VPOS="1049" WIDTH="117" HEIGHT="20" WC="0.96" CONTENT="nämnvärd"/><SP WIDTH="18" VPOS="1049" HPOS="231"/>
							<String ID="string_167" HPOS="249" VPOS="1049" WIDTH="53" HEIGHT="26" WC="0.96" CONTENT="grad"/><SP WIDTH="22" VPOS="1049" HPOS="302"/>
							<String ID="string_168" HPOS="324" VPOS="1049" WIDTH="101" HEIGHT="21" WC="0.94" CONTENT="minskas."/><SP WIDTH="30" VPOS="1049" HPOS="425"/>
							<String ID="string_169" HPOS="455" VPOS="1049" WIDTH="38" HEIGHT="21" WC="0.95" CONTENT="Att"/><SP WIDTH="18" VPOS="1049" HPOS="493"/>
							<String ID="string_170" HPOS="511" VPOS="1049" WIDTH="70" HEIGHT="22" WC="0.96" CONTENT="banan"/><SP WIDTH="19" VPOS="1049" HPOS="581"/>
							<String ID="string_171" HPOS="600" VPOS="1049" WIDTH="72" HEIGHT="21" WC="0.96" CONTENT="derför"/><SP WIDTH="17" VPOS="1049" HPOS="672"/>
							<String ID="string_172" HPOS="689" VPOS="1049" WIDTH="47" HEIGHT="21" WC="0.93" CONTENT="icke"/><SP WIDTH="22" VPOS="1049" HPOS="736"/>
							<String ID="string_173" HPOS="758" VPOS="1049" WIDTH="81" HEIGHT="21" WC="0.92" CONTENT="lemnas"/>
						</TextLine>
						<TextLine ID="line_25" HPOS="88" VPOS="1083" WIDTH="752" HEIGHT="28">
							<String ID="string_174" HPOS="88" VPOS="1084" WIDTH="52" HEIGHT="20" WC="0.96" CONTENT="utan"/><SP WIDTH="15" VPOS="1084" HPOS="140"/>
							<String ID="string_175" HPOS="155" VPOS="1083" WIDTH="78" HEIGHT="27" WC="0.93" CONTENT="tillsyn,"/><SP WIDTH="16" VPOS="1083" HPOS="233"/>
							<String ID="string_176" HPOS="249" VPOS="1083" WIDTH="103" HEIGHT="22" WC="0.92" CONTENT="behöfver"/><SP WIDTH="14" VPOS="1083" HPOS="352"/>
							<String ID="string_177" HPOS="366" VPOS="1083" WIDTH="81" HEIGHT="27" WC="0.96" CONTENT="knappt"/><SP WIDTH="14" VPOS="1083" HPOS="447"/>
							<String ID="string_178" HPOS="461" VPOS="1084" WIDTH="95" HEIGHT="27" WC="0.95" CONTENT="antydas."/><SP WIDTH="33" VPOS="1084" HPOS="556"/>
							<String ID="string_179" HPOS="589" VPOS="1083" WIDTH="33" HEIGHT="22" WC="0.93" CONTENT="En"/><SP WIDTH="15" VPOS="1083" HPOS="622"/>
							<String ID="string_180" HPOS="637" VPOS="1083" WIDTH="66" HEIGHT="22" WC="0.96" CONTENT="sådan"/><SP WIDTH="14" VPOS="1083" HPOS="703"/>
							<String ID="string_181" HPOS="717" VPOS="1083" WIDTH="43" HEIGHT="22" WC="0.93" CONTENT="kan"/><SP WIDTH="15" VPOS="1083" HPOS="760"/>
							<String ID="string_182" HPOS="775" VPOS="1089" WIDTH="65" HEIGHT="21" WC="0.91" CONTENT="egnas"/>
						</TextLine>
						<TextLine ID="line_26" HPOS="90" VPOS="1117" WIDTH="750" HEIGHT="28">
							<String ID="string_183" HPOS="90" VPOS="1117" WIDTH="122" HEIGHT="22" WC="0.95" CONTENT="densamma"/><SP WIDTH="15" VPOS="1117" HPOS="212"/>
							<String ID="string_184" HPOS="227" VPOS="1117" WIDTH="23" HEIGHT="22" WC="0.93" CONTENT="af"/><SP WIDTH="12" VPOS="1117" HPOS="250"/>
							<String ID="string_185" HPOS="262" VPOS="1118" WIDTH="151" HEIGHT="21" WC="0.92" CONTENT="banmästaren"/><SP WIDTH="15" VPOS="1118" HPOS="413"/>
							<String ID="string_186" HPOS="428" VPOS="1118" WIDTH="39" HEIGHT="21" WC="0.96" CONTENT="och"/><SP WIDTH="17" VPOS="1118" HPOS="467"/>
							<String ID="string_187" HPOS="484" VPOS="1118" WIDTH="78" HEIGHT="21" WC="0.96" CONTENT="honom"/><SP WIDTH="10" VPOS="1118" HPOS="562"/>
							<String ID="string_188" HPOS="572" VPOS="1118" WIDTH="68" HEIGHT="21" WC="0.96" CONTENT="under"/><SP WIDTH="17" VPOS="1118" HPOS="640"/>
							<String ID="string_189" HPOS="657" VPOS="1118" WIDTH="91" HEIGHT="27" WC="0.93" CONTENT="lydande"/><SP WIDTH="11" VPOS="1118" HPOS="748"/>
							<String ID="string_190" HPOS="759" VPOS="1117" WIDTH="81" HEIGHT="22" WC="0.91" CONTENT="arbets-"/>
						</TextLine>
						<TextLine ID="line_27" HPOS="89" VPOS="1152" WIDTH="752" HEIGHT="27">
							<String ID="string_191" HPOS="89" VPOS="1153" WIDTH="42" HEIGHT="26" WC="0.95" CONTENT="lag,"/><SP WIDTH="15" VPOS="1153" HPOS="131"/>
							<String ID="string_192" HPOS="146" VPOS="1152" WIDTH="73" HEIGHT="21" WC="0.96" CONTENT="hvilka"/><SP WIDTH="13" VPOS="1152" HPOS="219"/>
							<String ID="string_193" HPOS="232" VPOS="1152" WIDTH="8" HEIGHT="21" WC="0.96" CONTENT="i"/><SP WIDTH="14" VPOS="1152" HPOS="240"/>
							<String ID="string_194" HPOS="254" VPOS="1152" WIDTH="74" HEIGHT="27" WC="0.95" CONTENT="hvarje"/><SP WIDTH="14" VPOS="1152" HPOS="328"/>
							<String ID="string_195" HPOS="342" VPOS="1152" WIDTH="103" HEIGHT="22" WC="0.96" CONTENT="händelse"/><SP WIDTH="15" VPOS="1152" HPOS="445"/>
							<String ID="string_196" HPOS="460" VPOS="1153" WIDTH="68" HEIGHT="21" WC="0.96" CONTENT="måste"/><SP WIDTH="14" VPOS="1153" HPOS="528"/>
							<String ID="string_197" HPOS="542" VPOS="1152" WIDTH="68" HEIGHT="22" WC="0.96" CONTENT="finnas"/><SP WIDTH="10" VPOS="1152" HPOS="610"/>
							<String ID="string_198" HPOS="620" VPOS="1152" WIDTH="34" HEIGHT="21" WC="0.93" CONTENT="för"/><SP WIDTH="9" VPOS="1152" HPOS="654"/>
							<String ID="string_199" HPOS="663" VPOS="1152" WIDTH="178" HEIGHT="22" WC="0.92" CONTENT="vidmakthållan-"/>
						</TextLine>
						<TextLine ID="line_28" HPOS="90" VPOS="1186" WIDTH="751" HEIGHT="28">
							<String ID="string_200" HPOS="90" VPOS="1187" WIDTH="37" HEIGHT="20" WC="0.96" CONTENT="det"/><SP WIDTH="14" VPOS="1187" HPOS="127"/>
							<String ID="string_201" HPOS="141" VPOS="1186" WIDTH="23" HEIGHT="21" WC="0.93" CONTENT="af"/><SP WIDTH="16" VPOS="1186" HPOS="164"/>
							<String ID="string_202" HPOS="180" VPOS="1187" WIDTH="83" HEIGHT="26" WC="0.91" CONTENT="spårets"/><SP WIDTH="14" VPOS="1187" HPOS="263"/>
							<String ID="string_203" HPOS="277" VPOS="1187" WIDTH="56" HEIGHT="26" WC="0.96" CONTENT="goda"/><SP WIDTH="18" VPOS="1187" HPOS="333"/>
							<String ID="string_204" HPOS="351" VPOS="1187" WIDTH="66" HEIGHT="21" WC="0.96" CONTENT="skick."/><SP WIDTH="30" VPOS="1187" HPOS="417"/>
							<String ID="string_205" HPOS="447" VPOS="1187" WIDTH="42" HEIGHT="21" WC="0.93" CONTENT="Till"/><SP WIDTH="18" VPOS="1187" HPOS="489"/>
							<String ID="string_206" HPOS="507" VPOS="1187" WIDTH="144" HEIGHT="27" WC="0.91" CONTENT="grindvakter,"/><SP WIDTH="19" VPOS="1187" HPOS="651"/>
							<String ID="string_207" HPOS="670" VPOS="1187" WIDTH="38" HEIGHT="21" WC="0.93" CONTENT="der"/><SP WIDTH="15" VPOS="1187" HPOS="708"/>
							<String ID="string_208" HPOS="723" VPOS="1187" WIDTH="118" HEIGHT="27" WC="0.92" CONTENT="jernvägen"/>
						</TextLine>
						<TextLine ID="line_29" HPOS="90" VPOS="1220" WIDTH="751" HEIGHT="28">
							<String ID="string_209" HPOS="90" VPOS="1221" WIDTH="75" HEIGHT="21" WC="0.96" CONTENT="korsar"/><SP WIDTH="15" VPOS="1221" HPOS="165"/>
							<String ID="string_210" HPOS="180" VPOS="1221" WIDTH="107" HEIGHT="21" WC="0.96" CONTENT="allmänna"/><SP WIDTH="13" VPOS="1221" HPOS="287"/>
							<String ID="string_211" HPOS="300" VPOS="1223" WIDTH="72" HEIGHT="25" WC="0.96" CONTENT="vägar,"/><SP WIDTH="16" VPOS="1223" HPOS="372"/>
							<String ID="string_212" HPOS="388" VPOS="1221" WIDTH="38" HEIGHT="21" WC="0.96" CONTENT="och"/><SP WIDTH="11" VPOS="1221" HPOS="426"/>
							<String ID="string_213" HPOS="437" VPOS="1221" WIDTH="7" HEIGHT="21" WC="0.96" CONTENT="i"/><SP WIDTH="10" VPOS="1221" HPOS="444"/>
							<String ID="string_214" HPOS="454" VPOS="1221" WIDTH="103" HEIGHT="22" WC="0.96" CONTENT="närheten"/><SP WIDTH="10" VPOS="1221" HPOS="557"/>
							<String ID="string_215" HPOS="567" VPOS="1220" WIDTH="24" HEIGHT="22" WC="0.96" CONTENT="af"/><SP WIDTH="7" VPOS="1220" HPOS="591"/>
							<String ID="string_216" HPOS="598" VPOS="1221" WIDTH="59" HEIGHT="27" WC="0.96" CONTENT="byar,"/><SP WIDTH="15" VPOS="1221" HPOS="657"/>
							<String ID="string_217" HPOS="672" VPOS="1221" WIDTH="71" HEIGHT="21" WC="0.96" CONTENT="kunna"/><SP WIDTH="10" VPOS="1221" HPOS="743"/>
							<String ID="string_218" HPOS="753" VPOS="1221" WIDTH="88" HEIGHT="21" WC="0.96" CONTENT="hustrur"/>
						</TextLine>
						<TextLine ID="line_30" HPOS="90" VPOS="1255" WIDTH="751" HEIGHT="28">
							<String ID="string_219" HPOS="90" VPOS="1255" WIDTH="40" HEIGHT="21" WC="0.96" CONTENT="och"/><SP WIDTH="13" VPOS="1255" HPOS="130"/>
							<String ID="string_220" HPOS="143" VPOS="1255" WIDTH="54" HEIGHT="21" WC="0.91" CONTENT="barn"/><SP WIDTH="14" VPOS="1255" HPOS="197"/>
							<String ID="string_221" HPOS="211" VPOS="1255" WIDTH="33" HEIGHT="21" WC="0.96" CONTENT="till"/><SP WIDTH="15" VPOS="1255" HPOS="244"/>
							<String ID="string_222" HPOS="259" VPOS="1255" WIDTH="26" HEIGHT="22" WC="0.96" CONTENT="de"/><SP WIDTH="10" VPOS="1255" HPOS="285"/>
							<String ID="string_223" HPOS="295" VPOS="1255" WIDTH="36" HEIGHT="22" WC="0.93" CONTENT="vid"/><SP WIDTH="8" VPOS="1255" HPOS="331"/>
							<String ID="string_224" HPOS="339" VPOS="1255" WIDTH="117" HEIGHT="28" WC="0.91" CONTENT="jernvägen"/><SP WIDTH="11" VPOS="1255" HPOS="456"/>
							<String ID="string_225" HPOS="467" VPOS="1255" WIDTH="125" HEIGHT="28" WC="0.93" CONTENT="sysselsatte"/><SP WIDTH="10" VPOS="1255" HPOS="592"/>
							<String ID="string_226" HPOS="602" VPOS="1255" WIDTH="113" HEIGHT="22" WC="0.91" CONTENT="arbetarne"/><SP WIDTH="10" VPOS="1255" HPOS="715"/>
							<String ID="string_227" HPOS="725" VPOS="1255" WIDTH="116" HEIGHT="28" WC="0.96" CONTENT="lämpligen"/>
						</TextLine>
						<TextLine ID="line_31" HPOS="91" VPOS="1289" WIDTH="114" HEIGHT="22">
							<String ID="string_228" HPOS="91" VPOS="1289" WIDTH="114" HEIGHT="22" WC="0.96" CONTENT="användas."/>
						</TextLine>
					</TextBlock>
				</ComposedBlock>
				<ComposedBlock ID="cblock_4" HPOS="313" VPOS="1351" WIDTH="308" HEIGHT="29">
					<TextBlock ID="block_6" HPOS="313" VPOS="1351" WIDTH="308" HEIGHT="29">
						<TextLine ID="line_32" HPOS="313" VPOS="1351" WIDTH="308" HEIGHT="29">
							<String ID="string_229" HPOS="313" VPOS="1351" WIDTH="152" HEIGHT="29" WC="0.91" CONTENT="Beqvämlighet"/><SP WIDTH="15" VPOS="1351" HPOS="465"/>
							<String ID="string_230" HPOS="480" VPOS="1351" WIDTH="33" HEIGHT="23" WC="0.96" CONTENT="vid"/><SP WIDTH="16" VPOS="1351" HPOS="513"/>
							<String ID="string_231" HPOS="529" VPOS="1351" WIDTH="92" HEIGHT="24" WC="0.96" CONTENT="trafiken."/>
						</TextLine>
					</TextBlock>
				</ComposedBlock>
				<ComposedBlock ID="cblock_5" HPOS="93" VPOS="1405" WIDTH="749" HEIGHT="130">
					<TextBlock ID="block_7" HPOS="93" VPOS="1405" WIDTH="749" HEIGHT="130">
						<TextLine ID="line_33" HPOS="161" VPOS="1405" WIDTH="679" HEIGHT="30">
							<String ID="string_232" HPOS="161" VPOS="1405" WIDTH="74" HEIGHT="24" WC="0.96" CONTENT="Såsom"/><SP WIDTH="22" VPOS="1405" HPOS="235"/>
							<String ID="string_233" HPOS="257" VPOS="1407" WIDTH="24" HEIGHT="22" WC="0.96" CONTENT="af"/><SP WIDTH="17" VPOS="1407" HPOS="281"/>
							<String ID="string_234" HPOS="298" VPOS="1407" WIDTH="37" HEIGHT="22" WC="0.96" CONTENT="det"/><SP WIDTH="17" VPOS="1407" HPOS="335"/>
							<String ID="string_235" HPOS="352" VPOS="1407" WIDTH="94" HEIGHT="28" WC="0.96" CONTENT="följande"/><SP WIDTH="22" VPOS="1407" HPOS="446"/>
							<String ID="string_236" HPOS="468" VPOS="1406" WIDTH="100" HEIGHT="28" WC="0.96" CONTENT="framgår,"/><SP WIDTH="24" VPOS="1406" HPOS="568"/>
							<String ID="string_237" HPOS="592" VPOS="1412" WIDTH="63" HEIGHT="16" WC="0.96" CONTENT="anser"/><SP WIDTH="20" VPOS="1412" HPOS="655"/>
							<String ID="string_238" HPOS="675" VPOS="1405" WIDTH="165" HEIGHT="22" WC="0.96" CONTENT="kommissionen"/>
						</TextLine>
						<TextLine ID="line_34" HPOS="93" VPOS="1441" WIDTH="749" HEIGHT="29">
							<String ID="string_239" HPOS="93" VPOS="1442" WIDTH="177" HEIGHT="28" WC="0.96" CONTENT="inskränkningar"/><SP WIDTH="15" VPOS="1442" HPOS="270"/>
							<String ID="string_240" HPOS="285" VPOS="1443" WIDTH="71" HEIGHT="21" WC="0.96" CONTENT="kunna"/><SP WIDTH="15" VPOS="1443" HPOS="356"/>
							<String ID="string_241" HPOS="371" VPOS="1442" WIDTH="39" HEIGHT="22" WC="0.96" CONTENT="och"/><SP WIDTH="18" VPOS="1442" HPOS="410"/>
							<String ID="string_242" HPOS="428" VPOS="1442" WIDTH="53" HEIGHT="21" WC="0.96" CONTENT="böra"/><SP WIDTH="14" VPOS="1442" HPOS="481"/>
							<String ID="string_243" HPOS="495" VPOS="1443" WIDTH="64" HEIGHT="26" WC="0.96" CONTENT="göras"/><SP WIDTH="19" VPOS="1443" HPOS="559"/>
							<String ID="string_244" HPOS="578" VPOS="1441" WIDTH="36" HEIGHT="22" WC="0.96" CONTENT="vid"/><SP WIDTH="15" VPOS="1441" HPOS="614"/>
							<String ID="string_245" HPOS="629" VPOS="1441" WIDTH="26" HEIGHT="22" WC="0.96" CONTENT="de"/><SP WIDTH="15" VPOS="1441" HPOS="655"/>
							<String ID="string_246" HPOS="670" VPOS="1441" WIDTH="101" HEIGHT="22" WC="0.93" CONTENT="framtida"/><SP WIDTH="13" VPOS="1441" HPOS="771"/>
							<String ID="string_247" HPOS="784" VPOS="1441" WIDTH="58" HEIGHT="27" WC="0.92" CONTENT="jern-"/>
						</TextLine>
						<TextLine ID="line_35" HPOS="161" VPOS="1483" WIDTH="372" HEIGHT="22">
							<String ID="string_248" HPOS="161" VPOS="1479" WIDTH="89" HEIGHT="31" WC="0.91" CONTENT="Jernvägs-"/><SP WIDTH="7" VPOS="1479" HPOS="250"/>
							<String ID="string_249" HPOS="257" VPOS="1479" WIDTH="88" HEIGHT="31" WC="0.96" CONTENT="Utskottets"/><SP WIDTH="8" VPOS="1479" HPOS="345"/>
							<String ID="string_250" HPOS="353" VPOS="1483" WIDTH="104" HEIGHT="18" WC="0.96" CONTENT="betänkande"/><SP WIDTH="12" VPOS="1483" HPOS="457"/>
							<String ID="string_251" HPOS="469" VPOS="1483" WIDTH="34" HEIGHT="17" WC="0.94" CONTENT="N:o"/><SP WIDTH="13" VPOS="1483" HPOS="503"/>
							<String ID="string_252" HPOS="516" VPOS="1483" WIDTH="17" HEIGHT="17" WC="0.96" CONTENT="3."/>
						</TextLine>
						<TextLine ID="line_36" HPOS="763" VPOS="1517" WIDTH="11" HEIGHT="18">
							<String ID="string_253" HPOS="763" VPOS="1517" WIDTH="11" HEIGHT="18" WC="0.96" CONTENT="2"/>
						</TextLine>
					</TextBlock>
				</ComposedBlock>
			</PrintSpace>
		</Page>
	</Layout>
</alto>
