1050 1709
293 130 26 18 U.
335 130 30 19 B.
381 140 25 4 —
423 131 81 23 Prop.
521 130 45 20 N:o
581 132 37 17 24.
793 129 12 21 9

92 195 34 21 till
147 196 188 21 meromförmälda
355 196 87 22 besvärs
461 197 153 27 öfvertagande
630 197 23 21 af
666 198 70 20 staten
753 197 58 26 eller,
827 198 6 20 i

92 230 103 20 händelse
217 236 26 15 en
263 230 66 21 sådan
348 231 76 26 åtgärd
443 231 90 26 ansäges
549 231 47 21 icke
611 231 73 21 kunna
699 232 49 20 med
764 232 70 20 fördel

92 263 33 21 för
148 264 27 20 de
195 264 158 27 skattskyldige
371 264 141 27 genomföras,
532 265 33 21 till
584 266 31 19 ett
631 265 77 20 sådant
724 265 110 20 ordnande

92 297 23 21 af
135 298 64 21 dessa
221 298 83 25 besvär,
327 300 32 19 att
378 299 33 25 de,
430 305 75 20 genom
524 305 26 14 en
568 299 59 26 jemn
643 299 38 20 och
696 299 78 20 rättvis
789 298 43 21 för-

92 331 93 26 delning,
204 331 7 20 i
226 331 123 27 möjligaste
364 332 67 21 måtto
446 332 116 26 lindrades,
578 332 118 27 hvarjemte
713 332 121 21 Ständerna

92 365 85 21 anhöllo
193 365 36 21 det
244 365 84 21 täcktes
343 365 27 21 H.
386 365 26 21 K.
426 366 39 20 M:t
479 366 12 20 å
504 366 95 27 följande
609 366 105 27 landtdag
724 366 111 27 förelägga

92 399 86 21 landets
193 399 93 21 Ständer
301 399 67 26 sagda
383 399 81 27 förslag
479 400 102 26 antingen
596 400 7 21 i
619 399 140 22 oförändradt
774 400 61 21 skick

92 433 52 21 eller
160 433 48 20 med
224 433 26 21 de
265 433 157 27 förändringar,
439 439 45 16 som
499 434 27 21 H.
542 434 26 21 K.
584 434 39 21 M:t
638 434 33 21 för
682 434 77 21 sådant
769 434 65 21 ända-

91 467 42 20 mål
148 467 72 21 kunde
235 466 58 22 finna
307 473 53 15 vara
374 467 23 22 af
410 468 77 21 nöden.

158 501 128 26 Resultatet,
303 501 23 21 af
345 501 26 21 de
389 501 144 28 beräkningar
549 502 40 21 den
605 502 33 21 för
653 502 122 21 ändamålet
789 502 45 21 till

91 536 56 20 satte
171 535 95 22 komitén
288 535 120 26 verkställt,
432 536 39 21 har
494 536 106 21 utskottet
622 536 7 21 i
648 536 36 21 det
705 536 130 27 föregående

90 560 78 40 anfört.
660 564 2 4 I

160 603 61 20 Hvad
237 603 36 21 det
288 603 102 21 framtida
405 604 120 21 ordnandet
540 604 23 21 af
576 606 49 25 väg-
646 605 38 20 och
699 604 134 27 brobyggna-

91 637 40 21 den
143 637 73 26 ängär,
230 638 66 26 ansåg
304 637 128 22 komitön
417 633 12 36 —
443 645 45 14 som
499 639 118 26 uppgjorde
628 639 38 20 sitt
676 638 82 27 förslag
769 638 64 26 angä-

91 665 54 21 ende
165 665 196 28 skjutshällningen
381 667 6 20 i
410 666 56 27 syfte
481 669 32 18 att
525 667 77 26 jorden
619 667 34 20 väl
668 667 71 20 skulle
754 666 79 21 befrias

90 699 94 20 derifrän
200 705 47 14 men
256 699 61 22 detta
326 700 77 21 besvär
411 700 53 21 dock
473 701 47 20 icke
533 701 122 26 öfvertagas
665 700 23 21 af
698 699 74 22 Staten
783 702 52 18 utan

90 733 45 21 helt
149 733 39 21 och
202 733 67 22 hället
282 734 102 21 bekostas
394 734 23 21 af
425 734 92 22 trafiken
536 747 13 3 —
559 737 49 24 väg-
623 735 40 20 och
673 733 161 28 brobyggnads-

90 767 100 22 besväret
205 768 97 21 deremot
316 769 8 20 i
339 768 116 22 allmänhet
470 769 133 21 fortfarande
612 769 52 21 böra
671 769 71 26 äligga
749 768 86 21 landets

87 801 151 28 jordbrukare,
249 809 47 15 men
308 803 93 27 föreslog
413 803 54 21 dock
477 805 32 19 att
519 803 99 26 samtliga
629 803 26 21 de
661 803 65 21 broar
736 803 23 20 af
769 803 66 20 minst

90 837 26 21 25
138 837 72 21 alnars
232 837 65 27 längd
315 837 90 22 emellan
424 837 155 27 landkistorna,
599 837 73 22 hvilka
687 837 77 22 funnes
780 843 53 20 upp-

90 871 63 22 förda
175 872 13 21 &
207 872 26 21 de
251 878 59 15 mera
327 872 95 25 befarna,
441 872 7 21 i
466 872 107 21 komitöns
588 872 141 26 författnings
750 871 82 27 förslag

91 906 105 21 särskildt
218 906 142 26 uppräknade
382 906 163 27 landsvägarne,
569 906 70 21 skulle
662 905 33 21 till
720 905 114 27 byggande

90 940 40 21 och
144 940 114 21 underhäll
277 940 122 26 öfvertagas
415 940 23 21 af
452 941 70 20 staten
535 941 56 20 emot
600 941 44 19 rätt
652 939 32 21 för
692 941 71 19 staten
773 940 32 20 att
813 939 23 20 af

91 974 134 27 vägfarande
249 974 98 27 uppbära
368 973 134 27 broafgifter,
523 974 67 26 jemte
605 973 37 21 det
657 975 49 24 väg-
726 973 39 21 och
784 973 49 20 bro-

90 1008 266 27 byggnadsskyldigheten
373 1007 70 21 skulle
458 1007 122 21 utsträckas
596 1007 34 20 till
645 1007 131 26 lägenheter,
789 1012 45 15 som

91 1041 94 22 derifrän
201 1047 51 15 vore
268 1041 103 26 befriade,
386 1041 108 22 äfvensom
505 1041 34 21 till
550 1041 109 26 ätskillige
670 1040 164 27 näringsidkare

90 1076 13 21 å
117 1075 80 22 landet.

157 1110 113 21 Komitens
293 1109 81 26 förslag
396 1110 33 20 att
451 1111 70 20 staten
539 1109 70 22 skulle
628 1109 112 26 öfvertaga
755 1115 26 14 en
799 1108 34 21 del

90 1145 65 21 broar
176 1150 56 15 vann
248 1143 121 22 emellertid
383 1143 48 21 icke
446 1143 26 20 H.
488 1143 26 21 K.
531 1143 49 21 M:ts
595 1143 165 27 godkännande,
777 1149 54 14 eme-

91 1179 42 21 dan
156 1178 77 21 sädant
256 1177 77 27 ansägs
356 1177 84 21 komma
463 1179 32 19 att
517 1177 96 22 medföra
629 1177 72 21 alltför
717 1177 67 27 dryga
798 1178 36 19 ut-

93 1213 71 26 gifter,
181 1211 74 22 hvilka
269 1211 47 22 icke
331 1211 71 22 skulle
417 1211 6 20 i
439 1211 118 21 nämnvärd
571 1217 50 15 mon
636 1211 102 21 hetäckas
754 1211 23 21 af
785 1211 48 20 bro-

91 1247 123 27 afgifterna.

159 1281 44 20 Det
224 1280 87 27 förslag,
331 1285 46 16 som
392 1279 22 21 af
427 1280 128 27 regeringen
570 1279 34 21 till
620 1279 54 21 1867
690 1279 35 21 ärs
741 1279 92 21 Ständer

94 1315 179 23 Ofverlemnades,
300 1313 49 28 gick
369 1313 134 22 fördenskull
526 1313 180 26 hufvudsakligen
722 1313 66 26 derpä
804 1314 29 24 ut,

91 1351 33 19 att
141 1355 76 20 genom
232 1350 50 24 väg-
297 1347 40 21 och
352 1347 315 26 brobyggnadsskyldighetens
680 1346 154 21 utsträckande

91 1382 34 21 till
147 1381 129 21 industriela
295 1380 151 26 inrättningar,
462 1379 165 27 näringsidkare
641 1379 39 21 och
695 1379 68 26 nägra
778 1379 55 20 deri-

91 1416 48 22 från
160 1421 30 15 nu
213 1414 97 22 befriade
332 1413 125 29 lägenheter
479 1413 80 22 bereda
575 1412 143 28 jordegarene
738 1413 96 26 lindring

92 1451 51 21 deri.
174 1450 40 22 Om
241 1450 91 21 orsaken
358 1448 34 22 till
415 1450 32 20 att
469 1448 191 26 förhandlingarna
682 1448 37 20 vid
741 1447 92 21 nämnde

160 1496 125 18 Sammansatta
297 1496 44 22 Lag-
354 1495 30 17 och
396 1494 174 18 Ekonomiutskottets
581 1493 104 17 betänkande
696 1494 34 16 N:o
742 1493 17 17 9.
