1045 1709
804 122 14 22 5

91 185 68 27 jemte
177 184 260 28 terräng-förhållandena
459 187 31 20 ett
507 186 120 28 inflytande,
647 192 46 15 som
707 186 36 20 vid
758 185 87 26 anlägg-

93 220 78 26 ningen
194 220 46 20 icke
263 219 33 21 får
318 219 98 21 förbises.
446 220 37 20 Att
505 220 120 21 emellertid
642 220 8 20 i
667 220 48 20 vårt
733 219 51 21 land
802 219 43 21 till-

95 255 57 20 mäta
172 254 63 21 dessa
253 254 39 20 allt
310 253 34 21 för
362 255 46 20 stor
427 254 116 27 betydelse,
559 254 27 21 då
601 254 46 20 skäl
662 254 23 21 af
698 254 54 21 först
767 253 77 21 anförd

94 287 147 21 beskaffenhet
256 287 44 20 tala
314 287 34 20 för
364 293 26 15 en
406 288 43 20 viss
464 288 101 26 riktning,
581 293 49 15 vore
645 287 44 20 lika
705 287 79 26 oklokt,
799 293 45 14 som

94 322 33 19 att
141 321 53 20 söka
212 320 123 21 öfvervinna
354 321 74 21 alltför
448 321 63 21 svåra
529 321 172 26 terräng-hinder
716 321 33 20 för
764 320 81 27 uppnå-

94 355 64 21 endet
180 355 24 21 af
219 361 26 15 en
271 357 39 24 ort,
336 355 64 21 hvars
420 355 210 22 trafikförhållanden
651 355 48 22 icke
717 354 128 27 rättfärdiga

95 389 26 22 de
143 389 23 21 af
190 389 90 22 hindren
311 389 113 27 beroende,
455 390 68 21 ökade
553 389 291 28 anläggningskostnaderna.

93 423 40 22 Ett
148 423 121 27 sorgfälligt
289 423 118 28 afvägande
427 424 98 27 samtliga
540 424 159 21 bestämmande
715 423 130 26 omständig-

93 457 62 22 heter
170 458 91 21 emellan
275 459 40 20 bör
329 459 7 20 i
351 458 74 27 hvarje
440 459 102 21 särskildt
556 458 38 22 fall
604 459 57 26 gifva
671 458 100 27 utslaget,
782 457 62 22 hvar-

93 493 37 20 vid
148 493 121 26 naturligen
287 493 41 21 den
347 493 51 21 linie
416 493 40 20 bör
470 493 22 21 få
506 493 124 26 företrädet,
646 499 45 15 som
706 493 49 21 med
770 492 26 21 de
811 498 33 15 re-

94 527 62 21 lativt
170 527 79 21 minsta
268 527 285 27 anläggningskostnaderna
568 527 69 22 lofvar
652 527 41 21 den
708 528 79 20 största
801 528 44 19 tra-

93 561 157 22 fikinkomsten.

162 596 42 21 Vid
225 596 52 21 våra
298 596 84 21 härtills
405 596 70 27 bygda
495 597 114 26 jernvägar
630 596 33 21 ha
691 596 85 21 relativt
798 595 46 22 små

92 631 171 26 höjdskillnader
285 630 142 22 förekommit.
457 631 41 21 Till
513 630 53 27 följd
583 630 61 22 deraf
657 631 63 20 hafva
738 630 38 21 ock
785 630 59 27 jord-

93 665 102 22 arbetena
217 665 36 21 vid
276 665 47 21 dem
342 665 8 21 i
368 665 117 22 allmänhet
506 665 55 21 varit
583 665 103 26 måttliga.
718 665 126 21 Emellertid

93 701 149 26 representera
261 700 26 21 de
306 699 47 22 icke
374 699 123 28 obetydliga
514 700 119 27 procenttal
651 699 23 22 af
694 699 150 28 anläggnings-

93 734 150 21 kostnaderna.
275 734 41 21 Vid
339 734 32 21 S:t
386 734 275 27 Petersburg—Riihimäki
674 734 90 27 jernväg
774 733 71 28 uppgå

93 769 144 21 kostnaderna
255 769 34 21 för
306 769 153 27 jordarbetena
477 769 34 21 till
530 769 57 26 17,13
602 769 39 21 och
656 769 35 20 vid
706 763 139 27 Åbo—Tam-

93 803 252 22 merfors--Tavastehus
356 803 90 27 jernväg
455 804 34 21 till
505 803 56 26 19,63
576 805 88 25 procent
679 803 23 22 af
715 803 49 22 hela
778 803 66 28 bygg-

91 838 160 21 nadssumman.

161 872 29 21 Af
207 872 26 21 de
252 872 89 21 anförda
360 872 58 21 talen
437 872 100 27 framgår,
556 873 32 20 att
607 879 26 14 en
648 872 106 27 väsentlig
768 871 76 28 bespa-

93 907 47 26 ring
155 907 7 20 i
175 907 153 26 jernvägarnes
343 907 232 26 anläggningskostnad
589 907 40 20 bör
643 907 74 20 vinnas
735 907 7 20 i
753 906 39 21 och
809 912 36 21 ge-

92 947 50 15 nom
161 942 79 19 största
258 941 87 26 möjliga
364 941 114 21 reduktion
496 941 23 21 af
534 941 158 26 jordarbetena.
726 941 33 20 En
778 940 66 21 sådan

93 975 113 22 reduktion
221 975 39 21 har
275 975 54 22 dock
344 975 58 22 vissa
416 975 111 27 praktiska
543 977 95 25 gränser,
653 975 73 21 hvilka
736 975 46 21 icke
792 975 53 21 böra

93 1009 151 22 öfverskridas.
277 1010 70 21 Dessa
370 1011 89 26 gränser
476 1010 51 21 bero
546 1009 23 22 af
586 1009 101 22 trafikens
706 1009 93 27 anspråk
816 1009 28 27 pä

93 1043 99 28 billighet
206 1044 39 21 och
260 1044 24 21 af
297 1044 138 27 möjligheten
450 1045 33 20 till
499 1044 133 22 densammas
647 1044 127 27 utveckling,
790 1045 55 20 samt

92 1078 25 21 af
131 1078 25 21 de
171 1078 95 21 tekniskt
281 1079 149 21 konstruktiva
445 1079 69 21 vilkor
523 1079 125 21 materielen
658 1081 24 18 är
691 1078 152 21 underkastad.

161 1113 33 20 En
209 1113 62 26 bana,
291 1119 45 15 som
355 1113 64 26 högst
433 1113 48 21 litet
495 1113 82 22 afviker
591 1113 55 21 ifrän
661 1113 41 21 den
717 1115 47 19 räta
779 1113 65 20 linien

93 1147 41 21 och
148 1147 153 26 horizontalen,
320 1149 26 18 är
364 1147 34 21 för
418 1147 90 22 trafiken
527 1147 40 22 den
583 1149 158 25 gynsammaste
756 1147 39 21 och
809 1147 35 21 til-

93 1181 56 21 läter
163 1181 41 21 den
219 1181 86 21 relativt
320 1181 87 21 lättaste
423 1181 39 21 och
477 1182 96 21 enklaste
583 1182 131 21 materielen.
737 1181 27 21 Ju
775 1183 69 19 större

93 1215 118 21 afvikelsen
229 1215 48 26 blir,
293 1215 25 26 ju
337 1221 46 16 mer
401 1215 52 21 ökas
472 1216 143 21 kostnaderna
631 1216 38 21 och
684 1215 160 27 svärigheterna

93 1249 34 21 för
145 1249 96 26 trafiken,
261 1249 39 22 och
319 1249 8 21 i
346 1249 111 22 enahanda
475 1256 50 15 mon
543 1249 108 22 erfordras
670 1256 26 15 en
714 1251 76 26 tyngre
805 1249 39 22 och

93 1290 46 15 mer
160 1283 145 27 komplicerad
328 1283 104 22 materiel.
469 1284 82 21 Endast
574 1284 123 21 slättlandet
719 1285 25 20 är
766 1283 79 27 egnadt

93 1318 34 21 för
142 1317 66 22 banor
223 1317 23 22 af
259 1318 56 21 först
329 1318 80 27 antydd
424 1318 152 27 beskaffenhet,
592 1319 88 21 emedan
696 1318 62 21 deras
774 1318 70 21 ästad-

93 1351 126 22 kommande
239 1352 38 21 der
295 1353 24 19 är
336 1351 157 26 jemförelsevis
508 1351 46 26 lätt,
570 1351 111 21 hvaremot
695 1351 81 21 sädana
790 1351 8 21 i
813 1353 31 20 ett

93 1385 86 27 backigt
193 1385 50 21 land
262 1385 45 21 ofta
326 1385 71 22 blefve
416 1385 63 27 högst
497 1385 130 22 kostsamma
645 1385 40 21 och
702 1386 8 20 i
725 1387 32 20 ett
770 1385 74 27 bergs-

93 1421 51 21 land
162 1420 47 21 icke
228 1421 68 20 sällan
314 1420 108 27 omöjliga.
455 1421 11 20 I
484 1420 131 21 sistnämnda
633 1421 76 21 tvenne
725 1420 38 21 fall
778 1420 66 21 blifva

162 1456 92 32 Jernvägs-
258 1456 88 32 Utskottets
357 1460 104 18 betänkande
473 1460 34 17 N:o
519 1460 18 17 J.
