1042 1709
306 119 29 23 U.
350 119 28 25 B.
393 132 27 3 —
435 120 73 28 Prop.
523 120 46 23 N:o
585 120 35 23 26.
785 122 25 19 39

92 188 97 23 slutande
207 188 59 23 ledas
282 190 58 21 öfver
355 190 85 27 Kuopio
456 190 39 22 och
514 190 31 22 S:t
564 190 83 26 Michel,
663 190 68 21 skulle
754 192 83 20 väsent-

90 224 57 27 ligen
169 222 107 24 försväras
296 231 33 14 om
348 224 47 22 icke
412 224 45 22 helt
475 225 40 21 och
530 224 66 22 hället
619 224 102 28 afbrytas.
753 224 86 22 Sädana

91 258 137 27 olägenheter
242 258 71 22 kunde
328 258 46 21 icke
388 260 111 26 uppvägas
514 258 24 22 af
551 259 42 21 den
607 258 75 26 fördel,
698 266 46 14 som
754 266 26 14 en
791 259 47 21 kor-

91 294 46 20 tare
149 292 232 28 jernvägsförbindelse
395 293 90 22 emellan
500 300 65 14 norra
580 293 40 22 och
635 293 99 27 sydöstra
748 293 91 21 Finland

90 327 68 21 skulle
174 326 89 28 erbjuda
278 327 7 21 i
300 327 100 21 afseende
415 326 13 22 ä
442 327 90 22 trafiken
547 326 29 29 pä
591 327 112 28 Ryssland.

158 373 68 21 Innan
248 373 110 22 Utskottet
376 380 28 14 nu
423 372 39 28 gär
481 375 32 20 att
535 373 118 22 framställa
675 374 36 21 sitt
733 373 81 28 förslag
832 374 7 20 i

89 409 78 25 ämnet,
183 408 42 22 kan
241 408 36 22 det
299 415 52 14 vara
369 408 75 28 nödigt
462 410 31 20 att
512 408 105 28 redogöra
635 408 34 21 för
686 408 69 28 nägra
772 408 24 21 af
813 408 26 22 de

89 442 137 28 synpunkter,
245 442 48 22 från
312 442 72 22 hvilka
402 442 76 28 frågan
496 442 69 22 blifvit
584 442 119 22 betraktad.
734 443 40 21 Om
789 450 50 14 man

88 477 49 22 ville
155 478 59 21 mäta
232 477 142 21 bandelarnes
392 477 65 28 längd
477 478 39 21 och
535 478 69 21 nätets
622 478 148 27 utsträckning
786 477 53 22 efter

89 512 40 21 den
145 512 213 22 förhandenvarande
373 512 69 22 tidens
457 519 108 15 ressurser
579 512 39 21 och
629 512 96 28 utsigter,
737 512 24 22 så
771 512 68 22 skulle

88 546 113 22 maskorne
219 547 7 21 i
241 548 59 20 nätet
324 546 122 28 visserligen
468 547 47 21 icke
537 546 66 22 blifva
624 546 79 28 många
725 547 52 21 eller
795 546 45 22 vidt

88 581 112 22 utbredda.
236 581 42 21 Det
299 581 41 21 har
362 582 54 20 varit
440 581 117 21 Utskottets
579 581 64 28 afsigt
665 583 32 19 att
719 581 120 21 framställa

87 617 61 21 nätet
165 615 78 22 sådant
262 622 46 15 som
325 622 49 15 man
390 623 29 14 nu
434 616 70 21 kunde
519 616 67 21 önska
601 616 40 22 och
656 616 83 27 hoppas
755 617 32 20 att
801 615 37 23 nå-

88 658 41 20 gon
145 650 57 28 gång
217 658 22 14 se
255 650 37 22 det
306 650 159 28 förverkligadt.
496 650 77 22 Såvida
589 650 92 22 flertalet
696 651 24 21 af
734 650 25 22 de
769 650 68 26 linier,

88 685 72 22 hvilka
175 685 110 21 Utskottet
301 686 75 20 ämnar
391 684 85 28 föreslä,
492 686 57 20 ännu
563 685 47 22 icke
626 692 36 15 ens
677 685 70 22 blifvit
761 685 77 22 under-

88 721 68 26 sökta,
179 721 25 20 är
226 719 36 22 det
284 721 27 20 än
333 727 45 15 mer
400 720 74 28 troligt
492 721 32 20 att
543 720 114 22 framtiden
680 720 53 21 efter
755 727 83 14 vunnen

88 757 69 20 större
183 755 122 21 ertarenhet
332 755 40 21 och
393 754 115 22 inträffade
532 762 42 21 nya
598 754 161 28 konjunkturer,
785 755 54 21 skall

87 791 86 21 komma
188 791 32 20 att
234 790 7 20 i
256 788 108 29 ätskilliga
379 790 87 28 stycken
480 790 111 22 modifiera
606 790 108 28 förslaget,
731 797 48 15 men
795 790 44 22 det-

87 832 83 14 samma
187 824 61 22 torde
271 824 119 22 emellertid
408 832 40 20 ega
466 824 65 28 nägot
555 824 64 22 värde
645 824 40 22 och
710 823 129 23 ätminstone

86 860 98 22 medföra
202 859 40 23 den
261 860 112 27 praktiska
390 859 74 27 fördel,
485 861 32 20 att
532 867 49 15 man
600 859 34 22 för
649 859 26 22 de
695 867 29 13 nu
742 861 97 21 närmast

87 895 109 21 tilltänkta
211 894 183 29 anläggningarne
412 894 83 22 mindre
510 895 122 28 äfventyrar
647 902 26 14 en
688 894 150 29 banbyggnad,

87 937 46 14 som
155 929 113 23 framdeles
291 930 70 21 kunde
382 929 97 22 hefinnas
502 937 52 15 vara
577 937 24 14 en
628 928 94 30 opasslig
744 930 51 21 länk
817 930 24 21 af

88 964 35 22 det
138 964 55 22 hela.

156 1004 49 22 Med
224 1005 86 29 hänsigt
330 1005 70 22 dertill
415 1007 32 19 att
463 1006 96 21 Saimens
574 1005 49 22 vida
638 1005 39 21 och
693 1004 146 29 långsträckta

88 1041 151 27 vattensystem
258 1039 106 29 svårligen
378 1039 80 23 tillåter
474 1042 32 20 att
520 1040 163 28 sammanknyta
695 1041 144 27 jernvägarne

85 1074 29 29 pä
128 1074 107 23 hvardera
250 1075 61 22 sidan
331 1075 73 21 derom
419 1075 140 22 annorstädes
575 1076 27 20 än
617 1074 35 22 vid
667 1076 170 27 ändpunkterna,

85 1110 42 22 kan
143 1108 76 30 frägan
235 1117 34 15 om
285 1110 107 22 hvardera
407 1110 72 22 delens
494 1110 69 22 banor
573 1110 118 22 behandlas
701 1112 77 20 nästan
789 1110 48 22 obe-

85 1144 80 22 roende
184 1145 24 21 af
224 1145 128 21 hvarandra.
383 1145 43 22 Det
444 1145 89 27 vestliga
552 1145 40 21 och
607 1146 68 20 större
690 1144 149 22 landomrädet

87 1180 40 20 har
142 1180 7 20 i
164 1179 59 23 detta
238 1179 99 22 afseende
353 1187 25 14 en
394 1187 60 15 mera
468 1178 145 23 framstäende
628 1179 114 29 betydelse.
765 1180 73 28 Enligt

87 1214 119 22 Utskottets
222 1214 85 28 mening
322 1214 67 22 borde
403 1216 60 20 nätet
478 1214 111 22 derstädes
604 1214 69 22 bildas
689 1214 32 22 af:

159 1262 32 20 1:o
208 1260 40 22 den
263 1260 153 22 förutnämnda
431 1261 109 21 mellersta
554 1260 137 26 stambanan;

156 1302 33 20 2:o
209 1308 25 14 en
252 1300 58 22 bana
330 1300 79 29 dragen
428 1300 56 22 ifrån
504 1300 143 22 Tammerfors
665 1302 94 20 österom
777 1301 60 22 Näsi-

84 1335 57 27 järvi
156 1335 58 20 öfver
229 1335 85 27 Filpula
330 1336 44 20 fors
390 1336 39 20 och
445 1337 73 19 Keuru
534 1336 78 20 socken
627 1335 33 20 till
674 1336 70 20 Etseri
759 1336 78 26 kapell,

86 1369 86 21 hvarest
194 1368 64 22 linien
281 1369 68 21 skulle
370 1370 66 20 korsa
458 1370 41 21 den
521 1368 108 22 mellersta
652 1369 127 21 stambanan
798 1370 39 20 och

87 1402 109 23 hvarifrän
212 1402 40 22 den
270 1403 124 28 ytterligare
413 1403 68 22 skulle
500 1403 59 22 ledas
574 1404 76 21 norrut
664 1403 56 21 förbi
735 1404 103 27 Kivijärvi

88 1438 31 28 sjö
142 1438 40 22 och
204 1437 58 23 öfver
285 1438 128 22 Kärsämäki
436 1438 78 22 socken
533 1438 32 23 till
583 1438 68 22 Niska
669 1438 44 22 fors
731 1438 35 22 vid
784 1438 55 22 Uleä

156 1485 183 23 Jernvägs-Utskottets
351 1486 107 18 betänkande.
