1053 1709
333 110 22 23 U.
373 110 22 22 B.
412 122 25 4 —
454 111 64 28 Prop.
535 111 38 23 N:o
589 111 38 23 30.
812 114 11 19 5

107 173 69 23 thaler
198 175 46 21 icke
260 176 159 22 underkastade
434 177 69 21 denna
518 177 142 27 beskattning.
686 177 10 21 I
711 172 110 27 Österrike
830 179 23 20 är

108 209 46 22 åter
168 210 7 20 i
191 209 115 23 allmänhet
322 212 40 20 600
377 211 85 22 floriner
477 212 182 26 gränsskilnaden.

174 244 41 21 För
231 244 62 28 öfrigt
308 246 69 20 måste
391 246 36 20 vid
441 246 144 21 bedömandet
599 246 23 21 af
634 246 152 27 lämpligheten
802 246 51 22 eller

107 278 164 27 olämpligheten
287 279 22 21 af
322 279 160 27 ifrågavarande
497 280 203 26 beskattningsform
715 280 32 22 för
758 282 32 20 ett
799 280 54 21 visst

106 312 50 22 land
178 312 7 21 i
199 313 142 21 betraktande
361 316 67 24 tagas,
443 314 56 21 huru
515 314 275 27 egendomsförhållandena
805 315 47 21 der-

107 347 72 21 städes
202 348 104 26 gestaltat
321 348 38 27 sig.
389 348 68 22 Bland
473 349 66 21 andra
554 349 138 27 olägenheter
707 356 45 14 som
767 349 36 21 vid
818 349 34 21 til-

106 381 136 27 lämpningen
257 382 85 22 vidlåda
356 382 180 23 inkomstskatten
552 386 23 19 är
591 384 47 26 den,
655 390 46 15 som
711 384 74 21 härrör
794 383 60 22 deraf

107 418 32 19 att
154 417 69 21 denna
237 417 204 27 beskattningsform
456 418 31 21 till
498 419 32 21 sin
541 420 63 20 natur
615 421 23 19 är
645 419 151 27 inqvisitorisk,
805 419 47 21 icke

107 451 40 21 den
166 451 84 21 minsta.
281 451 41 21 För
337 453 32 19 att
384 452 49 21 med
448 452 47 22 skäl
510 453 72 21 kunna
596 453 71 21 lemna
682 454 69 20 denna
766 453 41 21 och
822 452 30 22 öf-

105 485 46 27 riga
166 485 139 27 olägenheter
320 488 52 19 utan
387 486 106 27 afseende,
509 487 82 21 fordras
603 487 155 27 otvifvelaktigt
769 489 32 19 att
810 487 42 21 för-

107 519 85 22 delarne
208 519 21 21 af
245 520 138 22 omförmälda
398 521 58 21 skatt
471 524 36 19 äro
523 522 7 20 i
545 522 24 21 så
583 522 85 27 mycket
681 522 66 27 högre
757 522 54 27 grad
821 522 30 21 öf-

105 554 140 26 vervägande,
262 555 41 21 och
321 561 26 15 en
363 555 22 21 af
397 556 26 21 de
438 555 117 23 förnämsta
570 556 22 21 af
605 563 26 15 en
646 557 149 26 beskattnings
810 556 42 21 för-

106 588 59 21 delar
180 588 68 27 ligger
262 589 35 21 väl
313 589 51 27 deri,
379 591 32 19 att
427 590 122 22 densamma
563 592 52 20 utan
631 592 32 20 att
677 597 51 15 vara
735 590 117 28 tryckande

106 622 55 22 dock
169 625 21 19 är
199 623 8 21 i
215 623 132 27 betydligare
358 624 53 26 grad
419 624 215 28 inkomstbringande.
657 626 50 21 Men
717 626 5 20 i
732 625 100 21 afseende
840 624 13 22 å

105 656 181 23 inkomstskatten
293 658 64 21 beror
365 658 110 22 dettaicke
482 662 83 19 ensamt
569 659 23 21 af
598 660 37 21 det
640 661 69 20 större
715 660 52 21 eller
772 659 81 21 mindre

105 692 84 26 belopp,
198 692 85 21 hvartill
298 692 95 22 national
408 693 172 27 förmögenheten
594 694 88 27 uppgår,
691 696 52 19 utan
751 694 101 21 väsentli-

105 732 40 22 gen
154 726 61 22 äfven
231 726 65 27 deraf,
307 727 55 21 huru
371 728 69 21 denna
448 728 147 27 förmögenhet
603 730 24 20 är
633 728 104 22 fördelad.
759 728 93 22 Medani

105 761 103 27 England,
223 761 88 22 hvarest
318 762 123 22 rikedomen
450 762 40 22 och
498 762 174 28 förmögenheten
680 765 35 19 äro
722 762 132 28 jemförelse-

104 795 31 22 vis
141 796 69 20 starkt
217 796 175 27 koncentrerade,
399 803 26 15 en
432 797 154 22 inkomstskatt
594 797 23 21 af
624 798 39 26 11/,
670 799 89 25 procent
767 798 24 20 är
799 799 54 19 1873

104 832 84 20 —1874
195 830 98 28 inbragte
304 831 97 27 omkring
410 833 39 19 142
458 832 103 21 millioner
568 832 66 26 mark,
643 832 40 21 har
690 838 49 15 man
747 832 105 21 beräknat

105 867 66 20 atten
187 866 57 26 dylik
259 866 60 21 skatt
333 866 28 26 pä
377 872 80 16 samma
464 867 212 26 vilkor
535 862 10 35 i
555 867 121 26 Frankrike,
685 867 63 21 hvars
756 867 97 21 national

104 899 147 27 förmögenhet
273 900 47 22 icke
343 906 62 16 anses
420 895 51 27 vara
486 901 81 21 mindre
583 901 67 21 ehuru
666 901 40 21 den
722 904 23 18 är
758 902 96 26 jemnare

105 934 103 26 fördelad,
229 935 68 21 skulle
312 935 71 21 lemna
398 942 26 14 en
438 936 94 21 inkomst
547 935 23 22 af
582 936 64 26 högst
662 938 25 18 50
702 936 111 21 millioner.
842 935 11 21 I

104 968 90 21 Finland
217 968 38 22 der
277 969 94 21 national
390 968 175 28 förmögenheten
582 969 153 28 jemförelsevis
752 972 25 19 är
791 970 61 26 ringa

106 1003 39 21 och
161 1003 131 27 egendomen
307 1003 104 22 likaledes
426 1004 7 21 i
447 1004 43 27 hög
505 1004 53 27 grad
572 1004 103 27 fördelad,
691 1011 62 21 synes
770 1004 83 22 derföre

105 1038 70 27 någon
198 1038 107 27 synnerlig
327 1038 94 22 inkomst
442 1045 75 21 genom
536 1039 69 21 denna
620 1039 58 21 skatt
692 1039 48 22 icke
755 1046 52 15 vara
822 1040 32 20 att

104 1073 102 27 påräkna.

172 1107 63 22 Hvad
257 1108 104 21 särskildt
382 1108 127 27 nugällande
527 1108 203 27 bevillningsstadga
745 1108 107 27 beträffar,

105 1148 63 22 synes
184 1142 130 27 stadgandet
329 1143 72 21 derom
417 1144 32 20 att
464 1143 41 21 den
523 1143 167 27 skattskyldiges
706 1150 53 20 egen
769 1143 84 27 uppgift

106 1177 55 21 skall
176 1178 77 26 utgöra
267 1177 98 27 grunden
379 1176 32 22 för
425 1177 172 21 bestämmandet
611 1177 23 21 af
640 1177 41 21 den
691 1184 52 15 rena
752 1178 100 26 inkomst,

104 1210 86 22 hvarför
211 1211 115 27 bevillning
345 1211 40 21 bör
403 1211 104 27 erläggas,
523 1212 52 20 utan
590 1211 102 27 rättighet
707 1210 33 23 för
755 1212 27 20 de
795 1214 57 19 taxe-

105 1246 67 21 rande
194 1247 32 19 att
241 1246 7 21 i
262 1245 123 22 hänseende
401 1246 32 21 till
449 1246 66 21 andra
530 1248 26 19 än
571 1246 176 27 tjenstemännen,
763 1247 90 21 rörande

105 1280 83 21 hvilkas
203 1279 156 22 löneförmäner
373 1280 128 27 upplysning
515 1280 35 22 vid
566 1286 77 15 ansvar
652 1280 40 22 bör
703 1280 108 27 aflemnas,
821 1280 32 22 in-

105 1314 71 22 fordra
190 1314 67 28 några
271 1314 112 28 uppgifter,
399 1314 48 22 icke
462 1322 51 15 vara
523 1315 134 27 synnerligen
668 1315 79 27 egnadt
756 1317 33 19 att
798 1315 56 21 före-

105 1348 86 21 komma
206 1348 108 27 ojemnhet
328 1349 8 20 i
350 1348 170 27 beskattningen.
545 1349 113 21 Utskottet
667 1349 40 21 har
716 1349 48 21 icke
775 1348 79 22 under-

105 1382 53 21 känt
174 1382 40 21 den
229 1383 79 21 vackra
323 1382 140 27 uppfattning,
481 1389 44 15 som
541 1382 68 27 ligger
619 1382 32 21 till
662 1382 68 27 grund
740 1382 33 22 för
784 1389 25 15 en
818 1383 34 21 så-

107 1416 41 22 dan
162 1417 31 21 till
204 1416 38 22 den
255 1417 167 27 skattskyldiges
432 1417 154 21 hederskänsla
596 1417 106 27 vädjande
711 1417 141 27 bestämning,

174 1460 204 24 Bevillningsutskottets
393 1460 112 18 betänkande
519 1460 36 19 N:o
570 1459 19 19 3.
