1067 1706
257 151 26 21 14
421 149 80 23 Ständ.
516 149 37 23 Sv.
570 163 26 3 —
611 150 70 28 Prop.
696 150 40 22 N:o
751 149 35 23 32.

227 219 37 21 har
285 216 84 23 Eders
391 217 118 29 Majestät
529 217 70 23 funnit
620 218 49 28 godt
688 217 22 22 af
727 218 104 21 allmänna
845 216 119 22 statsmedel

226 252 77 29 bevilja
325 254 30 20 ett
371 252 70 28 anslag
458 252 7 21 i
485 254 30 20 ett
532 251 31 23 för
578 252 37 22 allt
629 252 23 22 af
664 252 91 26 200,000
769 252 65 25 mark,
849 250 115 30 hvarjemte

226 287 84 22 Eders
325 286 124 28 Majestät
463 287 56 21 velat
533 286 69 22 lemna
617 286 116 22 Ständerna
748 286 34 22 del
791 286 23 21 af
824 286 141 22 folkskollära-

226 329 59 14 renes
307 320 118 22 förberörda
447 320 156 30 framställning,
624 320 32 22 för
677 320 40 22 den
734 320 99 22 händelse
848 320 117 22 Ständerna

226 356 61 22 äfven
309 354 32 23 för
363 355 32 21 sin
417 354 34 22 del
470 355 49 22 ville
533 355 32 22 uti
580 355 68 21 denna
662 354 78 29 vigtiga
754 354 37 22 sak
806 354 26 30 på
846 354 62 29 något
924 356 41 20 sätt

225 390 118 22 medverka.

291 423 44 23 Vid
345 423 151 28 öfvervägande
506 423 24 21 af
537 423 123 22 sistberörda
669 422 153 29 framställning
831 422 63 22 hafva
904 422 60 22 Stän-

225 458 64 21 derna
306 457 47 22 icke
370 457 82 22 kunnat
473 457 70 29 undgå
557 459 30 20 att
601 457 93 28 behjerta
708 457 194 22 folkskollärarenes
917 456 47 22 ifrå-

224 492 117 29 gavarande
365 492 99 28 begäran;
485 492 52 21 dock
559 500 60 20 synes
641 491 95 29 billighet
758 492 39 21 och
821 491 87 22 rättvisa
925 491 39 22 for-

225 527 36 21 dra
279 528 31 20 att
332 526 40 21 den
386 526 121 21 tillämnade
521 526 172 28 pensionskassan
707 525 76 22 blifver
797 533 119 21 gemensam
932 525 33 22 för

224 561 65 21 enkor
310 561 39 21 och
370 561 51 20 barn
437 560 52 22 efter
503 560 96 29 samtliga
612 560 157 22 folkskollärare
784 560 8 21 i
806 560 77 27 landet,
898 560 67 22 antin-

225 603 40 20 gen
280 595 26 21 de
321 594 118 29 tjenstgjort
452 594 8 21 i
475 595 45 21 stad
535 595 50 21 eller
598 594 27 29 på
639 595 147 28 landsbygden.

288 629 13 20 I
314 628 135 22 betraktande
463 628 62 22 häraf
536 628 63 22 hafva
614 628 117 23 Ständerna
745 629 85 21 beslutit

356 671 33 18 att
407 669 64 20 anslå
485 669 77 25 50,000
576 668 62 21 mark
659 671 33 18 att
707 669 70 20 under
792 669 71 26 loppet
878 668 29 27 af
915 668 46 27 fem

289 703 27 20 år
336 702 48 21 med
399 703 74 23 10,000
495 703 62 20 mark
579 703 84 28 årligen
683 703 52 27 utgå
749 703 70 20 såsom
834 702 78 28 bidrag
927 703 36 21 till

291 744 25 13 en
334 737 167 27 pensionskassa
517 737 22 20 ät
549 736 182 27 folkskollärares
750 736 65 21 enkor
834 736 37 21 och
886 736 55 21 barn
956 737 8 20 i

290 771 51 20 stad
356 770 37 21 och
404 771 32 27 pä
452 771 78 21 landet.
860 776 7 7 N

288 845 35 21 De
345 845 71 28 anslag
436 845 32 22 för
488 845 200 22 folkskolväsendets
703 845 8 21 i
725 845 72 21 landet
813 844 147 29 befrämjande,

222 879 72 22 hvilka
309 879 116 22 Ständerna
440 879 7 22 i
462 879 35 22 det
511 879 122 29 föregäende
647 879 92 29 beviljat,
755 884 35 17 äro
804 879 90 22 säledes:

288 936 84 28 Anslag
383 936 41 27 för
434 937 348 27 folkskollärareseminarierna
773 932 15 36 i
791 936 37 28 Jy-
851 932 9 36 —
867 936 56 17 Mark.

437 971 95 29 väskylä,
547 972 86 20 Ekenäs
653 971 36 21 och
704 970 122 28 Nykarleby

437 1006 160 28 sammanlagdt
606 1007 93 24 222,120
713 1005 62 21 mark
785 1004 41 28 för

437 1040 47 21 året
499 1040 52 21 eller.
560 1040 41 28 för
611 1039 47 28 fem
673 1040 26 21 är
713 1040 78 21 inalles
821 1056 4 4 .
844 1040 118 25 1,110,600.

326 1082 8 11 »
408 1082 8 10 >
438 1074 153 27 folkskolorna
605 1074 8 20 i
629 1074 72 21 landet
721 1092 1 3 .
752 1090 4 4 .
787 1092 4 3 .
822 1092 3 3 .
845 1074 116 26 1,950,000.

326 1117 8 10 »
408 1116 8 10 >
441 1108 40 20 den
495 1108 30 26 af
539 1108 209 28 bevillningsmedlen
765 1109 63 27 utgä-

439 1142 51 21 ende
511 1142 90 21 andelen
623 1143 9 19 i
651 1142 175 28 öfverstyrelsens

433 1176 42 27 för
481 1176 144 21 skolväsendet
633 1178 44 19 stat
685 1177 76 24 11,000
766 1176 61 21 mark

440 1211 84 27 årligen
539 1210 52 21 eller
601 1210 41 27 för
653 1210 47 27 fem
715 1210 40 20 år.
785 1226 5 4 .
820 1226 4 4 .
856 1206 12 36 =
877 1211 84 25 55,000.

325 1252 8 10 »
393 1244 34 20 till
441 1245 162 19 resekostnader
619 1244 42 27 för
682 1244 145 27 öfverinspek-

438 1280 48 18 torn
496 1278 42 25 för
551 1278 153 26 folkskolorna
721 1278 36 20 och
772 1278 54 20 hans

438 1311 84 22 biträde
529 1314 55 19 samt
588 1311 42 28 för
633 1311 193 28 folkskoleinspek-

439 1348 84 20 torerne
541 1363 5 4 .
577 1362 247 5 «R
877 1347 83 26 60,000.

325 1390 9 10 »
407 1389 8 11 »
435 1380 136 28 förhöjande
585 1381 30 27 af
626 1382 89 20 lönerna
729 1382 24 20 ät
768 1382 57 20 lära-

437 1416 149 27 repersonalen
610 1416 35 20 vid
669 1416 156 21 seminarierna

438 1450 38 21 och
482 1450 168 28 folkskolorna
650 1446 15 36 .
683 1467 2 4 .
715 1465 5 4 .
751 1467 3 4 .
786 1465 4 4 .
820 1466 4 4 .
877 1451 83 26 50,000.
