1042 1706
737 90 5 8 .

243 121 13 21 6
431 120 28 22 U.
475 120 27 22 B.
518 132 27 4 —
560 120 75 28 Prop.
650 120 46 22 N:o
712 120 36 22 26.

215 187 129 28 Gynsamma
359 186 212 23 naturförhällanden
587 187 90 21 verkade
688 189 32 19 att
731 189 70 19 staten
811 194 76 20 genom
897 187 65 27 bygg-

214 221 70 21 naden
299 222 25 20 af
337 221 71 21 Saima
427 221 64 21 kanal
506 222 40 20 och
561 221 51 21 flere
628 222 86 21 dermed
728 222 7 20 i
751 222 154 26 sammanhang
920 220 43 22 stä-

214 255 54 21 ende
286 255 298 22 kommunikationsanstalter
602 256 55 20 först
679 254 111 22 förmädde
812 256 48 20 med
878 255 86 21 relativt

214 289 83 21 mindre
318 289 148 28 uppoffringar
488 289 80 22 bereda
586 288 22 22 ät
626 290 49 21 hela
693 291 59 19 östra
774 290 92 21 Finland
884 289 79 22 oskatt-

215 324 53 20 bara
283 324 100 21 fördelar.
414 324 71 21 Sedan
497 324 202 27 jernvägsintresset
713 324 90 27 började
819 326 32 19 att
865 325 53 27 göra
932 323 32 27 sig

214 357 106 28 gällande,
340 365 38 14 var
396 358 36 22 det
450 358 46 21 icke
514 358 92 21 allenast
620 358 104 26 naturligt
738 360 53 19 utan
806 358 61 21 äfven
882 358 33 21 tör
931 364 33 14 sa-

214 392 52 22 kens
280 391 114 29 framgäng
414 392 137 27 nödvändigt,
571 394 32 18 att
618 392 26 21 de
659 392 68 22 första
739 392 143 27 jernvägarne
896 391 68 22 skulle

215 426 102 28 anläggas
332 428 8 19 i
358 426 65 22 södra
441 426 97 26 Finland,
555 426 37 22 der
610 433 49 14 man
674 426 33 21 till
722 426 53 28 följd
790 427 25 20 af
827 427 68 20 större
910 426 54 22 folk-

214 462 76 25 täthet,
305 468 60 14 mera
383 461 141 22 framskriden
544 461 72 28 odling
635 461 40 21 och
690 461 68 22 andra
773 460 28 28 pä
816 461 65 21 saken
895 461 69 22 inver-

213 495 71 22 kande
298 494 150 23 förhällanden
463 496 56 21 hade
534 497 32 19 att
580 497 68 20 motse
662 495 83 22 mindre
760 495 149 28 uppoffringar
925 496 40 21 och

215 530 71 21 kunde
300 529 97 28 päräkna
412 537 59 14 mera
488 530 105 21 intensiva
608 529 127 28 verkningar
750 529 41 21 och
806 528 83 23 säledes
903 530 62 21 äfven

215 571 59 15 mera
289 564 73 28 styrka
377 564 33 21 för
425 567 33 18 att
472 565 101 21 fortsätta
585 563 262 29 jernvägsbyggnaderna.

283 599 45 20 När
347 605 49 14 man
415 597 24 22 sä
458 599 85 21 förfarit
562 599 39 20 och
621 598 48 21 med
687 599 86 27 hänsigt
791 598 33 21 till
838 598 72 22 lokala
925 599 40 21 och

215 632 77 29 många
308 633 68 21 andra
391 633 69 21 vilkor
478 633 40 21 och
535 633 180 26 omständigheter
730 632 106 21 härintills
851 633 46 21 icke
912 633 52 21 kun-

214 669 38 20 nat
267 668 53 27 göra
335 662 138 27 Österbotten
489 667 103 27 delaktigt
607 667 24 21 af
643 666 68 28 nägra
726 667 149 22 motsvarande
885 666 79 22 förmä-

215 708 45 19 ner,
276 701 25 22 sä
318 702 41 21 har
378 701 69 22 denna
464 702 87 27 provins
570 701 54 22 efter
642 701 121 22 Utskottets
781 701 138 28 uppfattning
934 703 31 20 ett

216 735 134 29 obestridligt
366 735 92 28 anspräk
473 738 32 19 att
520 743 28 14 nu
564 736 66 21 blifva
644 736 32 21 uti
691 736 93 21 nämnda
795 736 99 21 afseende
904 735 61 29 ihäg-

214 771 105 26 kommen,
336 770 68 23 sävidt
420 771 58 22 detta
493 771 46 21 icke
555 770 97 29 päkallar
667 771 131 22 öfverdrifna
808 770 156 29 uppoffringar,

215 805 92 28 menliga
328 806 52 21 eller
403 805 141 29 äfventyrliga
565 806 34 22 för
619 805 36 22 det
672 806 60 21 helas
754 805 152 23 lefnadsvilkor
924 807 40 21 och

214 839 64 22 säkra
292 839 200 23 framätskridande.

282 874 73 28 Enligt
374 874 119 22 Utskottets
513 875 64 21 tanke
596 875 67 28 gäller
681 875 36 21 det
735 877 32 19 att
781 875 59 22 finna
855 882 25 15 en
895 874 68 23 banli-

214 908 40 25 nie,
274 915 46 15 som
339 909 53 22 efter
410 909 137 28 möjligheten
566 909 42 22 kan
626 909 113 27 tillgodose
760 909 145 28 nyssnämnda
926 916 38 15 an-

215 941 71 28 spräk,
305 943 40 21 och
364 943 69 22 tillika
448 945 77 26 utgöra
541 951 25 14 en
581 943 51 22 länk
646 943 31 22 uti
691 943 50 22 hela
755 943 127 28 komplexen
897 943 24 22 af
934 945 31 20 ett

214 977 128 21 välordnadt
357 977 140 29 jernvägsnät
514 978 8 21 i
541 978 73 21 landet
631 980 56 19 samt
701 978 109 21 dessutom
825 978 76 32 blifver
916 978 48 21 dra-

214 1018 40 21 gen
274 1019 76 20 genom
368 1019 26 14 en
412 1012 103 26 landsdel,
535 1013 85 20 hvarest
637 1012 109 28 naturliga
764 1019 107 15 ressurser
892 1013 73 22 kunna

215 1044 69 23 tillåta
306 1046 114 27 idogheten
440 1054 25 14 en
484 1046 107 22 snabbare
610 1047 39 20 och
667 1047 89 21 raskare
777 1047 128 28 utveckling,
924 1047 40 21 och

214 1087 46 15 som
275 1080 112 27 sluteligen
402 1081 63 22 äfven
482 1081 83 21 lemnar
579 1081 67 21 redan
661 1081 7 21 i
683 1081 143 27 begynnelsen
841 1080 72 29 nägon
927 1088 38 15 an-

214 1114 67 28 taglig
296 1115 86 26 garanti
398 1115 90 26 derföre,
504 1117 33 19 att
551 1115 151 28 anläggnings-
713 1115 40 22 och
769 1115 195 22 driftkostnaderna

213 1149 47 20 icke
280 1149 97 21 erfordra
395 1149 60 26 otfer,
475 1157 45 14 som
539 1149 18 28 ej
574 1151 107 20 motsvara
703 1148 123 23 ändamälet
841 1150 40 21 och
899 1150 66 21 blifva

214 1182 34 22 för
263 1183 73 21 landet
350 1183 73 22 alltför
438 1183 141 28 betungande.

282 1215 34 22 Dä
331 1217 36 21 det
382 1217 6 20 i
403 1217 30 21 all
447 1217 101 22 händelse
563 1217 46 22 icke
624 1217 75 22 blifver
714 1217 84 28 möjligt
813 1220 32 19 att
859 1225 57 20 noga
929 1218 36 21 be-

214 1251 69 20 räkna
298 1250 26 21 de
342 1250 121 21 financiella
482 1251 184 27 konjunkturerna
680 1251 34 20 för
730 1252 41 20 den
786 1251 99 26 banlinie,
901 1253 64 20 hvars

214 1283 113 28 byggande
345 1284 7 20 i
368 1283 40 22 den
428 1286 109 19 närmaste
554 1284 115 21 framtiden
691 1285 107 20 Utskottet
815 1285 43 20 kan
880 1285 85 22 komma

214 1320 32 19 att
260 1317 86 26 föreslå,
362 1318 39 21 och
418 1317 28 22 då
461 1319 35 20 det
511 1318 68 28 ligger
594 1319 57 20 inom
667 1318 148 29 möjlighetens
831 1318 87 23 område
933 1322 31 19 att

214 1353 91 22 trafiken
320 1351 30 30 pä
365 1352 123 22 densamma
506 1353 33 21 till
555 1360 26 15 en
595 1353 77 28 början
687 1353 46 22 icke
749 1361 37 14 ens
801 1353 48 22 fullt
863 1354 102 23 betäcker

215 1387 65 28 nödig
295 1389 84 20 remont
394 1388 39 21 och
449 1388 180 21 omkostnaderna
643 1388 34 21 för
691 1389 102 26 rörelsen,
804 1395 63 16 anser
877 1389 88 22 Utskot-

214 1424 32 20 tet
260 1423 32 27 sig
307 1423 54 21 böra
375 1423 40 21 här
429 1423 8 20 i
452 1425 30 19 ett
497 1423 154 28 sammanhang
666 1423 120 22 framställa
801 1431 26 15 en
842 1423 47 22 sida
899 1424 25 22 af
932 1431 33 15 sa-

284 1463 181 22 Jernvägs-Utskottets
476 1464 108 17 betänkande.
