1048 1709
436 128 28 17 :0
481 122 50 23 25.
807 123 13 21 9

99 192 71 20 mälan
193 191 64 27 skett,
280 192 122 21 densamma
425 192 101 26 godkänt.
556 192 63 20 Bevis
639 192 75 20 härom
734 192 39 20 bör
792 191 57 21 inom

100 225 46 21 åtta
162 226 66 25 dagar
244 225 54 21 efter
312 225 116 27 behörigen
444 226 62 26 gjord
521 226 98 20 anmälan
635 226 104 20 utfärdas.

451 287 46 26 Sa

171 325 41 22 Till
234 326 139 21 bedrifvande
392 326 22 21 af
431 326 140 27 näringsyrke
591 326 27 26 pä
636 326 36 20 det
688 327 49 25 sätt,
754 331 46 15 som
815 325 7 21 i
837 325 12 27 $

100 361 12 19 2
129 361 24 19 är
168 360 92 26 anfördt,
276 366 50 15 vare
342 359 39 21 ock
396 360 77 26 laggift
487 360 77 21 hustru
580 362 55 19 samt
651 360 99 26 omyndig
760 359 89 21 berätti-

100 394 48 26 gad,
173 393 89 21 säframt
283 394 36 20 vid
342 394 97 20 anmälan
459 395 92 25 utredes,
569 396 32 19 att
615 394 102 20 hustruns
733 399 49 15 man
797 392 52 22 eller

101 428 41 20 den
165 428 123 26 omyndiges
308 428 103 21 mälsman
428 428 76 21 sädant
519 427 81 22 tilläter
616 427 39 21 och
670 429 33 19 att
717 427 42 21 han
775 432 74 16 ansva-

100 468 36 14 rar
151 461 33 21 för
200 462 26 20 de
241 461 149 27 förbindelser,
406 468 46 14 som
465 462 7 20 i
484 462 38 21 och
533 461 33 21 för
577 462 95 21 rörelsen
682 462 72 20 kunna
765 461 84 21 komma

101 497 32 19 att
148 496 68 26 ingäs.

171 530 44 20 Vill
238 530 54 20 enka
314 530 52 20 eller
388 530 201 26 sterbhusdelägare
604 529 101 21 fortsätta
720 528 78 22 afliden
813 530 36 19 nä-

100 564 147 26 ringsidkares
262 564 88 25 rörelse,
366 566 51 24 göre
433 564 73 20 derom
522 564 103 25 anmälan,
642 563 70 21 säsom
723 564 7 19 i
741 563 10 27 $
763 564 12 20 2
787 562 62 26 sagdt

102 600 30 24 är,
156 598 38 20 och
217 598 101 26 uppgifve
340 598 70 20 tillika
429 598 60 20 hvem
505 598 96 20 rörelsen
616 598 81 20 förestä
713 597 61 21 skall.
805 596 45 26 Lag

102 637 81 15 samma
206 637 55 20 vare,
286 638 33 14 om
341 632 32 20 uti
396 631 80 21 afträdt
495 632 26 20 bo
541 632 112 26 gäldenärs
672 630 78 22 idkade
769 630 81 21 rörelse

102 665 112 21 fortsättes
236 665 34 21 för
291 665 213 26 fordringsägarenes
523 665 96 26 räkning,
637 665 51 21 eller
704 670 33 15 om
753 664 96 26 närings-

102 699 75 21 idkare
200 698 70 22 blifvit
292 698 65 22 ställd
379 699 68 20 under
469 699 136 26 förmyndare
628 699 39 20 och
683 699 67 20 denne
765 698 37 20 vill
818 699 33 19 att

102 734 116 26 näringens
240 732 139 22 bedrifvande
402 732 54 21 skall
480 732 33 21 för
529 732 147 27 myndlingens
691 732 92 26 räkning
798 731 53 21 fort-

102 766 56 27 fara;
177 767 95 21 börande
290 767 7 20 i
316 767 134 21 sistnämnda
464 766 37 21 fall
514 766 79 26 jemväl
609 766 86 21 utredas
711 768 33 19 att
758 766 93 26 förmyn-

102 801 66 21 daren
184 800 33 21 för
232 800 170 27 uppkommande
418 800 142 22 förbindelser
575 806 108 15 ansvarar.

174 831 126 30 Öfvertager
318 835 70 26 nägon
407 835 28 26 pä
454 835 90 20 arrende
560 834 33 21 för
608 834 87 21 kortare
711 834 51 21 eller
777 834 76 27 längre

103 870 32 20 tid
151 870 40 20 den
207 870 87 24 rörelse,
310 875 69 15 annan
395 868 96 26 inrättat,
509 875 48 15 vare
568 868 103 22 likaledes
683 868 84 27 skyldig
779 868 73 21 derom

102 905 53 24 göra
170 903 104 20 anmälan.

454 930 46 26 84.

174 970 47 21 Den
236 970 109 26 rättighet,
362 976 45 14 som
422 970 8 20 i
445 970 11 26 $
479 971 5 19 2
501 970 142 22 omförmäles,
655 970 129 20 tillkommer
795 970 56 21 icke:

103 1004 160 26 uppbördsman
279 1004 51 21 eller
346 1004 115 21 förvaltare
476 1004 23 20 af
513 1004 106 20 allmänna
635 1004 75 26 medel,
727 1003 62 21 fiskal
801 1004 51 21 eller

102 1044 70 15 annan
195 1038 78 21 allmän
292 1038 106 26 äklagare,
418 1038 128 26 tjensteman
563 1038 38 20 och
617 1038 82 26 betjent
714 1038 35 20 vid
764 1038 89 20 tullver-

102 1072 38 21 ket
162 1072 52 21 eller
236 1072 180 27 polisinrättning,
437 1072 18 26 ej
474 1072 67 21 heller
557 1072 62 21 dessa
634 1078 113 20 personers
764 1072 89 21 hustrur

103 1106 52 21 eller
170 1106 113 26 omyndiga
298 1106 60 21 barn.

452 1134 11 27 8
480 1136 18 20 5.

173 1173 43 21 För
237 1174 116 21 utöfvande
376 1174 22 22 af
419 1173 69 27 lofligt
510 1174 140 27 näringsyrke
668 1176 51 19 utan
739 1176 65 20 annat
819 1180 34 16 ar-

102 1207 133 21 betsbiträde
250 1209 27 19 än
292 1208 77 20 hustru
385 1208 39 20 och
440 1208 115 26 omyndiga
569 1208 53 21 barn
639 1208 38 21 och
693 1210 52 19 utan
760 1210 32 19 att
806 1208 47 21 der-

102 1241 36 21 vid
161 1241 97 26 salubod,
278 1242 78 20 kontor
372 1238 51 25 eller
439 1242 103 20 särskildt
557 1242 202 27 försäljningsställe
774 1242 79 26 begag-

102 1280 46 20 nas,
171 1274 108 22 erfordras
301 1275 47 21 icke
364 1276 40 20 den
419 1276 7 20 i
442 1275 11 27 $
469 1277 13 19 2
497 1276 131 21 föreskrifna
643 1276 104 21 anmälan.
777 1276 76 21 Denna

103 1308 104 27 rättighet
229 1308 33 22 till
281 1308 176 28 sjelfförsörjning
472 1310 131 21 tillkommer
618 1315 26 15 en
659 1310 58 26 hvar,
734 1310 61 21 äfven
812 1310 41 21 den

103 1348 46 14 som
171 1342 47 20 icke
240 1344 25 18 är
287 1342 120 27 välfräjdad
429 1343 53 21 eller
500 1344 47 20 icke
563 1344 63 20 råder
641 1344 60 20 öfver
716 1344 33 26 sig
765 1344 38 20 och
819 1344 34 20 sin

104 1376 110 25 egendom.

175 1409 81 22 Sädant
277 1410 125 26 handtverk,
426 1416 45 15 som
494 1410 39 21 här
555 1410 64 26 afses,
642 1410 34 22 mä
699 1410 61 22 äfven
785 1410 69 22 under

102 1444 169 28 kringvandring
286 1446 51 20 utan
354 1445 98 21 anmälan
467 1445 91 21 utöfvas.
