1086 1720
242 167 13 21 8
433 169 28 19 U.
476 170 30 18 E.
523 179 23 3 —
563 170 81 22 Prop.
659 169 47 18 N:o
721 170 35 18 21.

218 235 114 27 betydelse
354 235 34 21 för
410 235 127 26 detsamma;
553 236 33 20 att
601 235 41 21 den
658 235 110 26 orättvisa,
784 240 45 16 som
844 234 49 27 läge
908 234 55 27 deri,

220 271 34 19 att
268 275 26 15 en
310 268 35 22 för
360 269 104 21 hemmets
479 269 112 21 förkofran
602 269 88 21 rastlöst
699 269 118 21 arbetande
826 275 38 15 son
877 268 85 22 komme

218 304 34 20 att
268 304 36 20 vid
325 303 111 23 arfsskifte
451 305 51 25 taga
516 303 45 21 lika
575 303 41 21 lott
631 303 49 21 med
695 310 26 14 en
736 303 34 21 till
786 304 31 20 ett
833 304 65 20 annat
912 303 51 21 hem

214 338 129 26 bortllyttad
359 338 78 26 dotter,
457 338 46 21 dels
525 338 72 21 kunde
620 338 105 26 afhjelpas
741 344 77 20 genom
833 338 23 20 ät
873 344 66 15 sonen
954 338 8 20 i

218 378 26 14 en
261 372 53 21 eller
329 378 71 15 annan
415 372 55 21 form
485 372 98 21 tilldelad
599 372 121 26 ersättning
734 371 34 22 för
776 372 54 21 hans
839 372 74 21 arbete
921 372 41 21 och

216 406 47 21 dels
288 406 72 21 blefve
383 406 112 27 utjemnad
517 407 129 26 derigenom,
670 408 33 19 att
721 412 78 15 sonens
815 406 84 26 hustru,
915 412 46 16 som

216 439 43 22 fätt
282 440 56 21 efter
356 446 81 15 samma
453 441 70 26 grund
538 442 50 25 taga
603 440 34 21 arf
650 440 49 21 med
715 440 46 21 sina
776 440 85 27 bröder,
878 440 84 27 derige-

215 480 50 15 nom
280 474 85 22 komme
380 475 33 21 att
428 475 83 21 tillföra
525 475 78 21 honom
619 481 25 15 en
660 477 70 19 större
759 474 158 27 förmögenhet;
929 476 34 20 att

216 509 41 22 den
281 509 46 22 lika
352 510 117 21 arfsrätten
491 510 19 27 ej
533 510 91 27 ansäges
647 510 70 21 såsom
736 510 71 27 någon
823 509 139 28 olägenhet
947 505 18 36 i

214 543 84 26 länder,
315 544 39 20 der
377 545 124 20 densamma
525 545 66 21 redan
616 545 63 25 länge
694 544 57 21 varit
765 544 8 21 i
787 544 36 26 lag
837 544 124 26 medgifven

215 577 40 21 och
277 578 67 21 bland
367 578 74 21 hvilka
460 578 70 21 säsom
545 578 96 27 exempel
660 578 82 21 anförts
759 578 128 26 Frankrike,
902 578 60 20 Dan-

213 612 63 21 mark
300 612 40 21 och
363 612 84 27 Norge;
472 615 32 19 att
523 612 63 22 äfven
601 613 8 21 i
625 612 87 27 Sverige
729 612 38 22 der
781 619 56 20 man,
852 612 110 27 utgäende

213 646 57 20 ifrän
294 646 113 22 enahanda
430 647 156 26 förhällanden,
610 653 45 15 som
678 654 29 14 nu
723 653 40 20 ega
777 654 47 14 rum
838 647 8 21 i
861 646 101 27 Finland,

215 680 23 21 är
258 680 55 21 1845
338 680 85 22 införde
445 681 45 21 lika
512 681 100 27 giftorätt
635 681 41 21 och
697 681 90 21 arfsrätt
806 681 34 21 för
855 687 49 15 man
920 681 40 21 och

215 714 87 26 gvinna,
316 720 50 15 man
381 721 30 14 nu
426 714 66 22 funne
508 716 33 26 sig
555 715 152 21 tillfredställä
723 715 24 21 af
756 716 71 20 denna
836 715 124 27 lagföränd-

213 748 56 27 ring,
292 750 56 20 samt
366 750 33 20 att
416 749 34 21 för
465 749 66 27 öfrigt
546 750 48 21 icke
607 749 185 27 jordbrukarenes
808 750 107 21 skenbara
931 749 31 21 el-

213 782 33 21 ler
267 782 98 28 verkliga
380 783 108 21 intressen
503 784 67 21 borde
585 784 23 20 få
623 784 35 21 stä
673 784 7 20 i
695 786 69 24 vägen
779 784 34 21 för
828 790 26 15 en
870 784 23 21 af
906 785 55 19 rätt-

213 817 59 21 vissa
300 817 102 27 påkallad
433 817 170 28 lagförändring,
626 824 46 15 som
695 818 70 22 skulle
787 818 49 21 med
860 818 102 21 erkänsla

212 852 120 26 emottagas
349 852 22 20 af
390 852 23 20 sä
427 852 79 26 mänga
520 853 90 20 tusende
626 852 74 27 andra,
716 852 73 21 hvilka
800 859 29 14 nu
834 852 68 27 jemte
912 852 50 21 dem

212 885 52 26 lyda
288 885 69 21 under
378 886 116 26 landsrätt,
516 887 53 20 utan
584 888 32 19 att
632 886 67 27 sagda
714 886 108 21 intressen
837 886 73 21 kunde
925 886 37 21 till

215 919 55 26 godo
286 925 34 15 ses
335 920 28 27 pä
379 922 65 19 annat
460 922 51 19 sätt.

282 953 31 21 Pä
338 954 63 21 dessa
421 954 40 21 och
480 954 69 27 öfriga
563 955 7 20 i
587 954 37 21 det
638 953 131 28 föregäende
783 955 68 21 redan
868 955 94 21 anförda

213 987 47 20 skäl
282 987 40 21 har
345 987 85 22 derföre
450 988 124 21 Utskottets
589 988 112 26 pluralitet
716 990 72 19 ansett
803 989 34 26 sig
851 989 54 21 böra
920 989 41 21 hos

213 1020 87 22 landets
323 1021 118 27 höglofliga
461 1022 92 21 Ständer
575 1021 89 22 förorda
682 1022 41 21 den
738 1022 80 26 nädiga
832 1023 131 26 propositio-

212 1060 54 15 nens
282 1056 125 26 antagande
423 1056 6 20 i
445 1056 57 20 hvad
517 1056 41 21 den
574 1056 68 27 angår
656 1056 45 20 lika
716 1056 100 26 giftorätt
825 1056 39 22 och
872 1056 91 22 arfsrätt

213 1088 35 22 för
269 1095 49 15 man
336 1090 39 20 och
391 1090 86 26 gvinna.
507 1090 50 21 Men
572 1090 28 21 dä
616 1096 25 15 en
657 1090 68 21 sädan
740 1090 164 28 lagförändring
920 1091 42 21 lik-

213 1124 35 20 väl
264 1123 85 21 komme
367 1125 32 19 att
413 1124 8 20 i
436 1124 59 21 vissa
509 1124 38 21 fall
561 1124 73 21 kunna
649 1124 98 21 medföra
761 1124 98 27 verkliga
875 1125 87 27 olägen-

213 1157 69 26 heter,
298 1157 75 21 hvilka
388 1158 41 20 lätt
444 1158 73 21 kunde
531 1158 130 26 motverkas,
678 1164 33 15 om
726 1158 48 21 icke
789 1158 75 27 lagens
879 1165 29 15 nu
916 1159 47 27 gäl-

215 1191 64 21 lande
304 1191 80 21 förbud
409 1193 34 19 att
463 1198 76 21 genom
561 1192 63 27 gäfva
639 1192 54 21 eller
707 1194 130 20 testamente
852 1193 111 27 bortgifva

214 1225 109 27 arfvejord
337 1226 114 26 uppstälde
473 1226 77 21 hinder
573 1226 102 26 deremot,
691 1228 56 20 samt
761 1226 28 22 dä
804 1227 64 21 dessa
882 1227 80 21 förbud

211 1258 65 21 hafva
300 1259 32 20 sin
348 1261 35 18 rot
397 1260 7 19 i
420 1260 41 20 den
477 1260 78 20 fordna
570 1260 197 26 ättförfattningen,
783 1260 64 20 hvars
863 1263 99 24 upprätt-

213 1291 102 21 hällande
333 1292 8 20 i
356 1292 63 21 dessa
435 1293 60 20 delar
510 1293 19 26 ej
544 1299 59 14 mera
625 1299 64 20 synes
714 1299 51 14 vara
780 1293 102 26 päkallad
897 1294 23 21 af
934 1294 28 21 de

213 1331 31 15 nu
258 1325 120 22 bestäende
393 1326 269 22 samhällsförhällandena
676 1327 95 26 ilandet,
781 1327 40 21 har
830 1327 132 28 Lagutskot-

212 1361 34 20 tet
260 1361 56 20 trott
328 1360 34 27 sig
377 1360 72 21 tillika
464 1361 53 21 böra
531 1361 87 27 föreslå,
634 1363 33 19 att
682 1361 123 22 Ständerna
819 1362 70 22 skulle
895 1356 12 36 i
904 1363 59 21 sitt

214 1400 50 15 svar
278 1394 14 22 &
307 1394 42 22 den
364 1395 81 27 nådiga
459 1395 163 27 propositionen
638 1395 115 22 framhälla
767 1396 61 22 detta
838 1397 39 21 och
886 1397 76 22 behof-

210 1430 37 20 vet
262 1428 23 22 af
306 1435 27 16 en
356 1429 164 28 lagförändring
542 1430 8 21 i
566 1430 78 21 sådant
659 1430 63 27 syfte,
739 1432 33 21 att
787 1431 42 22 den
843 1431 118 28 ätskilnad,

210 1469 47 15 som
278 1463 7 21 i
308 1463 99 27 gällande
429 1464 36 26 lag
486 1466 25 18 är
526 1464 62 27 gjord
604 1465 92 21 emellan
711 1465 109 27 arfvejord
835 1466 40 21 och
891 1472 71 15 annan

207 1496 107 28 fastighet
337 1498 28 26 pä
387 1498 80 26 landet,
490 1500 56 20 samt
566 1499 28 21 de
615 1498 183 28 inskränkningar
820 1500 8 20 i
854 1500 42 21 den
918 1500 45 21 fria

277 1542 129 22 Lagutskottets
418 1543 113 17 Betänkande
542 1543 35 18 N:o
590 1544 16 17 6.
