1059 1709
250 128 27 20 10
386 130 26 18 U.
428 131 29 17 B.
472 140 28 4 —
515 132 82 22 Prop.
612 131 46 18 N:o
673 132 28 16 30
717 136 35 12 m.
768 131 26 18 fl.

222 194 26 21 de
269 195 8 20 i
299 195 73 21 tablän
387 197 111 25 upptagna
512 196 60 21 titlar
587 196 56 22 skall
658 195 33 21 för
707 196 139 21 1878—1882
861 197 77 25 utgöra
953 196 7 20 i

222 228 101 22 medeltal
338 230 125 26 21,796,000
479 230 66 20 mark.

290 263 49 21 Men
361 264 147 20 inkomsterna
527 266 36 19 äro
579 264 23 21 af
616 264 58 21 olika
688 266 40 23 art,
743 264 39 21 och
797 264 165 27 ifrägavarande

223 297 118 27 beräkning
362 298 68 21 måste
453 299 83 20 således
556 299 67 20 blifva
638 305 58 14 mera
711 299 147 26 betryggande
873 305 34 14 om
921 299 40 20 den

222 331 47 20 icke
291 333 62 24 göres
378 332 143 26 summariskt,
544 335 52 18 utan
618 332 94 27 framgår
728 339 25 14 ur
768 339 25 14 en
810 333 74 26 analys
899 332 23 21 af
936 333 26 20 de

223 365 107 21 särskilda
344 365 184 22 inkomsttitlarna
542 367 54 20 hvar
610 367 33 20 för
658 367 40 26 sig.

290 399 10 20 I
323 399 77 21 sådant
419 400 101 21 afseende
535 407 63 14 anser
613 400 106 21 utskottet
735 400 32 27 sig
783 401 53 20 böra
850 401 7 20 i
873 400 90 21 främsta

223 435 91 18 rummet
332 433 83 26 påpeka
430 433 115 22 huruledes
560 434 196 21 bruttoinkomsten
772 434 23 21 af
809 436 82 19 statens
904 435 58 26 jern-

222 468 66 25 vägar
310 467 57 20 helst
389 467 38 21 bör
448 468 48 21 från
518 468 102 27 kalkylen
640 468 88 21 alldeles
744 468 113 21 uteslutas.
886 469 77 20 Denna

223 500 99 25 inkomst,
339 507 45 14 som
399 502 82 26 utgjort

435 554 23 20 år
474 551 91 23 1871
549 540 14 44 —
586 554 118 25 2,865,132
713 555 34 20 05.

443 604 9 10 »
473 587 54 21 1872
542 599 26 3 —
585 587 117 26 3,686,608:
713 588 34 20 94.

445 638 8 9 >
479 621 51 21 1873
545 633 27 3 —
588 621 116 26 4,032,486:
714 621 33 21 08.

444 671 11 12 >
476 655 54 21 1874
546 667 26 3 —
589 655 117 26 4,755,628:
714 656 33 20 60.

445 705 11 11 »
476 689 53 21 1875
546 701 24 4 —
587 689 118 26 5,303,690:
714 690 33 25 33,

224 739 38 21 har
284 740 68 21 under
375 741 90 21 anförda
486 741 24 21 år
531 741 61 26 stigit
607 741 48 20 med
670 741 26 20 85
712 743 96 24 procent.
838 741 44 20 Det
897 739 68 22 finnes

224 773 126 28 visserligen
372 774 55 21 intet
449 775 46 21 skäl
518 777 32 19 ait
572 776 84 25 antaga,
686 776 33 19 att
733 775 47 20 icke
796 775 70 20 denna
888 780 78 21 reveny

224 807 62 22 äfven
308 808 107 27 framgent
437 809 55 21 skall
514 809 70 21 utvisa
606 815 27 14 en
649 809 108 20 successiv
772 809 106 26 stegring;
902 808 65 21 ocksä

224 843 24 20 är
263 842 123 22 densamma
400 843 7 21 i
423 843 53 22 1877
492 843 35 22 års
544 843 136 26 statsförslag
695 843 109 22 beräknad
813 843 34 22 till
855 843 112 26 6,200,000

223 877 67 20 mark.
320 877 49 21 Men
384 878 77 21 härvid
476 880 23 19 är
514 880 32 19 att
561 878 96 21 märkas:

292 913 32 19 att
346 913 80 20 största
448 912 61 21 delen
532 912 23 21 af
575 912 121 21 inkomsten
712 911 62 27 ätgär
788 912 34 20 till
837 911 73 22 trafik-
926 911 39 21 och

225 945 240 22 remontkostnadermas
481 947 139 25 betäckande,

292 981 32 19 att
339 980 41 21 den
395 980 192 27 nettobehällning,
603 987 45 14 som
663 980 13 21 &
690 979 117 21 Riihimäki
819 979 50 22 —S:t
884 980 83 20 Peters-

225 1013 55 26 burg
302 1014 70 20 banan
394 1014 69 26 ernäs,
494 1014 46 21 äter
561 1014 34 21 till
618 1016 80 19 största
721 1013 62 22 delen
805 1013 107 22 levereras
935 1013 33 20 till

225 1047 276 22 kommunikationsfonden
524 1048 40 21 och
585 1048 35 21 till
641 1048 65 27 ryska
728 1047 239 25 riksskaitkammaren;

225 1083 56 19 samt

294 1117 32 19 att
348 1115 108 22 allmänna
472 1115 146 22 statsfondens
633 1118 77 24 anpart
728 1115 7 20 i
751 1115 93 21 nämnda
858 1115 110 22 äfvensom

226 1149 299 26 Helsingfors—Tavastehus
548 1149 89 22 bandels
660 1155 78 21 reveny
759 1149 42 20 kan
816 1149 51 27 ätgä
883 1149 34 21 till
932 1150 36 20 be-

227 1183 105 22 täckande
348 1183 23 21 af
384 1183 73 22 deficit
471 1184 27 26 pä
520 1184 114 26 Hyvinge-
646 1183 69 27 Hangö
733 1183 85 21 bandel.

295 1217 29 21 Af
345 1217 63 21 dessa
429 1218 47 21 skäl
498 1224 62 15 anser
584 1217 106 22 utskottet
706 1217 102 26 riktigast
823 1223 57 20 vara,
896 1219 33 18 att
944 1223 25 14 ur

226 1252 41 20 den
282 1252 28 25 pä
324 1251 130 26 föregäende
468 1252 75 25 period
558 1251 78 20 stödda
650 1251 102 26 kalkylen
766 1251 33 20 för
808 1251 26 20 de
841 1251 127 20 kommande

227 1285 51 20 ären
300 1284 89 21 alldeles
404 1285 95 20 utesluta
514 1284 208 26 statsjernvägarnes
737 1283 131 27 afkastning,
891 1284 77 20 liksom

228 1318 39 21 ock
283 1319 26 21 de
324 1318 95 27 utgifter,
442 1318 74 21 hvilka
530 1320 36 19 äro
583 1319 57 20 emot
654 1318 70 21 denna
739 1319 7 20 i
761 1317 160 28 statsförslaget
936 1317 33 22 för

227 1353 109 21 allmänna
358 1353 135 20 statsfonden
519 1354 114 25 upptagna,
657 1352 32 21 till
712 1353 54 27 följd
789 1351 62 22 deraf
870 1352 52 21 böra
943 1359 25 14 ur

228 1387 225 27 utgiftsberäkningen
469 1387 137 21 bortlemnas.

296 1421 60 22 Efter
380 1421 76 21 sädant
481 1421 76 27 afdrag
578 1421 64 21 ställa
657 1421 33 27 sig
706 1421 26 22 de
746 1421 8 21 i
769 1421 74 21 tablän
858 1423 110 25 upptagna

229 1456 96 22 normala
340 1456 201 21 statsinkomsterna
555 1462 45 15 som
615 1455 73 27 följer:

297 1501 136 17 Statsutskottets
445 1501 104 17 betänkande
562 1500 31 18 N:o
607 1500 27 17 12.
