1056 1709
256 138 13 19 4
533 136 52 22 N:o
602 135 50 23 24.

229 204 91 25 belägna
341 203 256 27 kapellförsamlingarne,
620 204 59 18 utom
695 202 35 21 det
746 204 32 18 att
794 202 131 21 Ständernas
940 202 37 20 be-

229 236 120 27 tänklighet
370 236 76 21 härvid
468 236 61 21 äfven
545 236 62 27 eljest
622 237 82 19 ansetts
719 236 53 20 böra
788 236 34 20 stä
837 235 91 21 tillbaka
943 235 33 21 för

228 271 153 26 lämpligheten
400 271 62 21 deraf
478 272 32 19 att
528 270 153 27 vägdistriktet
699 270 51 21 eller
766 271 212 26 vägbyggnadslaget

228 306 88 25 utgöres
332 305 22 20 af
368 305 40 20 den
424 305 122 27 borgerliga
558 304 135 26 kommunen,
704 304 92 26 hvilken,
808 304 71 21 såvidt
888 304 28 27 på
927 304 50 21 den-

230 345 81 14 samma
325 339 129 25 ankommer,
471 339 48 26 kan,
530 340 52 19 utan
592 337 141 27 inblandning
743 337 24 21 af
776 338 131 21 fremmande
917 338 59 21 kom-

228 379 81 20 muner,
330 373 95 20 anordna
444 373 33 20 sin
495 372 141 27 vägbyggnad
658 371 29 27 på
709 373 43 20 sätt
768 372 40 21 den
824 372 67 21 finner
906 372 71 27 tjenli-

229 407 49 26 gast
288 407 40 20 och
337 406 49 21 med
401 407 46 20 sina
458 406 69 27 öfriga
537 406 137 21 kommunala
684 405 147 22 förhållanden
841 408 56 19 mest
907 405 70 22 fören-

228 440 47 26 ligt.
297 440 31 21 På
343 441 63 20 dessa
420 441 94 25 grunder
528 441 40 20 har
582 441 41 20 den
638 440 59 20 förra
709 440 162 26 bestämningen
883 446 33 15 om
928 441 49 25 väg-

228 473 180 27 byggnadslagets
432 473 189 22 sammanfallande
643 474 48 20 med
709 473 129 22 kommunen
854 473 123 21 bibehållits

229 507 70 21 såsom
321 508 65 25 regel,
408 514 48 14 men
474 508 48 21 med
537 509 44 20 rätt
595 507 34 21 för
644 507 138 21 Guvernören
799 509 37 24 att,
857 508 2 20 i
875 507 102 21 händelse

228 541 168 27 vägbyggnaden
411 542 7 19 i
433 541 66 27 något
520 541 188 27 vägbyggnadslag
730 540 68 22 finnes
814 541 73 21 alltför
902 541 75 21 betun-

227 575 75 26 gande,
326 575 118 21 bestämma
459 576 7 20 i
481 575 56 21 hvad
554 575 49 21 mån
622 576 148 25 angränsande
788 575 189 27 vägbyggnadslag

228 609 67 26 skola,
318 609 48 21 med
388 609 99 21 afseende
507 610 79 26 jemväl
602 609 12 20 å
630 609 40 21 den
686 611 61 24 nytta
762 609 48 21 dem
826 609 22 21 af
861 611 94 24 vägarne
970 609 6 20 i

227 643 148 21 förstnämnde
385 643 188 27 vägbyggnadslag
581 643 134 27 tillskyndas,
724 643 7 20 i
740 643 49 21 dess
798 643 77 21 besvär
884 643 91 26 deltaga.

299 677 95 21 Emedan
405 677 213 26 jordlägenheternes
629 677 79 20 mantal
719 677 7 20 i
737 677 116 21 allmänhet
864 679 23 18 är
899 677 77 21 orubb-

227 711 41 27 ligt
285 711 39 21 och
343 711 75 21 endast
437 711 153 27 undantagsvis
606 711 42 20 kan
664 711 119 25 förändras,
800 713 29 24 är,
845 711 7 21 i
868 711 108 21 öfverens-

228 745 122 21 stämmelse
373 745 87 21 dermed
481 745 108 21 bestämdt
607 746 32 19 att
654 745 36 20 det
705 745 87 30 mantal,
809 751 45 15 som
869 745 35 21 för
919 746 36 20 det
970 746 6 20 i

228 780 11 26 $
255 780 13 20 4
284 779 126 21 omnämnda
426 779 97 21 ändamål
540 780 80 20 äsättes
635 780 40 20 den
685 779 59 21 förut
754 779 47 21 icke
812 779 7 21 i
829 780 80 20 mantal
921 781 55 19 satta

225 814 83 26 jorden,
326 814 68 20 skulle
409 813 34 21 för
460 813 115 21 framtiden
590 813 126 21 bibehållas.
746 814 103 20 Deremot
864 814 39 20 har
918 820 59 14 man-

227 847 166 27 talssättningen
409 846 13 22 å
437 847 26 21 de
477 847 127 21 industriela
619 847 177 26 inrättningarne,
812 848 49 21 med
876 847 101 22 afseende

226 881 14 21 å
255 881 41 21 den
311 881 125 27 förändring
451 882 7 20 i
474 882 71 26 värde,
562 882 61 21 desse
634 882 73 21 kunna
717 882 102 26 undergå,
831 883 82 20 ansetts
924 883 53 20 böra

227 915 55 21 efter
300 921 25 16 en
344 915 32 21 tid
394 915 22 21 af
433 916 41 21 fem
493 915 23 22 år
534 916 87 26 förnyas
636 915 35 21 för
686 918 32 19 att
734 916 27 21 då
776 916 72 21 kunna
864 916 54 21 efter
933 923 43 14 om-

228 949 175 27 ständigheterna
418 950 84 21 ändras.
528 949 29 22 Af
570 950 145 26 nyssnämnda
730 950 114 27 anledning
859 950 40 21 har
915 951 61 20 äfven

227 983 163 27 bestämningen
409 989 33 15 om
461 983 119 22 kostnaden
599 984 33 20 för
652 983 176 27 vägunderhållet
843 984 34 21 för
889 985 50 26 jord
955 985 23 20 af

227 1019 32 19 ett
276 1017 81 21 mantal
376 1019 79 19 utsatts
474 1019 32 20 att
521 1018 57 26 gälla
592 1018 34 20 för
641 1018 76 21 endast
732 1018 42 21 fem
790 1018 25 20 år
829 1019 8 20 i
853 1019 82 26 sender,
953 1019 23 20 så

226 1052 34 19 att
277 1051 68 20 under
364 1051 68 21 denna
451 1051 31 20 tid
498 1057 69 15 annan
582 1051 90 26 ändring
688 1052 18 26 ej
722 1052 35 20 må
771 1052 162 27 ifrågakomma,
950 1054 26 19 än

227 1084 67 21 sådan
310 1090 46 15 som
369 1084 121 21 föranledes
500 1085 24 20 af
532 1085 136 21 underhållet
678 1085 22 20 af
709 1085 144 27 tilläfventyrs
864 1086 111 21 tillkomne

227 1123 41 20 nya
290 1119 72 24 vägar.
392 1118 80 21 Vidare
494 1121 30 23 är,
544 1119 33 21 till
596 1119 106 21 vinnande
718 1119 23 20 af
754 1121 71 20 större
841 1120 100 21 säkerhet
957 1121 18 26 ej

226 1151 84 20 mindre
331 1151 34 20 för
387 1151 145 27 beräkningen
551 1153 23 20 af
591 1153 40 20 den
650 1153 92 20 nämnda
756 1153 127 27 kostnaden,
900 1156 27 18 än
942 1153 35 22 för

226 1185 222 26 mantalssättningen,
460 1186 112 21 föreskrift
581 1185 71 22 införd
663 1193 34 14 om
707 1187 201 26 taxeringsnämnds
919 1188 57 26 skyl-

226 1218 75 26 dighet
316 1219 32 20 att
362 1219 74 20 härom
452 1219 80 26 ingifva
546 1219 81 27 förslag
643 1220 32 21 till
691 1221 223 22 kommunalstämma.

298 1252 11 19 I
324 1252 12 26 $
352 1253 12 20 6
378 1255 24 17 är
411 1252 79 21 minsta
500 1253 68 20 bredd
578 1254 33 19 för
622 1253 26 20 de
659 1255 69 19 större
738 1257 93 24 vägarne
842 1256 52 19 eller
904 1256 71 21 lands-

226 1285 94 26 vägarne
341 1285 99 21 bestämd
461 1285 34 21 till
514 1285 46 22 åtta
578 1287 66 25 alnar,
661 1288 55 20 samt
730 1287 34 21 för
779 1288 95 27 byvägar
889 1290 34 19 till
939 1296 35 15 sex

227 1318 68 26 alnar,
318 1318 23 20 af
362 1318 64 21 orsak
448 1320 32 20 att
498 1319 37 21 det
550 1320 158 27 otvifvelaktigt
723 1322 24 20 är
762 1322 48 20 med
827 1322 26 20 de
867 1318 108 36 vägbygg-

227 1352 164 26 nadsskyldiges
408 1352 70 22 fördel
495 1353 101 27 förenligt
613 1355 33 20 att
660 1356 93 25 vägarne
768 1355 47 21 frän
831 1356 76 27 början
922 1364 53 20 upp-

227 1386 72 26 rödjas
316 1386 39 21 och
370 1386 61 21 dikas
450 1387 33 21 till
502 1387 67 21 sädan
588 1388 68 21 bredd
671 1390 32 19 att
718 1389 127 28 utvidening
861 1391 39 20 och
915 1392 62 20 deraf

226 1418 112 22 föranledd
360 1426 28 21 ny
409 1420 93 22 kostnad
523 1421 47 21 icke
588 1421 101 22 behöfver
705 1422 162 28 ifrägakomma.
897 1425 76 27 Nägon

225 1454 109 27 synnerlig
350 1454 114 28 tillökning
478 1455 7 21 i
500 1456 253 26 vägbyggnadsbesväret
767 1458 96 22 kommer
879 1459 40 21 den
931 1460 42 21 för-
