1056 1709
321 95 22 23 U.
360 96 22 22 B.
399 108 28 4 —
443 96 64 28 Prop.
525 96 37 23 N:o
578 96 38 23 30.
784 98 25 20 15

156 160 45 22 För
223 163 31 19 att
269 161 36 21 vid
322 162 156 27 förrättningen
493 162 75 22 bevaka
582 162 94 22 kronans
690 163 50 26 rätt,
755 162 84 27 förord-

89 202 39 14 nar
144 194 136 23 Guvernören
295 196 103 21 särskildt
410 196 148 22 kronoombud.

434 258 10 28 8
461 261 33 19 12.

156 297 222 27 Bevillningskomités
401 297 128 23 ordförande
556 298 40 22 och
616 298 120 22 ledamöter
758 298 83 22 erhålla

87 331 55 22 intet
163 332 79 21 arvode
264 332 33 21 för
319 332 33 21 sin
370 332 135 27 förrättning.
535 332 50 22 Men
601 334 36 20 äro
654 332 26 22 de
696 333 18 27 ej
730 333 87 21 bosatta
831 332 9 21 i

88 372 80 14 samma
183 366 55 26 stad,
256 366 52 21 eller
323 366 13 21 å
350 366 74 21 landet
433 366 57 21 invid
502 366 36 22 det
549 367 69 26 ställe,
630 367 38 21 der
677 366 95 22 komitén
783 373 55 15 sam-

86 400 130 26 manträder,
233 400 85 27 åtnjuta
338 400 26 22 de
379 401 119 27 ersättning
512 401 33 27 för
559 401 135 21 resekostnad
708 401 37 21 och
760 401 80 21 trakta-

87 436 66 19 mente
168 434 32 21 till
214 441 81 15 samma
311 435 77 26 belopp,
404 442 46 14 som
465 435 25 21 de
500 436 31 20 till
546 436 46 26 elfte
606 436 83 21 klassen
705 436 7 20 i
720 435 119 27 Kejserliga

86 468 175 28 resereglementet
283 469 27 27 af
323 469 39 21 den
386 471 13 19 6
413 469 112 22 December
539 471 63 20 1875
616 469 103 27 hänförde
730 476 108 20 personer.

85 503 171 21 Kronoombudet
266 504 50 26 äger
324 503 176 27 tillgodoberäkna
508 504 32 28 sig
551 504 56 28 dylik
617 504 118 27 ersättning
744 504 10 20 i
763 504 77 27 sjunde

86 538 89 26 klassen,
189 538 67 21 derest
271 538 42 21 han
327 538 43 21 icke
384 538 9 21 i
406 538 53 28 följd
474 538 26 27 af
510 539 35 21 sin
560 539 63 27 tjenst
638 540 25 20 är
678 538 117 27 berättigad
808 538 33 21 till

86 572 78 27 skjuts-
188 572 35 21 och
246 572 178 27 dagtraktamente
446 573 9 20 i
472 573 62 27 högre
548 573 64 21 klass.
644 573 195 27 Häradskrifvaren

87 606 81 27 åtnjute
182 606 97 22 likaledes
294 607 117 27 ersättning
425 607 35 27 för
474 608 77 26 skjuts-
568 607 36 22 och
615 607 177 27 dagtraktamente
803 614 36 14 en-

86 640 37 28 ligt
137 641 95 21 nämnda
245 641 126 27 reglemente.

430 704 11 28 8
458 706 32 20 13.

152 744 81 22 Valbar
254 745 33 21 till
306 744 95 22 ledamot
415 747 7 19 i
436 745 211 27 bevillningskomité
663 747 24 19 är
702 745 74 27 hvarje
791 746 46 20 väl-

84 778 83 28 frejdad
174 786 85 20 person,
268 786 46 15 som
323 781 24 19 är
361 780 123 26 berättigad
500 782 32 20 att
547 780 7 21 i
569 780 58 22 valet
642 780 97 27 deltaga;
748 780 40 21 och
796 780 41 21 bör

84 814 36 21 vid
129 814 59 22 valet
201 814 109 27 iakttagas
321 816 39 25 att,
374 814 70 22 såvidt
458 815 84 27 möjligt
551 816 29 25 är,
590 815 18 27 ej
618 815 82 21 mindre
710 814 127 27 fastighets-

83 848 143 28 innehafvare,
247 850 26 20 än
292 848 160 28 näringsidkare
476 850 44 26 och!
539 850 112 27 löntagare
670 849 87 22 komma
776 850 33 21 att
827 849 8 21 i

83 884 222 26 bevillningskomitén
320 884 95 27 inväljas.

149 918 31 21 På
202 918 36 21 det
257 918 234 26 bevillningskomiténs
512 919 120 21 ledamöter
646 918 36 21 må
696 925 40 21 ega
751 918 85 22 tillfälle

82 954 32 19 att
134 952 96 21 inhemta
251 952 65 27 nödig
338 952 121 22 kännedom
482 959 34 15 om
534 953 47 21 sina
596 953 134 27 åligganden,
745 953 41 21 bör
801 959 33 15 er-

80 986 112 27 forderligt
207 986 58 22 antal
282 987 109 26 exemplar
406 986 23 22 af
442 988 70 21 denna
526 987 78 27 stadga
614 987 172 21 tillhandahållas
797 994 36 15 ve-

80 1021 134 21 derbörande
229 1021 164 27 stadsstyrelser
412 1022 40 21 och
468 1022 126 22 ordförande
609 1022 8 21 i
631 1022 204 21 kommunalnämnd

80 1057 56 20 samt
158 1057 32 20 ett
212 1056 107 26 exemplar
341 1056 61 22 deraf
416 1056 140 22 öfverlemnas
572 1056 33 21 till
619 1056 73 28 hvarje
708 1056 79 22 utsedd
802 1056 32 22 1e-

80 1090 74 22 damot
167 1090 8 21 i
189 1090 95 22 komitén
298 1090 29 28 på
343 1096 81 16 samma
439 1091 56 27 gång
509 1091 43 21 han
568 1097 34 15 om
616 1091 59 21 valet
687 1091 146 21 underrättas.

428 1152 12 28 8
456 1155 32 20 14.

146 1193 87 21 Enhvar
255 1199 46 15 som
323 1193 55 21 valts
398 1193 32 21 till
445 1194 95 21 ledamot
554 1194 7 20 i
575 1194 209 26 bevillningskomité
800 1196 31 24 är,

79 1227 89 22 såframt
180 1227 42 21 han
237 1227 47 21 icke
300 1226 23 22 af
336 1227 49 27 laga
399 1226 70 22 förfall
486 1228 92 21 derifrån
592 1228 94 26 hindras,
703 1228 83 26 skyldig
797 1229 35 19 att

78 1262 60 21 detta
152 1261 98 27 uppdrag
264 1260 97 28 fullgöra.
391 1261 113 21 Inträffadt
518 1262 70 21 förfall
601 1262 40 21 bör
656 1262 126 27 skyndsamt
792 1268 37 15 an-

77 1296 67 21 mälas
160 1296 40 21 hos
215 1296 148 26 Magistraten,
373 1296 179 26 Ordningsrätten
568 1296 52 22 eller
634 1296 195 27 bevillningskomi-

77 1330 49 20 téns
149 1329 133 26 ordförande,
306 1330 25 20 så
354 1331 32 19 att
409 1330 114 26 suppleant
540 1330 36 20 må
596 1330 65 20 hinna
676 1330 90 20 inkallas
782 1330 47 20 före

76 1363 106 21 komiténs
206 1363 164 21 sammanträde.
400 1363 133 21 Ordförande
556 1364 52 20 eller
623 1364 94 20 ledamot
731 1364 7 20 i
753 1363 75 21 bevill-

77 1396 149 29 ningskomité,
249 1403 46 16 som
317 1398 53 20 utan
390 1396 50 28 laga
458 1396 69 23 förfall
542 1397 47 23 från
604 1398 49 21 dess
669 1397 159 22 sammanträde

144 1440 206 24 Bevillningsutskottets
364 1440 114 18 betänkande
492 1447 30 11 n:o
536 1438 20 21 3.
