1042 1714
254 149 27 21 28

428 149 29 18 U.
473 149 28 18 B.
518 158 23 3 —
558 149 84 21 Prop.
661 145 49 21 N:o
724 148 36 17 25.

293 215 130 28 försörjning
438 214 74 27 afsedd
527 213 36 21 och
577 213 46 21 med
636 212 42 28 god
693 212 35 21 sed
742 212 90 28 förenlig
850 212 73 20 rörelse
938 211 26 21 el-

294 249 30 20 ler
347 248 124 27 handtering
494 248 9 20 i
517 248 46 20 stad
578 247 37 21 och
630 247 14 20 &
659 246 77 26 landet,
750 246 46 20 med
812 246 24 20 de
850 246 113 27 undantag,

296 290 43 14 som
353 282 8 20 i
375 282 14 27 $
405 282 25 20 15
445 284 112 26 upptagna
572 282 44 20 äro.

363 316 104 28 Lagligen
483 315 82 21 bildadt
587 315 61 28 bolag
667 314 124 21 tillkommer
806 314 109 21 enahanda
929 314 36 20 nä-

295 350 132 29 ringsfrihet,
442 358 43 13 som
500 350 78 20 enskild
590 356 83 22 person.

606 412 50 26 28.

363 452 65 22 Mom.
444 453 19 20 1.
493 452 43 21 För
551 451 100 29 rättighet
666 454 30 17 att
711 450 51 21 idka
777 450 82 26 handel,
874 450 49 21 eller
930 457 37 13 an-

296 494 42 13 nan
362 486 82 21 dermed
459 486 94 21 likartad
568 486 81 26 rörelse,
664 486 9 20 i
687 486 67 27 öppen
770 484 45 27 bod,
830 484 73 21 kontor
917 484 49 21 eller

297 524 64 17 annat
377 520 100 21 särskildt
490 519 205 30 försäljningsställe,
710 519 50 21 eller
774 522 38 23 att,
826 519 8 20 i
849 519 71 28 öfriga
931 519 38 19 nä-

296 555 129 28 ringsyrken,
441 555 34 20 till
489 555 149 20 arbetsbiträde
654 553 98 21 använda
766 561 70 13 annan
852 554 27 19 än
894 553 73 20 hustru

297 589 49 21 eller
361 596 52 21 egna
427 589 113 28 omyndiga
550 588 52 21 barn
610 595 19 15 0.
638 595 16 14 s.
663 595 19 15 v.
691 588 45 21 lika
744 588 49 21 med
800 587 167 28 propositionen.

364 623 65 21 Mom.
445 624 19 21 2.
495 623 152 21 Oförändradt.

365 658 64 21 Mom.
445 659 20 19 3.
494 653 32 24 Är
541 657 33 21 det
590 657 68 27 bolag,
672 664 43 13 som
723 655 135 29 näringsyrke
866 655 51 21 idka
924 655 44 26 vill,

299 691 82 28 bVilägge
395 692 60 27 intyg
475 694 31 18 att
520 691 44 22 dess
578 691 62 27 firma
655 690 69 29 blifvit
739 691 9 20 i
762 691 50 27 laga
828 690 89 28 ordning
931 697 37 13 an-

297 725 66 20 mäld.

364 760 63 21 Mom.
444 761 19 20 4.
492 760 41 21 Det
548 760 81 28 äligger
644 759 151 21 vederbörande
802 759 120 28 myndighet
929 761 37 25 att,

297 795 56 20 inom
368 795 46 20 åtta
429 795 68 27 dagar
512 794 52 28 efter
579 795 34 20 det
628 794 100 21 anmälan
743 793 57 28 skett,
811 793 53 22 bevis
874 793 94 28 deröfver

297 828 96 28 utfärda.

610 884 11 27 8
640 885 19 20 3.

432 925 85 20 Momm.
533 925 13 21 1
562 925 39 21 och
616 925 20 21 2.
666 925 155 21 Oförändrade.

367 958 63 21 Mom.
451 959 20 20 3.
501 953 123 33 Öfvertager
642 958 69 28 någon
726 959 33 27 pä
774 957 86 22 arrende
874 957 35 28 för
924 957 46 21 kor-

298 995 44 18 tare
358 992 49 21 eller
423 992 72 28 längre
509 992 32 21 tid
556 999 80 14 annans
652 992 74 21 rörelse
740 999 49 14 vare
804 991 98 21 likaledes
916 991 53 29 skyl-

299 1026 37 28 dig
351 1026 70 21 derom
434 1028 54 26 göra
503 1027 106 21 anmälan.

609 1088 11 28 8
640 1089 18 20 4.

367 1128 46 21 Den
429 1128 105 28 rättighet,
549 1136 44 13 som
607 1129 9 19 i
630 1128 14 27 $
658 1128 15 20 2
688 1128 139 28 omförmäles,
844 1128 122 21 tillkommer

298 1161 56 21 icke:
376 1162 156 28 uppbördsman
555 1162 49 21 eller
624 1162 117 28 förvaltare
756 1162 27 28 af
795 1162 88 21 kronans
897 1162 72 27 medel,

299 1202 18 14 0.
335 1202 17 14 s.
368 1202 19 14 v.
402 1196 45 20 lika
461 1196 48 21 med
524 1196 168 26 propositionen.

609 1258 11 26 s
640 1259 19 18 5.

502 1296 64 21 Mom.
582 1297 20 19 1.
631 1296 153 21 Oförändradt.

365 1329 64 21 Mom.
444 1330 20 21 2.
494 1329 122 21 Handiverk
631 1329 34 21 till
679 1330 178 28 sjelfförsörjning
864 1330 36 21 mä
909 1329 60 29 äfven

299 1364 66 21 under
381 1363 165 29 kringvandring
561 1366 52 19 utan
628 1364 100 21 anmälan
743 1364 89 29 utöjvas.

610 1432 12 28 8
640 1433 19 21 6.

563 1473 143 21 Oförändrad.

297 1517 124 18 Sammansatta
438 1517 37 23 Log
487 1517 30 18 och
528 1517 86 18 Ekonomi
626 1519 88 16 utskottets
727 1519 104 17 betänkande
843 1518 32 18 N:o
887 1519 16 18 3.
