<?xml version="1.0" encoding="UTF-8"?>
<alto xmlns="http://www.loc.gov/standards/alto/ns-v3#" xmlns:xlink="http://www.w3.org/1999/xlink" xmlns:xsi="http://www.w3.org/2001/XMLSchema-instance" xsi:schemaLocation="http://www.loc.gov/standards/alto/ns-v3# http://www.loc.gov/alto/v3/alto-3-0.xsd">
	<Description>
		<MeasurementUnit>pixel</MeasurementUnit>
		<sourceImageInformation>
			<fileName>/tmp/tess_13txjbfw_input.PNG</fileName>
		</sourceImageInformation>
		<OCRProcessing ID="OCR_0">
			<ocrProcessingStep>
				<processingSoftware>
					<softwareName>tesseract 5.3.4</softwareName>
				</processingSoftware>
			</ocrProcessingStep>
		</OCRProcessing>
	</Description>
	<Layout>
		<Page WIDTH="1059" HEIGHT="1709" PHYSICAL_IMG_NR="0" ID="page_0">
			<PrintSpace HPOS="0" VPOS="0" WIDTH="1059" HEIGHT="1709">
				<ComposedBlock ID="cblock_0" HPOS="28" VPOS="1600" WIDTH="42" HEIGHT="21">
					<TextBlock ID="block_0" HPOS="28" VPOS="1600" WIDTH="42" HEIGHT="21">
						<TextLine ID="line_0" HPOS="28" VPOS="1600" WIDTH="42" HEIGHT="21">
							<String ID="string_0" HPOS="28" VPOS="1600" WIDTH="42" HEIGHT="21" WC="0.69" CONTENT="en"/>
						</TextLine>
					</TextBlock>
				</ComposedBlock>
				<ComposedBlock ID="cblock_1" HPOS="279" VPOS="131" WIDTH="543" HEIGHT="26">
					<TextBlock ID="block_1" HPOS="279" VPOS="131" WIDTH="543" HEIGHT="26">
						<TextLine ID="line_1" HPOS="279" VPOS="131" WIDTH="543" HEIGHT="26">
							<String ID="string_1" HPOS="279" VPOS="131" WIDTH="27" HEIGHT="19" WC="0.93" CONTENT="U."/><SP WIDTH="16" VPOS="131" HPOS="306"/>
							<String ID="string_2" HPOS="322" VPOS="132" WIDTH="27" HEIGHT="18" WC="0.89" CONTENT="B."/><SP WIDTH="16" VPOS="132" HPOS="349"/>
							<String ID="string_3" HPOS="365" VPOS="142" WIDTH="27" HEIGHT="4" WC="0.92" CONTENT="—"/><SP WIDTH="16" VPOS="142" HPOS="392"/>
							<String ID="string_4" HPOS="408" VPOS="133" WIDTH="80" HEIGHT="24" WC="0.94" CONTENT="Prop."/><SP WIDTH="16" VPOS="133" HPOS="488"/>
							<String ID="string_5" HPOS="504" VPOS="135" WIDTH="45" HEIGHT="17" WC="0.96" CONTENT="N:o"/><SP WIDTH="14" VPOS="135" HPOS="549"/>
							<String ID="string_6" HPOS="563" VPOS="136" WIDTH="29" HEIGHT="16" WC="0.96" CONTENT="30"/><SP WIDTH="15" VPOS="136" HPOS="592"/>
							<String ID="string_7" HPOS="607" VPOS="140" WIDTH="35" HEIGHT="13" WC="0.95" CONTENT="m."/><SP WIDTH="15" VPOS="140" HPOS="642"/>
							<String ID="string_8" HPOS="657" VPOS="134" WIDTH="25" HEIGHT="18" WC="0.93" CONTENT="fl."/><SP WIDTH="128" VPOS="134" HPOS="682"/>
							<String ID="string_9" HPOS="810" VPOS="134" WIDTH="12" HEIGHT="20" WC="0.96" CONTENT="5"/>
						</TextLine>
					</TextBlock>
				</ComposedBlock>
				<ComposedBlock ID="cblock_2" HPOS="110" VPOS="195" WIDTH="740" HEIGHT="240">
					<TextBlock ID="block_2" HPOS="113" VPOS="195" WIDTH="737" HEIGHT="130">
						<TextLine ID="line_2" HPOS="115" VPOS="195" WIDTH="735" HEIGHT="32">
							<String ID="string_10" HPOS="115" VPOS="195" WIDTH="125" HEIGHT="29" WC="0.96" CONTENT="beräkning,"/><SP WIDTH="16" VPOS="195" HPOS="240"/>
							<String ID="string_11" HPOS="256" VPOS="203" WIDTH="44" HEIGHT="15" WC="0.96" CONTENT="som"/><SP WIDTH="16" VPOS="203" HPOS="300"/>
							<String ID="string_12" HPOS="316" VPOS="199" WIDTH="48" HEIGHT="21" WC="0.96" CONTENT="med"/><SP WIDTH="16" VPOS="199" HPOS="364"/>
							<String ID="string_13" HPOS="380" VPOS="199" WIDTH="87" HEIGHT="28" WC="0.96" CONTENT="ledning"/><SP WIDTH="15" VPOS="199" HPOS="467"/>
							<String ID="string_14" HPOS="482" VPOS="200" WIDTH="23" HEIGHT="22" WC="0.93" CONTENT="af"/><SP WIDTH="16" VPOS="200" HPOS="505"/>
							<String ID="string_15" HPOS="521" VPOS="200" WIDTH="227" HEIGHT="27" WC="0.92" CONTENT="kapitalräkningarna"/><SP WIDTH="9" VPOS="200" HPOS="748"/>
							<String ID="string_16" HPOS="757" VPOS="201" WIDTH="33" HEIGHT="21" WC="0.93" CONTENT="för"/><SP WIDTH="10" VPOS="201" HPOS="790"/>
							<String ID="string_17" HPOS="800" VPOS="201" WIDTH="50" HEIGHT="21" WC="0.96" CONTENT="åren"/>
						</TextLine>
						<TextLine ID="line_3" HPOS="114" VPOS="230" WIDTH="736" HEIGHT="30">
							<String ID="string_18" HPOS="114" VPOS="230" WIDTH="146" HEIGHT="27" WC="0.89" CONTENT="1871—1873,"/><SP WIDTH="16" VPOS="230" HPOS="260"/>
							<String ID="string_19" HPOS="276" VPOS="234" WIDTH="140" HEIGHT="20" WC="0.92" CONTENT="summariska"/><SP WIDTH="8" VPOS="234" HPOS="416"/>
							<String ID="string_20" HPOS="424" VPOS="234" WIDTH="145" HEIGHT="26" WC="0.93" CONTENT="räkningarna"/><SP WIDTH="8" VPOS="234" HPOS="569"/>
							<String ID="string_21" HPOS="577" VPOS="235" WIDTH="33" HEIGHT="21" WC="0.96" CONTENT="för"/><SP WIDTH="9" VPOS="235" HPOS="610"/>
							<String ID="string_22" HPOS="619" VPOS="235" WIDTH="53" HEIGHT="20" WC="0.96" CONTENT="1874"/><SP WIDTH="9" VPOS="235" HPOS="672"/>
							<String ID="string_23" HPOS="681" VPOS="236" WIDTH="39" HEIGHT="20" WC="0.97" CONTENT="och"/><SP WIDTH="10" VPOS="236" HPOS="720"/>
							<String ID="string_24" HPOS="730" VPOS="235" WIDTH="54" HEIGHT="21" WC="0.96" CONTENT="1875"/><SP WIDTH="11" VPOS="235" HPOS="784"/>
							<String ID="string_25" HPOS="795" VPOS="237" WIDTH="55" HEIGHT="19" WC="0.95" CONTENT="samt"/>
						</TextLine>
						<TextLine ID="line_4" HPOS="114" VPOS="266" WIDTH="736" HEIGHT="29">
							<String ID="string_26" HPOS="114" VPOS="266" WIDTH="81" HEIGHT="19" WC="0.93" CONTENT="statens"/><SP WIDTH="11" VPOS="266" HPOS="195"/>
							<String ID="string_27" HPOS="206" VPOS="266" WIDTH="145" HEIGHT="27" WC="0.96" CONTENT="räkenskaper"/><SP WIDTH="9" VPOS="266" HPOS="351"/>
							<String ID="string_28" HPOS="360" VPOS="268" WIDTH="39" HEIGHT="19" WC="0.93" CONTENT="och"/><SP WIDTH="12" VPOS="268" HPOS="399"/>
							<String ID="string_29" HPOS="411" VPOS="268" WIDTH="69" HEIGHT="26" WC="0.96" CONTENT="öfriga"/><SP WIDTH="9" VPOS="268" HPOS="480"/>
							<String ID="string_30" HPOS="489" VPOS="268" WIDTH="136" HEIGHT="27" WC="0.96" CONTENT="tillgängliga"/><SP WIDTH="9" VPOS="268" HPOS="625"/>
							<String ID="string_31" HPOS="634" VPOS="268" WIDTH="153" HEIGHT="27" WC="0.96" CONTENT="upplysningar"/><SP WIDTH="7" VPOS="268" HPOS="787"/>
							<String ID="string_32" HPOS="794" VPOS="269" WIDTH="56" HEIGHT="21" WC="0.96" CONTENT="varit"/>
						</TextLine>
						<TextLine ID="line_5" HPOS="113" VPOS="298" WIDTH="79" HEIGHT="27">
							<String ID="string_33" HPOS="113" VPOS="298" WIDTH="79" HEIGHT="27" WC="0.96" CONTENT="möjlig."/>
						</TextLine>
					</TextBlock>
					<TextBlock ID="block_3" HPOS="110" VPOS="344" WIDTH="740" HEIGHT="91">
						<TextLine ID="line_6" HPOS="180" VPOS="344" WIDTH="670" HEIGHT="30">
							<String ID="string_34" HPOS="180" VPOS="344" WIDTH="47" HEIGHT="21" WC="0.96" CONTENT="Den"/><SP WIDTH="15" VPOS="344" HPOS="227"/>
							<String ID="string_35" HPOS="242" VPOS="346" WIDTH="78" HEIGHT="26" WC="0.93" CONTENT="metod,"/><SP WIDTH="16" VPOS="346" HPOS="320"/>
							<String ID="string_36" HPOS="336" VPOS="346" WIDTH="107" HEIGHT="22" WC="0.92" CONTENT="utskottet"/><SP WIDTH="14" VPOS="346" HPOS="443"/>
							<String ID="string_37" HPOS="457" VPOS="347" WIDTH="75" HEIGHT="21" WC="0.91" CONTENT="härvid"/><SP WIDTH="16" VPOS="347" HPOS="532"/>
							<String ID="string_38" HPOS="548" VPOS="347" WIDTH="107" HEIGHT="27" WC="0.91" CONTENT="iakttagit,"/><SP WIDTH="16" VPOS="347" HPOS="655"/>
							<String ID="string_39" HPOS="671" VPOS="347" WIDTH="93" HEIGHT="27" WC="0.92" CONTENT="framgär"/><SP WIDTH="14" VPOS="347" HPOS="764"/>
							<String ID="string_40" HPOS="778" VPOS="347" WIDTH="24" HEIGHT="20" WC="0.97" CONTENT="af"/><SP WIDTH="12" VPOS="347" HPOS="802"/>
							<String ID="string_41" HPOS="814" VPOS="347" WIDTH="36" HEIGHT="21" WC="0.96" CONTENT="det"/>
						</TextLine>
						<TextLine ID="line_7" HPOS="112" VPOS="377" WIDTH="736" HEIGHT="31">
							<String ID="string_42" HPOS="112" VPOS="377" WIDTH="100" HEIGHT="27" WC="0.90" CONTENT="följande."/><SP WIDTH="31" VPOS="377" HPOS="212"/>
							<String ID="string_43" HPOS="243" VPOS="379" WIDTH="73" HEIGHT="28" WC="0.92" CONTENT="Några"/><SP WIDTH="16" VPOS="379" HPOS="316"/>
							<String ID="string_44" HPOS="332" VPOS="380" WIDTH="120" HEIGHT="27" WC="0.92" CONTENT="erinringar"/><SP WIDTH="15" VPOS="380" HPOS="452"/>
							<String ID="string_45" HPOS="467" VPOS="381" WIDTH="52" HEIGHT="22" WC="0.96" CONTENT="böra"/><SP WIDTH="16" VPOS="381" HPOS="519"/>
							<String ID="string_46" HPOS="535" VPOS="381" WIDTH="54" HEIGHT="22" WC="0.96" CONTENT="dock"/><SP WIDTH="11" VPOS="381" HPOS="589"/>
							<String ID="string_47" HPOS="600" VPOS="381" WIDTH="33" HEIGHT="21" WC="0.93" CONTENT="till"/><SP WIDTH="11" VPOS="381" HPOS="633"/>
							<String ID="string_48" HPOS="644" VPOS="381" WIDTH="128" HEIGHT="27" WC="0.93" CONTENT="upplysning"/><SP WIDTH="10" VPOS="381" HPOS="772"/>
							<String ID="string_49" HPOS="782" VPOS="380" WIDTH="66" HEIGHT="22" WC="0.92" CONTENT="förut-"/>
						</TextLine>
						<TextLine ID="line_8" HPOS="110" VPOS="411" WIDTH="92" HEIGHT="24">
							<String ID="string_50" HPOS="110" VPOS="411" WIDTH="92" HEIGHT="24" WC="0.96" CONTENT="skickas."/>
						</TextLine>
					</TextBlock>
				</ComposedBlock>
				<ComposedBlock ID="cblock_3" HPOS="101" VPOS="459" WIDTH="769" HEIGHT="1062">
					<TextBlock ID="block_4" HPOS="109" VPOS="459" WIDTH="740" HEIGHT="132">
						<TextLine ID="line_9" HPOS="178" VPOS="459" WIDTH="671" HEIGHT="28">
							<String ID="string_51" HPOS="178" VPOS="459" WIDTH="233" HEIGHT="28" WC="0.92" CONTENT="Kapitalräkningarna"/><SP WIDTH="14" VPOS="459" HPOS="411"/>
							<String ID="string_52" HPOS="425" VPOS="462" WIDTH="7" HEIGHT="20" WC="0.96" CONTENT="i"/><SP WIDTH="16" VPOS="462" HPOS="432"/>
							<String ID="string_53" HPOS="448" VPOS="462" WIDTH="40" HEIGHT="21" WC="0.96" CONTENT="den"/><SP WIDTH="15" VPOS="462" HPOS="488"/>
							<String ID="string_54" HPOS="503" VPOS="461" WIDTH="35" HEIGHT="22" WC="0.93" CONTENT="till"/><SP WIDTH="14" VPOS="461" HPOS="538"/>
							<String ID="string_55" HPOS="552" VPOS="461" WIDTH="121" HEIGHT="22" WC="0.92" CONTENT="Ständerna"/><SP WIDTH="7" VPOS="461" HPOS="673"/>
							<String ID="string_56" HPOS="680" VPOS="461" WIDTH="82" HEIGHT="26" WC="0.92" CONTENT="afgifna"/><SP WIDTH="9" VPOS="461" HPOS="762"/>
							<String ID="string_57" HPOS="771" VPOS="460" WIDTH="78" HEIGHT="21" WC="0.93" CONTENT="finans-"/>
						</TextLine>
						<TextLine ID="line_10" HPOS="109" VPOS="495" WIDTH="739" HEIGHT="27">
							<String ID="string_58" HPOS="109" VPOS="495" WIDTH="119" HEIGHT="21" WC="0.91" CONTENT="relationen"/><SP WIDTH="15" VPOS="495" HPOS="228"/>
							<String ID="string_59" HPOS="243" VPOS="495" WIDTH="87" HEIGHT="21" WC="0.92" CONTENT="sträcka"/><SP WIDTH="14" VPOS="495" HPOS="330"/>
							<String ID="string_60" HPOS="344" VPOS="495" WIDTH="33" HEIGHT="26" WC="0.93" CONTENT="sig"/><SP WIDTH="14" VPOS="495" HPOS="377"/>
							<String ID="string_61" HPOS="391" VPOS="496" WIDTH="47" HEIGHT="21" WC="0.91" CONTENT="icke"/><SP WIDTH="14" VPOS="496" HPOS="438"/>
							<String ID="string_62" HPOS="452" VPOS="496" WIDTH="74" HEIGHT="26" WC="0.96" CONTENT="längre"/><SP WIDTH="16" VPOS="496" HPOS="526"/>
							<String ID="string_63" HPOS="542" VPOS="498" WIDTH="26" HEIGHT="19" WC="0.96" CONTENT="än"/><SP WIDTH="10" VPOS="498" HPOS="568"/>
							<String ID="string_64" HPOS="578" VPOS="495" WIDTH="34" HEIGHT="21" WC="0.96" CONTENT="till"/><SP WIDTH="10" VPOS="495" HPOS="612"/>
							<String ID="string_65" HPOS="622" VPOS="495" WIDTH="39" HEIGHT="21" WC="0.96" CONTENT="och"/><SP WIDTH="10" VPOS="495" HPOS="661"/>
							<String ID="string_66" HPOS="671" VPOS="495" WIDTH="49" HEIGHT="21" WC="0.92" CONTENT="med"/><SP WIDTH="10" VPOS="495" HPOS="720"/>
							<String ID="string_67" HPOS="730" VPOS="495" WIDTH="46" HEIGHT="20" WC="0.91" CONTENT="äret"/><SP WIDTH="11" VPOS="495" HPOS="776"/>
							<String ID="string_68" HPOS="787" VPOS="495" WIDTH="61" HEIGHT="20" WC="0.96" CONTENT="1873."/>
						</TextLine>
						<TextLine ID="line_11" HPOS="109" VPOS="529" WIDTH="738" HEIGHT="28">
							<String ID="string_69" HPOS="109" VPOS="530" WIDTH="42" HEIGHT="20" WC="0.96" CONTENT="För"/><SP WIDTH="22" VPOS="530" HPOS="151"/>
							<String ID="string_70" HPOS="173" VPOS="529" WIDTH="27" HEIGHT="21" WC="0.93" CONTENT="de"/><SP WIDTH="22" VPOS="529" HPOS="200"/>
							<String ID="string_71" HPOS="222" VPOS="530" WIDTH="36" HEIGHT="21" WC="0.93" CONTENT="tvä"/><SP WIDTH="18" VPOS="530" HPOS="258"/>
							<String ID="string_72" HPOS="276" VPOS="529" WIDTH="95" HEIGHT="28" WC="0.93" CONTENT="följande"/><SP WIDTH="19" VPOS="529" HPOS="371"/>
							<String ID="string_73" HPOS="390" VPOS="530" WIDTH="51" HEIGHT="21" WC="0.91" CONTENT="ären"/><SP WIDTH="15" VPOS="530" HPOS="441"/>
							<String ID="string_74" HPOS="456" VPOS="532" WIDTH="36" HEIGHT="19" WC="0.92" CONTENT="äro"/><SP WIDTH="16" VPOS="532" HPOS="492"/>
							<String ID="string_75" HPOS="508" VPOS="530" WIDTH="54" HEIGHT="22" WC="0.93" CONTENT="dock"/><SP WIDTH="16" VPOS="530" HPOS="562"/>
							<String ID="string_76" HPOS="578" VPOS="529" WIDTH="140" HEIGHT="22" WC="0.92" CONTENT="summariska"/><SP WIDTH="13" VPOS="529" HPOS="718"/>
							<String ID="string_77" HPOS="731" VPOS="529" WIDTH="116" HEIGHT="26" WC="0.92" CONTENT="räkningar"/>
						</TextLine>
						<TextLine ID="line_12" HPOS="110" VPOS="563" WIDTH="101" HEIGHT="28">
							<String ID="string_78" HPOS="110" VPOS="563" WIDTH="101" HEIGHT="28" WC="0.87" CONTENT="delgifna,"/>
						</TextLine>
					</TextBlock>
					<TextBlock ID="block_5" HPOS="104" VPOS="602" WIDTH="744" HEIGHT="441">
						<TextLine ID="line_13" HPOS="178" VPOS="602" WIDTH="669" HEIGHT="31">
							<String ID="string_79" HPOS="178" VPOS="605" WIDTH="79" HEIGHT="28" WC="0.88" CONTENT="Hvarje"/><SP WIDTH="15" VPOS="605" HPOS="257"/>
							<String ID="string_80" HPOS="272" VPOS="605" WIDTH="119" HEIGHT="28" WC="0.92" CONTENT="beräkning"/><SP WIDTH="14" VPOS="605" HPOS="391"/>
							<String ID="string_81" HPOS="405" VPOS="606" WIDTH="34" HEIGHT="21" WC="0.96" CONTENT="för"/><SP WIDTH="15" VPOS="606" HPOS="439"/>
							<String ID="string_82" HPOS="454" VPOS="613" WIDTH="26" HEIGHT="14" WC="0.93" CONTENT="en"/><SP WIDTH="15" VPOS="613" HPOS="480"/>
							<String ID="string_83" HPOS="495" VPOS="606" WIDTH="120" HEIGHT="21" WC="0.93" CONTENT="stundande"/><SP WIDTH="11" VPOS="606" HPOS="615"/>
							<String ID="string_84" HPOS="626" VPOS="603" WIDTH="144" HEIGHT="27" WC="0.92" CONTENT="finansperiod"/><SP WIDTH="10" VPOS="603" HPOS="770"/>
							<String ID="string_85" HPOS="780" VPOS="602" WIDTH="67" HEIGHT="21" WC="0.92" CONTENT="mäste"/>
						</TextLine>
						<TextLine ID="line_14" HPOS="110" VPOS="635" WIDTH="736" HEIGHT="32">
							<String ID="string_86" HPOS="110" VPOS="640" WIDTH="62" HEIGHT="21" WC="0.93" CONTENT="stöda"/><SP WIDTH="23" VPOS="640" HPOS="172"/>
							<String ID="string_87" HPOS="195" VPOS="640" WIDTH="33" HEIGHT="27" WC="0.96" CONTENT="sig"/><SP WIDTH="22" VPOS="640" HPOS="228"/>
							<String ID="string_88" HPOS="250" VPOS="641" WIDTH="27" HEIGHT="26" WC="0.92" CONTENT="pä"/><SP WIDTH="22" VPOS="641" HPOS="277"/>
							<String ID="string_89" HPOS="299" VPOS="647" WIDTH="110" HEIGHT="20" WC="0.92" CONTENT="noggrann"/><SP WIDTH="16" VPOS="647" HPOS="409"/>
							<String ID="string_90" HPOS="425" VPOS="641" WIDTH="120" HEIGHT="21" WC="0.91" CONTENT="kännedom"/><SP WIDTH="15" VPOS="641" HPOS="545"/>
							<String ID="string_91" HPOS="560" VPOS="646" WIDTH="34" HEIGHT="15" WC="0.96" CONTENT="om"/><SP WIDTH="16" VPOS="646" HPOS="594"/>
							<String ID="string_92" HPOS="610" VPOS="639" WIDTH="40" HEIGHT="21" WC="0.93" CONTENT="den"/><SP WIDTH="15" VPOS="639" HPOS="650"/>
							<String ID="string_93" HPOS="665" VPOS="637" WIDTH="101" HEIGHT="22" WC="0.91" CONTENT="förflutna"/><SP WIDTH="14" VPOS="637" HPOS="766"/>
							<String ID="string_94" HPOS="780" VPOS="635" WIDTH="66" HEIGHT="22" WC="0.97" CONTENT="tiden."/>
						</TextLine>
						<TextLine ID="line_15" HPOS="108" VPOS="670" WIDTH="739" HEIGHT="31">
							<String ID="string_95" HPOS="108" VPOS="674" WIDTH="82" HEIGHT="21" WC="0.93" CONTENT="Härvid"/><SP WIDTH="23" VPOS="674" HPOS="190"/>
							<String ID="string_96" HPOS="213" VPOS="675" WIDTH="70" HEIGHT="20" WC="0.92" CONTENT="lemna"/><SP WIDTH="23" VPOS="675" HPOS="283"/>
							<String ID="string_97" HPOS="306" VPOS="675" WIDTH="26" HEIGHT="20" WC="0.96" CONTENT="de"/><SP WIDTH="23" VPOS="675" HPOS="332"/>
							<String ID="string_98" HPOS="355" VPOS="676" WIDTH="95" HEIGHT="19" WC="0.93" CONTENT="närmast"/><SP WIDTH="22" VPOS="676" HPOS="450"/>
							<String ID="string_99" HPOS="472" VPOS="674" WIDTH="129" HEIGHT="27" WC="0.92" CONTENT="föregäende"/><SP WIDTH="23" VPOS="674" HPOS="601"/>
							<String ID="string_100" HPOS="624" VPOS="673" WIDTH="50" HEIGHT="20" WC="0.92" CONTENT="ären"/><SP WIDTH="20" VPOS="673" HPOS="674"/>
							<String ID="string_101" HPOS="694" VPOS="672" WIDTH="41" HEIGHT="20" WC="0.93" CONTENT="den"/><SP WIDTH="15" VPOS="672" HPOS="735"/>
							<String ID="string_102" HPOS="750" VPOS="670" WIDTH="97" HEIGHT="21" WC="0.93" CONTENT="säkraste"/>
						</TextLine>
						<TextLine ID="line_16" HPOS="109" VPOS="705" WIDTH="739" HEIGHT="30">
							<String ID="string_103" HPOS="109" VPOS="707" WIDTH="135" HEIGHT="28" WC="0.95" CONTENT="upplysning."/><SP WIDTH="30" VPOS="707" HPOS="244"/>
							<String ID="string_104" HPOS="274" VPOS="709" WIDTH="28" HEIGHT="20" WC="0.74" CONTENT="Ju"/><SP WIDTH="11" VPOS="709" HPOS="302"/>
							<String ID="string_105" HPOS="313" VPOS="708" WIDTH="73" HEIGHT="27" WC="0.74" CONTENT="längre"/><SP WIDTH="13" VPOS="708" HPOS="386"/>
							<String ID="string_106" HPOS="399" VPOS="708" WIDTH="91" HEIGHT="21" WC="0.96" CONTENT="tillbaka"/><SP WIDTH="10" VPOS="708" HPOS="490"/>
							<String ID="string_107" HPOS="500" VPOS="714" WIDTH="49" HEIGHT="15" WC="0.93" CONTENT="man"/><SP WIDTH="11" VPOS="714" HPOS="549"/>
							<String ID="string_108" HPOS="560" VPOS="707" WIDTH="38" HEIGHT="27" WC="0.96" CONTENT="går"/><SP WIDTH="11" VPOS="707" HPOS="598"/>
							<String ID="string_109" HPOS="609" VPOS="707" WIDTH="8" HEIGHT="21" WC="0.96" CONTENT="i"/><SP WIDTH="11" VPOS="707" HPOS="617"/>
							<String ID="string_110" HPOS="628" VPOS="707" WIDTH="66" HEIGHT="24" WC="0.93" CONTENT="tiden,"/><SP WIDTH="12" VPOS="707" HPOS="694"/>
							<String ID="string_111" HPOS="706" VPOS="705" WIDTH="60" HEIGHT="20" WC="0.96" CONTENT="desto"/><SP WIDTH="12" VPOS="705" HPOS="766"/>
							<String ID="string_112" HPOS="778" VPOS="705" WIDTH="70" HEIGHT="20" WC="0.96" CONTENT="större"/>
						</TextLine>
						<TextLine ID="line_17" HPOS="108" VPOS="736" WIDTH="740" HEIGHT="33">
							<String ID="string_113" HPOS="108" VPOS="741" WIDTH="83" HEIGHT="22" WC="0.95" CONTENT="olikhet"/><SP WIDTH="22" VPOS="741" HPOS="191"/>
							<String ID="string_114" HPOS="213" VPOS="742" WIDTH="41" HEIGHT="21" WC="0.96" CONTENT="kan"/><SP WIDTH="23" VPOS="742" HPOS="254"/>
							<String ID="string_115" HPOS="277" VPOS="749" WIDTH="49" HEIGHT="14" WC="0.93" CONTENT="man"/><SP WIDTH="23" VPOS="749" HPOS="326"/>
							<String ID="string_116" HPOS="349" VPOS="742" WIDTH="75" HEIGHT="27" WC="0.96" CONTENT="skönja"/><SP WIDTH="22" VPOS="742" HPOS="424"/>
							<String ID="string_117" HPOS="446" VPOS="742" WIDTH="58" HEIGHT="22" WC="0.96" CONTENT="såväl"/><SP WIDTH="22" VPOS="742" HPOS="504"/>
							<String ID="string_118" HPOS="526" VPOS="742" WIDTH="8" HEIGHT="21" WC="0.96" CONTENT="i"/><SP WIDTH="22" VPOS="742" HPOS="534"/>
							<String ID="string_119" HPOS="556" VPOS="741" WIDTH="118" HEIGHT="21" WC="0.96" CONTENT="inkomster"/><SP WIDTH="15" VPOS="741" HPOS="674"/>
							<String ID="string_120" HPOS="689" VPOS="739" WIDTH="39" HEIGHT="21" WC="0.68" CONTENT="och"/><SP WIDTH="8" VPOS="739" HPOS="728"/>
							<String ID="string_121" HPOS="736" VPOS="736" WIDTH="112" HEIGHT="28" WC="0.68" CONTENT="utgifter"/><SP WIDTH="-13" VPOS="736" HPOS="848"/>
							<String ID="string_122" HPOS="835" VPOS="732" WIDTH="15" HEIGHT="42" WC="0.96" CONTENT="i"/>
						</TextLine>
						<TextLine ID="line_18" HPOS="108" VPOS="771" WIDTH="739" HEIGHT="27">
							<String ID="string_123" HPOS="108" VPOS="775" WIDTH="135" HEIGHT="22" WC="0.92" CONTENT="förhällande"/><SP WIDTH="21" VPOS="775" HPOS="243"/>
							<String ID="string_124" HPOS="264" VPOS="777" WIDTH="35" HEIGHT="20" WC="0.96" CONTENT="till"/><SP WIDTH="26" VPOS="777" HPOS="299"/>
							<String ID="string_125" HPOS="325" VPOS="777" WIDTH="40" HEIGHT="21" WC="0.96" CONTENT="den"/><SP WIDTH="27" VPOS="777" HPOS="365"/>
							<String ID="string_126" HPOS="392" VPOS="777" WIDTH="134" HEIGHT="21" WC="0.96" CONTENT="närvarande"/><SP WIDTH="23" VPOS="777" HPOS="526"/>
							<String ID="string_127" HPOS="549" VPOS="775" WIDTH="39" HEIGHT="22" WC="0.93" CONTENT="och"/><SP WIDTH="16" VPOS="775" HPOS="588"/>
							<String ID="string_128" HPOS="604" VPOS="774" WIDTH="83" HEIGHT="22" WC="0.93" CONTENT="säledes"/><SP WIDTH="15" VPOS="774" HPOS="687"/>
							<String ID="string_129" HPOS="702" VPOS="772" WIDTH="40" HEIGHT="21" WC="0.93" CONTENT="ock"/><SP WIDTH="14" VPOS="772" HPOS="742"/>
							<String ID="string_130" HPOS="756" VPOS="771" WIDTH="34" HEIGHT="22" WC="0.96" CONTENT="till"/><SP WIDTH="16" VPOS="771" HPOS="790"/>
							<String ID="string_131" HPOS="806" VPOS="771" WIDTH="41" HEIGHT="20" WC="0.96" CONTENT="den"/>
						</TextLine>
						<TextLine ID="line_19" HPOS="108" VPOS="805" WIDTH="739" HEIGHT="32">
							<String ID="string_132" HPOS="108" VPOS="811" WIDTH="128" HEIGHT="21" WC="0.92" CONTENT="kommande"/><SP WIDTH="21" VPOS="811" HPOS="236"/>
							<String ID="string_133" HPOS="257" VPOS="811" WIDTH="68" HEIGHT="26" WC="0.96" CONTENT="tiden;"/><SP WIDTH="26" VPOS="811" HPOS="325"/>
							<String ID="string_134" HPOS="351" VPOS="817" WIDTH="47" HEIGHT="15" WC="0.96" CONTENT="men"/><SP WIDTH="20" VPOS="817" HPOS="398"/>
							<String ID="string_135" HPOS="418" VPOS="811" WIDTH="25" HEIGHT="26" WC="0.91" CONTENT="ju"/><SP WIDTH="18" VPOS="811" HPOS="443"/>
							<String ID="string_136" HPOS="461" VPOS="813" WIDTH="97" HEIGHT="18" WC="0.91" CONTENT="närmare"/><SP WIDTH="16" VPOS="813" HPOS="558"/>
							<String ID="string_137" HPOS="574" VPOS="809" WIDTH="36" HEIGHT="22" WC="0.93" CONTENT="det"/><SP WIDTH="14" VPOS="809" HPOS="610"/>
							<String ID="string_138" HPOS="624" VPOS="807" WIDTH="99" HEIGHT="22" WC="0.93" CONTENT="tidskifte"/><SP WIDTH="15" VPOS="807" HPOS="723"/>
							<String ID="string_139" HPOS="738" VPOS="809" WIDTH="30" HEIGHT="23" WC="0.93" CONTENT="är,"/><SP WIDTH="15" VPOS="809" HPOS="768"/>
							<String ID="string_140" HPOS="783" VPOS="805" WIDTH="64" HEIGHT="21" WC="0.91" CONTENT="hvars"/>
						</TextLine>
						<TextLine ID="line_20" HPOS="107" VPOS="843" WIDTH="741" HEIGHT="29">
							<String ID="string_141" HPOS="107" VPOS="846" WIDTH="89" HEIGHT="21" WC="0.93" CONTENT="bokslut"/><SP WIDTH="14" VPOS="846" HPOS="196"/>
							<String ID="string_142" HPOS="210" VPOS="846" WIDTH="74" HEIGHT="26" WC="0.92" CONTENT="lägges"/><SP WIDTH="15" VPOS="846" HPOS="284"/>
							<String ID="string_143" HPOS="299" VPOS="846" WIDTH="34" HEIGHT="20" WC="0.96" CONTENT="till"/><SP WIDTH="15" VPOS="846" HPOS="333"/>
							<String ID="string_144" HPOS="348" VPOS="845" WIDTH="69" HEIGHT="27" WC="0.96" CONTENT="grund"/><SP WIDTH="11" VPOS="845" HPOS="417"/>
							<String ID="string_145" HPOS="428" VPOS="845" WIDTH="34" HEIGHT="21" WC="0.92" CONTENT="för"/><SP WIDTH="9" VPOS="845" HPOS="462"/>
							<String ID="string_146" HPOS="471" VPOS="845" WIDTH="152" HEIGHT="26" WC="0.92" CONTENT="beräkningen,"/><SP WIDTH="11" VPOS="845" HPOS="623"/>
							<String ID="string_147" HPOS="634" VPOS="843" WIDTH="60" HEIGHT="20" WC="0.93" CONTENT="desto"/><SP WIDTH="10" VPOS="843" HPOS="694"/>
							<String ID="string_148" HPOS="704" VPOS="847" WIDTH="58" HEIGHT="15" WC="0.84" CONTENT="mera"/><SP WIDTH="10" VPOS="847" HPOS="762"/>
							<String ID="string_149" HPOS="772" VPOS="844" WIDTH="76" HEIGHT="17" WC="0.88" CONTENT="sanno-"/>
						</TextLine>
						<TextLine ID="line_21" HPOS="107" VPOS="872" WIDTH="741" HEIGHT="33">
							<String ID="string_150" HPOS="107" VPOS="880" WIDTH="70" HEIGHT="21" WC="0.90" CONTENT="likhet"/><SP WIDTH="22" VPOS="880" HPOS="177"/>
							<String ID="string_151" HPOS="199" VPOS="879" WIDTH="114" HEIGHT="22" WC="0.90" CONTENT="förefinnes"/><SP WIDTH="23" VPOS="879" HPOS="313"/>
							<String ID="string_152" HPOS="336" VPOS="881" WIDTH="31" HEIGHT="19" WC="0.93" CONTENT="att"/><SP WIDTH="19" VPOS="881" HPOS="367"/>
							<String ID="string_153" HPOS="386" VPOS="879" WIDTH="145" HEIGHT="26" WC="0.92" CONTENT="beräkningen"/><SP WIDTH="21" VPOS="879" HPOS="531"/>
							<String ID="string_154" HPOS="552" VPOS="878" WIDTH="54" HEIGHT="21" WC="0.93" CONTENT="skall"/><SP WIDTH="20" VPOS="878" HPOS="606"/>
							<String ID="string_155" HPOS="626" VPOS="876" WIDTH="76" HEIGHT="21" WC="0.93" CONTENT="utfalla"/><SP WIDTH="14" VPOS="876" HPOS="702"/>
							<String ID="string_156" HPOS="716" VPOS="875" WIDTH="72" HEIGHT="26" WC="0.90" CONTENT="riktig."/><SP WIDTH="29" VPOS="875" HPOS="788"/>
							<String ID="string_157" HPOS="817" VPOS="872" WIDTH="31" HEIGHT="26" WC="0.96" CONTENT="Ty"/>
						</TextLine>
						<TextLine ID="line_22" HPOS="106" VPOS="907" WIDTH="741" HEIGHT="33">
							<String ID="string_158" HPOS="106" VPOS="914" WIDTH="223" HEIGHT="26" WC="0.89" CONTENT="statshushällningen"/><SP WIDTH="23" VPOS="914" HPOS="329"/>
							<String ID="string_159" HPOS="352" VPOS="913" WIDTH="80" HEIGHT="21" WC="0.93" CONTENT="företer"/><SP WIDTH="24" VPOS="913" HPOS="432"/>
							<String ID="string_160" HPOS="456" VPOS="913" WIDTH="106" HEIGHT="26" WC="0.96" CONTENT="vanligen,"/><SP WIDTH="22" VPOS="913" HPOS="562"/>
							<String ID="string_161" HPOS="584" VPOS="913" WIDTH="39" HEIGHT="20" WC="0.96" CONTENT="när"/><SP WIDTH="22" VPOS="913" HPOS="623"/>
							<String ID="string_162" HPOS="645" VPOS="916" WIDTH="49" HEIGHT="15" WC="0.93" CONTENT="man"/><SP WIDTH="22" VPOS="916" HPOS="694"/>
							<String ID="string_163" HPOS="716" VPOS="909" WIDTH="56" HEIGHT="22" WC="0.93" CONTENT="afser"/><SP WIDTH="28" VPOS="909" HPOS="772"/>
							<String ID="string_164" HPOS="800" VPOS="907" WIDTH="47" HEIGHT="20" WC="0.89" CONTENT="frän"/>
						</TextLine>
						<TextLine ID="line_23" HPOS="105" VPOS="942" WIDTH="743" HEIGHT="33">
							<String ID="string_165" HPOS="105" VPOS="948" WIDTH="84" HEIGHT="21" WC="0.93" CONTENT="sådana"/><SP WIDTH="22" VPOS="948" HPOS="189"/>
							<String ID="string_166" HPOS="211" VPOS="948" WIDTH="111" HEIGHT="26" WC="0.93" CONTENT="tillfälliga"/><SP WIDTH="21" VPOS="948" HPOS="322"/>
							<String ID="string_167" HPOS="343" VPOS="947" WIDTH="85" HEIGHT="28" WC="0.96" CONTENT="företag"/><SP WIDTH="18" VPOS="947" HPOS="428"/>
							<String ID="string_168" HPOS="446" VPOS="954" WIDTH="45" HEIGHT="15" WC="0.92" CONTENT="som"/><SP WIDTH="20" VPOS="954" HPOS="491"/>
							<String ID="string_169" HPOS="511" VPOS="949" WIDTH="15" HEIGHT="19" WC="0.92" CONTENT="t."/><SP WIDTH="21" VPOS="949" HPOS="526"/>
							<String ID="string_170" HPOS="547" VPOS="953" WIDTH="31" HEIGHT="14" WC="0.93" CONTENT="ex."/><SP WIDTH="14" VPOS="953" HPOS="578"/>
							<String ID="string_171" HPOS="592" VPOS="942" WIDTH="209" HEIGHT="31" WC="0.92" CONTENT="jernvägsbyggnad,"/><SP WIDTH="15" VPOS="942" HPOS="801"/>
							<String ID="string_172" HPOS="816" VPOS="942" WIDTH="32" HEIGHT="20" WC="0.96" CONTENT="ett"/>
						</TextLine>
						<TextLine ID="line_24" HPOS="104" VPOS="975" WIDTH="743" HEIGHT="34">
							<String ID="string_173" HPOS="104" VPOS="981" WIDTH="110" HEIGHT="28" WC="0.96" CONTENT="långsamt"/><SP WIDTH="18" VPOS="981" HPOS="214"/>
							<String ID="string_174" HPOS="232" VPOS="982" WIDTH="39" HEIGHT="21" WC="0.96" CONTENT="och"/><SP WIDTH="20" VPOS="982" HPOS="271"/>
							<String ID="string_175" HPOS="291" VPOS="982" WIDTH="117" HEIGHT="21" WC="0.93" CONTENT="successivt"/><SP WIDTH="19" VPOS="982" HPOS="408"/>
							<String ID="string_176" HPOS="427" VPOS="981" WIDTH="98" HEIGHT="27" WC="0.96" CONTENT="stigande"/><SP WIDTH="16" VPOS="981" HPOS="525"/>
							<String ID="string_177" HPOS="541" VPOS="981" WIDTH="7" HEIGHT="20" WC="0.96" CONTENT="i"/><SP WIDTH="16" VPOS="981" HPOS="548"/>
							<String ID="string_178" HPOS="564" VPOS="980" WIDTH="118" HEIGHT="22" WC="0.96" CONTENT="inkomster"/><SP WIDTH="15" VPOS="980" HPOS="682"/>
							<String ID="string_179" HPOS="697" VPOS="978" WIDTH="39" HEIGHT="21" WC="0.97" CONTENT="och"/><SP WIDTH="16" VPOS="978" HPOS="736"/>
							<String ID="string_180" HPOS="752" VPOS="975" WIDTH="95" HEIGHT="28" WC="0.96" CONTENT="utgifter,"/>
						</TextLine>
						<TextLine ID="line_25" HPOS="106" VPOS="1014" WIDTH="569" HEIGHT="29">
							<String ID="string_181" HPOS="106" VPOS="1016" WIDTH="48" HEIGHT="22" WC="0.96" CONTENT="icke"/><SP WIDTH="15" VPOS="1016" HPOS="154"/>
							<String ID="string_182" HPOS="169" VPOS="1016" WIDTH="103" HEIGHT="27" WC="0.93" CONTENT="plötsliga"/><SP WIDTH="14" VPOS="1016" HPOS="272"/>
							<String ID="string_183" HPOS="286" VPOS="1016" WIDTH="161" HEIGHT="27" WC="0.92" CONTENT="omkastningar"/><SP WIDTH="15" VPOS="1016" HPOS="447"/>
							<String ID="string_184" HPOS="462" VPOS="1016" WIDTH="39" HEIGHT="21" WC="0.96" CONTENT="och"/><SP WIDTH="16" VPOS="1016" HPOS="501"/>
							<String ID="string_185" HPOS="517" VPOS="1014" WIDTH="158" HEIGHT="25" WC="0.96" CONTENT="förändringar."/>
						</TextLine>
					</TextBlock>
					<TextBlock ID="block_6" HPOS="101" VPOS="1049" WIDTH="764" HEIGHT="431">
						<TextLine ID="line_26" HPOS="175" VPOS="1049" WIDTH="673" HEIGHT="34">
							<String ID="string_186" HPOS="175" VPOS="1057" WIDTH="113" HEIGHT="22" WC="0.93" CONTENT="Utskottet"/><SP WIDTH="14" VPOS="1057" HPOS="288"/>
							<String ID="string_187" HPOS="302" VPOS="1058" WIDTH="39" HEIGHT="21" WC="0.93" CONTENT="har"/><SP WIDTH="17" VPOS="1058" HPOS="341"/>
							<String ID="string_188" HPOS="358" VPOS="1057" WIDTH="71" HEIGHT="22" WC="0.93" CONTENT="derför"/><SP WIDTH="18" VPOS="1057" HPOS="429"/>
							<String ID="string_189" HPOS="447" VPOS="1058" WIDTH="70" HEIGHT="20" WC="0.92" CONTENT="ansett"/><SP WIDTH="21" VPOS="1058" HPOS="517"/>
							<String ID="string_190" HPOS="538" VPOS="1057" WIDTH="32" HEIGHT="26" WC="0.93" CONTENT="sig"/><SP WIDTH="14" VPOS="1057" HPOS="570"/>
							<String ID="string_191" HPOS="584" VPOS="1056" WIDTH="54" HEIGHT="19" WC="0.92" CONTENT="böra"/><SP WIDTH="15" VPOS="1056" HPOS="638"/>
							<String ID="string_192" HPOS="653" VPOS="1052" WIDTH="83" HEIGHT="27" WC="0.93" CONTENT="grunda"/><SP WIDTH="15" VPOS="1052" HPOS="736"/>
							<String ID="string_193" HPOS="751" VPOS="1051" WIDTH="47" HEIGHT="20" WC="0.93" CONTENT="sina"/><SP WIDTH="15" VPOS="1051" HPOS="798"/>
							<String ID="string_194" HPOS="813" VPOS="1049" WIDTH="35" HEIGHT="21" WC="0.91" CONTENT="be-"/>
						</TextLine>
						<TextLine ID="line_27" HPOS="106" VPOS="1084" WIDTH="740" HEIGHT="35">
							<String ID="string_195" HPOS="106" VPOS="1091" WIDTH="118" HEIGHT="28" WC="0.93" CONTENT="räkningar"/><SP WIDTH="14" VPOS="1091" HPOS="224"/>
							<String ID="string_196" HPOS="238" VPOS="1092" WIDTH="28" HEIGHT="27" WC="0.96" CONTENT="pä"/><SP WIDTH="15" VPOS="1092" HPOS="266"/>
							<String ID="string_197" HPOS="281" VPOS="1093" WIDTH="107" HEIGHT="20" WC="0.93" CONTENT="allmänna"/><SP WIDTH="16" VPOS="1093" HPOS="388"/>
							<String ID="string_198" HPOS="404" VPOS="1091" WIDTH="147" HEIGHT="22" WC="0.92" CONTENT="statsfondens"/><SP WIDTH="17" VPOS="1091" HPOS="551"/>
							<String ID="string_199" HPOS="568" VPOS="1088" WIDTH="96" HEIGHT="23" WC="0.96" CONTENT="normala"/><SP WIDTH="15" VPOS="1088" HPOS="664"/>
							<String ID="string_200" HPOS="679" VPOS="1087" WIDTH="118" HEIGHT="21" WC="0.96" CONTENT="inkomster"/><SP WIDTH="10" VPOS="1087" HPOS="797"/>
							<String ID="string_201" HPOS="807" VPOS="1084" WIDTH="39" HEIGHT="21" WC="0.96" CONTENT="och"/>
						</TextLine>
						<TextLine ID="line_28" HPOS="105" VPOS="1119" WIDTH="743" HEIGHT="33">
							<String ID="string_202" HPOS="105" VPOS="1126" WIDTH="92" HEIGHT="26" WC="0.94" CONTENT="utgifter"/><SP WIDTH="23" VPOS="1126" HPOS="197"/>
							<String ID="string_203" HPOS="220" VPOS="1127" WIDTH="68" HEIGHT="22" WC="0.94" CONTENT="under"/><SP WIDTH="23" VPOS="1127" HPOS="288"/>
							<String ID="string_204" HPOS="311" VPOS="1127" WIDTH="26" HEIGHT="20" WC="0.96" CONTENT="de"/><SP WIDTH="22" VPOS="1127" HPOS="337"/>
							<String ID="string_205" HPOS="359" VPOS="1128" WIDTH="12" HEIGHT="19" WC="0.90" CONTENT="5"/><SP WIDTH="16" VPOS="1128" HPOS="371"/>
							<String ID="string_206" HPOS="387" VPOS="1127" WIDTH="51" HEIGHT="20" WC="0.90" CONTENT="ären"/><SP WIDTH="19" VPOS="1127" HPOS="438"/>
							<String ID="string_207" HPOS="457" VPOS="1124" WIDTH="146" HEIGHT="22" WC="0.89" CONTENT="1871—1875."/><SP WIDTH="31" VPOS="1124" HPOS="603"/>
							<String ID="string_208" HPOS="634" VPOS="1121" WIDTH="79" HEIGHT="22" WC="0.91" CONTENT="Senare"/><SP WIDTH="15" VPOS="1121" HPOS="713"/>
							<String ID="string_209" HPOS="728" VPOS="1119" WIDTH="120" HEIGHT="25" WC="0.91" CONTENT="afslutning"/>
						</TextLine>
						<TextLine ID="line_29" HPOS="107" VPOS="1151" WIDTH="741" HEIGHT="35">
							<String ID="string_210" HPOS="107" VPOS="1161" WIDTH="27" HEIGHT="20" WC="0.91" CONTENT="än"/><SP WIDTH="23" VPOS="1161" HPOS="134"/>
							<String ID="string_211" HPOS="157" VPOS="1161" WIDTH="34" HEIGHT="20" WC="0.96" CONTENT="för"/><SP WIDTH="22" VPOS="1161" HPOS="191"/>
							<String ID="string_212" HPOS="213" VPOS="1161" WIDTH="55" HEIGHT="22" WC="0.96" CONTENT="1875"/><SP WIDTH="22" VPOS="1161" HPOS="268"/>
							<String ID="string_213" HPOS="290" VPOS="1161" WIDTH="64" HEIGHT="22" WC="0.93" CONTENT="fanns"/><SP WIDTH="22" VPOS="1161" HPOS="354"/>
							<String ID="string_214" HPOS="376" VPOS="1161" WIDTH="48" HEIGHT="22" WC="0.96" CONTENT="icke"/><SP WIDTH="19" VPOS="1161" HPOS="424"/>
							<String ID="string_215" HPOS="443" VPOS="1161" WIDTH="33" HEIGHT="20" WC="0.93" CONTENT="att"/><SP WIDTH="14" VPOS="1161" HPOS="476"/>
							<String ID="string_216" HPOS="490" VPOS="1159" WIDTH="68" HEIGHT="27" WC="0.90" CONTENT="tillgå."/><SP WIDTH="30" VPOS="1159" HPOS="558"/>
							<String ID="string_217" HPOS="588" VPOS="1157" WIDTH="40" HEIGHT="21" WC="0.96" CONTENT="Att"/><SP WIDTH="14" VPOS="1157" HPOS="628"/>
							<String ID="string_218" HPOS="642" VPOS="1155" WIDTH="99" HEIGHT="22" WC="0.95" CONTENT="använda"/><SP WIDTH="14" VPOS="1155" HPOS="741"/>
							<String ID="string_219" HPOS="755" VPOS="1153" WIDTH="27" HEIGHT="21" WC="0.96" CONTENT="de"/><SP WIDTH="15" VPOS="1153" HPOS="782"/>
							<String ID="string_220" HPOS="797" VPOS="1159" WIDTH="16" HEIGHT="15" WC="0.95" CONTENT="s."/><SP WIDTH="15" VPOS="1159" HPOS="813"/>
							<String ID="string_221" HPOS="828" VPOS="1151" WIDTH="20" HEIGHT="21" WC="0.55" CONTENT="k."/>
						</TextLine>
						<TextLine ID="line_30" HPOS="106" VPOS="1187" WIDTH="743" HEIGHT="35">
							<String ID="string_222" HPOS="106" VPOS="1195" WIDTH="143" HEIGHT="22" WC="0.92" CONTENT="summariska"/><SP WIDTH="19" VPOS="1195" HPOS="249"/>
							<String ID="string_223" HPOS="268" VPOS="1196" WIDTH="146" HEIGHT="26" WC="0.91" CONTENT="räkningarna"/><SP WIDTH="18" VPOS="1196" HPOS="414"/>
							<String ID="string_224" HPOS="432" VPOS="1194" WIDTH="33" HEIGHT="21" WC="0.96" CONTENT="för"/><SP WIDTH="19" VPOS="1194" HPOS="465"/>
							<String ID="string_225" HPOS="484" VPOS="1193" WIDTH="55" HEIGHT="21" WC="0.96" CONTENT="1874"/><SP WIDTH="19" VPOS="1193" HPOS="539"/>
							<String ID="string_226" HPOS="558" VPOS="1192" WIDTH="39" HEIGHT="21" WC="0.96" CONTENT="och"/><SP WIDTH="19" VPOS="1192" HPOS="597"/>
							<String ID="string_227" HPOS="616" VPOS="1190" WIDTH="54" HEIGHT="21" WC="0.95" CONTENT="1875"/><SP WIDTH="15" VPOS="1190" HPOS="670"/>
							<String ID="string_228" HPOS="685" VPOS="1191" WIDTH="24" HEIGHT="19" WC="0.93" CONTENT="är"/><SP WIDTH="14" VPOS="1191" HPOS="709"/>
							<String ID="string_229" HPOS="723" VPOS="1187" WIDTH="126" HEIGHT="26" WC="0.91" CONTENT="visserligen"/>
						</TextLine>
						<TextLine ID="line_31" HPOS="104" VPOS="1221" WIDTH="745" HEIGHT="36">
							<String ID="string_230" HPOS="104" VPOS="1229" WIDTH="26" HEIGHT="20" WC="0.82" CONTENT="sä"/><SP WIDTH="22" VPOS="1229" HPOS="130"/>
							<String ID="string_231" HPOS="152" VPOS="1229" WIDTH="85" HEIGHT="22" WC="0.96" CONTENT="tillvida"/><SP WIDTH="23" VPOS="1229" HPOS="237"/>
							<String ID="string_232" HPOS="260" VPOS="1237" WIDTH="26" HEIGHT="15" WC="0.93" CONTENT="en"/><SP WIDTH="23" VPOS="1237" HPOS="286"/>
							<String ID="string_233" HPOS="309" VPOS="1229" WIDTH="153" HEIGHT="28" WC="0.91" CONTENT="oegentlighet,"/><SP WIDTH="24" VPOS="1229" HPOS="462"/>
							<String ID="string_234" HPOS="486" VPOS="1229" WIDTH="32" HEIGHT="20" WC="0.96" CONTENT="att"/><SP WIDTH="18" VPOS="1229" HPOS="518"/>
							<String ID="string_235" HPOS="536" VPOS="1227" WIDTH="62" HEIGHT="21" WC="0.93" CONTENT="dessa"/><SP WIDTH="18" VPOS="1227" HPOS="598"/>
							<String ID="string_236" HPOS="616" VPOS="1224" WIDTH="116" HEIGHT="26" WC="0.96" CONTENT="räkningar"/><SP WIDTH="18" VPOS="1224" HPOS="732"/>
							<String ID="string_237" HPOS="750" VPOS="1221" WIDTH="48" HEIGHT="22" WC="0.96" CONTENT="icke"/><SP WIDTH="15" VPOS="1221" HPOS="798"/>
							<String ID="string_238" HPOS="813" VPOS="1223" WIDTH="36" HEIGHT="18" WC="0.96" CONTENT="äro"/>
						</TextLine>
						<TextLine ID="line_32" HPOS="106" VPOS="1254" WIDTH="744" HEIGHT="34">
							<String ID="string_239" HPOS="106" VPOS="1262" WIDTH="111" HEIGHT="23" WC="0.91" CONTENT="definitiva"/><SP WIDTH="28" VPOS="1262" HPOS="217"/>
							<String ID="string_240" HPOS="245" VPOS="1265" WIDTH="89" HEIGHT="22" WC="0.85" CONTENT="bokslut"/><SP WIDTH="24" VPOS="1265" HPOS="334"/>
							<String ID="string_241" HPOS="358" VPOS="1264" WIDTH="68" HEIGHT="21" WC="0.92" CONTENT="såsom"/><SP WIDTH="24" VPOS="1264" HPOS="426"/>
							<String ID="string_242" HPOS="450" VPOS="1260" WIDTH="236" HEIGHT="28" WC="0.87" CONTENT="kapitalräkningarna,"/><SP WIDTH="23" VPOS="1260" HPOS="686"/>
							<String ID="string_243" HPOS="709" VPOS="1257" WIDTH="39" HEIGHT="20" WC="0.96" CONTENT="och"/><SP WIDTH="22" VPOS="1257" HPOS="748"/>
							<String ID="string_244" HPOS="770" VPOS="1257" WIDTH="32" HEIGHT="20" WC="0.96" CONTENT="att"/><SP WIDTH="22" VPOS="1257" HPOS="802"/>
							<String ID="string_245" HPOS="824" VPOS="1254" WIDTH="26" HEIGHT="21" WC="0.96" CONTENT="de"/>
						</TextLine>
						<TextLine ID="line_33" HPOS="105" VPOS="1285" WIDTH="745" HEIGHT="36">
							<String ID="string_246" HPOS="105" VPOS="1296" WIDTH="137" HEIGHT="25" WC="0.74" CONTENT="sistnämnda,"/><SP WIDTH="22" VPOS="1296" HPOS="242"/>
							<String ID="string_247" HPOS="264" VPOS="1299" WIDTH="73" HEIGHT="22" WC="0.96" CONTENT="städse"/><SP WIDTH="22" VPOS="1299" HPOS="337"/>
							<String ID="string_248" HPOS="359" VPOS="1299" WIDTH="8" HEIGHT="20" WC="0.96" CONTENT="i"/><SP WIDTH="21" VPOS="1299" HPOS="367"/>
							<String ID="string_249" HPOS="388" VPOS="1297" WIDTH="58" HEIGHT="22" WC="0.94" CONTENT="vissa"/><SP WIDTH="23" VPOS="1297" HPOS="446"/>
							<String ID="string_250" HPOS="469" VPOS="1296" WIDTH="59" HEIGHT="21" WC="0.93" CONTENT="delar"/><SP WIDTH="23" VPOS="1296" HPOS="528"/>
							<String ID="string_251" HPOS="551" VPOS="1294" WIDTH="67" HEIGHT="21" WC="0.96" CONTENT="ändra"/><SP WIDTH="22" VPOS="1294" HPOS="618"/>
							<String ID="string_252" HPOS="640" VPOS="1293" WIDTH="26" HEIGHT="20" WC="0.93" CONTENT="de"/><SP WIDTH="19" VPOS="1293" HPOS="666"/>
							<String ID="string_253" HPOS="685" VPOS="1291" WIDTH="69" HEIGHT="21" WC="0.93" CONTENT="förras"/><SP WIDTH="19" VPOS="1291" HPOS="754"/>
							<String ID="string_254" HPOS="773" VPOS="1285" WIDTH="77" HEIGHT="33" WC="0.96" CONTENT="siffror."/>
						</TextLine>
						<TextLine ID="line_34" HPOS="103" VPOS="1322" WIDTH="746" HEIGHT="36">
							<String ID="string_255" HPOS="103" VPOS="1330" WIDTH="49" HEIGHT="20" WC="0.96" CONTENT="Men"/><SP WIDTH="21" VPOS="1330" HPOS="152"/>
							<String ID="string_256" HPOS="173" VPOS="1332" WIDTH="67" HEIGHT="22" WC="0.96" CONTENT="dessa"/><SP WIDTH="21" VPOS="1332" HPOS="240"/>
							<String ID="string_257" HPOS="261" VPOS="1333" WIDTH="119" HEIGHT="25" WC="0.96" CONTENT="ändringar"/><SP WIDTH="20" VPOS="1333" HPOS="380"/>
							<String ID="string_258" HPOS="400" VPOS="1331" WIDTH="40" HEIGHT="20" WC="0.96" CONTENT="och"/><SP WIDTH="17" VPOS="1331" HPOS="440"/>
							<String ID="string_259" HPOS="457" VPOS="1330" WIDTH="101" HEIGHT="20" WC="0.96" CONTENT="rättelser"/><SP WIDTH="15" VPOS="1330" HPOS="558"/>
							<String ID="string_260" HPOS="573" VPOS="1330" WIDTH="37" HEIGHT="18" WC="0.96" CONTENT="äro"/><SP WIDTH="14" VPOS="1330" HPOS="610"/>
							<String ID="string_261" HPOS="624" VPOS="1327" WIDTH="48" HEIGHT="20" WC="0.96" CONTENT="icke"/><SP WIDTH="14" VPOS="1327" HPOS="672"/>
							<String ID="string_262" HPOS="686" VPOS="1324" WIDTH="110" HEIGHT="27" WC="0.96" CONTENT="betydliga"/><SP WIDTH="14" VPOS="1324" HPOS="796"/>
							<String ID="string_263" HPOS="810" VPOS="1322" WIDTH="39" HEIGHT="22" WC="0.96" CONTENT="och"/>
						</TextLine>
						<TextLine ID="line_35" HPOS="102" VPOS="1356" WIDTH="752" HEIGHT="37">
							<String ID="string_264" HPOS="102" VPOS="1362" WIDTH="78" HEIGHT="27" WC="0.96" CONTENT="kunna,"/><SP WIDTH="16" VPOS="1362" HPOS="180"/>
							<String ID="string_265" HPOS="196" VPOS="1368" WIDTH="45" HEIGHT="21" WC="0.86" CONTENT="niär"/><SP WIDTH="17" VPOS="1368" HPOS="241"/>
							<String ID="string_266" HPOS="258" VPOS="1368" WIDTH="37" HEIGHT="20" WC="0.96" CONTENT="det"/><SP WIDTH="9" VPOS="1368" HPOS="295"/>
							<String ID="string_267" HPOS="304" VPOS="1365" WIDTH="68" HEIGHT="26" WC="0.96" CONTENT="gäller"/><SP WIDTH="10" VPOS="1365" HPOS="372"/>
							<String ID="string_268" HPOS="382" VPOS="1365" WIDTH="78" HEIGHT="20" WC="0.96" CONTENT="sådant"/><SP WIDTH="10" VPOS="1365" HPOS="460"/>
							<String ID="string_269" HPOS="470" VPOS="1361" WIDTH="99" HEIGHT="22" WC="0.96" CONTENT="ändamål"/><SP WIDTH="10" VPOS="1361" HPOS="569"/>
							<String ID="string_270" HPOS="579" VPOS="1366" WIDTH="45" HEIGHT="15" WC="0.97" CONTENT="som"/><SP WIDTH="11" VPOS="1366" HPOS="624"/>
							<String ID="string_271" HPOS="635" VPOS="1359" WIDTH="37" HEIGHT="21" WC="0.96" CONTENT="det"/><SP WIDTH="8" VPOS="1359" HPOS="672"/>
							<String ID="string_272" HPOS="680" VPOS="1356" WIDTH="148" HEIGHT="28" WC="0.66" CONTENT="ifrägavaran?"/><SP WIDTH="15" VPOS="1356" HPOS="828"/>
							<String ID="string_273" HPOS="843" VPOS="1378" WIDTH="11" HEIGHT="15" WC="0.47" CONTENT="g"/>
						</TextLine>
						<TextLine ID="line_36" HPOS="101" VPOS="1383" WIDTH="762" HEIGHT="53">
							<String ID="string_274" HPOS="101" VPOS="1397" WIDTH="113" HEIGHT="27" WC="0.64" CONTENT="nämligen,"/><SP WIDTH="16" VPOS="1397" HPOS="214"/>
							<String ID="string_275" HPOS="230" VPOS="1403" WIDTH="34" HEIGHT="21" WC="0.93" CONTENT="att"/><SP WIDTH="15" VPOS="1403" HPOS="264"/>
							<String ID="string_276" HPOS="279" VPOS="1399" WIDTH="83" HEIGHT="22" WC="0.96" CONTENT="erhålla"/><SP WIDTH="14" VPOS="1399" HPOS="362"/>
							<String ID="string_277" HPOS="376" VPOS="1396" WIDTH="162" HEIGHT="28" WC="0.96" CONTENT="utgångspunkt"/><SP WIDTH="14" VPOS="1396" HPOS="538"/>
							<String ID="string_278" HPOS="552" VPOS="1395" WIDTH="34" HEIGHT="21" WC="0.96" CONTENT="för"/><SP WIDTH="13" VPOS="1395" HPOS="586"/>
							<String ID="string_279" HPOS="599" VPOS="1387" WIDTH="157" HEIGHT="49" WC="0.0" CONTENT="approximative"/><SP WIDTH="18" VPOS="1387" HPOS="756"/>
							<String ID="string_280" HPOS="774" VPOS="1391" WIDTH="6" HEIGHT="37" WC="0.35" CONTENT="&#39;"/><SP WIDTH="9" VPOS="1391" HPOS="780"/>
							<String ID="string_281" HPOS="789" VPOS="1383" WIDTH="74" HEIGHT="51" WC="0.18" CONTENT="göräk-"/>
						</TextLine>
						<TextLine ID="line_37" HPOS="101" VPOS="1428" WIDTH="764" HEIGHT="52">
							<String ID="string_282" HPOS="101" VPOS="1436" WIDTH="92" HEIGHT="31" WC="0.72" CONTENT="ningar."/><SP WIDTH="15" VPOS="1436" HPOS="193"/>
							<String ID="string_283" HPOS="208" VPOS="1436" WIDTH="48" HEIGHT="25" WC="0.92" CONTENT="icke"/><SP WIDTH="17" VPOS="1436" HPOS="256"/>
							<String ID="string_284" HPOS="273" VPOS="1436" WIDTH="98" HEIGHT="20" WC="0.34" CONTENT="motväss"/><SP WIDTH="17" VPOS="1436" HPOS="371"/>
							<String ID="string_285" HPOS="388" VPOS="1431" WIDTH="86" HEIGHT="14" WC="0.31" CONTENT="1-20&quot;"/><SP WIDTH="198" VPOS="1431" HPOS="474"/>
							<String ID="string_286" HPOS="672" VPOS="1449" WIDTH="48" HEIGHT="31" WC="0.76" CONTENT="W"/><SP WIDTH="9" VPOS="1449" HPOS="720"/>
							<String ID="string_287" HPOS="729" VPOS="1428" WIDTH="82" HEIGHT="50" WC="0.41" CONTENT="ua"/><SP WIDTH="8" VPOS="1428" HPOS="811"/>
							<String ID="string_288" HPOS="819" VPOS="1442" WIDTH="46" HEIGHT="23" WC="0.65" CONTENT="fll"/>
						</TextLine>
					</TextBlock>
					<TextBlock ID="block_7" HPOS="406" VPOS="1461" WIDTH="464" HEIGHT="60">
						<TextLine ID="line_38" HPOS="406" VPOS="1461" WIDTH="464" HEIGHT="60">
							<String ID="string_289" HPOS="406" VPOS="1491" WIDTH="88" HEIGHT="23" WC="0.0" CONTENT="viuutt"/><SP WIDTH="14" VPOS="1491" HPOS="494"/>
							<String ID="string_290" HPOS="508" VPOS="1484" WIDTH="21" HEIGHT="18" WC="0.63" CONTENT="a"/><SP WIDTH="15" VPOS="1484" HPOS="529"/>
							<String ID="string_291" HPOS="544" VPOS="1474" WIDTH="34" HEIGHT="36" WC="0.90" CONTENT="att"/><SP WIDTH="14" VPOS="1474" HPOS="578"/>
							<String ID="string_292" HPOS="592" VPOS="1461" WIDTH="79" HEIGHT="60" WC="0.0" CONTENT="Uppvle"/><SP WIDTH="29" VPOS="1461" HPOS="671"/>
							<String ID="string_293" HPOS="700" VPOS="1494" WIDTH="27" HEIGHT="17" WC="0.95" CONTENT="en"/><SP WIDTH="13" VPOS="1494" HPOS="727"/>
							<String ID="string_294" HPOS="740" VPOS="1484" WIDTH="34" HEIGHT="26" WC="0.96" CONTENT="för"/><SP WIDTH="14" VPOS="1484" HPOS="774"/>
							<String ID="string_295" HPOS="788" VPOS="1479" WIDTH="29" HEIGHT="23" WC="0.71" CONTENT="de"/><SP WIDTH="15" VPOS="1479" HPOS="817"/>
							<String ID="string_296" HPOS="832" VPOS="1477" WIDTH="38" HEIGHT="25" WC="0.39" CONTENT="far-"/>
						</TextLine>
					</TextBlock>
				</ComposedBlock>
				<ComposedBlock ID="cblock_4" HPOS="126" VPOS="1495" WIDTH="574" HEIGHT="93">
					<TextBlock ID="block_8" HPOS="126" VPOS="1495" WIDTH="574" HEIGHT="93">
						<TextLine ID="line_39" HPOS="343" VPOS="1495" WIDTH="357" HEIGHT="29">
							<String ID="string_297" HPOS="343" VPOS="1509" WIDTH="62" HEIGHT="14" WC="0.27" CONTENT="Sen."/><SP WIDTH="66" VPOS="1509" HPOS="405"/>
							<String ID="string_298" HPOS="471" VPOS="1516" WIDTH="47" HEIGHT="8" WC="0.17" CONTENT="asa"/><SP WIDTH="16" VPOS="1516" HPOS="518"/>
							<String ID="string_299" HPOS="534" VPOS="1499" WIDTH="11" HEIGHT="29" WC="0.17" CONTENT="0"/><SP WIDTH="87" VPOS="1499" HPOS="545"/>
							<String ID="string_300" HPOS="632" VPOS="1495" WIDTH="68" HEIGHT="26" WC="0.43" CONTENT="Aition"/>
						</TextLine>
						<TextLine ID="line_40" HPOS="276" VPOS="1507" WIDTH="354" HEIGHT="66">
							<String ID="string_301" HPOS="276" VPOS="1522" WIDTH="38" HEIGHT="51" WC="0.49" CONTENT="tan"/><SP WIDTH="9" VPOS="1522" HPOS="314"/>
							<String ID="string_302" HPOS="323" VPOS="1516" WIDTH="85" HEIGHT="42" WC="0.61" CONTENT="&quot;Också"/><SP WIDTH="13" VPOS="1516" HPOS="408"/>
							<String ID="string_303" HPOS="421" VPOS="1520" WIDTH="62" HEIGHT="26" WC="0.84" CONTENT="torde"/><SP WIDTH="13" VPOS="1520" HPOS="483"/>
							<String ID="string_304" HPOS="496" VPOS="1507" WIDTH="134" HEIGHT="31" WC="0.40" CONTENT="Finansexpe"/>
						</TextLine>
						<TextLine ID="line_41" HPOS="126" VPOS="1540" WIDTH="412" HEIGHT="48">
							<String ID="string_305" HPOS="126" VPOS="1554" WIDTH="103" HEIGHT="34" WC="0.71" CONTENT="gängliga"/><SP WIDTH="23" VPOS="1554" HPOS="229"/>
							<String ID="string_306" HPOS="252" VPOS="1540" WIDTH="29" HEIGHT="37" WC="0.48" CONTENT="dal"/><SP WIDTH="164" VPOS="1540" HPOS="281"/>
							<String ID="string_307" HPOS="445" VPOS="1559" WIDTH="93" HEIGHT="27" WC="0.29" CONTENT="gt"/>
						</TextLine>
					</TextBlock>
				</ComposedBlock>
				<ComposedBlock ID="cblock_5" HPOS="202" VPOS="1570" WIDTH="242" HEIGHT="44">
					<TextBlock ID="block_9" HPOS="202" VPOS="1570" WIDTH="242" HEIGHT="44">
						<TextLine ID="line_42" HPOS="379" VPOS="1570" WIDTH="65" HEIGHT="17">
							<String ID="string_308" HPOS="379" VPOS="1578" WIDTH="6" HEIGHT="4" WC="0.35" CONTENT="="/><SP WIDTH="49" VPOS="1578" HPOS="385"/>
							<String ID="string_309" HPOS="434" VPOS="1570" WIDTH="10" HEIGHT="17" WC="0.92" CONTENT="d"/>
						</TextLine>
						<TextLine ID="line_43" HPOS="202" VPOS="1575" WIDTH="230" HEIGHT="39">
							<String ID="string_310" HPOS="202" VPOS="1585" WIDTH="135" HEIGHT="29" WC="0.79" CONTENT="Statsutskottets"/><SP WIDTH="13" VPOS="1585" HPOS="337"/>
							<String ID="string_311" HPOS="350" VPOS="1575" WIDTH="82" HEIGHT="22" WC="0.68" CONTENT="petänkan&#39;"/>
						</TextLine>
					</TextBlock>
				</ComposedBlock>
				<GraphicalElement ID="cblock_6" HPOS="1056" VPOS="1374" WIDTH="3" HEIGHT="335"></GraphicalElement >
			</PrintSpace>
		</Page>
	</Layout>
</alto>
