1050 1709
331 118 22 24 U.
370 118 22 23 B.
408 130 28 5 —
452 119 65 28 Prop.
534 120 39 22 N:o
588 119 37 23 33.
812 122 12 19 5

103 185 21 25 1)
130 183 248 28 afbevillningsmedel:
386 184 38 22 till
432 184 178 22 arbetsverkstä-

130 212 40 22 der
186 212 41 22 och
241 212 279 28 undervisningsmateriel
536 221 28 13 m.
579 220 29 14 m.
624 214 48 26 ry
696 208 13 37 =
720 214 83 25 39,400:
820 226 26 3 —

101 241 38 21 till
153 241 163 28 pallisadering
329 242 69 27 kring
408 242 127 27 fängelset
531 237 17 37 i
547 241 63 22 Kex-

129 270 63 20 holm
216 286 6 5 .
251 286 5 4 .
287 286 4 5 .
735 270 68 26 8,300:
819 282 27 4 —

101 298 38 22 till
160 298 121 22 tukthuset
307 286 64 34 invid
392 282 150 53 Helsingfors.
551 286 59 34 samt

129 326 144 29 tillbyggnad
295 327 40 22 vid
354 328 166 27 straffängelset
541 328 4 20 i
559 321 51 28 Åbo
641 344 10 8 ,
707 327 97 25 —952,300:
820 339 24 3 —

621 362 48 27 Fay
684 362 118 25 1,000,000:
818 373 27 4 —

100 397 22 25 2)
134 396 24 20 af
166 395 116 22 allmänna
293 396 139 22 statsmedel:
444 396 37 21 till
465 441 4 5 M
490 396 121 50 nästsagda

129 428 81 18 tvenne
224 424 106 22 ändamål
360 441 5 4 .
648 442 8 8 »
706 425 98 25 262,417:
820 425 34 20 94.

516 440 95 40 STN
624 460 47 26 Im:
688 460 116 25 1,262,417;
820 460 33 20 94.

167 493 55 22 Men
244 494 8 20 i
275 493 107 22 händelse
398 493 64 21 dessa
478 494 90 26 262,417
584 494 66 21 mark
665 495 28 20 94
707 494 47 28 p:ni
769 494 86 22 verkli-

99 535 44 21 gen
151 528 77 22 blifvit
238 530 14 19 å
261 528 231 28 bevillningsmedlen
501 528 160 26 utanordnade,
675 529 46 20 kan
733 528 61 22 detta
803 528 51 22 icke

98 562 69 22 hafva
182 563 63 21 skett
259 563 142 21 annorlunda
416 567 29 17 än
461 565 73 19 säsom
550 563 116 22 eventuelt
680 563 104 21 förskott.

167 632 34 21 Af
214 632 68 21 ofvan
297 631 125 28 åberopade
436 632 209 27 protokollsutdrag
659 632 101 27 framgår
774 634 34 18 att
820 635 34 18 tre

99 666 72 21 Stånd
181 666 110 28 slutligen
299 666 123 22 behandlat
429 666 130 22 Utskottets
570 666 133 27 föregående
710 665 144 22 betänkande

98 701 36 21 för
156 700 75 22 såvidt
252 701 39 21 det
307 700 73 28 gäller
394 701 152 28 fångvårdens
560 701 50 21 inre
625 700 158 28 organisation,
799 700 9 21 i
822 701 32 21 af-

99 735 81 21 seende
194 735 73 22 hvarä
281 735 131 22 Utskottets
426 736 170 27 framställning
611 739 25 17 är
651 734 174 23 sammanfattad
840 737 15 19 &

98 776 49 21 pag.
170 770 12 21 5
206 769 23 21 af
250 769 69 28 sagda
333 770 150 22 betänkande.
512 770 120 22 Utskottet
646 770 40 22 bör
700 770 87 22 således
802 774 52 17 när-

98 808 60 17 mast
173 804 32 21 till
222 804 156 28 Ridderskapet
393 805 35 22 och
443 805 70 21 Adeln
528 806 54 21 rikta
598 805 40 22 den
652 805 134 21 vördsamma
800 812 54 19 upp-

98 840 112 26 maningen
226 842 31 19 att
273 842 49 25 taga
337 840 87 22 berörda
437 840 159 28 framställning
610 840 68 22 under
688 840 110 28 pröfning.

166 874 64 22 Enär
250 878 85 18 tvenne
358 875 72 26 stånd,
453 875 168 27 Ridderskapet
643 875 41 21 och
703 875 76 21 Adeln
795 878 59 18 samt

98 909 177 26 Presteståndet,
295 910 144 22 återförvisat
454 910 158 26 betänkandet,
630 910 39 21 det
682 910 61 21 förra
759 909 95 22 Ståndet

97 944 8 21 i
121 944 51 22 dess
190 944 79 22 helhet
283 945 42 21 och
340 944 87 22 således
439 945 87 27 jemväl
541 945 37 21 till
594 945 42 21 den
652 944 36 22 del
703 952 49 14 som
767 946 86 26 utgjort

97 978 95 22 föremål
213 979 35 21 för
269 978 183 22 Presteståndets
468 980 130 20 återremiss
613 979 56 21 eller
683 979 9 21 i
707 978 60 22 hvad
783 980 71 26 angår

98 1013 108 28 anslagen
230 1013 39 21 till
290 1014 267 28 fängelsebyggnaderna,
580 1014 73 21 finner
675 1013 121 23 Utskottet
818 1013 35 28 sig

97 1048 60 26 böra,
176 1048 95 22 oaktadt
285 1049 28 21 de
327 1050 41 20 två
382 1048 72 28 öfriga
469 1048 101 22 Stånden
584 1048 108 27 handlagt
707 1048 52 22 hela
774 1048 78 22 betän-

98 1082 90 26 kandet,
211 1083 84 27 afgifva
318 1086 53 25 nytt
385 1083 143 22 betänkande
542 1083 10 21 i
566 1082 147 23 nästberörda
727 1086 73 23 ämne;
814 1082 38 22 till

98 1117 50 22 stöd
166 1117 92 23 hvarför
275 1118 120 22 Utskottet
409 1118 35 21 får
458 1118 96 28 åberopa
570 1118 69 21 andra
653 1125 67 14 mom.
736 1118 8 20 i
760 1117 26 21 57
804 1118 10 25 8
831 1117 25 21 af

96 1152 265 28 Landtdagsordningen,
380 1152 155 22 hvarförutom
550 1152 43 22 den
603 1152 104 22 erhållna
716 1152 136 28 upplysnin-

97 1194 43 20 gen
162 1186 82 26 derom,
267 1190 34 18 att
319 1187 43 21 den
380 1188 24 20 af
419 1188 53 21 1872
488 1189 37 20 års
539 1187 109 27 landtdag
663 1187 37 21 till
715 1186 136 28 fängelsere-

96 1221 99 22 formens
217 1222 147 21 befordrande
386 1222 111 27 beviljade
511 1229 87 14 summa
613 1221 25 21 af
652 1223 9 19 1
678 1220 91 22 million
784 1220 67 22 mark

96 1263 94 14 numera
211 1256 78 22 blifvit
311 1256 35 22 för
364 1256 130 22 ändamålet
513 1256 96 26 använd,
622 1256 86 27 jemväl
723 1254 128 22 föranleder

96 1297 29 14 en
147 1290 73 22 delvis
242 1297 75 15 annan
335 1290 140 28 behandling
490 1291 24 21 af
526 1290 85 28 frågan,
628 1294 30 18 än
673 1290 43 21 den
730 1289 121 22 Utskottet

95 1324 9 21 i
119 1324 41 22 sitt
174 1325 60 21 förra
249 1325 144 21 betänkande
407 1325 55 21 fann
477 1325 51 21 skäl
543 1329 34 17 att
591 1324 111 27 tillämpa.
729 1324 67 21 Dock
811 1330 39 14 an-

96 1364 36 15 ser
152 1358 120 21 Utskottet
294 1359 35 27 sig
348 1358 122 22 förbundet
485 1361 33 18 att
533 1358 81 22 härvid
629 1361 52 24 taga
695 1358 90 27 hänsyn
801 1357 49 21 der-

95 1392 44 25 till,
154 1394 34 19 att
202 1392 109 28 Borgare-
326 1393 42 21 och
382 1392 175 22 Bondestånden
570 1392 115 21 allaredan
695 1391 103 27 godkänt
806 1390 43 22 Ut-

95 1426 98 23 skottets
214 1426 85 29 förslag
320 1426 95 22 rörande
437 1427 80 28 anslag
538 1427 38 21 till
597 1434 45 20 nya
660 1426 188 28 länsfängelser
836 1422 15 38 i

164 1469 132 17 Sammansatta
309 1469 57 17 Stats-
376 1470 30 16 och
418 1469 186 17 Ekonomi-Utskottets
616 1468 108 18 betänkande
735 1468 37 17 N:o
784 1466 12 17 3
800 1473 18 11 a.
