1059 1709
319 130 29 21 U.
363 130 28 22 B.
406 142 27 4 —
449 131 73 27 Prop.
535 132 46 22 N:o
595 132 38 22 25.
795 135 25 19 11

168 196 107 22 Utskottet
289 198 124 22 hemställer
425 200 83 26 jemväl
523 200 140 22 härutinnan:

237 246 30 17 att
287 242 82 22 Preste-
389 243 38 22 och
446 244 165 22 Bondeständen
626 245 63 21 mätte
703 245 82 29 frängä
800 246 48 21 sina

169 274 67 22 beslut
251 276 39 21 och
305 280 81 25 antaga
401 278 18 24 $
436 278 36 21 27
488 278 64 28 enligt
571 278 108 22 Utskottets
694 279 92 28 förslag.

168 330 22 29 8
205 334 40 19 34
260 340 92 15 mom.
357 326 18 40 1
399 336 24 18 är
439 336 24 19 af

201 383 181 29 Ridderskapet
397 387 39 20 och
454 387 82 21 Adeln

168 422 178 24 Eterremitteradt
361 426 32 20 för
409 428 29 19 att
453 427 146 27 omredigeras
615 428 6 20 i
636 428 35 20 det
686 429 62 25 syfte,
762 434 46 16 som
817 430 31 18 ut-

99 457 61 22 talats
183 458 6 20 i
212 458 57 21 förra
293 459 62 21 delen
381 460 23 20 af
424 461 56 20 Herr
500 468 40 14 von
556 461 124 22 Bonsdorffs
695 462 36 20 vid
747 463 72 20 denna
837 464 12 23 $

99 492 77 26 gjorda
191 494 138 20 reservation.

201 542 186 33 Presteständet

168 584 39 19 har
224 584 93 26 beslutit,
339 586 30 19 att
384 588 118 19 momentet
517 586 76 27 skulle,
612 587 54 20 efter
681 587 130 27 uteslutning
828 588 25 20 af

99 617 49 22 dess
163 624 76 15 senare
255 618 42 27 del,
316 618 82 22 erhålla
413 620 95 26 följande
523 620 94 26 lydelse:

235 664 71 26 »Barn
328 664 70 21 under
420 665 39 21 tolf
475 665 24 21 år
514 665 33 21 får
561 666 48 21 icke
625 668 89 25 antagas
729 666 30 21 till
775 666 74 21 arbete

167 698 7 19 i
188 698 71 20 fabrik
275 698 53 21 eller
343 698 144 28 handtverk*;
505 700 112 21 hvaremot

166 748 122 26 Borgare-
303 750 40 20 och
358 748 190 24 Bondeständen
562 751 97 27 godkänt
672 751 155 21 betänkandet.

166 805 114 21 Likaledes
300 809 25 17 är
353 808 8 19 3
378 810 168 19 momentet
561 809 37 20 af
610 806 21 29 8
646 809 40 20 34
701 808 112 27 godkändt
828 808 23 20 af

99 840 121 26 Borgare-
235 840 40 21 och
291 838 196 30 Bondeständen,
502 842 111 21 hvaremot

201 891 181 27 Ridderskapet
397 893 40 20 och
452 893 82 21 Adeln

166 932 135 20 beträffande
325 932 120 21 detsamma
467 934 60 20 fattat
550 933 115 21 enahanda
685 933 77 26 beslut,
780 940 46 14 som
842 933 6 19 i

98 964 62 28 fräga
176 972 35 14 om
227 972 65 14 mom.
311 966 22 26 1;
351 966 41 21 och

200 1014 185 25 Presteständet

166 1056 91 27 beslutit,
282 1058 30 19 att
334 1059 119 19 momentet
468 1058 76 25 skulle,
562 1058 53 20 efter
631 1058 115 20 enahanda
762 1057 85 21 uteslut-

98 1091 59 26 ning,
175 1096 46 15 som
235 1091 7 19 i
258 1097 65 14 mom.
341 1091 20 26 1,
378 1091 51 26 lyda
445 1098 46 14 som
507 1092 72 27 följer:

234 1136 69 26 »Den,
321 1142 47 15 som
383 1137 18 25 ej
418 1136 47 26 fyllt
480 1137 90 20 aderton
586 1136 31 25 år,
634 1136 33 20 får
680 1137 48 20 icke
737 1136 110 21 användas

168 1170 29 20 till
221 1170 73 20 arbete
314 1170 80 20 mellan
411 1170 92 21 klockan
519 1170 14 20 9
548 1177 35 15 om
599 1171 85 20 aftonen
701 1170 40 21 och
756 1170 92 21 klockan

168 1205 13 19 5
196 1202 29 28 på
240 1202 143 28 morgonen."

166 1260 51 21 Som
232 1261 117 20 Utskottets
364 1260 146 28 betänkande,
527 1260 82 22 hvilket
625 1262 109 24 närmare,
753 1263 26 17 än
796 1260 51 21 Rid-

98 1295 115 26 derskapet
235 1295 40 21 och
298 1294 81 22 Adelns
401 1296 55 20 samt
471 1294 198 28 Borgareståndens
685 1294 76 26 beslut,
780 1294 67 21 öfver-

98 1331 143 17 ensstämmer
263 1329 50 19 med
337 1328 55 20 hvad
412 1330 33 18 för
464 1329 137 20 närvarande
616 1331 25 17 är
655 1328 109 26 gällande,
781 1328 67 20 blifvit

97 1362 24 19 af
141 1360 34 21 två
196 1360 67 21 Stånd
278 1361 118 27 godkändt,
415 1362 39 20 och
470 1368 26 14 en
513 1362 91 20 särskild
619 1362 36 26 lag
670 1368 35 14 om
721 1360 126 22 minderåri-

96 1401 38 21 ges
154 1394 122 27 antagande
295 1395 40 21 och
351 1394 144 22 användande
511 1394 34 21 vid
561 1395 94 21 fabriker
670 1394 40 22 och
726 1394 121 21 handtverk

97 1429 50 21 med
171 1428 116 27 anledning
309 1429 24 20 af
350 1428 43 21 den
409 1429 47 20 utaf
469 1429 42 21 alla
527 1428 66 21 Stånd
610 1428 111 22 beslutade
736 1428 88 27 petition
841 1428 7 20 i

96 1465 74 19 ämnet
184 1463 42 21 kan
243 1465 100 25 emotses,
360 1462 32 22 får
407 1463 107 21 Utskottet
528 1463 110 21 vördsamt
654 1462 123 22 hemställa
767 1458 12 36 :

121 1504 72 22 Bihang
209 1503 28 17 till
252 1502 102 18 Sammans.
370 1502 48 23 Lag-
426 1508 16 12 o.
451 1502 184 18 Ekonomiutskottets
649 1502 111 18 betänkande
772 1501 37 19 N:o
823 1501 21 19 3.
