<?xml version="1.0" encoding="UTF-8"?>
<alto xmlns="http://www.loc.gov/standards/alto/ns-v3#" xmlns:xlink="http://www.w3.org/1999/xlink" xmlns:xsi="http://www.w3.org/2001/XMLSchema-instance" xsi:schemaLocation="http://www.loc.gov/standards/alto/ns-v3# http://www.loc.gov/alto/v3/alto-3-0.xsd">
	<Description>
		<MeasurementUnit>pixel</MeasurementUnit>
		<sourceImageInformation>
			<fileName>/tmp/tess_vhk7we9j_input.PNG</fileName>
		</sourceImageInformation>
		<OCRProcessing ID="OCR_0">
			<ocrProcessingStep>
				<processingSoftware>
					<softwareName>tesseract 5.3.4</softwareName>
				</processingSoftware>
			</ocrProcessingStep>
		</OCRProcessing>
	</Description>
	<Layout>
		<Page WIDTH="1061" HEIGHT="1711" PHYSICAL_IMG_NR="0" ID="page_0">
			<PrintSpace HPOS="0" VPOS="0" WIDTH="1061" HEIGHT="1711">
				<ComposedBlock ID="cblock_0" HPOS="242" VPOS="137" WIDTH="519" HEIGHT="24">
					<TextBlock ID="block_0" HPOS="242" VPOS="137" WIDTH="519" HEIGHT="24">
						<TextLine ID="line_0" HPOS="242" VPOS="137" WIDTH="519" HEIGHT="24">
							<String ID="string_0" HPOS="242" VPOS="137" WIDTH="13" HEIGHT="18" WC="0.91" CONTENT="2"/><SP WIDTH="154" VPOS="137" HPOS="255"/>
							<String ID="string_1" HPOS="409" VPOS="137" WIDTH="32" HEIGHT="20" WC="0.93" CONTENT="U."/><SP WIDTH="16" VPOS="137" HPOS="441"/>
							<String ID="string_2" HPOS="457" VPOS="137" WIDTH="34" HEIGHT="20" WC="0.91" CONTENT="B."/><SP WIDTH="15" VPOS="137" HPOS="491"/>
							<String ID="string_3" HPOS="506" VPOS="147" WIDTH="27" HEIGHT="4" WC="0.91" CONTENT="—"/><SP WIDTH="16" VPOS="147" HPOS="533"/>
							<String ID="string_4" HPOS="549" VPOS="137" WIDTH="85" HEIGHT="24" WC="0.95" CONTENT="Prop."/><SP WIDTH="17" VPOS="137" HPOS="634"/>
							<String ID="string_5" HPOS="651" VPOS="137" WIDTH="49" HEIGHT="20" WC="0.96" CONTENT="N:o"/><SP WIDTH="14" VPOS="137" HPOS="700"/>
							<String ID="string_6" HPOS="714" VPOS="137" WIDTH="47" HEIGHT="20" WC="0.93" CONTENT="27."/>
						</TextLine>
					</TextBlock>
				</ComposedBlock>
				<ComposedBlock ID="cblock_1" HPOS="202" VPOS="203" WIDTH="755" HEIGHT="1332">
					<TextBlock ID="block_1" HPOS="210" VPOS="203" WIDTH="747" HEIGHT="1023">
						<TextLine ID="line_1" HPOS="281" VPOS="203" WIDTH="673" HEIGHT="30">
							<String ID="string_7" HPOS="281" VPOS="205" WIDTH="31" HEIGHT="20" WC="0.95" CONTENT="Ur"/><SP WIDTH="16" VPOS="205" HPOS="312"/>
							<String ID="string_8" HPOS="328" VPOS="204" WIDTH="39" HEIGHT="21" WC="0.95" CONTENT="den"/><SP WIDTH="15" VPOS="204" HPOS="367"/>
							<String ID="string_9" HPOS="382" VPOS="204" WIDTH="75" HEIGHT="28" WC="0.90" CONTENT="nådiga"/><SP WIDTH="15" VPOS="204" HPOS="457"/>
							<String ID="string_10" HPOS="472" VPOS="203" WIDTH="154" HEIGHT="30" WC="0.93" CONTENT="propositionen"/><SP WIDTH="16" VPOS="203" HPOS="626"/>
							<String ID="string_11" HPOS="642" VPOS="203" WIDTH="103" HEIGHT="22" WC="0.91" CONTENT="inhemtas"/><SP WIDTH="16" VPOS="203" HPOS="745"/>
							<String ID="string_12" HPOS="761" VPOS="203" WIDTH="69" HEIGHT="22" WC="0.96" CONTENT="äfven:"/><SP WIDTH="18" VPOS="203" HPOS="830"/>
							<String ID="string_13" HPOS="848" VPOS="205" WIDTH="30" HEIGHT="20" WC="0.96" CONTENT="att"/><SP WIDTH="11" VPOS="205" HPOS="878"/>
							<String ID="string_14" HPOS="889" VPOS="203" WIDTH="65" HEIGHT="28" WC="0.96" CONTENT="jemte"/>
						</TextLine>
						<TextLine ID="line_2" HPOS="213" VPOS="237" WIDTH="742" HEIGHT="29">
							<String ID="string_15" HPOS="213" VPOS="238" WIDTH="35" HEIGHT="21" WC="0.92" CONTENT="det"/><SP WIDTH="20" VPOS="238" HPOS="248"/>
							<String ID="string_16" HPOS="268" VPOS="238" WIDTH="117" HEIGHT="22" WC="0.92" CONTENT="Ständerna"/><SP WIDTH="16" VPOS="238" HPOS="385"/>
							<String ID="string_17" HPOS="401" VPOS="237" WIDTH="39" HEIGHT="24" WC="0.93" CONTENT="vid"/><SP WIDTH="17" VPOS="237" HPOS="440"/>
							<String ID="string_18" HPOS="457" VPOS="238" WIDTH="148" HEIGHT="28" WC="0.92" CONTENT="landtdagarne"/><SP WIDTH="15" VPOS="238" HPOS="605"/>
							<String ID="string_19" HPOS="620" VPOS="232" WIDTH="50" HEIGHT="26" WC="0.96" CONTENT="åren"/><SP WIDTH="17" VPOS="232" HPOS="670"/>
							<String ID="string_20" HPOS="687" VPOS="238" WIDTH="52" HEIGHT="21" WC="0.96" CONTENT="1867"/><SP WIDTH="18" VPOS="238" HPOS="739"/>
							<String ID="string_21" HPOS="757" VPOS="238" WIDTH="37" HEIGHT="21" WC="0.96" CONTENT="och"/><SP WIDTH="17" VPOS="238" HPOS="794"/>
							<String ID="string_22" HPOS="811" VPOS="238" WIDTH="54" HEIGHT="21" WC="0.96" CONTENT="1872"/><SP WIDTH="15" VPOS="238" HPOS="865"/>
							<String ID="string_23" HPOS="880" VPOS="237" WIDTH="75" HEIGHT="22" WC="0.96" CONTENT="uttalat"/>
						</TextLine>
						<TextLine ID="line_3" HPOS="213" VPOS="271" WIDTH="742" HEIGHT="29">
							<String ID="string_24" HPOS="213" VPOS="272" WIDTH="31" HEIGHT="28" WC="0.96" CONTENT="sig"/><SP WIDTH="14" VPOS="272" HPOS="244"/>
							<String ID="string_25" HPOS="258" VPOS="272" WIDTH="32" HEIGHT="22" WC="0.96" CONTENT="för"/><SP WIDTH="16" VPOS="272" HPOS="290"/>
							<String ID="string_26" HPOS="306" VPOS="281" WIDTH="26" HEIGHT="13" WC="0.96" CONTENT="en"/><SP WIDTH="15" VPOS="281" HPOS="332"/>
							<String ID="string_27" HPOS="347" VPOS="271" WIDTH="91" HEIGHT="22" WC="0.96" CONTENT="reform"/><SP WIDTH="-7" VPOS="271" HPOS="438"/>
							<String ID="string_28" HPOS="431" VPOS="267" WIDTH="12" HEIGHT="37" WC="0.96" CONTENT="i"/><SP WIDTH="7" VPOS="267" HPOS="443"/>
							<String ID="string_29" HPOS="450" VPOS="272" WIDTH="142" HEIGHT="28" WC="0.96" CONTENT="nyssnämnda"/><SP WIDTH="15" VPOS="272" HPOS="592"/>
							<String ID="string_30" HPOS="607" VPOS="271" WIDTH="54" HEIGHT="28" WC="0.95" CONTENT="syfte"/><SP WIDTH="16" VPOS="271" HPOS="661"/>
							<String ID="string_31" HPOS="677" VPOS="271" WIDTH="25" HEIGHT="21" WC="0.96" CONTENT="de"/><SP WIDTH="15" VPOS="271" HPOS="702"/>
							<String ID="string_32" HPOS="717" VPOS="272" WIDTH="62" HEIGHT="21" WC="0.96" CONTENT="äfven"/><SP WIDTH="13" VPOS="272" HPOS="779"/>
							<String ID="string_33" HPOS="792" VPOS="271" WIDTH="114" HEIGHT="22" WC="0.83" CONTENT="framhållit"/><SP WIDTH="9" VPOS="271" HPOS="906"/>
							<String ID="string_34" HPOS="915" VPOS="272" WIDTH="40" HEIGHT="21" WC="0.92" CONTENT="olä-"/>
						</TextLine>
						<TextLine ID="line_4" HPOS="212" VPOS="305" WIDTH="744" HEIGHT="30">
							<String ID="string_35" HPOS="212" VPOS="307" WIDTH="129" HEIGHT="27" WC="0.92" CONTENT="genheterna"/><SP WIDTH="14" VPOS="307" HPOS="341"/>
							<String ID="string_36" HPOS="355" VPOS="305" WIDTH="64" HEIGHT="27" WC="0.96" CONTENT="deraf,"/><SP WIDTH="16" VPOS="305" HPOS="419"/>
							<String ID="string_37" HPOS="435" VPOS="308" WIDTH="30" HEIGHT="20" WC="0.93" CONTENT="att"/><SP WIDTH="13" VPOS="308" HPOS="465"/>
							<String ID="string_38" HPOS="478" VPOS="306" WIDTH="160" HEIGHT="29" WC="0.92" CONTENT="lagskipningen"/><SP WIDTH="10" VPOS="306" HPOS="638"/>
							<String ID="string_39" HPOS="648" VPOS="306" WIDTH="8" HEIGHT="20" WC="0.93" CONTENT="i"/><SP WIDTH="10" VPOS="306" HPOS="656"/>
							<String ID="string_40" HPOS="666" VPOS="306" WIDTH="167" HEIGHT="22" WC="0.92" CONTENT="häradsrätterna"/><SP WIDTH="10" VPOS="306" HPOS="833"/>
							<String ID="string_41" HPOS="843" VPOS="306" WIDTH="7" HEIGHT="20" WC="0.96" CONTENT="i"/><SP WIDTH="10" VPOS="306" HPOS="850"/>
							<String ID="string_42" HPOS="860" VPOS="305" WIDTH="96" HEIGHT="29" WC="0.95" CONTENT="förening"/>
						</TextLine>
						<TextLine ID="line_5" HPOS="213" VPOS="340" WIDTH="741" HEIGHT="29">
							<String ID="string_43" HPOS="213" VPOS="341" WIDTH="49" HEIGHT="21" WC="0.96" CONTENT="med"/><SP WIDTH="17" VPOS="341" HPOS="262"/>
							<String ID="string_44" HPOS="279" VPOS="340" WIDTH="105" HEIGHT="22" WC="0.92" CONTENT="nämnden"/><SP WIDTH="15" VPOS="340" HPOS="384"/>
							<String ID="string_45" HPOS="399" VPOS="340" WIDTH="129" HEIGHT="22" WC="0.90" CONTENT="handhafves"/><SP WIDTH="14" VPOS="340" HPOS="528"/>
							<String ID="string_46" HPOS="542" VPOS="340" WIDTH="24" HEIGHT="22" WC="0.96" CONTENT="af"/><SP WIDTH="11" VPOS="340" HPOS="566"/>
							<String ID="string_47" HPOS="577" VPOS="340" WIDTH="53" HEIGHT="22" WC="0.96" CONTENT="blott"/><SP WIDTH="15" VPOS="340" HPOS="630"/>
							<String ID="string_48" HPOS="645" VPOS="348" WIDTH="25" HEIGHT="13" WC="0.95" CONTENT="en"/><SP WIDTH="17" VPOS="348" HPOS="670"/>
							<String ID="string_49" HPOS="687" VPOS="341" WIDTH="53" HEIGHT="21" WC="0.93" CONTENT="enda"/><SP WIDTH="15" VPOS="341" HPOS="740"/>
							<String ID="string_50" HPOS="755" VPOS="340" WIDTH="91" HEIGHT="29" WC="0.92" CONTENT="lagfaren"/><SP WIDTH="16" VPOS="340" HPOS="846"/>
							<String ID="string_51" HPOS="862" VPOS="340" WIDTH="92" HEIGHT="27" WC="0.95" CONTENT="domare;"/>
						</TextLine>
						<TextLine ID="line_6" HPOS="214" VPOS="374" WIDTH="742" HEIGHT="30">
							<String ID="string_52" HPOS="214" VPOS="377" WIDTH="30" HEIGHT="20" WC="0.93" CONTENT="att"/><SP WIDTH="15" VPOS="377" HPOS="244"/>
							<String ID="string_53" HPOS="259" VPOS="375" WIDTH="118" HEIGHT="22" WC="0.90" CONTENT="Ständerna"/><SP WIDTH="14" VPOS="375" HPOS="377"/>
							<String ID="string_54" HPOS="391" VPOS="375" WIDTH="116" HEIGHT="29" WC="0.92" CONTENT="upprepadt"/><SP WIDTH="14" VPOS="375" HPOS="507"/>
							<String ID="string_55" HPOS="521" VPOS="375" WIDTH="101" HEIGHT="21" WC="0.96" CONTENT="förklarat"/><SP WIDTH="15" VPOS="375" HPOS="622"/>
							<String ID="string_56" HPOS="637" VPOS="374" WIDTH="32" HEIGHT="22" WC="0.93" CONTENT="sin"/><SP WIDTH="15" VPOS="374" HPOS="669"/>
							<String ID="string_57" HPOS="684" VPOS="374" WIDTH="53" HEIGHT="29" WC="0.92" CONTENT="åsigt"/><SP WIDTH="15" VPOS="374" HPOS="737"/>
							<String ID="string_58" HPOS="752" VPOS="383" WIDTH="54" HEIGHT="18" WC="0.96" CONTENT="vara,"/><SP WIDTH="20" VPOS="383" HPOS="806"/>
							<String ID="string_59" HPOS="826" VPOS="377" WIDTH="42" HEIGHT="19" WC="0.95" CONTENT="«att"/><SP WIDTH="11" VPOS="377" HPOS="868"/>
							<String ID="string_60" HPOS="879" VPOS="383" WIDTH="25" HEIGHT="13" WC="0.93" CONTENT="en"/><SP WIDTH="11" VPOS="383" HPOS="904"/>
							<String ID="string_61" HPOS="915" VPOS="383" WIDTH="41" HEIGHT="13" WC="0.92" CONTENT="om-"/>
						</TextLine>
						<TextLine ID="line_7" HPOS="213" VPOS="408" WIDTH="742" HEIGHT="30">
							<String ID="string_62" HPOS="213" VPOS="410" WIDTH="95" HEIGHT="28" WC="0.95" CONTENT="bildning"/><SP WIDTH="19" VPOS="410" HPOS="308"/>
							<String ID="string_63" HPOS="327" VPOS="408" WIDTH="23" HEIGHT="23" WC="0.92" CONTENT="af"/><SP WIDTH="17" VPOS="408" HPOS="350"/>
							<String ID="string_64" HPOS="367" VPOS="409" WIDTH="167" HEIGHT="22" WC="0.92" CONTENT="häradsrätterna"/><SP WIDTH="17" VPOS="409" HPOS="534"/>
							<String ID="string_65" HPOS="551" VPOS="409" WIDTH="33" HEIGHT="22" WC="0.96" CONTENT="till"/><SP WIDTH="14" VPOS="409" HPOS="584"/>
							<String ID="string_66" HPOS="598" VPOS="408" WIDTH="95" HEIGHT="29" WC="0.96" CONTENT="ständiga"/><SP WIDTH="14" VPOS="408" HPOS="693"/>
							<String ID="string_67" HPOS="707" VPOS="410" WIDTH="39" HEIGHT="20" WC="0.96" CONTENT="och"/><SP WIDTH="15" VPOS="410" HPOS="746"/>
							<String ID="string_68" HPOS="761" VPOS="409" WIDTH="47" HEIGHT="21" WC="0.96" CONTENT="med"/><SP WIDTH="15" VPOS="409" HPOS="808"/>
							<String ID="string_69" HPOS="823" VPOS="409" WIDTH="49" HEIGHT="21" WC="0.96" CONTENT="flere"/><SP WIDTH="15" VPOS="409" HPOS="872"/>
							<String ID="string_70" HPOS="887" VPOS="414" WIDTH="26" HEIGHT="17" WC="0.96" CONTENT="än"/><SP WIDTH="18" VPOS="414" HPOS="913"/>
							<String ID="string_71" HPOS="931" VPOS="418" WIDTH="24" HEIGHT="13" WC="0.96" CONTENT="en"/>
						</TextLine>
						<TextLine ID="line_8" HPOS="212" VPOS="443" WIDTH="743" HEIGHT="29">
							<String ID="string_72" HPOS="212" VPOS="444" WIDTH="93" HEIGHT="28" WC="0.91" CONTENT="lagfaren"/><SP WIDTH="15" VPOS="444" HPOS="305"/>
							<String ID="string_73" HPOS="320" VPOS="444" WIDTH="84" HEIGHT="21" WC="0.96" CONTENT="domare"/><SP WIDTH="11" VPOS="444" HPOS="404"/>
							<String ID="string_74" HPOS="415" VPOS="443" WIDTH="95" HEIGHT="22" WC="0.96" CONTENT="försedda"/><SP WIDTH="13" VPOS="443" HPOS="510"/>
							<String ID="string_75" HPOS="523" VPOS="444" WIDTH="111" HEIGHT="21" WC="0.96" CONTENT="domstolar"/><SP WIDTH="10" VPOS="444" HPOS="634"/>
							<String ID="string_76" HPOS="644" VPOS="452" WIDTH="48" HEIGHT="14" WC="0.96" CONTENT="vore"/><SP WIDTH="12" VPOS="452" HPOS="692"/>
							<String ID="string_77" HPOS="704" VPOS="444" WIDTH="35" HEIGHT="21" WC="0.96" CONTENT="det"/><SP WIDTH="10" VPOS="444" HPOS="739"/>
							<String ID="string_78" HPOS="749" VPOS="444" WIDTH="53" HEIGHT="21" WC="0.96" CONTENT="enda"/><SP WIDTH="10" VPOS="444" HPOS="802"/>
							<String ID="string_79" HPOS="812" VPOS="444" WIDTH="73" HEIGHT="26" WC="0.93" CONTENT="medel,"/><SP WIDTH="12" VPOS="444" HPOS="885"/>
							<String ID="string_80" HPOS="897" VPOS="444" WIDTH="58" HEIGHT="22" WC="0.92" CONTENT="hvar-"/>
						</TextLine>
						<TextLine ID="line_9" HPOS="213" VPOS="477" WIDTH="742" HEIGHT="30">
							<String ID="string_81" HPOS="213" VPOS="478" WIDTH="83" HEIGHT="29" WC="0.95" CONTENT="igenom"/><SP WIDTH="20" VPOS="478" HPOS="296"/>
							<String ID="string_82" HPOS="316" VPOS="486" WIDTH="26" HEIGHT="13" WC="0.96" CONTENT="en"/><SP WIDTH="19" VPOS="486" HPOS="342"/>
							<String ID="string_83" HPOS="361" VPOS="485" WIDTH="57" HEIGHT="15" WC="0.96" CONTENT="mera"/><SP WIDTH="15" VPOS="485" HPOS="418"/>
							<String ID="string_84" HPOS="433" VPOS="478" WIDTH="99" HEIGHT="28" WC="0.93" CONTENT="tidsenlig"/><SP WIDTH="14" VPOS="478" HPOS="532"/>
							<String ID="string_85" HPOS="546" VPOS="477" WIDTH="133" HEIGHT="29" WC="0.91" CONTENT="lagskipning"/><SP WIDTH="14" VPOS="477" HPOS="679"/>
							<String ID="string_86" HPOS="693" VPOS="478" WIDTH="12" HEIGHT="22" WC="0.90" CONTENT="å"/><SP WIDTH="15" VPOS="478" HPOS="705"/>
							<String ID="string_87" HPOS="720" VPOS="478" WIDTH="70" HEIGHT="22" WC="0.96" CONTENT="landet"/><SP WIDTH="15" VPOS="478" HPOS="790"/>
							<String ID="string_88" HPOS="805" VPOS="478" WIDTH="70" HEIGHT="22" WC="0.93" CONTENT="kunde"/><SP WIDTH="16" VPOS="478" HPOS="875"/>
							<String ID="string_89" HPOS="891" VPOS="478" WIDTH="64" HEIGHT="22" WC="0.92" CONTENT="åstad-"/>
						</TextLine>
						<TextLine ID="line_10" HPOS="212" VPOS="512" WIDTH="744" HEIGHT="29">
							<String ID="string_90" HPOS="212" VPOS="513" WIDTH="118" HEIGHT="25" WC="0.67" CONTENT="kommas»;"/><SP WIDTH="23" VPOS="513" HPOS="330"/>
							<String ID="string_91" HPOS="353" VPOS="514" WIDTH="31" HEIGHT="20" WC="0.93" CONTENT="att"/><SP WIDTH="19" VPOS="514" HPOS="384"/>
							<String ID="string_92" HPOS="403" VPOS="512" WIDTH="117" HEIGHT="22" WC="0.91" CONTENT="Ständerna"/><SP WIDTH="20" VPOS="512" HPOS="520"/>
							<String ID="string_93" HPOS="540" VPOS="512" WIDTH="35" HEIGHT="22" WC="0.96" CONTENT="vid"/><SP WIDTH="21" VPOS="512" HPOS="575"/>
							<String ID="string_94" HPOS="596" VPOS="513" WIDTH="54" HEIGHT="21" WC="0.96" CONTENT="1872"/><SP WIDTH="16" VPOS="513" HPOS="650"/>
							<String ID="string_95" HPOS="666" VPOS="512" WIDTH="32" HEIGHT="22" WC="0.93" CONTENT="års"/><SP WIDTH="15" VPOS="512" HPOS="698"/>
							<String ID="string_96" HPOS="713" VPOS="512" WIDTH="98" HEIGHT="29" WC="0.93" CONTENT="landtdag"/><SP WIDTH="15" VPOS="512" HPOS="811"/>
							<String ID="string_97" HPOS="826" VPOS="512" WIDTH="81" HEIGHT="22" WC="0.93" CONTENT="derföre"/><SP WIDTH="15" VPOS="512" HPOS="907"/>
							<String ID="string_98" HPOS="922" VPOS="521" WIDTH="34" HEIGHT="13" WC="0.93" CONTENT="an-"/>
						</TextLine>
						<TextLine ID="line_11" HPOS="213" VPOS="546" WIDTH="744" HEIGHT="29">
							<String ID="string_99" HPOS="213" VPOS="547" WIDTH="61" HEIGHT="21" WC="0.95" CONTENT="hållit"/><SP WIDTH="19" VPOS="547" HPOS="274"/>
							<String ID="string_100" HPOS="293" VPOS="555" WIDTH="35" HEIGHT="13" WC="0.94" CONTENT="om"/><SP WIDTH="18" VPOS="555" HPOS="328"/>
							<String ID="string_101" HPOS="346" VPOS="546" WIDTH="128" HEIGHT="22" WC="0.94" CONTENT="tillsättande"/><SP WIDTH="19" VPOS="546" HPOS="474"/>
							<String ID="string_102" HPOS="493" VPOS="546" WIDTH="24" HEIGHT="22" WC="0.96" CONTENT="af"/><SP WIDTH="16" VPOS="546" HPOS="517"/>
							<String ID="string_103" HPOS="533" VPOS="555" WIDTH="26" HEIGHT="13" WC="0.93" CONTENT="en"/><SP WIDTH="14" VPOS="555" HPOS="559"/>
							<String ID="string_104" HPOS="573" VPOS="546" WIDTH="79" HEIGHT="22" WC="0.92" CONTENT="komité"/><SP WIDTH="15" VPOS="546" HPOS="652"/>
							<String ID="string_105" HPOS="667" VPOS="546" WIDTH="32" HEIGHT="22" WC="0.96" CONTENT="för"/><SP WIDTH="14" VPOS="546" HPOS="699"/>
							<String ID="string_106" HPOS="713" VPOS="547" WIDTH="114" HEIGHT="21" WC="0.96" CONTENT="reformens"/><SP WIDTH="15" VPOS="547" HPOS="827"/>
							<String ID="string_107" HPOS="842" VPOS="548" WIDTH="115" HEIGHT="27" WC="0.96" CONTENT="beredning"/>
						</TextLine>
						<TextLine ID="line_12" HPOS="214" VPOS="580" WIDTH="741" HEIGHT="30">
							<String ID="string_108" HPOS="214" VPOS="582" WIDTH="53" HEIGHT="21" WC="0.96" CONTENT="samt"/><SP WIDTH="22" VPOS="582" HPOS="267"/>
							<String ID="string_109" HPOS="289" VPOS="581" WIDTH="48" HEIGHT="21" WC="0.93" CONTENT="med"/><SP WIDTH="22" VPOS="581" HPOS="337"/>
							<String ID="string_110" HPOS="359" VPOS="580" WIDTH="115" HEIGHT="29" WC="0.89" CONTENT="äliggande,"/><SP WIDTH="23" VPOS="580" HPOS="474"/>
							<String ID="string_111" HPOS="497" VPOS="581" WIDTH="62" HEIGHT="21" WC="0.96" CONTENT="bland"/><SP WIDTH="20" VPOS="581" HPOS="559"/>
							<String ID="string_112" HPOS="579" VPOS="583" WIDTH="69" HEIGHT="24" WC="0.96" CONTENT="annat,"/><SP WIDTH="21" VPOS="583" HPOS="648"/>
							<String ID="string_113" HPOS="669" VPOS="583" WIDTH="30" HEIGHT="20" WC="0.93" CONTENT="att"/><SP WIDTH="15" VPOS="583" HPOS="699"/>
							<String ID="string_114" HPOS="714" VPOS="581" WIDTH="111" HEIGHT="28" WC="0.92" CONTENT="öfverväga"/><SP WIDTH="15" VPOS="581" HPOS="825"/>
							<String ID="string_115" HPOS="840" VPOS="582" WIDTH="39" HEIGHT="21" WC="0.96" CONTENT="och"/><SP WIDTH="14" VPOS="582" HPOS="879"/>
							<String ID="string_116" HPOS="893" VPOS="583" WIDTH="62" HEIGHT="27" WC="0.96" CONTENT="yttra,"/>
						</TextLine>
						<TextLine ID="line_13" HPOS="212" VPOS="615" WIDTH="745" HEIGHT="29">
							<String ID="string_117" HPOS="212" VPOS="615" WIDTH="106" HEIGHT="22" WC="0.96" CONTENT="huruvida"/><SP WIDTH="21" VPOS="615" HPOS="318"/>
							<String ID="string_118" HPOS="339" VPOS="615" WIDTH="38" HEIGHT="22" WC="0.96" CONTENT="och"/><SP WIDTH="15" VPOS="615" HPOS="377"/>
							<String ID="string_119" HPOS="392" VPOS="615" WIDTH="8" HEIGHT="21" WC="0.96" CONTENT="i"/><SP WIDTH="15" VPOS="615" HPOS="400"/>
							<String ID="string_120" HPOS="415" VPOS="615" WIDTH="55" HEIGHT="22" WC="0.96" CONTENT="hvad"/><SP WIDTH="19" VPOS="615" HPOS="470"/>
							<String ID="string_121" HPOS="489" VPOS="615" WIDTH="48" HEIGHT="22" WC="0.96" CONTENT="mån"/><SP WIDTH="21" VPOS="615" HPOS="537"/>
							<String ID="string_122" HPOS="558" VPOS="615" WIDTH="34" HEIGHT="22" WC="0.93" CONTENT="det"/><SP WIDTH="20" VPOS="615" HPOS="592"/>
							<String ID="string_123" HPOS="612" VPOS="615" WIDTH="69" HEIGHT="22" WC="0.91" CONTENT="blefve"/><SP WIDTH="15" VPOS="615" HPOS="681"/>
							<String ID="string_124" HPOS="696" VPOS="615" WIDTH="81" HEIGHT="29" WC="0.96" CONTENT="möjligt"/><SP WIDTH="14" VPOS="615" HPOS="777"/>
							<String ID="string_125" HPOS="791" VPOS="617" WIDTH="36" HEIGHT="25" WC="0.96" CONTENT="att,"/><SP WIDTH="16" VPOS="617" HPOS="827"/>
							<String ID="string_126" HPOS="843" VPOS="616" WIDTH="49" HEIGHT="21" WC="0.93" CONTENT="med"/><SP WIDTH="15" VPOS="616" HPOS="892"/>
							<String ID="string_127" HPOS="907" VPOS="615" WIDTH="50" HEIGHT="22" WC="0.90" CONTENT="anli-"/>
						</TextLine>
						<TextLine ID="line_14" HPOS="212" VPOS="649" WIDTH="744" HEIGHT="23">
							<String ID="string_128" HPOS="212" VPOS="650" WIDTH="63" HEIGHT="21" WC="0.95" CONTENT="tande"/><SP WIDTH="20" VPOS="650" HPOS="275"/>
							<String ID="string_129" HPOS="295" VPOS="649" WIDTH="23" HEIGHT="22" WC="0.96" CONTENT="af"/><SP WIDTH="18" VPOS="649" HPOS="318"/>
							<String ID="string_130" HPOS="336" VPOS="649" WIDTH="26" HEIGHT="22" WC="0.96" CONTENT="då"/><SP WIDTH="19" VPOS="649" HPOS="362"/>
							<String ID="string_131" HPOS="381" VPOS="649" WIDTH="63" HEIGHT="22" WC="0.93" CONTENT="redan"/><SP WIDTH="20" VPOS="649" HPOS="444"/>
							<String ID="string_132" HPOS="464" VPOS="649" WIDTH="156" HEIGHT="22" WC="0.91" CONTENT="åstadkommen"/><SP WIDTH="16" VPOS="649" HPOS="620"/>
							<String ID="string_133" HPOS="636" VPOS="650" WIDTH="38" HEIGHT="21" WC="0.96" CONTENT="och"/><SP WIDTH="16" VPOS="650" HPOS="674"/>
							<String ID="string_134" HPOS="690" VPOS="655" WIDTH="26" HEIGHT="16" WC="0.96" CONTENT="än"/><SP WIDTH="15" VPOS="655" HPOS="716"/>
							<String ID="string_135" HPOS="731" VPOS="650" WIDTH="71" HEIGHT="22" WC="0.96" CONTENT="vidare"/><SP WIDTH="16" VPOS="650" HPOS="802"/>
							<String ID="string_136" HPOS="818" VPOS="651" WIDTH="89" HEIGHT="21" WC="0.92" CONTENT="skeende"/><SP WIDTH="16" VPOS="651" HPOS="907"/>
							<String ID="string_137" HPOS="923" VPOS="651" WIDTH="33" HEIGHT="21" WC="0.92" CONTENT="be-"/>
						</TextLine>
						<TextLine ID="line_15" HPOS="213" VPOS="683" WIDTH="743" HEIGHT="30">
							<String ID="string_138" HPOS="213" VPOS="684" WIDTH="84" HEIGHT="29" WC="0.89" CONTENT="sparing"/><SP WIDTH="15" VPOS="684" HPOS="297"/>
							<String ID="string_139" HPOS="312" VPOS="683" WIDTH="23" HEIGHT="22" WC="0.96" CONTENT="af"/><SP WIDTH="13" VPOS="683" HPOS="335"/>
							<String ID="string_140" HPOS="348" VPOS="684" WIDTH="39" HEIGHT="21" WC="0.96" CONTENT="den"/><SP WIDTH="15" VPOS="684" HPOS="387"/>
							<String ID="string_141" HPOS="402" VPOS="691" WIDTH="76" HEIGHT="21" WC="0.93" CONTENT="genom"/><SP WIDTH="15" VPOS="691" HPOS="478"/>
							<String ID="string_142" HPOS="493" VPOS="684" WIDTH="195" HEIGHT="28" WC="0.91" CONTENT="lagmansrätternas"/><SP WIDTH="13" VPOS="684" HPOS="688"/>
							<String ID="string_143" HPOS="701" VPOS="684" WIDTH="124" HEIGHT="29" WC="0.93" CONTENT="indragning"/><SP WIDTH="9" VPOS="684" HPOS="825"/>
							<String ID="string_144" HPOS="834" VPOS="685" WIDTH="122" HEIGHT="28" WC="0.90" CONTENT="ledigblifna"/>
						</TextLine>
						<TextLine ID="line_16" HPOS="212" VPOS="717" WIDTH="744" HEIGHT="30">
							<String ID="string_145" HPOS="212" VPOS="717" WIDTH="280" HEIGHT="30" WC="0.91" CONTENT="lagmanstingsgästningen,"/><SP WIDTH="21" VPOS="717" HPOS="492"/>
							<String ID="string_146" HPOS="513" VPOS="719" WIDTH="86" HEIGHT="22" WC="0.95" CONTENT="anställa"/><SP WIDTH="21" VPOS="719" HPOS="599"/>
							<String ID="string_147" HPOS="620" VPOS="727" WIDTH="25" HEIGHT="13" WC="0.93" CONTENT="en"/><SP WIDTH="19" VPOS="727" HPOS="645"/>
							<String ID="string_148" HPOS="664" VPOS="719" WIDTH="93" HEIGHT="28" WC="0.90" CONTENT="lagfaren"/><SP WIDTH="18" VPOS="719" HPOS="757"/>
							<String ID="string_149" HPOS="775" VPOS="719" WIDTH="93" HEIGHT="22" WC="0.93" CONTENT="bisittare"/><SP WIDTH="15" VPOS="719" HPOS="868"/>
							<String ID="string_150" HPOS="883" VPOS="719" WIDTH="73" HEIGHT="22" WC="0.92" CONTENT="åtmin-"/>
						</TextLine>
						<TextLine ID="line_17" HPOS="213" VPOS="751" WIDTH="743" HEIGHT="30">
							<String ID="string_151" HPOS="213" VPOS="755" WIDTH="58" HEIGHT="19" WC="0.96" CONTENT="stone"/><SP WIDTH="15" VPOS="755" HPOS="271"/>
							<String ID="string_152" HPOS="286" VPOS="752" WIDTH="8" HEIGHT="21" WC="0.96" CONTENT="i"/><SP WIDTH="15" VPOS="752" HPOS="294"/>
							<String ID="string_153" HPOS="309" VPOS="751" WIDTH="72" HEIGHT="30" WC="0.96" CONTENT="hvarje"/><SP WIDTH="20" VPOS="751" HPOS="381"/>
							<String ID="string_154" HPOS="401" VPOS="752" WIDTH="63" HEIGHT="22" WC="0.96" CONTENT="sådan"/><SP WIDTH="19" VPOS="752" HPOS="464"/>
							<String ID="string_155" HPOS="483" VPOS="753" WIDTH="121" HEIGHT="26" WC="0.96" CONTENT="häradsrätt,"/><SP WIDTH="18" VPOS="753" HPOS="604"/>
							<String ID="string_156" HPOS="622" VPOS="761" WIDTH="44" HEIGHT="13" WC="0.96" CONTENT="som"/><SP WIDTH="14" VPOS="761" HPOS="666"/>
							<String ID="string_157" HPOS="680" VPOS="753" WIDTH="83" HEIGHT="22" WC="0.96" CONTENT="komme"/><SP WIDTH="16" VPOS="753" HPOS="763"/>
							<String ID="string_158" HPOS="779" VPOS="756" WIDTH="30" HEIGHT="20" WC="0.96" CONTENT="att"/><SP WIDTH="14" VPOS="756" HPOS="809"/>
							<String ID="string_159" HPOS="823" VPOS="754" WIDTH="65" HEIGHT="22" WC="0.93" CONTENT="blifva"/><SP WIDTH="15" VPOS="754" HPOS="888"/>
							<String ID="string_160" HPOS="903" VPOS="756" WIDTH="53" HEIGHT="19" WC="0.91" CONTENT="stän-"/>
						</TextLine>
						<TextLine ID="line_18" HPOS="214" VPOS="786" WIDTH="743" HEIGHT="29">
							<String ID="string_161" HPOS="214" VPOS="787" WIDTH="43" HEIGHT="28" WC="0.96" CONTENT="dig;"/><SP WIDTH="23" VPOS="787" HPOS="257"/>
							<String ID="string_162" HPOS="280" VPOS="788" WIDTH="30" HEIGHT="21" WC="0.96" CONTENT="att"/><SP WIDTH="20" VPOS="788" HPOS="310"/>
							<String ID="string_163" HPOS="330" VPOS="795" WIDTH="26" HEIGHT="13" WC="0.96" CONTENT="en"/><SP WIDTH="15" VPOS="795" HPOS="356"/>
							<String ID="string_164" HPOS="371" VPOS="786" WIDTH="7" HEIGHT="21" WC="0.96" CONTENT="i"/><SP WIDTH="15" VPOS="786" HPOS="378"/>
							<String ID="string_165" HPOS="393" VPOS="787" WIDTH="113" HEIGHT="28" WC="0.96" CONTENT="anledning"/><SP WIDTH="18" VPOS="787" HPOS="506"/>
							<String ID="string_166" HPOS="524" VPOS="787" WIDTH="61" HEIGHT="22" WC="0.95" CONTENT="häraf"/><SP WIDTH="15" VPOS="787" HPOS="585"/>
							<String ID="string_167" HPOS="600" VPOS="787" WIDTH="145" HEIGHT="22" WC="0.93" CONTENT="tillförordnad"/><SP WIDTH="15" VPOS="787" HPOS="745"/>
							<String ID="string_168" HPOS="760" VPOS="788" WIDTH="77" HEIGHT="22" WC="0.91" CONTENT="komité"/><SP WIDTH="15" VPOS="788" HPOS="837"/>
							<String ID="string_169" HPOS="852" VPOS="801" WIDTH="28" HEIGHT="2" WC="0.92" CONTENT="—"/><SP WIDTH="14" VPOS="801" HPOS="880"/>
							<String ID="string_170" HPOS="894" VPOS="789" WIDTH="63" HEIGHT="22" WC="0.95" CONTENT="hvars"/>
						</TextLine>
						<TextLine ID="line_19" HPOS="213" VPOS="820" WIDTH="744" HEIGHT="29">
							<String ID="string_171" HPOS="213" VPOS="821" WIDTH="33" HEIGHT="22" WC="0.95" CONTENT="till"/><SP WIDTH="14" VPOS="821" HPOS="246"/>
							<String ID="string_172" HPOS="260" VPOS="821" WIDTH="61" HEIGHT="28" WC="0.95" CONTENT="tryck"/><SP WIDTH="15" VPOS="821" HPOS="321"/>
							<String ID="string_173" HPOS="336" VPOS="820" WIDTH="121" HEIGHT="23" WC="0.96" CONTENT="befordrade"/><SP WIDTH="15" VPOS="820" HPOS="457"/>
							<String ID="string_174" HPOS="472" VPOS="821" WIDTH="111" HEIGHT="28" WC="0.93" CONTENT="yttranden"/><SP WIDTH="15" VPOS="821" HPOS="583"/>
							<String ID="string_175" HPOS="598" VPOS="821" WIDTH="105" HEIGHT="28" WC="0.91" CONTENT="delgifvits"/><SP WIDTH="16" VPOS="821" HPOS="703"/>
							<String ID="string_176" HPOS="719" VPOS="822" WIDTH="117" HEIGHT="22" WC="0.91" CONTENT="Ständerna"/><SP WIDTH="16" VPOS="822" HPOS="836"/>
							<String ID="string_177" HPOS="852" VPOS="823" WIDTH="35" HEIGHT="21" WC="0.93" CONTENT="vid"/><SP WIDTH="12" VPOS="823" HPOS="887"/>
							<String ID="string_178" HPOS="899" VPOS="823" WIDTH="58" HEIGHT="21" WC="0.93" CONTENT="inne-"/>
						</TextLine>
						<TextLine ID="line_20" HPOS="213" VPOS="855" WIDTH="743" HEIGHT="31">
							<String ID="string_179" HPOS="213" VPOS="855" WIDTH="91" HEIGHT="22" WC="0.93" CONTENT="varande"/><SP WIDTH="19" VPOS="855" HPOS="304"/>
							<String ID="string_180" HPOS="323" VPOS="855" WIDTH="98" HEIGHT="28" WC="0.91" CONTENT="landtdag"/><SP WIDTH="15" VPOS="855" HPOS="421"/>
							<String ID="string_181" HPOS="436" VPOS="867" WIDTH="27" HEIGHT="3" WC="0.92" CONTENT="—"/><SP WIDTH="15" VPOS="867" HPOS="463"/>
							<String ID="string_182" HPOS="478" VPOS="855" WIDTH="110" HEIGHT="29" WC="0.95" CONTENT="föreslagit,"/><SP WIDTH="20" VPOS="855" HPOS="588"/>
							<String ID="string_183" HPOS="608" VPOS="857" WIDTH="30" HEIGHT="20" WC="0.96" CONTENT="att"/><SP WIDTH="15" VPOS="857" HPOS="638"/>
							<String ID="string_184" HPOS="653" VPOS="855" WIDTH="125" HEIGHT="23" WC="0.96" CONTENT="åtminstone"/><SP WIDTH="15" VPOS="855" HPOS="778"/>
							<String ID="string_185" HPOS="793" VPOS="857" WIDTH="7" HEIGHT="21" WC="0.96" CONTENT="i"/><SP WIDTH="15" VPOS="857" HPOS="800"/>
							<String ID="string_186" HPOS="815" VPOS="856" WIDTH="72" HEIGHT="30" WC="0.93" CONTENT="hvarje"/><SP WIDTH="16" VPOS="856" HPOS="887"/>
							<String ID="string_187" HPOS="903" VPOS="859" WIDTH="53" HEIGHT="19" WC="0.93" CONTENT="stän-"/>
						</TextLine>
						<TextLine ID="line_21" HPOS="213" VPOS="889" WIDTH="742" HEIGHT="31">
							<String ID="string_188" HPOS="213" VPOS="889" WIDTH="35" HEIGHT="28" WC="0.96" CONTENT="dig"/><SP WIDTH="16" VPOS="889" HPOS="248"/>
							<String ID="string_189" HPOS="264" VPOS="890" WIDTH="118" HEIGHT="21" WC="0.96" CONTENT="häradsrätt"/><SP WIDTH="15" VPOS="890" HPOS="382"/>
							<String ID="string_190" HPOS="397" VPOS="889" WIDTH="67" HEIGHT="21" WC="0.96" CONTENT="skulle"/><SP WIDTH="13" VPOS="889" HPOS="464"/>
							<String ID="string_191" HPOS="477" VPOS="889" WIDTH="65" HEIGHT="28" WC="0.92" CONTENT="jemte"/><SP WIDTH="16" VPOS="889" HPOS="542"/>
							<String ID="string_192" HPOS="558" VPOS="890" WIDTH="188" HEIGHT="29" WC="0.91" CONTENT="häradshöfdingen"/><SP WIDTH="15" VPOS="890" HPOS="746"/>
							<String ID="string_193" HPOS="761" VPOS="892" WIDTH="97" HEIGHT="22" WC="0.96" CONTENT="anställas"/><SP WIDTH="16" VPOS="892" HPOS="858"/>
							<String ID="string_194" HPOS="874" VPOS="900" WIDTH="25" HEIGHT="13" WC="0.93" CONTENT="en"/><SP WIDTH="16" VPOS="900" HPOS="899"/>
							<String ID="string_195" HPOS="915" VPOS="892" WIDTH="40" HEIGHT="28" WC="0.92" CONTENT="lag-"/>
						</TextLine>
						<TextLine ID="line_22" HPOS="212" VPOS="923" WIDTH="743" HEIGHT="31">
							<String ID="string_196" HPOS="212" VPOS="923" WIDTH="60" HEIGHT="22" WC="0.91" CONTENT="faren"/><SP WIDTH="20" VPOS="923" HPOS="272"/>
							<String ID="string_197" HPOS="292" VPOS="923" WIDTH="100" HEIGHT="26" WC="0.96" CONTENT="bisittare,"/><SP WIDTH="24" VPOS="923" HPOS="392"/>
							<String ID="string_198" HPOS="416" VPOS="923" WIDTH="87" HEIGHT="23" WC="0.96" CONTENT="hvilken"/><SP WIDTH="20" VPOS="923" HPOS="503"/>
							<String ID="string_199" HPOS="523" VPOS="924" WIDTH="66" HEIGHT="22" WC="0.96" CONTENT="under"/><SP WIDTH="19" VPOS="924" HPOS="589"/>
							<String ID="string_200" HPOS="608" VPOS="925" WIDTH="153" HEIGHT="29" WC="0.93" CONTENT="benämningen"/><SP WIDTH="19" VPOS="925" HPOS="761"/>
							<String ID="string_201" HPOS="780" VPOS="926" WIDTH="175" HEIGHT="22" WC="0.91" CONTENT="«vicehäradshöf-"/>
						</TextLine>
						<TextLine ID="line_23" HPOS="213" VPOS="958" WIDTH="742" HEIGHT="29">
							<String ID="string_202" HPOS="213" VPOS="958" WIDTH="61" HEIGHT="29" WC="0.83" CONTENT="ding»"/><SP WIDTH="22" VPOS="958" HPOS="274"/>
							<String ID="string_203" HPOS="296" VPOS="958" WIDTH="63" HEIGHT="22" WC="0.96" CONTENT="borde"/><SP WIDTH="19" VPOS="958" HPOS="359"/>
							<String ID="string_204" HPOS="378" VPOS="958" WIDTH="27" HEIGHT="28" WC="0.96" CONTENT="på"/><SP WIDTH="14" VPOS="958" HPOS="405"/>
							<String ID="string_205" HPOS="419" VPOS="958" WIDTH="107" HEIGHT="22" WC="0.96" CONTENT="obestämd"/><SP WIDTH="15" VPOS="958" HPOS="526"/>
							<String ID="string_206" HPOS="541" VPOS="958" WIDTH="31" HEIGHT="22" WC="0.96" CONTENT="tid"/><SP WIDTH="14" VPOS="958" HPOS="572"/>
							<String ID="string_207" HPOS="586" VPOS="958" WIDTH="107" HEIGHT="22" WC="0.96" CONTENT="förordnas"/><SP WIDTH="15" VPOS="958" HPOS="693"/>
							<String ID="string_208" HPOS="708" VPOS="960" WIDTH="23" HEIGHT="21" WC="0.96" CONTENT="af"/><SP WIDTH="13" VPOS="960" HPOS="731"/>
							<String ID="string_209" HPOS="744" VPOS="960" WIDTH="153" HEIGHT="22" WC="0.92" CONTENT="vederbörande"/><SP WIDTH="15" VPOS="960" HPOS="897"/>
							<String ID="string_210" HPOS="912" VPOS="961" WIDTH="43" HEIGHT="21" WC="0.91" CONTENT="hof-"/>
						</TextLine>
						<TextLine ID="line_24" HPOS="213" VPOS="992" WIDTH="742" HEIGHT="32">
							<String ID="string_211" HPOS="213" VPOS="995" WIDTH="41" HEIGHT="20" WC="0.96" CONTENT="rätt"/><SP WIDTH="20" VPOS="995" HPOS="254"/>
							<String ID="string_212" HPOS="274" VPOS="994" WIDTH="55" HEIGHT="20" WC="0.96" CONTENT="emot"/><SP WIDTH="18" VPOS="994" HPOS="329"/>
							<String ID="string_213" HPOS="347" VPOS="994" WIDTH="30" HEIGHT="20" WC="0.96" CONTENT="ett"/><SP WIDTH="14" VPOS="994" HPOS="377"/>
							<String ID="string_214" HPOS="391" VPOS="992" WIDTH="62" HEIGHT="28" WC="0.93" CONTENT="årligt"/><SP WIDTH="15" VPOS="992" HPOS="453"/>
							<String ID="string_215" HPOS="468" VPOS="993" WIDTH="83" HEIGHT="22" WC="0.90" CONTENT="arfvode"/><SP WIDTH="15" VPOS="993" HPOS="551"/>
							<String ID="string_216" HPOS="566" VPOS="992" WIDTH="24" HEIGHT="22" WC="0.96" CONTENT="af"/><SP WIDTH="12" VPOS="992" HPOS="590"/>
							<String ID="string_217" HPOS="602" VPOS="995" WIDTH="83" HEIGHT="20" WC="0.96" CONTENT="ettusen"/><SP WIDTH="15" VPOS="995" HPOS="685"/>
							<String ID="string_218" HPOS="700" VPOS="995" WIDTH="59" HEIGHT="21" WC="0.96" CONTENT="mark"/><SP WIDTH="15" VPOS="995" HPOS="759"/>
							<String ID="string_219" HPOS="774" VPOS="997" WIDTH="30" HEIGHT="20" WC="0.96" CONTENT="att"/><SP WIDTH="15" VPOS="997" HPOS="804"/>
							<String ID="string_220" HPOS="819" VPOS="996" WIDTH="50" HEIGHT="28" WC="0.96" CONTENT="utgå"/><SP WIDTH="14" VPOS="996" HPOS="869"/>
							<String ID="string_221" HPOS="883" VPOS="1004" WIDTH="25" HEIGHT="12" WC="0.93" CONTENT="ur"/><SP WIDTH="15" VPOS="1004" HPOS="908"/>
							<String ID="string_222" HPOS="923" VPOS="997" WIDTH="32" HEIGHT="21" WC="0.91" CONTENT="be-"/>
						</TextLine>
						<TextLine ID="line_25" HPOS="213" VPOS="1026" WIDTH="742" HEIGHT="30">
							<String ID="string_223" HPOS="213" VPOS="1027" WIDTH="133" HEIGHT="29" WC="0.91" CONTENT="sparingarne"/><SP WIDTH="20" VPOS="1027" HPOS="346"/>
							<String ID="string_224" HPOS="366" VPOS="1026" WIDTH="23" HEIGHT="22" WC="0.93" CONTENT="af"/><SP WIDTH="16" VPOS="1026" HPOS="389"/>
							<String ID="string_225" HPOS="405" VPOS="1027" WIDTH="278" HEIGHT="29" WC="0.92" CONTENT="lagmanstingsgästningen,"/><SP WIDTH="21" VPOS="1027" HPOS="683"/>
							<String ID="string_226" HPOS="704" VPOS="1029" WIDTH="38" HEIGHT="21" WC="0.96" CONTENT="och"/><SP WIDTH="19" VPOS="1029" HPOS="742"/>
							<String ID="string_227" HPOS="761" VPOS="1029" WIDTH="86" HEIGHT="23" WC="0.96" CONTENT="hvilken"/><SP WIDTH="15" VPOS="1029" HPOS="847"/>
							<String ID="string_228" HPOS="862" VPOS="1030" WIDTH="93" HEIGHT="23" WC="0.96" CONTENT="bisittare"/>
						</TextLine>
						<TextLine ID="line_26" HPOS="214" VPOS="1061" WIDTH="741" HEIGHT="33">
							<String ID="string_229" HPOS="214" VPOS="1062" WIDTH="50" HEIGHT="28" WC="0.93" CONTENT="egde"/><SP WIDTH="15" VPOS="1062" HPOS="264"/>
							<String ID="string_230" HPOS="279" VPOS="1061" WIDTH="44" HEIGHT="22" WC="0.96" CONTENT="lika"/><SP WIDTH="15" VPOS="1061" HPOS="323"/>
							<String ID="string_231" HPOS="338" VPOS="1061" WIDTH="48" HEIGHT="22" WC="0.93" CONTENT="med"/><SP WIDTH="14" VPOS="1061" HPOS="386"/>
							<String ID="string_232" HPOS="400" VPOS="1062" WIDTH="188" HEIGHT="29" WC="0.90" CONTENT="häradshöfdingen"/><SP WIDTH="16" VPOS="1062" HPOS="588"/>
							<String ID="string_233" HPOS="604" VPOS="1062" WIDTH="81" HEIGHT="29" WC="0.96" CONTENT="deltaga"/><SP WIDTH="10" VPOS="1062" HPOS="685"/>
							<String ID="string_234" HPOS="695" VPOS="1064" WIDTH="7" HEIGHT="21" WC="0.93" CONTENT="i"/><SP WIDTH="10" VPOS="1064" HPOS="702"/>
							<String ID="string_235" HPOS="712" VPOS="1064" WIDTH="79" HEIGHT="22" WC="0.91" CONTENT="målens"/><SP WIDTH="15" VPOS="1064" HPOS="791"/>
							<String ID="string_236" HPOS="806" VPOS="1064" WIDTH="98" HEIGHT="30" WC="0.92" CONTENT="pröfning"/><SP WIDTH="13" VPOS="1064" HPOS="904"/>
							<String ID="string_237" HPOS="917" VPOS="1067" WIDTH="38" HEIGHT="20" WC="0.96" CONTENT="och"/>
						</TextLine>
						<TextLine ID="line_27" HPOS="214" VPOS="1095" WIDTH="742" HEIGHT="34">
							<String ID="string_238" HPOS="214" VPOS="1103" WIDTH="88" HEIGHT="14" WC="0.96" CONTENT="ansvara"/><SP WIDTH="19" VPOS="1103" HPOS="302"/>
							<String ID="string_239" HPOS="321" VPOS="1095" WIDTH="32" HEIGHT="22" WC="0.93" CONTENT="för"/><SP WIDTH="14" VPOS="1095" HPOS="353"/>
							<String ID="string_240" HPOS="367" VPOS="1096" WIDTH="144" HEIGHT="28" WC="0.90" CONTENT="protokollets."/><SP WIDTH="6" VPOS="1096" HPOS="511"/>
							<String ID="string_241" HPOS="517" VPOS="1097" WIDTH="98" HEIGHT="28" WC="0.91" CONTENT="rigtighet"/><SP WIDTH="15" VPOS="1097" HPOS="615"/>
							<String ID="string_242" HPOS="630" VPOS="1100" WIDTH="53" HEIGHT="19" WC="0.97" CONTENT="samt"/><SP WIDTH="14" VPOS="1100" HPOS="683"/>
							<String ID="string_243" HPOS="697" VPOS="1099" WIDTH="77" HEIGHT="26" WC="0.96" CONTENT="kunde,"/><SP WIDTH="16" VPOS="1099" HPOS="774"/>
							<String ID="string_244" HPOS="790" VPOS="1103" WIDTH="38" HEIGHT="17" WC="0.96" CONTENT="när"/><SP WIDTH="14" VPOS="1103" HPOS="828"/>
							<String ID="string_245" HPOS="842" VPOS="1100" WIDTH="114" HEIGHT="29" WC="0.96" CONTENT="anledning"/>
						</TextLine>
						<TextLine ID="line_28" HPOS="212" VPOS="1129" WIDTH="743" HEIGHT="32">
							<String ID="string_246" HPOS="212" VPOS="1129" WIDTH="126" HEIGHT="26" WC="0.92" CONTENT="förefannes,"/><SP WIDTH="17" VPOS="1129" HPOS="338"/>
							<String ID="string_247" HPOS="355" VPOS="1131" WIDTH="51" HEIGHT="20" WC="0.96" CONTENT="utan"/><SP WIDTH="15" VPOS="1131" HPOS="406"/>
							<String ID="string_248" HPOS="421" VPOS="1130" WIDTH="98" HEIGHT="22" WC="0.96" CONTENT="särskildt"/><SP WIDTH="14" VPOS="1130" HPOS="519"/>
							<String ID="string_249" HPOS="533" VPOS="1131" WIDTH="41" HEIGHT="22" WC="0.96" CONTENT="åtal"/><SP WIDTH="15" VPOS="1131" HPOS="574"/>
							<String ID="string_250" HPOS="589" VPOS="1131" WIDTH="23" HEIGHT="21" WC="0.93" CONTENT="af"/><SP WIDTH="12" VPOS="1131" HPOS="612"/>
							<String ID="string_251" HPOS="624" VPOS="1131" WIDTH="104" HEIGHT="23" WC="0.92" CONTENT="hofrätten"/><SP WIDTH="15" VPOS="1131" HPOS="728"/>
							<String ID="string_252" HPOS="743" VPOS="1133" WIDTH="45" HEIGHT="21" WC="0.92" CONTENT="från"/><SP WIDTH="16" VPOS="1133" HPOS="788"/>
							<String ID="string_253" HPOS="804" VPOS="1133" WIDTH="90" HEIGHT="28" WC="0.92" CONTENT="tjensten"/><SP WIDTH="13" VPOS="1133" HPOS="894"/>
							<String ID="string_254" HPOS="907" VPOS="1135" WIDTH="48" HEIGHT="21" WC="0.92" CONTENT="skil-"/>
						</TextLine>
						<TextLine ID="line_29" HPOS="210" VPOS="1162" WIDTH="744" HEIGHT="35">
							<String ID="string_255" HPOS="210" VPOS="1162" WIDTH="42" HEIGHT="30" WC="0.92" CONTENT="jas;"/><SP WIDTH="16" VPOS="1162" HPOS="252"/>
							<String ID="string_256" HPOS="268" VPOS="1171" WIDTH="49" HEIGHT="13" WC="0.96" CONTENT="men"/><SP WIDTH="15" VPOS="1171" HPOS="317"/>
							<String ID="string_257" HPOS="332" VPOS="1163" WIDTH="38" HEIGHT="21" WC="0.96" CONTENT="ock"/><SP WIDTH="15" VPOS="1163" HPOS="370"/>
							<String ID="string_258" HPOS="385" VPOS="1165" WIDTH="30" HEIGHT="21" WC="0.96" CONTENT="att"/><SP WIDTH="16" VPOS="1165" HPOS="415"/>
							<String ID="string_259" HPOS="431" VPOS="1164" WIDTH="60" HEIGHT="22" WC="0.96" CONTENT="Hans"/><SP WIDTH="15" VPOS="1164" HPOS="491"/>
							<String ID="string_260" HPOS="506" VPOS="1164" WIDTH="120" HEIGHT="28" WC="0.96" CONTENT="Kejserliga"/><SP WIDTH="14" VPOS="1164" HPOS="626"/>
							<String ID="string_261" HPOS="640" VPOS="1165" WIDTH="97" HEIGHT="29" WC="0.96" CONTENT="Majestät"/><SP WIDTH="16" VPOS="1165" HPOS="737"/>
							<String ID="string_262" HPOS="753" VPOS="1166" WIDTH="18" HEIGHT="29" WC="0.96" CONTENT="ej"/><SP WIDTH="16" VPOS="1166" HPOS="771"/>
							<String ID="string_263" HPOS="787" VPOS="1167" WIDTH="91" HEIGHT="28" WC="0.93" CONTENT="godkänt"/><SP WIDTH="15" VPOS="1167" HPOS="878"/>
							<String ID="string_264" HPOS="893" VPOS="1169" WIDTH="61" HEIGHT="28" WC="0.92" CONTENT="sagde"/>
						</TextLine>
						<TextLine ID="line_30" HPOS="212" VPOS="1197" WIDTH="82" HEIGHT="29">
							<String ID="string_265" HPOS="212" VPOS="1197" WIDTH="82" HEIGHT="29" WC="0.96" CONTENT="förslag."/>
						</TextLine>
					</TextBlock>
					<TextBlock ID="block_2" HPOS="202" VPOS="1232" WIDTH="754" HEIGHT="303">
						<TextLine ID="line_31" HPOS="202" VPOS="1232" WIDTH="753" HEIGHT="33">
							<String ID="string_266" HPOS="202" VPOS="1255" WIDTH="2" HEIGHT="2" WC="0.93" CONTENT="N"/><SP WIDTH="76" VPOS="1255" HPOS="204"/>
							<String ID="string_267" HPOS="280" VPOS="1232" WIDTH="34" HEIGHT="22" WC="0.96" CONTENT="De"/><SP WIDTH="16" VPOS="1232" HPOS="314"/>
							<String ID="string_268" HPOS="330" VPOS="1234" WIDTH="55" HEIGHT="20" WC="0.96" CONTENT="emot"/><SP WIDTH="15" VPOS="1234" HPOS="385"/>
							<String ID="string_269" HPOS="400" VPOS="1232" WIDTH="57" HEIGHT="22" WC="0.94" CONTENT="detta"/><SP WIDTH="14" VPOS="1232" HPOS="457"/>
							<String ID="string_270" HPOS="471" VPOS="1232" WIDTH="75" HEIGHT="29" WC="0.96" CONTENT="förslag"/><SP WIDTH="15" VPOS="1232" HPOS="546"/>
							<String ID="string_271" HPOS="561" VPOS="1234" WIDTH="38" HEIGHT="21" WC="0.93" CONTENT="och"/><SP WIDTH="15" VPOS="1234" HPOS="599"/>
							<String ID="string_272" HPOS="614" VPOS="1234" WIDTH="56" HEIGHT="22" WC="0.92" CONTENT="hvad"/><SP WIDTH="15" VPOS="1234" HPOS="670"/>
							<String ID="string_273" HPOS="685" VPOS="1234" WIDTH="84" HEIGHT="22" WC="0.92" CONTENT="dermed"/><SP WIDTH="14" VPOS="1234" HPOS="769"/>
							<String ID="string_274" HPOS="783" VPOS="1237" WIDTH="172" HEIGHT="28" WC="0.91" CONTENT="sammanhänger"/>
						</TextLine>
						<TextLine ID="line_32" HPOS="212" VPOS="1264" WIDTH="743" HEIGHT="30">
							<String ID="string_275" HPOS="212" VPOS="1264" WIDTH="32" HEIGHT="23" WC="0.93" CONTENT="uti"/><SP WIDTH="15" VPOS="1264" HPOS="244"/>
							<String ID="string_276" HPOS="259" VPOS="1265" WIDTH="40" HEIGHT="21" WC="0.93" CONTENT="den"/><SP WIDTH="16" VPOS="1265" HPOS="299"/>
							<String ID="string_277" HPOS="315" VPOS="1264" WIDTH="74" HEIGHT="30" WC="0.93" CONTENT="nädiga"/><SP WIDTH="15" VPOS="1264" HPOS="389"/>
							<String ID="string_278" HPOS="404" VPOS="1266" WIDTH="154" HEIGHT="28" WC="0.93" CONTENT="propositionen"/><SP WIDTH="15" VPOS="1266" HPOS="558"/>
							<String ID="string_279" HPOS="573" VPOS="1267" WIDTH="86" HEIGHT="21" WC="0.92" CONTENT="anförda"/><SP WIDTH="15" VPOS="1267" HPOS="659"/>
							<String ID="string_280" HPOS="674" VPOS="1268" WIDTH="71" HEIGHT="21" WC="0.92" CONTENT="skälen"/><SP WIDTH="16" VPOS="1268" HPOS="745"/>
							<String ID="string_281" HPOS="761" VPOS="1273" WIDTH="44" HEIGHT="17" WC="0.87" CONTENT="äro:"/><SP WIDTH="12" VPOS="1273" HPOS="805"/>
							<String ID="string_282" HPOS="817" VPOS="1272" WIDTH="30" HEIGHT="20" WC="0.93" CONTENT="att"/><SP WIDTH="9" VPOS="1272" HPOS="847"/>
							<String ID="string_283" HPOS="856" VPOS="1270" WIDTH="99" HEIGHT="22" WC="0.88" CONTENT="insättan-"/>
						</TextLine>
						<TextLine ID="line_33" HPOS="213" VPOS="1298" WIDTH="742" HEIGHT="36">
							<String ID="string_284" HPOS="213" VPOS="1299" WIDTH="35" HEIGHT="22" WC="0.96" CONTENT="det"/><SP WIDTH="14" VPOS="1299" HPOS="248"/>
							<String ID="string_285" HPOS="262" VPOS="1298" WIDTH="24" HEIGHT="22" WC="0.96" CONTENT="af"/><SP WIDTH="12" VPOS="1298" HPOS="286"/>
							<String ID="string_286" HPOS="298" VPOS="1306" WIDTH="26" HEIGHT="14" WC="0.93" CONTENT="en"/><SP WIDTH="16" VPOS="1306" HPOS="324"/>
							<String ID="string_287" HPOS="340" VPOS="1299" WIDTH="92" HEIGHT="29" WC="0.93" CONTENT="lagfaren"/><SP WIDTH="15" VPOS="1299" HPOS="432"/>
							<String ID="string_288" HPOS="447" VPOS="1300" WIDTH="109" HEIGHT="22" WC="0.91" CONTENT="bisittare"/><SP WIDTH="-3" VPOS="1300" HPOS="556"/>
							<String ID="string_289" HPOS="553" VPOS="1294" WIDTH="11" HEIGHT="39" WC="0.93" CONTENT="i"/><SP WIDTH="4" VPOS="1294" HPOS="564"/>
							<String ID="string_290" HPOS="568" VPOS="1301" WIDTH="143" HEIGHT="22" WC="0.91" CONTENT="häradsrätten"/><SP WIDTH="15" VPOS="1301" HPOS="711"/>
							<String ID="string_291" HPOS="726" VPOS="1304" WIDTH="51" HEIGHT="20" WC="0.96" CONTENT="utan"/><SP WIDTH="10" VPOS="1304" HPOS="777"/>
							<String ID="string_292" HPOS="787" VPOS="1311" WIDTH="69" HEIGHT="15" WC="0.96" CONTENT="annan"/><SP WIDTH="10" VPOS="1311" HPOS="856"/>
							<String ID="string_293" HPOS="866" VPOS="1305" WIDTH="89" HEIGHT="29" WC="0.96" CONTENT="ändring"/>
						</TextLine>
						<TextLine ID="line_34" HPOS="211" VPOS="1333" WIDTH="743" HEIGHT="34">
							<String ID="string_294" HPOS="211" VPOS="1333" WIDTH="8" HEIGHT="22" WC="0.93" CONTENT="i"/><SP WIDTH="15" VPOS="1333" HPOS="219"/>
							<String ID="string_295" HPOS="234" VPOS="1333" WIDTH="79" HEIGHT="22" WC="0.93" CONTENT="dennas"/><SP WIDTH="15" VPOS="1333" HPOS="313"/>
							<String ID="string_296" HPOS="328" VPOS="1334" WIDTH="186" HEIGHT="28" WC="0.91" CONTENT="sammansättning"/><SP WIDTH="15" VPOS="1334" HPOS="514"/>
							<String ID="string_297" HPOS="529" VPOS="1334" WIDTH="45" HEIGHT="22" WC="0.89" CONTENT="icke"/><SP WIDTH="16" VPOS="1334" HPOS="574"/>
							<String ID="string_298" HPOS="590" VPOS="1336" WIDTH="34" HEIGHT="22" WC="0.93" CONTENT="väl"/><SP WIDTH="15" VPOS="1336" HPOS="624"/>
							<String ID="string_299" HPOS="639" VPOS="1336" WIDTH="41" HEIGHT="22" WC="0.93" CONTENT="läte"/><SP WIDTH="15" VPOS="1336" HPOS="680"/>
							<String ID="string_300" HPOS="695" VPOS="1336" WIDTH="72" HEIGHT="23" WC="0.91" CONTENT="förena"/><SP WIDTH="14" VPOS="1336" HPOS="767"/>
							<String ID="string_301" HPOS="781" VPOS="1337" WIDTH="31" HEIGHT="30" WC="0.96" CONTENT="sig"/><SP WIDTH="13" VPOS="1337" HPOS="812"/>
							<String ID="string_302" HPOS="825" VPOS="1338" WIDTH="47" HEIGHT="22" WC="0.93" CONTENT="med"/><SP WIDTH="11" VPOS="1338" HPOS="872"/>
							<String ID="string_303" HPOS="883" VPOS="1344" WIDTH="71" HEIGHT="17" WC="0.92" CONTENT="nämn-"/>
						</TextLine>
						<TextLine ID="line_35" HPOS="212" VPOS="1368" WIDTH="741" HEIGHT="38">
							<String ID="string_304" HPOS="212" VPOS="1368" WIDTH="255" HEIGHT="27" WC="0.92" CONTENT="demannainstitutionen,"/><SP WIDTH="24" VPOS="1368" HPOS="467"/>
							<String ID="string_305" HPOS="491" VPOS="1378" WIDTH="43" HEIGHT="13" WC="0.96" CONTENT="som"/><SP WIDTH="22" VPOS="1378" HPOS="534"/>
							<String ID="string_306" HPOS="556" VPOS="1370" WIDTH="53" HEIGHT="22" WC="0.93" CONTENT="dock"/><SP WIDTH="19" VPOS="1370" HPOS="609"/>
							<String ID="string_307" HPOS="628" VPOS="1379" WIDTH="49" HEIGHT="14" WC="0.87" CONTENT="vore"/><SP WIDTH="19" VPOS="1379" HPOS="677"/>
							<String ID="string_308" HPOS="696" VPOS="1372" WIDTH="72" HEIGHT="22" WC="0.92" CONTENT="afsedd"/><SP WIDTH="18" VPOS="1372" HPOS="768"/>
							<String ID="string_309" HPOS="786" VPOS="1376" WIDTH="30" HEIGHT="19" WC="0.97" CONTENT="att"/><SP WIDTH="14" VPOS="1376" HPOS="816"/>
							<String ID="string_310" HPOS="830" VPOS="1370" WIDTH="123" HEIGHT="36" WC="0.90" CONTENT="bibehällas;"/>
						</TextLine>
						<TextLine ID="line_36" HPOS="212" VPOS="1402" WIDTH="741" HEIGHT="31">
							<String ID="string_311" HPOS="212" VPOS="1404" WIDTH="30" HEIGHT="20" WC="0.92" CONTENT="att"/><SP WIDTH="20" VPOS="1404" HPOS="242"/>
							<String ID="string_312" HPOS="262" VPOS="1410" WIDTH="26" HEIGHT="14" WC="0.93" CONTENT="en"/><SP WIDTH="19" VPOS="1410" HPOS="288"/>
							<String ID="string_313" HPOS="307" VPOS="1402" WIDTH="64" HEIGHT="23" WC="0.96" CONTENT="sådan"/><SP WIDTH="15" VPOS="1402" HPOS="371"/>
							<String ID="string_314" HPOS="386" VPOS="1403" WIDTH="71" HEIGHT="29" WC="0.96" CONTENT="åtgärd"/><SP WIDTH="16" VPOS="1403" HPOS="457"/>
							<String ID="string_315" HPOS="473" VPOS="1403" WIDTH="18" HEIGHT="29" WC="0.96" CONTENT="ej"/><SP WIDTH="17" VPOS="1403" HPOS="491"/>
							<String ID="string_316" HPOS="508" VPOS="1412" WIDTH="48" HEIGHT="15" WC="0.92" CONTENT="vore"/><SP WIDTH="16" VPOS="1412" HPOS="556"/>
							<String ID="string_317" HPOS="572" VPOS="1405" WIDTH="66" HEIGHT="28" WC="0.93" CONTENT="egnad"/><SP WIDTH="15" VPOS="1405" HPOS="638"/>
							<String ID="string_318" HPOS="653" VPOS="1408" WIDTH="31" HEIGHT="19" WC="0.93" CONTENT="att"/><SP WIDTH="14" VPOS="1408" HPOS="684"/>
							<String ID="string_319" HPOS="698" VPOS="1406" WIDTH="95" HEIGHT="23" WC="0.93" CONTENT="befordra"/><SP WIDTH="14" VPOS="1406" HPOS="793"/>
							<String ID="string_320" HPOS="807" VPOS="1408" WIDTH="146" HEIGHT="23" WC="0.91" CONTENT="häradsrätter-"/>
						</TextLine>
						<TextLine ID="line_37" HPOS="212" VPOS="1437" WIDTH="744" HEIGHT="31">
							<String ID="string_321" HPOS="212" VPOS="1444" WIDTH="36" HEIGHT="14" WC="0.91" CONTENT="nas"/><SP WIDTH="20" VPOS="1444" HPOS="248"/>
							<String ID="string_322" HPOS="268" VPOS="1437" WIDTH="134" HEIGHT="29" WC="0.95" CONTENT="fullständiga"/><SP WIDTH="19" VPOS="1437" HPOS="402"/>
							<String ID="string_323" HPOS="421" VPOS="1437" WIDTH="136" HEIGHT="31" WC="0.96" CONTENT="ombildning;"/><SP WIDTH="21" VPOS="1437" HPOS="557"/>
							<String ID="string_324" HPOS="578" VPOS="1441" WIDTH="31" HEIGHT="21" WC="0.96" CONTENT="att"/><SP WIDTH="15" VPOS="1441" HPOS="609"/>
							<String ID="string_325" HPOS="624" VPOS="1447" WIDTH="26" HEIGHT="14" WC="0.96" CONTENT="en"/><SP WIDTH="16" VPOS="1447" HPOS="650"/>
							<String ID="string_326" HPOS="666" VPOS="1441" WIDTH="93" HEIGHT="24" WC="0.96" CONTENT="domstol,"/><SP WIDTH="16" VPOS="1441" HPOS="759"/>
							<String ID="string_327" HPOS="775" VPOS="1450" WIDTH="43" HEIGHT="14" WC="0.93" CONTENT="som"/><SP WIDTH="16" VPOS="1450" HPOS="818"/>
							<String ID="string_328" HPOS="834" VPOS="1443" WIDTH="83" HEIGHT="22" WC="0.81" CONTENT="bestode"/><SP WIDTH="16" VPOS="1443" HPOS="917"/>
							<String ID="string_329" HPOS="933" VPOS="1445" WIDTH="23" HEIGHT="21" WC="0.96" CONTENT="af"/>
						</TextLine>
						<TextLine ID="line_38" HPOS="211" VPOS="1471" WIDTH="742" HEIGHT="34">
							<String ID="string_330" HPOS="211" VPOS="1471" WIDTH="35" HEIGHT="21" WC="0.92" CONTENT="två"/><SP WIDTH="22" VPOS="1471" HPOS="246"/>
							<String ID="string_331" HPOS="268" VPOS="1471" WIDTH="92" HEIGHT="28" WC="0.92" CONTENT="lagfarne"/><SP WIDTH="20" VPOS="1471" HPOS="360"/>
							<String ID="string_332" HPOS="380" VPOS="1472" WIDTH="83" HEIGHT="21" WC="0.95" CONTENT="domare"/><SP WIDTH="17" VPOS="1472" HPOS="463"/>
							<String ID="string_333" HPOS="480" VPOS="1472" WIDTH="65" HEIGHT="29" WC="0.96" CONTENT="jemte"/><SP WIDTH="21" VPOS="1472" HPOS="545"/>
							<String ID="string_334" HPOS="566" VPOS="1482" WIDTH="26" HEIGHT="14" WC="0.93" CONTENT="en"/><SP WIDTH="15" VPOS="1482" HPOS="592"/>
							<String ID="string_335" HPOS="607" VPOS="1475" WIDTH="77" HEIGHT="21" WC="0.90" CONTENT="nämnd"/><SP WIDTH="16" VPOS="1475" HPOS="684"/>
							<String ID="string_336" HPOS="700" VPOS="1475" WIDTH="23" HEIGHT="22" WC="0.96" CONTENT="af"/><SP WIDTH="13" VPOS="1475" HPOS="723"/>
							<String ID="string_337" HPOS="736" VPOS="1476" WIDTH="42" HEIGHT="22" WC="0.96" CONTENT="fem"/><SP WIDTH="15" VPOS="1476" HPOS="778"/>
							<String ID="string_338" HPOS="793" VPOS="1485" WIDTH="98" HEIGHT="20" WC="0.96" CONTENT="personer"/><SP WIDTH="14" VPOS="1485" HPOS="891"/>
							<String ID="string_339" HPOS="905" VPOS="1480" WIDTH="48" HEIGHT="21" WC="0.96" CONTENT="med"/>
						</TextLine>
						<TextLine ID="line_39" HPOS="277" VPOS="1510" WIDTH="343" HEIGHT="25">
							<String ID="string_340" HPOS="277" VPOS="1510" WIDTH="138" HEIGHT="25" WC="0.92" CONTENT="Lagutskottets"/><SP WIDTH="12" VPOS="1510" HPOS="415"/>
							<String ID="string_341" HPOS="427" VPOS="1512" WIDTH="111" HEIGHT="20" WC="0.92" CONTENT="betänkande"/><SP WIDTH="11" VPOS="1512" HPOS="538"/>
							<String ID="string_342" HPOS="549" VPOS="1520" WIDTH="31" HEIGHT="12" WC="0.95" CONTENT="n:o"/><SP WIDTH="14" VPOS="1520" HPOS="580"/>
							<String ID="string_343" HPOS="594" VPOS="1515" WIDTH="26" HEIGHT="18" WC="0.96" CONTENT="12."/>
						</TextLine>
					</TextBlock>
				</ComposedBlock>
			</PrintSpace>
		</Page>
	</Layout>
</alto>
