1070 1709
426 135 52 22 N:o
495 134 49 24 22.
815 137 12 20 5

108 209 45 14 som
169 202 40 22 ock
223 202 62 27 eljest
295 203 68 21 kallas
380 203 143 26 rökatahlet',
534 204 53 20 eller
598 204 39 20 ock
647 203 90 21 sålunda
748 206 31 19 att
791 205 66 25 sagda

107 236 77 26 beslut,
200 238 52 19 utan
268 238 33 19 att
320 239 53 24 göra
388 237 67 26 några
469 237 180 27 inskränkningar
663 237 7 20 i
687 238 40 20 den
743 237 114 22 obesuttna

107 270 164 26 befolkningens
293 270 71 26 gamla
386 270 122 27 skyldighet
531 272 32 19 att
585 271 87 26 erlägga
691 272 166 26 tingsgästning,

109 304 76 20 endast
200 304 61 26 afsåg
277 306 31 19 ett
322 306 99 20 närmare
436 305 161 20 bestämmande
608 305 23 20 af
639 305 155 26 jordägarenes
805 305 52 27 ålig-

108 338 69 26 gande
192 338 7 21 i
211 338 60 21 detta
286 338 106 22 afseende.
418 338 62 21 Hvad
496 338 46 21 åter
552 338 67 27 angår
628 338 110 28 uttrycket
753 339 104 27 ,,bonde'',

108 378 45 15 som
168 372 146 22 förekommer
329 373 7 20 i
354 374 53 20 1602
424 373 35 21 års
476 373 71 21 beslut
563 373 39 21 och
618 373 156 21 ofvanberörda
785 374 71 26 kongl.

107 407 119 21 resolution
245 407 23 21 af
286 407 40 21 den
341 408 25 20 21
386 408 120 20 December
527 408 60 25 1680,
607 407 34 21 mä
656 408 39 20 här
717 408 88 25 erinras,
825 410 32 18 att

107 441 102 21 bondatal
228 442 38 20 och
285 442 81 20 mantal
385 442 7 20 i
408 442 58 20 äldre
486 441 56 21 tider
560 447 52 15 voro
628 442 105 26 liktydiga
752 442 103 27 begrepp;

107 475 100 21 hvarföre
226 482 56 20 man,
299 477 51 19 utan
370 476 46 20 fara
434 476 33 20 för
486 476 98 26 misstag,
604 476 61 21 torde
683 476 73 21 kunna
771 478 84 24 antaga,

107 511 33 19 att
158 510 48 20 med
225 510 70 21 bonde
310 510 6 20 i
333 510 63 20 dessa
414 510 153 26 författningar
587 510 80 20 förstås
682 510 73 27 hvarje
771 516 85 20 person,

111 549 44 15 som
171 550 38 14 var
225 544 94 20 skrifven
336 544 7 20 i
358 544 80 20 mantal
454 544 38 20 och
508 544 90 20 sålunda
613 544 120 21 oberoende
744 544 23 20 af
776 550 81 14 annans

109 576 181 22 husbondevälde.
321 578 61 20 Hade
399 578 148 27 skyldigheten
563 579 32 19 att
605 580 78 24 utgöra
698 578 159 26 tingsgästning

108 616 75 21 genom
206 612 53 20 1604
279 612 34 20 års
332 612 72 20 beslut
423 612 70 20 blifvit
512 612 115 21 inskränkt
646 612 33 20 till
695 612 76 21 endast
783 612 74 26 jordä-

107 651 58 20 gare,
182 646 69 20 skulle
266 652 49 14 man
331 646 46 21 icke
392 646 73 20 kunna
480 646 96 21 förklara
591 646 133 21 tillkomsten
740 647 22 21 af
777 646 80 22 sådana

108 679 130 26 skrifvelser,
255 686 46 15 som
316 680 26 21 de
358 680 38 20 här
412 680 62 21 ofvan
485 681 92 20 nämnda
592 680 23 20 af
624 680 50 21 åren
687 682 53 20 1617
752 681 38 21 och
803 682 51 20 1631

106 720 27 14 m.
150 713 26 26 fl.,
188 714 78 20 liksom
283 714 35 21 det
332 714 39 22 ock
386 714 35 20 vid
438 714 50 21 slikt
504 715 132 21 förhållande
653 715 17 26 ej
682 721 50 15 vore
748 721 36 15 ens
796 715 61 21 tänk-

107 748 55 26 bart,
179 749 32 19 att
226 748 71 26 kongl.
313 749 140 26 reglementet
468 749 110 26 angående
594 748 105 26 lagmans-
715 749 38 21 och
768 749 90 21 härads-

108 782 191 26 höfdingeräntans
320 785 56 19 samt
390 783 198 26 tingsgästningens
604 784 119 24 utgörande
738 783 23 21 af
775 783 40 21 den
830 784 28 20 20

108 816 121 22 November
247 818 59 24 1741,
318 817 87 25 hvilket,
416 817 28 26 på
460 819 43 19 sätt
518 818 45 20 deri
580 817 95 27 antydes,
687 819 63 25 utgör
766 824 25 14 en
803 823 55 15 sam-

107 850 143 26 manfattning
269 850 23 20 af
309 851 92 26 tidigare
420 851 7 19 i
446 852 72 20 ämnet
537 851 113 21 utfärdade
670 851 132 26 stadganden
818 851 38 21 och

108 884 125 21 tillkommit
247 884 7 20 i
270 884 53 26 följd
339 884 23 21 af
376 886 31 19 ett
423 885 165 25 ständerbeslut,
603 885 46 20 icke
665 884 69 22 skulle
750 885 107 21 innehålla

107 924 38 15 ens
160 918 40 21 den
216 918 79 20 minsta
310 918 139 27 hänsyftning
466 918 72 27 derpå,
549 920 32 19 att
596 919 119 21 detsamma
729 925 50 15 vore
790 919 67 26 bygdt

107 952 28 26 på
149 952 113 26 principer,
282 952 114 20 afvikande
414 952 47 21 från
483 952 53 26 dem,
554 958 44 15 som
618 953 57 26 legat
691 953 32 20 till
738 953 69 25 grund
823 953 34 21 för

109 987 54 20 1604
181 986 35 20 års
235 986 77 26 beslut,
333 986 67 21 ehuru
420 986 150 27 skyldigheten
590 988 33 19 att
638 987 87 26 erlägga
741 987 117 26 tingsgäst-

108 1021 50 26 ning
175 1020 67 27 enligt
257 1020 60 21 detta
332 1021 130 26 reglemente
478 1020 81 27 åligger
574 1021 73 27 hvarje
663 1021 87 26 matlag,
761 1021 48 21 med
819 1027 38 14 un-

108 1055 79 25 dantag
205 1054 24 21 af
246 1054 110 26 åtskilliga
375 1054 103 21 särskildt
496 1055 139 26 uppräknade
653 1061 109 21 personer,
785 1055 73 20 hvilka

108 1090 37 19 äro
161 1088 114 21 frikallade
295 1088 102 26 antingen
414 1089 7 19 i
437 1088 107 26 egenskap
564 1088 23 20 af
604 1088 137 21 innehafvare
757 1088 22 20 af
793 1088 65 26 privi-

107 1122 95 27 legierad
218 1122 50 26 jord
287 1122 52 21 eller
357 1122 29 27 pä
404 1122 68 26 grund
492 1122 22 20 af
531 1122 109 26 personlig
659 1122 102 26 ställning
780 1122 6 21 i
803 1128 56 15 sam-

107 1156 72 21 hället.
210 1156 70 21 Bland
300 1156 63 20 dessa
383 1156 133 21 sistnämnda
534 1156 63 21 söker
615 1162 49 15 man
681 1157 53 20 dock
750 1156 107 26 förgäfves

107 1190 159 26 inhysingarne,
285 1190 73 21 hvilka
377 1190 135 26 följaktligen
530 1196 52 14 voro
601 1190 97 26 skyldige
717 1192 33 19 att
768 1190 7 20 i
791 1190 67 26 tings-

109 1224 138 26 gästningens
263 1224 120 26 utgörande
398 1224 92 26 deltaga.
516 1223 39 21 Att
565 1224 46 20 åter
626 1224 93 21 berörda
728 1224 131 26 reglemente

109 1264 76 20 genom
203 1258 72 26 kongl.
296 1258 83 21 brefvet
398 1258 23 20 af
434 1258 41 20 den
496 1259 26 20 22
541 1258 118 20 December
677 1259 53 20 1743
746 1258 19 26 ej
782 1258 77 20 under-

108 1292 47 26 gått
174 1298 70 14 annan
263 1292 96 26 ändring,
379 1294 26 18 än
425 1293 32 19 att
474 1292 186 26 tingsgästningen
679 1292 7 20 i
705 1292 90 21 Finland
811 1292 48 20 der-

109 1326 84 26 igenom
208 1326 110 26 påbjudits
335 1326 53 21 böra
402 1326 115 21 framdeles
533 1326 52 25 utgå
600 1326 7 20 i
623 1326 103 26 spanmål,
737 1332 48 14 men
799 1326 59 24 inga-

108 1359 65 21 lunda
195 1359 134 21 beträffande
352 1359 26 20 de
401 1359 226 27 betalningsskyldige,
651 1365 63 20 synes
737 1360 78 26 tydligt
838 1359 23 20 af

108 1392 71 26 kongl.
195 1392 85 21 brefvet
295 1392 40 22 den
351 1394 27 19 24
393 1392 59 21 Mars
469 1394 61 25 1778,
547 1392 61 22 hvari
624 1392 149 27 skyldigheten
783 1394 33 20 att
827 1398 32 15 er-

107 1428 64 26 lägga
186 1427 160 27 tingsgästning
361 1426 33 22 för
410 1428 100 26 ,,torpare
526 1428 38 20 och
580 1429 65 19 annat
660 1426 51 28 folk,
723 1433 45 15 som
784 1427 18 27 ej
814 1426 46 22 haf-

110 1468 27 14 va
151 1460 179 22 hemmansbruk*
346 1467 63 15 anses
428 1467 51 15 vara
494 1461 71 27 gifven
580 1463 57 19 samt
651 1467 25 15 en
687 1461 63 27 gjord
761 1461 99 22 anhållan
