1048 1709
242 119 26 21 18
431 118 28 22 U.
475 118 27 22 B.
518 132 26 3 —
560 119 73 27 Prop.
649 118 44 23 N:o
708 118 35 24 26.

212 180 48 22 från
282 181 43 21 alla
345 182 59 20 delar
423 182 23 20 af
462 181 78 26 landet,
560 182 72 20 hvilka
649 181 57 21 inom
725 181 106 27 förloppet
848 181 23 21 af
889 182 31 20 ett
938 181 23 21 år

213 214 55 22 hade
284 215 84 26 afgifvit
383 221 26 15 en
426 214 135 28 ,Indstilling
575 215 32 20 till
626 214 143 22 Udarbeidelse
785 215 23 26 af
823 221 24 14 en
862 214 99 22 alminde-

215 248 29 28 lig
262 248 64 22 norsk
343 248 176 30 Jernbaneplan*,
535 249 85 22 hvilken
634 250 8 20 i
656 249 77 27 många
748 249 115 21 afseenden
877 249 34 21 för
926 254 35 16 oss

215 283 70 21 kunde
300 289 51 15 vara
365 284 163 27 mönstergiltig,
557 284 32 21 Då
604 284 22 21 vi
640 290 29 14 nu
683 283 109 27 ändtligen
806 284 61 20 torde
877 284 85 21 komma

214 319 32 20 att
263 318 53 27 följa
333 318 83 27 Norges
435 318 39 21 och
494 318 97 27 Sveriges
607 318 95 26 exempel
717 318 7 21 i
739 317 121 28 byggandet
874 317 23 22 af
911 317 51 22 lätta

211 352 121 27 jernvägar,
348 353 24 20 sä
387 353 49 21 ville
449 353 37 26 jag
500 353 175 21 rekommendera
690 352 79 21 enhvar
779 353 7 20 i
796 352 75 27 frägan
885 352 77 22 intres-

214 387 62 21 serad
292 389 32 19 att
338 387 55 21 blott
407 387 62 22 kasta
485 393 25 15 en
525 387 57 21 blick
596 387 28 27 pä
638 387 83 26 Norges
736 387 23 21 af
769 393 80 15 samma
862 387 101 21 kommis-

214 421 47 21 sion
276 421 119 27 uppgjorda
413 421 93 22 lärorika
518 421 170 27 jernvägskarta.
718 421 27 21 Vi
760 427 23 15 se
798 421 63 20 deraf
873 422 32 19 att
920 421 43 21 alla

212 455 80 22 norska
311 455 115 28 jernvägar
448 457 37 20 äro
507 456 106 27 anlaggda
635 455 52 22 eller
708 455 149 27 projekterade
877 457 31 20 att
926 462 36 15 an-

215 489 74 27 läggas
308 490 61 27 längs
387 490 77 21 kusten
483 490 53 21 eller
553 490 61 27 längs
628 489 154 28 vattendragen
797 490 39 21 och
855 491 32 20 att
905 492 58 19 stora

217 523 115 23 afvikelser
354 524 132 21 förekomma
504 525 33 20 för
555 524 147 27 uppsökandet
719 524 23 21 af
758 524 73 27 hvarje
849 524 114 21 industriel

214 560 34 19 ort
266 559 53 20 eller
337 559 110 26 päräknad
468 559 69 26 trafik,
556 559 47 21 icke
623 558 70 21 såsom
711 559 70 26 praxis
800 559 55 20 varit
870 559 45 26 här,
931 560 32 20 att

214 593 67 26 draga
296 593 48 22 dem
359 593 28 27 pä
402 593 24 21 sä
440 593 60 27 längt
516 593 86 22 afständ
616 598 45 16 som
676 593 83 26 möjligt
774 593 47 20 frän
836 593 73 26 odling
924 593 39 21 och

214 627 99 22 industri,
341 627 51 22 Men
410 627 91 22 likasom
520 628 35 21 det
573 627 39 22 har
630 627 84 22 behöfts
732 633 47 15 mer
797 629 26 19 än
842 629 31 20 ett
888 628 75 21 decen-

214 662 57 21 nium
286 662 34 21 för
336 664 31 19 att
382 662 110 28 öfvertyga
506 663 27 21 de
547 662 161 27 vankelmodige
723 662 38 21 hos
777 668 35 15 oss
828 668 34 15 om
873 664 33 19 att
916 663 48 21 värt

216 697 191 28 byggnadssystem
428 697 47 22 icke
498 697 39 21 alis
555 703 76 21 passar
649 696 33 22 för
700 696 51 22 vära
769 696 154 27 förhällanden,
940 697 23 21 sä

214 731 61 22 torde
294 732 35 20 väl
348 732 126 27 neppeligen
493 738 26 15 en
537 731 82 22 mindre
637 731 32 21 tid
683 731 114 26 erfordras,
813 731 64 21 innan
891 731 22 21 vi
927 737 36 21 ge-

213 772 49 15 nom
281 767 104 26 dyrköpta
402 766 128 27 läropengar
549 766 130 27 öfvertygats
697 772 34 15 om
749 767 32 19 att
800 766 65 21 ocksä
883 766 80 21 sträck-

212 801 79 26 ningen
306 801 23 21 af
342 801 51 21 vära
406 801 114 27 jernvägar
535 801 54 21 hade
604 801 64 21 bordt
681 800 53 27 följa
748 801 46 21 helt
808 801 67 21 andra
885 801 78 22 sträter

212 837 27 20 än
254 835 26 22 de
294 842 29 15 nu
337 836 103 26 inslagna.

282 870 42 21 4:0.
354 870 50 21 Man
420 870 55 21 skall
490 871 72 20 säkert
577 871 71 21 såsom
663 871 30 20 ett
709 870 95 21 särdeles
819 871 86 20 talande
917 870 46 21 skäl

215 904 33 21 för
263 905 66 20 linien
344 906 58 19 öster
418 911 34 14 om
466 905 107 26 Näsijärvi
587 904 114 21 framhålla
716 904 26 21 de
752 903 81 22 femton
843 904 37 21 mil
891 904 23 21 af
923 904 41 21 den

216 945 16 15 s.
255 939 21 20 k.
298 939 116 21 medlersta
436 939 131 26 stambanan,
589 939 73 21 hvilka
684 939 123 26 derigenom
828 939 28 26 på
881 939 82 26 engång

216 973 67 21 blifva
301 973 90 26 färdiga.
406 985 28 3 —
449 973 57 22 Utan
524 975 32 19 att
570 973 67 21 inlåta
651 973 43 26 mig
709 973 8 20 i
731 973 70 26 någon
815 973 148 26 probabilitets

214 1007 72 27 kalkyl
302 1007 59 21 öfver
379 1009 39 19 när
436 1008 59 21 detta
514 1007 72 27 stycke
601 1007 24 21 af
637 1007 117 21 medlersta
769 1007 125 21 stambanan
909 1007 55 21 skall

216 1042 85 21 komma
324 1043 31 19 att
378 1047 68 21 gagna
468 1041 70 21 såsom
559 1041 69 21 sådan
650 1041 54 21 eller
725 1042 40 19 när
783 1041 36 20 det
837 1041 42 21 kan
897 1040 67 21 blifva

215 1075 95 26 fortsatt,
332 1075 82 22 tillåter
434 1076 37 27 jag
493 1076 43 26 mig
557 1076 56 21 blott
630 1076 77 25 erinra,
733 1077 32 19 att
783 1075 70 21 Kumo
879 1075 84 25 elfdals,

216 1109 144 27 Björneborgs
376 1110 39 21 och
429 1110 156 21 Kristinestads
599 1109 105 26 ingående
718 1110 8 20 i
739 1109 161 27 jernvägsnätet
911 1109 54 21 dock

216 1145 62 20 torde
293 1145 55 26 väga
366 1150 58 15 mera
442 1144 6 20 i
464 1144 116 27 vågskålen
593 1143 34 21 till
642 1143 83 22 förmån
739 1143 34 21 för
787 1143 126 26 kustbanan,
930 1149 34 15 om

216 1184 49 15 man
281 1184 77 15 annars
377 1179 89 26 antager
485 1180 31 19 att
534 1178 43 21 alla
595 1177 68 22 andra
683 1177 149 22 förhållanden
854 1180 37 19 äro
913 1177 50 26 lika,

217 1213 82 21 hvilket
321 1213 127 20 åtminstone
470 1212 47 21 icke
531 1214 25 19 är
573 1212 33 21 till
623 1212 90 21 nackdel
728 1212 34 21 för
776 1212 66 21 linien
857 1213 58 20 öster
930 1218 34 15 om

214 1247 113 26 Näsijärvi.
344 1258 26 3 —
385 1247 50 20 Men
454 1247 109 20 dessutom
581 1246 126 27 omöjliggör
726 1247 41 20 den
786 1246 23 21 af
822 1246 43 26 mig
879 1245 85 27 projek-

218 1280 74 21 terade
311 1280 149 26 sträckningen
475 1280 29 27 på
517 1280 55 21 intet
585 1281 38 24 vis,
638 1281 52 20 utan
705 1279 124 27 framkallar
844 1280 74 25 hellre,
934 1279 31 21 bi-

216 1314 68 21 banor
298 1314 47 21 från
361 1314 36 22 det
411 1314 46 21 inre
472 1314 23 21 af
508 1314 79 26 landet,
601 1313 116 22 vinkelräta
732 1315 45 20 mot
791 1314 83 21 kusten.
896 1313 68 22 Bland

214 1349 48 21 dem
278 1349 50 21 ville
341 1349 37 27 jag
393 1348 77 22 främst
483 1349 88 21 förorda
583 1348 46 27 just
643 1349 31 20 ett
688 1348 48 22 litet
750 1348 73 28 stycke
837 1348 24 21 af
874 1348 91 21 medler-

216 1385 34 20 sta
269 1383 131 27 stambanan,
421 1384 24 21 så
462 1383 60 27 långt
542 1383 163 26 befolkningens
726 1383 70 22 täthet
810 1383 36 21 det
861 1383 103 27 påkallar,

215 1418 53 22 eller
283 1419 33 21 till
332 1419 74 25 Alavo,
422 1418 58 21 cirka
495 1418 26 21 12
536 1418 44 21 mil.
602 1418 43 21 Det
659 1420 24 19 är
693 1418 107 26 nemligen
811 1418 63 21 dessa
884 1423 81 17 samma

283 1454 91 30 Jernvägs-
380 1454 86 30 Utskottets
476 1459 105 17 betänkande
592 1458 34 17 N:o
639 1458 16 17 3.
