1073 1703
352 140 26 18 U.
396 141 28 17 B.
441 149 27 3 —
484 141 81 23 Prop.
582 139 46 21 N:o
644 140 44 19 32.
796 142 8 6 *
838 139 26 21 27

148 205 81 28 Anslag
237 205 32 22 till
277 205 157 22 resekostnader
439 205 32 22 för
476 201 186 34 Öfverinspektorn
666 206 32 21 för
704 206 52 22 folk-

275 240 97 21 skolorna
387 240 37 21 och
440 240 52 22 hans
506 240 82 22 biträde
603 242 53 19 samt
666 240 31 22 för
707 240 51 22 folk-

275 273 216 29 skoleinspektorerne
507 292 4 3 .
542 292 4 4 .
578 292 3 4 .
753 293 3 3 .
785 271 15 36 =
810 275 80 25 60,000.

274 303 122 46 förhöjande
406 307 23 22 af
436 308 87 22 lönerna
532 308 22 23 ät
568 288 190 54 lärarepersonalen

276 341 36 22 vid
327 341 149 22 seminarierna
507 359 3 4 .
809 343 82 25 50,000.

274 376 132 28 hyresmedel
425 376 32 22 för
471 354 192 56 seminariildkaler;
681 356 76 54 anslag

274 410 32 21 för
314 410 179 27 folkskolemöten,
502 411 120 21 honorarier
629 410 32 22 för
668 411 88 21 folksko-

276 444 98 22 leböcker
390 448 53 19 samt
455 446 64 20 andra
529 445 132 21 oförutsedda
669 445 86 28 utgifter
808 445 80 25 20,000.

274 478 90 22 arvoden
374 478 22 22 åt
405 479 78 21 sådane
493 479 157 21 folkskollärare
658 480 38 20 och
706 478 51 22 folk-

273 513 169 26 skollärarinnor,
451 521 45 14 som
503 521 75 21 genom
586 513 89 22 särskild
683 513 73 21 under-

273 547 84 29 visning
366 548 80 22 utbilda
456 548 67 21 lärare
538 549 39 20 och
591 548 117 22 lärarinnor
722 547 32 22 för

274 582 114 22 småskolor
432 600 3 3 .
467 599 4 4 .
503 599 3 4 .
750 583 21 19 >
809 581 80 26 10,000.

177 625 9 10 «
226 615 32 22 för
272 618 31 19 ett
316 618 48 27 nytt
379 616 135 22 seminarium
529 600 12 38 E
551 599 97 46 Kymölä
656 599 99 38 nn

273 649 59 22 invid
348 650 113 23 Sordavala
475 651 68 21 stad
540 645 15 35 .
575 669 3 3 .
610 668 3 4 .
645 668 3 3 .
750 667 3 4 .
794 650 94 25 224,885.

273 680 99 46 utvidgad
391 684 150 29 undervisning
555 684 8 21 i
578 684 52 29 slöjd
645 667 38 39 vid
696 679 59 38 semi-

273 718 96 22 narierna
384 719 38 21 och
437 718 142 22 folkskolorna
608 736 4 3 .
644 735 3 3 .
749 734 4 4 :
807 717 81 25 84600.

273 752 73 28 bidrag
360 752 33 22 till
407 760 26 13 en
447 752 160 38 pensionskassa
622 751 22 22 åt
658 730 97 54 folkskol-

272 786 78 22 lärares
373 786 64 21 enkor
459 786 38 21 och
521 786 50 22 barn
591 786 8 21 i
614 786 45 21 stad
674 786 39 20 och
727 784 27 29 på

273 820 72 22 ländet
362 838 2 4 ;
397 837 3 4 =
431 837 4 4 =
467 816 22 33 so
503 816 39 33 vo,
573 836 38 4 mo
629 816 17 33 os
679 836 38 4 wo
749 836 3 4 ä
806 819 82 25 50,000.

670 865 87 21 Summa
771 864 118 26 3,705,085.

213 899 35 21 Då
262 898 54 23 ifrån
331 900 69 21 denna
414 900 134 22 totalsumma
562 900 105 28 afdrages:

145 935 24 26 a)
178 934 134 28 presumerad
322 934 121 28 behållning
452 934 24 22 af
487 934 235 28 folkskolebevillnings-

180 968 83 22 medlen
278 968 35 22 vid
330 969 52 21 1877
398 968 33 22 års
446 969 77 28 utgång
543 986 1 4 .
575 986 3 4 .
610 986 4 3 .
646 986 4 3 .
681 985 3 4 .
716 986 3 4 .
765 967 124 27 70,191:94.

146 1002 21 27 0)
182 1002 114 28 inflytande
320 1002 159 29 internafpifter,
503 1002 114 29 utgörande
646 1002 76 25 13,200

181 1036 61 21 Mark
257 1037 32 21 för
308 1037 45 21 året
371 1037 38 20 och
429 1036 80 23 således
529 1037 32 21 för
575 1037 48 20 hela
637 1035 84 22 femärs-

179 317 8 9 a

249 317 8 10 a

180 384 8 9 a

250 385 7 9 a

249 487 7 10 N

248 693 7 9 N

248 760 8 10 a

181 1071 104 27 perioden,
301 1071 134 28 förslagsvis.
467 1088 3 3 .
502 1088 3 4 .
538 1088 3 3 .
573 1087 3 4 -
608 1087 4 4 .
644 1087 3 4 -
680 1088 3 3 .
715 1088 3 3 .
763 1070 120 25 —66,000:—

750 1115 96 26 136,191:
855 1115 33 21 94.

146 1149 101 23 erfordras
262 1152 30 20 ett
306 1149 90 22 tillskott
409 1150 24 21 af
468 1167 3 4 .
504 1167 3 4 .
645 1167 3 4 2
680 1168 4 3 .
715 1150 131 25 .3,568,898:
869 1150 19 21 6.

146 1185 50 21 eller
210 1185 8 21 i
233 1185 53 21 rund
301 1192 81 14 summa
397 1185 112 25 3,570,000
519 1167 72 43 Mark,
608 1192 44 14 som
667 1184 93 22 fördelad
774 1184 27 28 pä
815 1183 42 22 fem
867 1183 23 22 år

145 1220 93 27 päkallar
253 1227 26 13 en
294 1218 51 29 årlig
359 1218 115 29 bevillning
489 1218 22 22 af
525 1219 90 25 714,000
630 1219 68 21 Mark.

212 1254 47 21 Allt
278 1254 58 21 detta
352 1252 65 30 jemte
436 1253 105 29 åtskilliga
559 1254 125 22 ledamöters
698 1253 7 21 i
721 1253 55 22 vissa
792 1253 56 21 delar
862 1252 28 22 af-

144 1288 59 28 gifna
225 1288 101 22 särskilda
348 1288 111 28 yttranden
481 1288 32 22 fär
534 1288 108 22 Utskottet
661 1287 150 22 vördsammast
826 1287 65 22 öfver-

145 1324 71 20 lemna
236 1322 33 22 till
284 1322 119 28 Höglofliga
418 1322 128 22 Ständernas
567 1323 72 21 vidare
656 1322 128 28 granskning
801 1322 38 21 och
857 1322 33 21 be-

146 1355 121 29 pröfvande.

212 1389 139 28 Helsingfors,
368 1389 39 22 den
422 1389 29 22 30
464 1388 43 30 Maj
525 1389 60 22 1877.
