1056 1709
235 139 27 21 26
546 138 50 21 N:o
611 138 48 22 88.

506 206 80 20 Wasa
599 206 59 20 län:

412 251 25 27 23
457 250 83 27 kappar
555 249 103 28 spanmäl.

412 285 39 26 2345
469 284 106 27 skålpund
590 285 64 19 smör.

412 318 93 22 kontant
519 319 14 21 2
548 318 61 21 mark
624 318 12 20 7
652 318 71 26 penni.

473 376 145 24 Uleåborgs
633 375 47 21 län

412 422 26 25 21
456 420 82 27 kappar
554 420 103 27 spanmäl.

413 456 39 26 33%
470 454 106 27 skålpund
592 455 63 20 smör.

413 489 92 21 kontant
520 490 12 19 1
555 488 61 22 mark
631 488 27 20 89
674 488 71 26 penni.

276 534 104 26 Emedan,
399 534 7 20 i
424 534 62 26 fråga
504 540 34 14 om
556 533 106 27 beloppen
682 532 22 22 af
723 533 103 26 spanmäl,
842 534 58 20 smör
915 533 40 21 och

209 567 106 22 kontanta
338 568 126 27 penningar,
484 574 45 15 som
547 568 89 26 intagits
656 568 7 20 i
683 568 64 21 dessa
766 567 188 27 undervisningar,

209 601 101 22 Komitén
330 602 47 21 icke
395 602 56 22 hade
471 602 43 21 fäst
533 602 65 27 något
617 602 103 21 afseende
735 602 13 21 å
762 602 143 26 medelprisen
921 601 34 21 för

210 636 146 26 1840—1848,
372 637 24 21 så
411 638 78 26 ansågs
505 643 26 15 en
546 637 28 27 på
589 637 70 27 grund
674 636 24 21 af
712 637 63 21 dessa
789 636 116 26 medelpris
921 638 33 18 ut-

209 669 48 21 förd
270 670 125 26 jemförelse
411 671 90 21 emellan
517 670 149 22 skatterubeln
682 670 55 21 efter
752 670 28 21 de
794 670 72 26 gamla
876 670 78 21 under-

209 704 139 26 visningarne
363 704 39 21 och
418 705 26 21 de
460 705 23 21 af
496 705 101 21 Komitén
612 704 123 27 föreslagna
750 705 6 20 i
772 704 44 22 viss
832 704 49 22 mån
896 704 59 26 tjena

209 737 34 21 till
258 738 134 21 bedömande
404 738 24 21 af
433 738 155 28 lämpligheten
595 738 48 22 utaf
650 738 27 21 de
686 738 141 26 sistnämnde,
836 738 27 27 på
873 744 81 16 samma

209 773 45 19 sätt
260 778 45 15 som
313 772 64 21 ofvan
386 772 90 22 anförda
483 773 8 21 i
499 773 120 27 procenttal
629 772 110 27 uttryckta
747 772 111 21 skilnader
863 772 91 21 emellan

209 806 162 22 skatterubelns
394 807 80 21 värden
499 807 68 27 enligt
588 806 144 26 medelprisen
756 806 34 22 för
815 806 139 21 1866--1875

208 840 70 26 tjente
296 840 34 21 till
350 840 134 22 bedömande
502 840 23 22 af
544 841 41 21 den
605 843 69 19 större
690 841 52 21 eller
757 840 84 22 mindre
856 840 99 27 lämplig-

209 873 65 22 heten
289 874 24 21 af
326 880 28 15 nu
366 874 99 27 gällande
481 875 160 26 undervisning,
657 874 23 21 af
686 875 42 20 den
740 875 47 21 utaf
796 874 159 27 Ridderskapet

210 908 39 22 och
269 908 70 21 Adeln
360 910 55 19 samt
433 908 164 22 Bondeståndet
615 909 35 21 vid
670 909 54 20 1867
743 909 35 21 års
798 908 106 27 landtdag
923 909 32 21 fö-

208 943 101 26 reslagna
334 942 39 22 och
392 942 22 22 af
433 943 55 21 1868
504 943 34 21 års
558 943 98 21 Komités
671 942 87 28 förslag.
792 942 123 22 Resultatet
934 942 23 22 af

210 983 26 14 en
260 976 66 22 sådan
347 977 124 27 jemförelse
493 978 91 20 emellan
603 978 76 20 värdet
694 977 23 21 af
731 977 150 21 skatterubeln
897 977 55 21 efter

210 1011 70 26 gamla
294 1011 210 27 undervisningarne
519 1012 39 21 och
576 1012 114 21 Komiténs
705 1012 81 26 förslag
801 1011 46 21 blef
854 1011 101 22 sålunda:

660 1039 115 23 Förhöjning
788 1039 45 18 eller
845 1038 35 18 för-

668 1062 104 23 minskning
784 1062 47 18 efter
843 1062 22 17 de

678 1090 36 18 nya
726 1085 125 18 undervisnin-

731 1113 61 17 garne.

266 1143 43 21 För
323 1142 97 28 Nylands
435 1143 37 21 län
487 1158 3 4 .
508 1158 3 5 .
528 1158 108 6 ......
652 1143 27 27 +
694 1143 68 27 18%
778 1143 22 27 (7
869 1143 75 26 penni)

281 1193 12 9 »
322 1170 48 27 Åbo
386 1177 39 21 och
440 1176 145 28 Björneborgs
600 1176 36 22 län
651 1177 27 27 +
692 1176 67 27 2,5%
775 1177 62 27 (9:45,
869 1177 74 26 penni)

280 1227 12 9 »
321 1210 134 22 Tavastehus
470 1211 35 21 län
525 1226 109 5 ......
650 1211 27 26 +
691 1211 67 27 2,8%
774 1211 77 27 (1134%
869 1210 76 27 penni)

282 1261 12 9 »
324 1244 32 20 St
370 1244 90 22 Michels
475 1245 36 20 län
527 1261 5 4 .
548 1260 68 4 ...-
632 1245 49 25 +
697 1245 67 26 4,6%
780 1245 75 26 (193%%
866 1245 78 26 penni)

280 1294 12 10 »
322 1278 85 26 Kuopio
422 1278 36 20 län
487 1293 151 6 ........
653 1278 27 27 +
696 1278 68 27 18%
780 1277 62 28 (74
868 1278 77 26 penni)

281 1328 11 10 »
322 1311 65 22 Wasa
401 1312 37 21 län
465 1327 5 6 ...
487 1328 152 4 0...
657 1324 23 3 —
697 1312 67 27 0,1%
781 1311 63 28 (0338,
869 1311 74 28 penni)

280 1363 12 10 »
322 1346 120 27 Uleåborgs
456 1346 36 22 län
510 1362 5 4 .
532 1362 108 6 ......
656 1346 27 27 +
698 1347 66 27 16%
780 1346 63 28 (65%
867 1346 76 29 penni)

212 1392 39 21 och
266 1392 39 21 har
319 1392 101 22 Komiten
435 1392 7 21 i
458 1392 66 27 öfrigt
539 1393 32 21 uti
587 1399 27 15 en
628 1392 93 21 särskild
737 1392 74 27 bilaga
825 1392 52 22 Litt.
893 1392 16 22 I.
925 1393 32 21 in-

212 1426 43 22 fört
278 1427 27 21 de
328 1426 54 22 efter
401 1427 113 23 Komitens
535 1427 123 28 föreslagna
679 1426 180 29 undervisningar
884 1427 73 21 uträk-
