1042 1709
330 132 62 22 Ständ.
409 133 30 21 Sv.
454 146 30 3 —
498 133 53 28 Prop.
567 132 32 22 N:o
614 133 32 21 25.
805 134 26 20 27

349 195 34 21 3:o
396 195 93 29 förleder
504 195 138 23 medarbetare
658 195 30 21 till
699 195 108 28 handling,
817 202 44 14 som

280 229 76 22 strider
378 233 51 18 emot
454 230 41 27 lag,
521 230 76 21 arbets-
620 229 47 22 eller
691 229 100 29 läroaftal
815 230 46 21 eller

280 264 42 27 god
336 264 45 22 sed;

349 297 35 22 4:o
406 302 26 17 är
455 297 83 29 oduglig
553 298 32 21 till
593 298 132 29 fullgörande
742 298 25 27 af
780 299 32 20 det
827 305 34 13 ar-

281 332 47 25 bete,
350 332 51 21 hans
419 332 76 22 arbets-
510 332 48 21 eller
573 331 100 30 läroaftal
689 333 62 26 afser,
767 331 95 22 besväras

282 367 26 24 af
320 365 76 29 obotlig
412 366 48 22 eller
475 367 70 27 vidrig
560 367 102 27 sjukdom,
677 366 47 21 eller
737 373 74 20 genom
822 370 40 24 eget

277 400 133 28 förvällande
432 400 66 21 blifvit
520 401 119 28 oförmögen
662 404 31 17 att
712 401 98 27 fortsätta
829 401 33 19 sitt

282 434 82 25 arbete;

350 469 34 21 5:o
399 469 95 27 sakfälles
508 471 34 24 för
556 471 85 19 svårare
656 469 64 24 brott;

351 503 34 21 6:0
405 503 113 29 uppsätligt
534 504 127 29 föraerfvar
684 503 107 22 verksaker
814 503 49 21 eller

282 537 109 25 material;

352 572 30 21 1:0
397 573 115 27 oförsigtigt
528 573 73 27 umgås
616 573 45 20 med
675 572 36 21 eld.

539 637 17 24 $
572 635 34 22 37.

351 674 95 27 Biträde,
462 675 93 21 arbetare
571 674 37 22 och
622 674 76 29 lärling
709 677 26 18 är
745 675 118 27 berättigad

281 713 32 17 att
332 712 50 18 utan
391 709 129 29 föregängen
536 710 134 27 uppsägning
686 709 129 21 utbekomma
830 709 32 27 af-

280 743 123 28 gängsbetyg
419 744 25 27 af
455 743 132 28 yrkesidkare
601 743 9 20 i
619 743 98 29 följande
731 743 51 27 fall:

350 778 34 21 1:o
402 786 34 13 om
458 780 32 20 det
514 778 94 28 ajtalade
625 778 84 21 arbetets
724 778 139 27 fortsättande

282 816 26 18 är
322 812 108 27 förbundet
443 813 46 21 med
502 820 46 14 men
559 812 39 29 för
613 812 38 21 den
666 812 119 22 arbetandes
800 812 64 24 helsa;

350 847 36 21 2:0
402 854 33 14 om
449 848 151 28 yrkesidkaren,
616 846 47 23 eller
676 847 39 21 den
727 847 8 20 i
743 846 52 23 hans
805 846 59 22 ställe

282 886 32 23 är,
330 881 82 27 våldför
426 883 29 27 sig
472 883 13 20 &
499 882 87 24 honom;

350 916 34 21 3:o
399 924 33 13 om
445 917 146 28 yrkesidkaren
606 916 49 22 eller
669 915 50 22 hans
728 914 136 29 ställföreträ-

282 951 51 20 dare
354 951 56 21 söker
428 951 88 28 förleda
537 951 74 20 honom
634 949 31 22 till
685 949 110 28 lagstridig
815 949 49 22 eller

282 984 78 29 osedlig
381 985 97 28 handling
502 984 45 22 ellev
569 985 40 20 icke
626 983 92 28 skyddar
733 984 75 21 honom
823 987 41 16 mot

282 1019 78 24 sädan;

351 1053 34 22 4:0o
406 1060 32 14 om
460 1053 58 22 lönen
541 1053 39 21 icke
602 1052 98 22 utbetalas
721 1053 29 28 pä
773 1052 91 29 aftaladt

281 1090 50 23 sätt,
354 1091 54 18 samt
429 1095 33 14 om
482 1087 146 29 yrkesidkaven
643 1087 40 22 icke
697 1086 168 23 tillhandahåller

280 1123 36 27 för
337 1123 124 28 styckarbete
482 1122 83 21 anstäld
588 1122 91 21 arbetare
693 1121 112 28 tillräcklig
819 1128 45 21 sys-

281 1156 126 29 selsättning.

539 1187 16 25 $
569 1185 35 22 38.

351 1225 101 22 Förutom
474 1227 26 28 af
520 1227 25 20 de
565 1225 8 21 i
590 1225 168 28 nästföregäende
777 1224 15 29 $
807 1232 56 21 upp-

282 1263 65 25 tagna
362 1259 45 21 skäl
421 1259 83 29 upphör
518 1259 100 29 läroaftal
630 1259 76 28 jemväl
721 1263 32 17 att
766 1266 53 13 vara
829 1259 36 26 för

283 1294 77 28 lärling
375 1294 111 21 bindande:

351 1329 33 20 1:0
399 1336 34 12 om
448 1328 76 27 lärling
540 1328 81 27 ålägges
632 1331 65 17 annat
707 1328 67 20 arbete
786 1331 27 17 än
824 1328 40 23 det,

282 1369 44 14 som
341 1361 117 29 läroaftalet
472 1362 77 28 gäller;

352 1396 36 22 2:0
402 1403 34 14 om
450 1396 133 28 yrkesidkare
599 1396 18 27 ej
631 1395 92 29 skyddar
734 1394 77 28 lärling
821 1398 43 17 mot

278 1430 98 30 förtryck
391 1431 26 27 af
428 1431 24 21 de
466 1431 35 21 hos
515 1430 73 22 honom
603 1428 104 30 anstälda.
718 1428 85 29 gesäller
821 1428 45 22 eller

284 1466 70 22 andra
370 1466 103 24 arbetare;
