1042 1709
227 158 26 21 12

416 157 62 21 Ständ.
494 157 30 21 Sv.
541 170 25 2 —
582 157 54 27 Prop.
652 158 32 20 N:o
699 157 33 21 25.

367 222 51 24 göra
433 219 92 29 skriftlig
539 219 105 25 anmälan,
659 220 9 20 i
682 220 48 20 stad
744 219 34 21 hos
794 218 111 29 Magistrat
923 220 28 21 el-

369 252 30 22 ler
417 252 145 29 Ordningsrätt
580 253 36 21 och
631 254 13 20 å
660 253 70 22 landet
745 253 34 21 hos
796 253 152 29 Kronofogden

369 289 8 19 i
391 288 93 21 häradet.

437 322 39 21 Då
491 323 65 20 sådan
572 322 100 21 anmälan
686 326 65 24 göres,
766 321 36 22 bör
816 322 65 21 tillika
894 330 54 21 upp-

367 357 40 27 gift
422 355 77 22 lemnas
514 358 13 19 &
542 353 32 24 det
590 357 50 21 eller
656 357 25 21 de
696 357 149 28 näringsyrken
856 357 39 22 den
906 357 45 22 till-

369 391 76 21 ernade
461 391 89 22 rörelsen
565 392 107 28 omfattar,
688 391 40 21 den
737 391 74 29 firma,
821 391 66 22 under
896 391 52 22 hvil-

369 425 36 20 ken
428 425 38 22 den
488 425 50 21 skall
560 425 111 28 bedrifvas,
691 425 36 22 och
741 433 34 13 om
790 425 87 22 rörelsen
891 425 60 30 afser

369 459 76 22 handel
459 461 30 26 på
505 459 76 26 landet,
596 459 72 26 stället,
679 460 38 21 der
727 461 121 20 densamma
858 460 91 22 kommer

369 497 29 18 att
412 494 69 23 idkas;
498 494 91 21 börande
604 494 98 21 anmälan
712 495 62 28 äfven
784 494 40 26 ske,
834 495 66 21 derest
909 495 40 28 dy-

369 528 28 20 lik
411 528 76 21 handel
504 528 29 21 till
546 531 64 17 annat
624 528 57 21 ställe
692 529 80 28 flyttas.

436 557 35 26 Är
493 563 35 20 det
549 562 67 29 bolag,
636 570 43 13 som
693 563 137 28 näringsyrke
844 563 48 20 idka
907 563 41 27 vill,

369 597 77 28 bilägge
469 599 54 26 intyg
545 601 31 17 att
594 598 43 20 dess
648 597 67 29 firma
731 597 71 30 blifvit
816 598 9 20 i
839 597 47 28 laga
901 598 50 21 ord-

369 632 47 27 ning
433 631 89 20 anmäld.
913 643 3 3 E

437 665 43 22 Det
502 665 78 28 äligger
602 666 151 21 vederbörande
774 665 120 29 myndighet
909 669 42 25 att,

369 700 55 20 inom
447 701 42 19 åtta
505 700 68 28 dagar
588 700 53 23 efter
656 700 33 21 det
705 699 101 22 anmälan
820 701 57 24 skett,
893 700 54 22 bevis

368 733 96 28 deröfver
479 734 95 27 utfärda.

634 769 17 24 $
665 767 19 21 3.

441 801 41 21 Till
504 802 139 29 bedrifvande
665 803 24 27 af
709 803 135 27 näringsyrke
863 804 32 26 pä
917 804 32 21 det

368 839 47 22 sätt,
437 843 42 13 som
502 836 8 20 i
531 838 17 25 $
569 836 15 21 2
607 839 26 17 är
654 836 90 27 anfördt,
761 843 47 14 vare
823 837 37 21 ock
875 837 74 30 laggift

368 871 71 20 hustru
453 875 55 16 samt
522 871 96 28 omyndig
633 871 125 28 berättigad,
768 872 90 24 såframt
868 873 35 21 vid
913 880 41 13 an--

368 905 71 20 mälan
450 906 87 23 utredes,
548 909 29 16 att
588 905 95 21 hustruns
694 913 48 12 man
753 905 47 22 eller
811 906 38 21 den
856 907 98 28 omyndi--

368 947 32 18 ges
422 939 99 21 målsman
540 941 75 19 sådant
630 939 78 22 tillåter
723 939 37 21 och
776 943 28 17 att
818 938 43 23 han
876 948 74 15 ansva-

368 981 38 13 rar
419 975 35 24 för
469 975 25 20 de
504 974 149 28 förbindelser,
668 981 45 14 som
734 975 8 20 i
756 974 38 21 och
806 975 37 28 för
858 975 91 22 rörelsen

368 1008 69 20 kunna
453 1009 81 20 komma
550 1011 28 17 att
592 1009 64 26 ingås.

441 1041 42 21 Vil
506 1043 50 20 enka
579 1042 46 21 eller
647 1042 183 28 sterbhusdelegare
846 1044 103 28 fortsätta

367 1076 76 29 afliden
459 1077 168 27 näringsidkares
644 1076 82 25 rörelse,
736 1080 50 24 göre
797 1077 70 20 derom
877 1082 77 18 anmä-.

367 1110 35 21 lan
424 1111 67 20 såsom
506 1111 8 20 i
528 1113 16 23 $
559 1111 15 20 2
590 1111 59 27 sagdt
665 1113 32 22 är,
713 1111 35 20 och
765 1112 99 27 uppgifve
880 1112 69 22 tillika

367 1144 56 21 hvem
446 1145 88 21 rörelsen
557 1146 76 23 förestä
648 1145 58 21 skall.
736 1144 48 29 Lag
798 1153 79 14 samma
891 1154 57 18 vare,

367 1187 33 13 om
415 1180 31 20 uti
461 1180 79 29 ajträdt
555 1179 23 21 bo
592 1179 112 28 gäldenärs
719 1180 77 22 idkade
810 1180 73 22 rörelse
897 1181 54 28 fort-.

366 1217 63 18 sättes
449 1215 35 24 för
499 1214 209 28 fordringsegarenes
731 1215 95 27 räkning,
849 1214 50 22 eller
915 1223 34 14 om

367 1248 157 26 näringsidkare
549 1247 65 29 blifvit
639 1248 56 20 stäld
722 1249 70 20 under
812 1250 137 27 förmyndare

367 1281 36 20 och
427 1281 64 20 denne
513 1281 36 20 vill
570 1284 28 17 att
620 1282 113 27 näringens
751 1282 134 28 bedrifvande
899 1283 56 21 skall

365 1315 34 26 för
413 1314 139 28 myndlingens
567 1315 89 28 räkning
663 1316 111 29 fortfara;
785 1315 90 22 börande
877 1310 11 39 i
903 1318 45 20 sist-

367 1350 90 20 nämnda
470 1349 40 28 fall
519 1349 80 28 jemväl
615 1350 83 21 utredas
713 1353 29 17 att
756 1351 149 28 förmyndaren
914 1352 35 28 för

368 1383 167 29 uppkommande
546 1383 140 29 förbindelser
702 1392 108 15 ansvarar.

439 1413 122 34 Öfvertager
583 1420 67 26 någon
668 1420 32 28 på
718 1420 88 22 arrende
818 1421 35 27 för
867 1419 82 24 kortare

367 1453 46 22 eller
435 1453 71 28 längre
528 1454 32 20 tid
582 1461 80 14 annans
684 1454 80 28 rörelse,
788 1462 47 14 vare
849 1454 99 24 likaledes

365 1488 82 28 skyldig
462 1488 70 21 derom
546 1491 52 25 göra
612 1488 108 22 anmälan.
