1045 1709
287 128 27 20 U.
330 129 30 18 B.
377 138 23 4 —
418 130 81 22 Prop.
515 131 46 17 N:o
576 131 38 17 25.
772 129 26 21 41

151 194 144 26 »8tstnämnda
306 194 84 28 lagrum
405 195 46 21 med
467 194 63 29 ofvan
546 196 8 20 i
568 196 12 27 &
595 195 24 21 11
634 194 101 22 bestämdt
744 196 83 20 undan-

149 228 51 28 tag"
215 240 27 3 —
257 228 125 26 bibehållas;
398 228 36 22 och
448 229 58 21 torde
521 229 20 28 ej
555 229 63 21 heller
639 229 38 21 den
688 229 27 29 af
727 229 100 29 Regerin-

147 269 41 20 gen
217 262 138 28 uttryckligen
377 262 135 29 färbehållna
534 263 214 28 landthandelsafgift
774 263 52 20 böra

149 295 112 27 nedsättas,
279 296 30 27 på
333 296 33 21 det
388 296 66 29 nådig
476 296 134 28 fastställelse
625 297 28 28 af
665 297 37 20 den
718 297 109 20 tilltänkta

148 330 149 29 näringslagen
312 330 44 22 icke
369 331 36 21 mä
420 332 126 27 äfventyras.

148 364 57 22 Frän
221 365 49 22 dei
285 365 12 28 $
312 366 27 20 34
354 365 22 22 af
390 365 42 22 den
446 365 86 27 Nädiga
545 365 162 28 propositionen
715 367 111 26 upptagna

79 398 253 29 hufvudbestämningar,
352 401 34 20 att
407 400 54 21 barn
483 400 69 21 under
571 401 27 20 12
613 400 24 21 är
652 401 18 26 ej
686 400 33 22 får
735 401 89 26 antagas

80 433 34 21 till
129 433 75 22 arbete
220 434 7 20 i
242 433 72 22 fabrik
330 434 53 21 eller
397 434 129 27 handtverk,
543 436 55 19 samt
613 435 32 20 att
661 435 47 26 den,
724 434 102 21 somicke

79 467 50 27 fyllt
151 467 27 22 18
201 468 30 26 är,
254 467 18 28 ej
288 467 70 22 heller
372 467 34 22 mä
421 467 110 22 användas
545 467 35 21 till
595 468 122 21 nattarbete
733 467 91 21 emellan

78 502 30 21 kl.
123 502 14 21 9
152 508 35 15 om
202 502 89 21 aftonen
305 502 40 21 och
359 502 29 21 kl.
404 503 13 20 5
432 502 27 27 pä
474 508 122 20 morgonen,
611 502 40 21 har
666 502 66 27 sagde
741 501 10 28 $
760 501 65 21 emel-

79 536 67 21 lertid
167 536 114 27 medgifvit
300 536 113 27 undantag
435 535 107 22 beroende
558 535 22 22 af
594 536 84 21 läkares
693 536 8 21 i
716 538 62 19 orten
793 535 32 21 in-

79 571 44 27 tyg.
153 571 51 21 Men
222 571 139 22 alldenstund
378 571 41 21 den
435 571 129 25 erfarenhet,
580 576 46 15 som
640 571 88 22 vunnits
744 571 81 26 derom,

79 607 33 20 att
126 605 166 27 fabriksarbete,
308 605 18 27 ej
342 605 84 22 mindre
441 606 7 20 i
462 606 124 26 allmänhet,
602 607 27 20 än
644 606 7 20 i
666 606 117 27 synnerhet
791 611 34 16 om

80 640 37 21 det
132 639 50 22 sker
196 639 101 26 nattetid,
313 639 86 21 utöfvar
414 640 33 21 ett
461 641 7 20 i
484 641 42 26 hög
542 640 53 27 grad
603 640 101 21 störande
713 640 39 21 och
761 639 64 22 skad-

78 674 42 27 ligt
134 673 119 27 inflytande
267 673 29 27 pä
310 673 83 21 sädana
407 673 114 28 individer,
537 673 84 22 hvilkas
637 673 57 27 fysik
709 675 57 20 ännu
776 673 49 22 icke

77 707 49 22 nått
142 707 34 20 sin
190 707 106 26 behöriga
310 707 132 27 utveckling,
457 707 109 22 föranledt
580 707 94 22 flertalet
689 707 135 22 civiliserade

77 741 77 22 länder
177 742 33 20 att
225 742 85 26 strängt
324 740 98 27 lagstifta
438 743 56 20 emot
510 742 63 21 dessa
588 741 99 27 skadliga
701 741 124 22 inverknin-

79 782 38 21 gar
132 775 13 22 å
160 781 69 21 yngre
243 775 197 21 fabriksarbetares
454 775 127 28 kroppsliga
595 775 66 26 hälsa,
671 777 56 20 samt
735 775 23 22 af
766 775 59 21 stad-

79 809 110 27 ganderne
211 809 7 20 i
245 809 12 27 $
279 809 27 21 34
328 809 49 21 med
397 809 138 22 sannolikhet
550 809 70 22 skulle
636 809 84 22 utbilda
735 809 33 27 sig
782 809 43 22 den

78 843 81 28 praxis,
181 844 34 20 att
235 843 113 26 undantag
370 842 72 23 blefve
463 844 67 26 regel,
546 844 57 21 helst
618 849 27 16 en
659 843 166 27 fabriksläkare,

79 883 46 16 som
147 877 96 28 ätnjuter
265 877 33 21 sin
320 877 96 28 aflöning
440 877 23 21 af
480 877 111 22 fabrikens
606 883 64 22 egare
685 877 40 22 och
740 877 85 22 säledes

78 912 117 27 rätteligen
217 913 24 19 är
261 911 76 27 jäfvig,
353 912 108 27 svårligen
477 913 63 20 torde
554 912 73 21 kunna
641 911 73 28 undgå
729 913 33 20 att
776 912 7 21 i
799 912 27 21 de

79 946 62 21 aldra
163 946 64 21 flesta
250 945 39 22 fall
304 946 99 21 meddela
418 946 23 21 af
455 953 79 20 egaren
549 947 80 21 äskade
644 947 133 26 intyganden
792 947 33 20 uti

78 980 167 27 ifrägavarande
267 980 109 27 afseende,
398 987 64 15 anser
482 981 38 27 jag
535 981 44 27 mig
593 981 54 21 böra
661 981 115 21 hemställa
791 987 34 14 om

79 1015 48 22 icke
141 1015 94 21 nämnda
249 1014 12 28 $
275 1015 8 20 i
298 1015 161 26 propositionen
474 1015 114 26 päkallade
603 1015 68 21 sädan
686 1015 96 26 rättelse,

148 1051 32 18 att
201 1048 143 29 omförmälda
359 1049 213 28 hufvudstadganden
587 1049 8 20 i
610 1049 56 20 hvad
681 1049 24 20 de
720 1049 56 27 angä
790 1048 35 28 fa-

148 1081 126 22 briksarbete
296 1082 133 28 förklarades
449 1083 61 28 gälla
532 1085 51 18 utan
605 1085 31 18 att
651 1083 109 27 undantag
773 1082 53 28 från

147 1116 47 21 dem
207 1116 54 29 finge
277 1123 37 21 ega
328 1123 55 20 rum,
399 1117 123 21 åtminstone
536 1116 44 21 icke
595 1116 127 28 beträffande
731 1116 94 21 arbetare

148 1151 8 20 i
179 1151 83 20 sådana
283 1150 80 29 fabrik,
386 1150 37 21 der
442 1151 66 28 luften
523 1150 27 29 af
563 1150 118 29 begagnade
695 1151 130 20 materialier

147 1184 116 29 förorenas,
278 1185 68 20 såsom
360 1184 104 28 väfverier
479 1185 37 21 och
530 1185 116 28 spinnerier
661 1192 26 14 m.
702 1192 27 13 m.

424 1237 98 28 Alfred
536 1243 53 16 von
602 1237 157 26 Bonsdorff.

148 1287 11 20 I
181 1287 58 22 Herr
257 1294 42 15 von
314 1287 125 23 Bonsdorffs
454 1289 134 21 reservation
603 1288 24 21 så
641 1289 47 20 vidt
703 1289 41 21 den
760 1287 67 28 angår

82 1320 11 28 8
108 1321 27 20 34
150 1320 88 23 förenar
253 1322 33 27 sig

518 1357 76 21 Gust.
609 1356 150 27 Dahlberg.

150 1421 71 22 Jemte
240 1422 37 22 det
289 1422 38 28 jag
342 1422 87 22 förenar
443 1423 45 27 mig
502 1423 8 21 i
525 1424 41 21 den
582 1422 23 23 af
617 1423 51 21 herr
682 1424 25 20 A.
723 1423 23 21 F.
762 1423 64 22 Jans-

83 1462 38 17 son
146 1456 8 22 i
169 1456 139 22 förestäende
322 1457 133 22 reservation
470 1458 86 27 yttrade
571 1457 57 27 äsigt
643 1464 34 15 om
692 1458 135 22 bibehällan-

151 1502 126 28 Sammansatta
288 1502 38 24 Lag
338 1503 29 17 och
379 1502 83 18 Ekonomi
474 1504 90 17 utskottets
576 1503 105 19 betänkande
693 1503 35 18 N:o
741 1503 16 19 3.
