1053 1709
236 144 13 19 8

509 141 53 24 N:o
578 142 55 22 30.

209 209 44 20 deri
274 209 91 26 deltaga,
385 209 117 26 hvarjemte
517 210 60 20 Hans
593 209 121 26 Kejserliga
729 209 103 26 Majestät
846 208 111 27 föreslagit

209 244 31 19 att
256 243 65 26 sagde
336 242 71 27 utgift,
418 243 125 28 uppgående
559 243 32 21 till
608 244 89 25 636,885
713 243 68 26 mark,
790 243 70 21 kunde
874 243 52 26 utgå
937 243 22 20 af

208 277 310 26 bränvinsbränningsmedlen.

279 311 136 21 Beträffande
431 311 40 21 den
482 311 116 28 inflytande
609 311 200 21 bränvinsskattens
820 311 139 21 användande

210 345 38 22 och
263 345 122 27 fördelning
400 345 36 21 vill
452 345 59 22 Hans
527 346 121 27 Kejserliga
663 346 103 26 Majestät
781 345 84 22 derföre
878 345 80 21 föreslå

210 380 119 21 Ständerna
345 382 32 19 att
392 379 23 22 af
428 380 123 21 densamma
566 380 55 21 skall
636 380 53 27 utgå
703 379 94 28 följande
807 379 81 27 anslag,
899 381 58 19 näm-

209 414 63 27 ligen,
288 414 33 21 för
336 414 73 27 hvarje
424 414 33 21 år:

210 450 38 19 1:0.

209 553 40 20 2:0.

209 899 40 19 4:0.

210 966 39 20 5:0.

210 1079 52 22 eller

209 1115 56 19 samt

209 1149 39 19 6:0.

279 449 127 26 Ersättning
421 449 33 20 till
470 449 130 20 statsverket
615 448 33 21 för
659 448 94 27 eftergif-

281 483 78 20 vandet
373 483 23 20 af
410 483 36 20 det
456 483 58 21 förra
525 483 229 26 bränvinsbrännings-

665 1255 86 20 Summa

281 513 90 34 arrendet
384 518 12 19 .
817 517 97 25 660,000:
933 528 22 3 —

280 551 125 27 Ersättning
413 551 47 21 icke
468 533 90 40 allerrast
567 533 41 39 för
612 551 25 21 de
640 533 53 39 med
702 533 51 38 kon-

280 586 78 21 trollen
374 585 58 22 öfver
446 586 152 21 brännerierna
609 585 101 21 förenade
720 587 33 19 ut-

280 621 70 26 gifter,
366 622 52 19 utan
434 621 38 20 ock
488 621 33 20 för
537 621 25 20 de
573 620 122 26 kostnader,
707 626 45 15 som

280 655 122 22 föranledas
417 655 23 20 af
454 655 55 21 ökad
524 655 49 21 tull-
588 655 39 20 och
637 661 69 14 annan
717 655 36 20 be-

280 690 93 26 vakning
395 689 32 21 till
450 689 173 21 förekommande
642 689 23 20 af
682 688 72 27 oloflig

280 724 99 26 införsel,
405 724 138 26 tillverkning
566 723 38 21 och
627 723 126 27 försäljning

280 759 23 21 af
316 759 90 21 bränvin
421 759 7 20 i
443 758 79 26 landet,
537 758 126 26 förslagsvis
675 775 4 4 .
816 759 98 25 200,000:
930 770 26 3 —

281 793 40 21 Till
344 795 63 19 ränta
429 793 39 21 och
488 793 130 25 amortering
633 792 12 21 &
661 793 91 21 statslän

280 828 33 20 för
329 828 149 26 jernvägarne,
498 829 33 19 att
546 826 49 27 ingå
610 826 30 21 uti
657 826 96 22 kommu-

279 857 188 35 nikationsfonden
797 862 117 25 1,800,000:
930 874 25 2 —

279 897 41 20 Till
335 896 121 26 fördelning
470 896 91 21 emellan
572 878 106 44 samtliga
681 878 72 39 Jane

280 931 39 21 och
335 930 201 21 stadskommuner
525 926 15 36 .
815 931 98 26 400,000:
929 943 27 2 —

280 965 41 20 Till
343 965 157 26 hushällnings-
516 964 39 21 och
573 947 179 38 landtbrukssäll-

281 999 80 26 skapen
376 999 6 20 i
400 999 72 20 landet
639 1015 40 4 SIE]
830 1000 83 25 80,000:
929 1011 26 2 —

725 1061 25 1 =
795 1046 119 25 3,140,000:
929 1057 27 2 —

277 1079 33 21 för
325 1078 42 22 fem
383 1078 24 21 år
427 1095 4 4 .
532 1095 4 4 ;
782 1080 131 25 15,700,000:
929 1090 26 3 —

281 1114 115 25 dessutom,
413 1113 6 20 i
436 1114 30 19 ett
480 1113 34 20 för
529 1091 45 52 allt,

279 1147 125 26 Ersättning
423 1147 32 20 till
473 1146 138 21 innehafvare
626 1147 23 20 af
663 1147 89 21 säterier

275 1181 93 21 samträ-
374 1181 39 20 och
418 1181 145 20 rörshemman
568 1181 33 20 för
607 1181 152 26 öfvertagande

280 1215 22 21 af
315 1215 286 26 hällskjutsningsbesväret,
624 1215 125 26 förslagsvis
815 1216 97 25 636,885:
928 1229 28 2 —

782 1257 130 24 16,336,885:
928 1267 27 3 —

279 1300 63 20 Hvad
357 1306 46 14 som
417 1300 85 20 utöfver
518 1300 68 20 denna
602 1306 81 14 summa
697 1299 85 27 inflyter
792 1306 76 20 genom
879 1300 76 28 ifräga-

209 1335 93 21 varande
317 1334 59 22 skatt
390 1334 61 26 ingär
466 1334 33 21 till
515 1333 280 23 kommunikationsfonden.

281 1432 70 22 Sedan
369 1432 83 21 landets
471 1432 164 22 folkskollärare
655 1432 38 22 och
711 1433 121 22 lärarinnor
846 1433 35 23 vid
897 1433 6 23 i
918 1434 36 27 Jy-

210 1466 89 28 väskylä
314 1468 49 20 stad
378 1467 5 21 i
400 1467 51 21 Juni
466 1468 77 20 mänad
561 1468 53 20 1875
630 1468 65 20 hället
711 1468 88 22 allmänt
813 1471 57 19 möte
885 1470 70 20 beslu-
