1700 1881
576 213 15 21 2
768 211 26 23 U.
809 211 28 23 B.
852 225 26 2 —
894 211 74 28 Prop.
983 211 46 22 N:o
1044 211 39 22 26.

548 275 57 27 ning,
621 275 108 21 äfvensom
745 276 32 20 att
790 275 45 21 låta
848 275 33 21 till
897 275 61 27 tryck
971 274 101 22 befordra
1085 274 139 21 förenämnda
1237 273 62 22 kom-

548 309 99 22 missions
661 309 111 21 utlåtande
787 309 7 21 i
809 309 72 22 saken.

615 343 64 22 Hvad
693 343 41 22 den
749 343 146 22 förstnämnda
909 343 76 27 frågan
999 343 109 26 beträffar,
1122 343 24 20 så
1160 342 40 21 har
1208 341 88 22 Utskot-

548 379 31 21 tet
598 378 23 21 af
638 379 27 20 de
682 378 36 21 vid
737 378 209 27 undersökningarne
961 378 112 21 tillkomna
1087 377 74 22 kartor
1176 377 40 21 och
1230 377 66 21 hand-

547 413 71 27 lingar
636 413 75 22 erfarit
729 414 31 20 att
778 413 36 21 två
832 419 41 22 nya
891 413 68 26 linier,
975 413 40 21 den
1031 419 40 15 ena
1086 413 27 26 på
1128 413 60 20 östra
1203 411 39 22 och
1257 412 41 21 den

548 448 67 27 andra
631 447 29 37 på
677 449 72 20 vestra
767 447 61 22 sidan
847 453 34 15 om
899 447 106 27 Näsijärvi
1022 447 71 21 blifvit
1107 446 127 27 uppgångna
1248 447 8 20 i
1272 446 27 21 de

539 476 140 28 "föreskrifna
691 476 146 33 riktningarne
852 483 55 20 samt
922 483 31 21 att
969 482 40 21 den
1023 483 73 20 vestra
1103 481 71 25 linien,
1185 483 53 19 nära
1249 481 49 21 dess

541 515 90 30 "Sydliga
651 516 109 27 ändpunkt
776 516 29 27 pä
823 517 32 20 ett
870 517 68 55 Sang
953 516 110 21 äfvensom
1077 516 8 21 i
1099 516 86 21 trakten
1200 515 34 22 för
1249 516 50 21 dess

548 551 199 28 sammanknytning
767 545 43 38 med
824 545 43 38 den
885 545 113 38 mellersta
1011 545 134 38 stambanan,
1161 545 89 38 erhållit
1261 545 41 38 två

548 586 124 22 alternativt
685 586 123 26 föreslagna
822 585 125 27 riktningar.

616 620 113 27 Utgående
744 620 48 21 från
807 620 143 22 Tammerfors
965 620 48 21 stad
1028 620 105 26 fortlöper
1147 620 41 21 den
1204 621 58 20 östra
1272 619 27 21 li-

547 656 50 21 nien
613 655 96 27 omkring
725 655 66 21 sextio
807 656 58 20 verst
879 656 6 20 i
902 655 40 21 den
952 654 58 22 förut
1020 655 124 26 föreslagna
1154 654 38 22 och
1202 654 34 21 till
1246 654 52 21 Kui-

548 690 97 21 vasmäki
663 690 80 26 dragna
761 689 81 21 banans
865 690 94 26 riktning
980 690 55 20 ända
1049 689 34 21 till
1098 689 143 27 Kirveslampi
1255 690 48 20 sta-

548 725 45 21 tion
607 725 8 20 i
631 724 97 21 Orihvesi
748 724 83 26 socken,
848 724 24 21 så
886 726 32 19 att
932 724 65 21 likväl
1012 730 77 21 genom
1104 723 171 22 modifikationer
1289 724 7 20 i

548 759 77 21 liniens
643 758 50 27 läge
712 758 25 22 de
755 758 86 22 relativt
859 759 81 21 mindre
956 758 161 28 svårigheterna
1131 758 28 27 på
1174 758 40 21 den
1229 758 70 21 första

549 793 63 22 delen
630 792 24 22 af
670 793 100 21 sträckan
788 793 81 21 kunnat
886 794 7 20 i
912 794 69 26 någon
1000 794 85 26 ringare
1105 793 53 26 grad
1173 792 125 28 ytterligare

548 828 102 25 minskas,
666 828 55 20 samt
736 828 25 20 de
776 828 50 20 vida
840 828 69 20 större
923 827 161 26 svårigheterna
1094 827 35 21 vid
1140 828 67 20 slutet
1216 826 24 22 af
1248 826 54 22 ifrä--

548 861 121 27 gavarande
685 861 90 26 sträcka,
794 867 46 15 som
855 863 80 19 ansetts
950 861 86 27 påkalla
1051 861 131 21 kostsamma
1196 862 107 20 terrasse-

548 896 156 27 ringsarbeten,
711 895 82 22 kunnat
807 895 95 21 undvikas
910 896 125 26 derigenom,
1045 897 32 20 att
1085 896 69 20 banan
1165 895 70 21 blifvit
1245 896 56 20 små-

548 931 87 26 ningom
649 930 69 28 lyftad
732 930 79 26 uppför
824 930 67 26 några
905 930 194 27 bergssluttningar
1113 930 33 21 till
1162 936 26 15 en
1202 930 8 20 i
1224 930 76 21 närhe-

548 967 37 20 ten
601 964 22 22 af
637 964 122 28 Myllyjärvi
773 965 32 26 sjö
819 964 90 27 belägen
918 965 58 27 jemn
986 964 65 27 platå.
1080 964 59 22 Ifrån
1149 964 151 27 Kirveslampi,

549 1000 38 21 der
601 1000 71 20 banan
687 998 42 22 fätt
744 1005 26 15 en
784 999 95 27 riktning
893 1000 76 20 norrut
984 1000 56 20 emot
1055 999 78 26 Etseri,
1144 998 104 28 fortlöper
1259 999 41 21 den

547 1035 29 26 pä
591 1040 82 15 samma
683 1033 62 27 platå
760 1034 39 21 och
813 1033 59 22 öfver
887 1040 26 15 en
929 1035 68 20 större
1008 1034 38 21 bro
1056 1034 7 21 i
1074 1033 100 28 Yrösjoki
1184 1033 50 22 ådal
1245 1035 56 20 samt

548 1069 69 21 delvis
631 1068 111 27 längsmed
756 1068 193 21 vattenskillnaden
959 1068 91 21 emellan
1061 1068 26 21 de
1101 1069 31 20 ost
1132 1068 170 21 -Tavastländ-

548 1104 40 21 ska
607 1103 39 22 och
663 1103 107 26 Näsijärvi
788 1103 86 20 vattnen
893 1103 56 21 ända
966 1103 34 20 till
1019 1103 85 26 Filpula
1122 1103 44 20 fors
1184 1103 8 20 i
1206 1103 94 20 Ruovesi

549 1138 84 21 socken.
671 1137 76 21 Denna
769 1137 44 21 fors
833 1137 98 27 öfvergäs
949 1137 126 22 förmedelst
1093 1143 26 16 en
1139 1137 41 21 140
1198 1137 32 21 fot
1248 1137 50 26 läng

548 1172 46 26 bro,
609 1171 109 22 hvarefter
732 1171 70 22 banan
816 1171 49 21 med
880 1177 26 15 en
916 1171 33 21 för
961 1171 193 27 jordformationen
1165 1171 65 26 nödig
1240 1171 63 26 ringa.

548 1206 88 27 böjning
650 1205 111 22 fortsättas
775 1205 34 22 till
824 1205 69 22 Kolho
914 1206 61 26 sund,
991 1211 44 16 som
1051 1205 87 22 förenar
1152 1205 149 22 Keurunselkä

548 1241 50 21 med
612 1240 138 27 Kuresselkä,
765 1240 113 21 hvaröfver
893 1246 26 15 en
934 1240 42 21 200
991 1240 32 21 fot
1032 1240 51 26 läng
1092 1240 39 21 bro
1141 1240 28 26 pä
1179 1240 43 21 fast
1232 1239 70 28 grund

549 1275 40 22 och
604 1275 35 27 sju
653 1275 43 21 fots
710 1274 125 27 vattendjup
846 1274 69 21 skulle
926 1275 120 26 anbringas,
1058 1274 39 21 och
1112 1274 94 22 derefter
1216 1274 88 21 komme

548 1310 71 21 banan
633 1309 8 21 i
656 1309 40 22 rak
711 1309 122 26 sträckning
848 1310 31 20 att
887 1309 59 21 ledas
957 1308 60 22 öfver
1027 1309 95 21 särdeles
1131 1308 73 27 jemna
1219 1309 82 21 trakter

548 1343 34 20 till
606 1344 41 20 den
669 1343 110 20 mellersta
801 1343 136 20 stambanans
959 1339 125 51 Wyhymäli
1106 1343 79 20 station
1202 1343 8 19 i
1228 1343 72 20 Etseri

548 1377 80 26 kapell.

617 1410 75 22 Banan
706 1412 25 19 är
745 1410 7 21 i
768 1410 48 22 dess
831 1410 73 21 helhet
918 1407 69 27 138'/2
994 1411 59 20 verst
1065 1409 57 28 lång,
1133 1409 39 22 och
1182 1409 120 22 kostnaden

549 1445 34 22 för
599 1445 50 22 dess
667 1445 129 27 anläggning
815 1447 30 24 är,
861 1445 54 22 efter
930 1445 121 27 grunderna
1066 1445 34 21 för
1116 1445 26 21 de
1157 1444 93 27 tidigare
1264 1444 40 22 be-

550 1480 84 22 stämda
648 1480 101 22 liniernas
764 1479 185 28 kostnadsförslag
965 1479 38 22 och
1013 1480 8 21 i
1032 1479 210 23 öfverenstämmelse
1252 1479 49 21 med

550 1515 41 22 den
610 1514 142 28 ompröfning,
771 1520 46 16 som
835 1514 160 22 vederbörande
1009 1515 134 27 ingeniörers
1158 1514 144 28 beräkningar

617 1556 89 21 Jernvägs-
711 1555 86 17 Utskottets
809 1555 102 17 betänkande
922 1556 35 16 N:o
970 1555 17 17 3.
