1067 1711
318 138 26 17 U.
359 138 30 18 B.
404 148 28 3 —
447 139 81 23 Prop.
543 140 46 18 N:o
604 141 36 18 28.

380 406 176 26 Sammansatta
573 407 61 33 Lag-
654 408 47 25 och
719 408 131 27 Ekonomi-

312 446 138 26 utskottets
472 446 155 26 betänkande
645 447 43 26 N:o
708 448 12 25 1
738 448 8 26 i
765 449 85 26 anled-

311 486 60 33 ning
398 486 28 25 af
450 486 74 26 Hans
554 487 177 34 Kejserliga
760 488 89 35 Maje-

310 528 83 23 stäts
421 526 91 34 Nädiga
538 527 159 33 proposition
725 530 125 32 angäende

309 566 193 33 tingsgästning.

175 646 82 22 Genom
288 647 101 27 samtliga
411 647 106 22 Ständens
547 648 146 27 likstämmiga
715 649 72 22 beslut
811 649 39 22 har

104 682 74 21 denna
193 681 86 27 Nädiga
294 682 136 27 proposition
446 682 152 21 öfverlemnats
607 683 35 20 till
652 682 158 23 förberedande
816 684 36 21 be-

104 715 107 27 handling
233 715 23 21 af
269 717 155 20 sammansatta
439 716 56 27 Lag-
510 717 39 20 och
568 717 221 27 Ekonomiutskottet,
805 724 45 15 som

100 749 13 20 i
128 749 79 21 -sädant
225 749 101 21 afseende
341 749 42 21 fått
398 751 109 26 emottaga
522 751 18 25 ej
556 750 83 21 mindre
655 750 37 21 det
706 751 24 20 af
743 757 26 14 en
784 751 8 21 i
806 751 44 21 Nä-

105 783 39 21 der
166 783 80 21 tillsatt
260 783 81 21 komitö
357 783 129 22 utarbetade
500 783 81 27 förslag
596 784 7 20 i
618 785 73 20 ämnet
703 784 67 26 jemte
785 787 65 19 samt-

105 817 45 26 liga
170 817 39 21 hos
224 817 96 21 komitön
336 817 76 21 dervid
426 817 114 21 tillkomna
555 817 136 27 handlingar,
706 819 28 19 än
750 819 40 20 ock
804 821 46 19 sär-

106 851 72 21 skilda
200 851 8 20 i
230 851 117 26 anledning
368 851 24 21 af
412 851 93 29 berörda
528 851 82 27 förslag
625 851 82 27 afgifna
722 852 128 22 utlätanden

105 884 41 21 och
160 884 158 27 betänkanden,
334 885 119 27 hvarjemte
468 885 114 27 utskottet,
598 885 27 27 pä
640 885 74 21 derom
729 886 63 26 gjord
807 886 43 22 för-

105 918 83 26 frägan,
204 918 156 27 underrättats,
370 920 31 20 att
416 919 70 27 nägon
502 919 134 27 omröstning
650 919 37 21 vid
702 920 102 21 ärendets
814 920 36 22 be-

105 952 93 26 redning
214 952 7 20 i
236 952 122 27 Kejserliga
374 952 93 22 Senaten
482 953 48 21 icke
545 955 37 25 egt
596 959 53 15 rum.

173 986 70 21 Innan
258 986 133 21 samhällena
406 988 58 20 ännu
478 987 88 27 upplöst
580 987 34 27 sig
628 987 7 21 i
650 987 58 21 olika
724 988 63 21 stånd
798 988 53 22 eller

106 1020 108 21 särskilda
235 1020 34 21 till
291 1020 125 28 personliga
436 1020 109 22 förmäner
567 1021 135 27 berättigade
725 1022 84 21 klasser
828 1022 24 22 af

105 1054 149 27 medborgare,
277 1054 74 21 hvilka
373 1060 76 21 genom
472 1055 63 21 dessa
549 1055 154 27 prarogativer
725 1056 77 24 skilde.
818 1057 34 26 sig

105 1087 49 21 från
177 1088 37 21 det
237 1088 109 27 egentliga
361 1089 75 26 folket,
451 1089 36 26 låg
502 1089 37 21 det
553 1089 7 21 i
578 1089 78 21 sakens
671 1091 65 20 natur
751 1092 33 19 att
798 1092 54 19 rätt-

105 1121 62 21 visan
187 1121 77 27 skulle,
280 1122 22 20 ät
318 1123 44 20 alla
376 1124 51 19 utan
444 1123 115 26 ätskilnad,
575 1123 73 27 skipas
664 1123 22 21 af
700 1129 81 15 samma
793 1124 58 27 judi-

107 1155 63 21 ciella
188 1156 157 27 myndigheter.
384 1156 46 22 Och
448 1156 108 28 sjelffallet
578 1163 38 15 var
631 1158 39 25 att,
685 1158 69 20 under
770 1158 81 22 sådana

106 1189 159 27 förhällanden,
282 1190 80 21 enhvar
377 1191 7 20 i
400 1190 33 21 sin
449 1191 49 21 män
514 1191 69 21 skulle
598 1191 34 21 till
648 1191 63 21 dessa
725 1192 127 27 myndighe-

106 1225 45 20 ters
167 1224 114 22 underhäll
296 1224 97 27 bidraga.
422 1225 50 21 Men
488 1224 113 22 efterhand
616 1231 45 16 som
676 1225 176 23 samfundslifvet

108 1254 66 30 antog
194 1258 171 27 mängfaldigare
380 1258 80 22 former
475 1259 40 21 och
528 1260 8 20 i
552 1259 154 27 sammanhang
717 1260 91 22 dermed
824 1267 27 15 en

104 1288 115 33 ätskilnad
233 1293 8 20 i
256 1293 208 27 samhällsställning
471 1294 169 26 medborgarene
651 1294 91 20 emellan
749 1296 101 25 uppstod,

107 1326 86 21 kommo
216 1333 26 14 en
261 1327 39 23 del
323 1327 23 21 af
368 1328 63 20 dessa
452 1329 39 24 att,
507 1328 7 20 i
536 1327 136 21 förhållande
686 1328 34 20 till
736 1328 42 21 den
792 1330 61 21 stora

106 1365 88 15 massan
210 1359 23 21 af
247 1354 75 32 folket,
338 1360 74 26 intaga
426 1367 27 14 en
468 1360 233 27 undantagsställning,
716 1361 34 20 uti
764 1361 88 22 hvilken

108 1393 33 26 de,
164 1392 64 22 ledde
252 1393 24 21 af
295 1394 37 21 det
346 1400 56 20 egna
416 1394 109 26 intresset,
541 1393 109 22 sträfvade
666 1395 32 19 att
712 1394 24 21 ät
750 1394 44 22 alla
808 1395 45 25 häll

108 1427 86 22 befästa
216 1427 34 27 sig
272 1434 77 20 genom
364 1429 33 20 att
413 1427 53 22 söka
480 1427 66 22 vinna
560 1427 148 28 hvarjehanda
722 1428 130 27 rättigheter

106 1461 30 28 pä
152 1461 26 22 de
193 1461 81 28 öfrigas
290 1462 127 21 bekostnad.
434 1473 2 3 -
447 1462 99 27 Tidigast
560 1462 118 27 uppträder
693 1462 93 22 isädant
795 1463 57 28 syfte

178 1507 125 18 Sammansatta
315 1508 38 23 Lag
366 1508 28 17 och
408 1508 84 18 Ekonomi
503 1509 89 16 utskottets
605 1507 104 19 betänkande
721 1508 35 18 N:o
769 1509 15 16 1.
