992 1711
303 124 29 23 U.
347 124 28 23 B.
391 137 27 3 —
432 125 74 28 Prop.
522 124 44 24 N:o
582 125 36 23 26.
795 126 14 21 3

84 188 119 28 undergått
216 188 8 20 i
239 183 171 31 Öfverstyrelsen
425 187 35 21 för
473 189 50 25 väg-
538 188 39 21 och
587 188 251 22 vattenkommunikatio-

86 228 73 19 nerna,
175 221 109 21 beräknad
298 221 34 21 till
348 222 127 26 13,850,000
489 222 66 26 mark,
564 222 54 21 eller
628 223 91 25 100,640
732 222 61 21 mark
803 222 36 21 för

87 255 74 27 hvarje
179 257 64 19 verst.
276 255 84 27 Lägger
377 262 50 15 man
445 256 73 21 härtill
538 256 107 22 afständet
662 256 79 22 mellan
760 256 77 27 Mylly-

87 289 57 21 mäki
159 289 78 21 station
256 289 39 21 och
309 289 135 22 Nikolaistad
460 291 55 20 samt
530 290 41 21 den
585 289 59 22 förut
657 290 103 27 uppgifna
778 290 59 21 kost-

86 324 71 21 naden
171 323 34 22 för
220 323 69 22 denna
304 323 91 27 sträcka,
412 324 127 26 14,700,000
553 324 61 21 mark
625 325 53 20 eller
687 324 78 27 98,C00
775 324 62 21 mark

86 365 39 20 per
143 359 64 26 verst,
226 358 84 21 komme
327 358 50 21 hela
395 358 70 21 banan
480 359 91 21 emellan
586 359 143 21 Tammerfors
745 359 40 21 och
799 359 38 21 Ni-

86 393 108 21 kolaistad
212 394 31 20 att
257 393 67 20 blifva
339 392 68 27 288!/2
422 394 58 20 verst
495 393 49 27 lång
560 393 39 22 och
614 393 98 27 medtaga
727 393 7 21 i
749 393 88 27 anlägg-

86 427 155 28 ningskostnad
256 427 129 26 28,550,000
399 427 68 22 mark.

155 462 48 21 Den
220 463 72 20 vestra
310 461 108 22 banlinien
433 464 24 19 är
472 462 50 21 ledd
536 461 48 22 frän
600 461 143 22 Tammerfors
759 462 78 21 station

88 496 99 21 ofvanom
206 497 116 20 strömmen
339 496 36 21 vid
393 496 69 21 denna
481 496 47 21 stad
546 496 34 21 till
598 495 96 28 Ylöjärvi
711 496 73 27 kapell
799 497 39 22 ock

87 530 160 22 sammanfaller
261 530 28 27 pä
305 536 26 15 en
345 530 120 27 vägalängd
480 530 24 21 af
516 530 28 22 28
559 532 59 20 verst
632 531 49 20 med
695 531 41 20 den
747 531 91 26 tidigare

87 565 131 21 undersökta
236 565 67 21 linien
321 565 92 20 emellan
432 564 143 22 Tammerfors
594 565 40 21 och
648 565 113 26 Wälimaa,
776 565 62 21 hvar-

87 599 55 22 efter
161 599 123 22 densamma
301 598 105 27 fortlöper
424 598 7 22 i
445 599 85 27 nordlig
549 599 122 27 sträckning
686 599 39 21 och
739 600 9 20 i
762 599 76 21 närhe-

86 636 37 20 ten
141 634 24 22 af
181 634 66 21 Ikalis
266 633 43 27 sjös
329 634 98 26 sydöstra
445 634 54 21 hörn
517 640 77 20 genom
614 634 136 26 Wiljakkala,
765 634 73 26 Ikalis,

86 669 62 21 Kuru
167 668 39 22 och
224 668 91 21 Wirtois
334 668 158 27 församlingar,
511 668 44 21 tills
576 668 40 21 den
634 668 32 20 uti
683 668 77 27 Rajala
774 668 28 27 by
817 668 24 21 af

87 703 67 21 Alavo
174 702 78 22 socken
271 702 170 21 sammanträffar
459 702 49 22 med
526 702 40 21 den
581 702 109 22 mellersta
706 703 131 26 stambanan,

86 738 7 20 i
108 737 64 21 hvars
187 737 165 26 ursprungligen
366 736 112 21 bestämda
492 736 94 27 riktning
602 742 26 15 en
644 737 108 26 obetydlig
767 736 71 22 förän-

87 771 62 27 dring
164 770 71 22 blifvit
249 771 28 26 pä
293 771 58 20 detta
367 771 63 20 ställe
445 771 119 27 ifrågasatt.

156 805 40 21 Om
211 805 70 21 banan
296 805 55 21 hade
366 805 81 21 kunnat
461 805 60 22 ledas
536 805 48 22 frän
598 805 96 27 Ylöjärvi
703 805 73 27 kapell
786 805 53 22 mel-

86 840 36 21 lan
137 839 112 27 Lavajärvi
265 839 39 21 och
318 839 108 27 Näsijärvi
441 839 63 27 sjöar,
518 839 70 21 skulle
599 840 123 21 densamma
732 839 64 21 hafva
806 846 33 14 er-

86 874 63 21 hållit
167 875 31 19 ett
216 872 167 28 fördelaktigare
401 873 49 27 läge
470 873 38 22 och
523 873 71 22 blifvit
609 874 110 21 förkortad
735 874 49 21 med
798 874 41 26 4!/2

86 910 65 24 verst,
167 914 49 15 men
231 908 28 20 då
273 908 161 26 svårigheterna
448 908 28 26 på
491 908 59 22 detta
565 908 86 21 område
666 908 56 21 varit
736 908 25 21 så
774 910 65 24 stora,

87 944 32 20 att
141 943 26 21 de
189 942 120 22 betraktats
329 942 71 21 såsom
418 942 87 22 relativt
522 943 108 27 omöjliga,
645 943 39 21 har
699 943 41 21 den
756 944 82 26 omväg,

87 984 46 15 som
151 976 147 22 förstnämnda
316 977 51 21 linie
385 977 77 26 bildar,
480 977 90 27 nödgats
589 977 66 21 blifva
670 977 88 21 anlitad.
788 977 50 21 Men

87 1012 28 21 då
133 1013 59 20 stora
210 1011 133 27 svårigheter
361 1013 54 19 mött
434 1011 63 21 äfven
512 1012 28 26 på
555 1012 69 21 denna
640 1012 132 20 sistnämnda
787 1012 51 21 linie

88 1045 166 27 ochisynnerhet
264 1046 36 20 vid
307 1045 173 27 banansledning
486 1045 58 21 öfver
552 1046 80 26 Alijoki
641 1046 98 26 dalgång,
749 1052 46 14 som
803 1052 36 14 en-

88 1081 55 20 samt
161 1078 95 28 pröfvats
275 1080 99 25 medtaga
393 1085 26 15 en
438 1079 92 21 kostnad
548 1079 24 21 af
590 1080 112 25 1,300,000
716 1079 69 26 mark,
799 1079 40 22 har

88 1114 54 21 dock
161 1113 114 27 sluteligen
293 1113 76 27 frågan
388 1119 34 15 om
440 1114 76 20 liniens
535 1114 109 26 placering
662 1115 94 19 österom
771 1114 68 20 Lava-

86 1147 56 28 järvi
161 1147 32 27 sjö
212 1147 63 21 äfven
293 1147 70 21 blifvit
381 1147 125 22 alternativt
520 1149 114 25 upptagen.
663 1147 43 21 För
721 1148 32 20 att
767 1147 72 22 kunna

87 1183 52 20 utan
157 1181 73 21 alltför
252 1183 59 19 stora
331 1181 271 27 terrasseringskostnader
624 1181 87 26 öfvergå
725 1181 113 27 Lavajärvi

88 1215 99 28 dalgång,
202 1215 39 21 har
257 1215 36 22 det
308 1217 81 19 ansetts
405 1215 179 28 ändamålsenligt
598 1217 32 20 att
640 1216 110 21 derstädes
765 1216 8 21 i
787 1216 51 21 stäl-

87 1251 30 21 let
132 1250 35 21 för
181 1250 27 21 de
222 1250 93 21 normalt
329 1250 97 21 använda
442 1251 11 20 1
469 1249 32 22 fot
514 1249 28 27 på
559 1251 41 20 100
613 1250 97 27 tillämpa
720 1250 119 27 stigningar

87 1284 24 22 af
125 1285 11 20 1
153 1284 28 27 pä
195 1284 28 21 50
238 1284 39 21 och
291 1284 56 20 ända
361 1284 34 20 till
411 1285 10 20 1
438 1284 28 27 pä
480 1285 34 20 40.
545 1285 33 20 En
593 1284 53 25 följd
661 1284 63 21 deraf
736 1290 58 20 vore,
808 1285 32 20 att

87 1318 37 21 två
138 1320 77 25 tyngre
229 1318 117 21 lokomotiv
361 1318 39 21 och
415 1318 45 21 åtta
474 1319 153 26 bromsvagnar
649 1319 67 20 borde
736 1319 103 21 statione-

88 1357 36 16 ras
142 1351 28 27 på
185 1351 73 21 stället
273 1353 51 19 utan
339 1357 70 14 annan
423 1351 150 22 bestämmelse
583 1353 28 20 än
621 1353 32 19 att
662 1351 115 27 forthjelpa
787 1352 52 21 ban-

88 1385 64 25 tågen
171 1391 52 21 upp-
243 1385 38 21 och
299 1385 76 20 nedför
394 1385 97 26 branten,
510 1385 98 21 hvarföre
627 1385 63 21 äfven
704 1391 27 15 en
746 1385 92 21 särskild

90 1420 79 21 station
186 1419 39 21 och
240 1420 31 20 ett
286 1419 50 21 stall
351 1418 34 21 för
399 1418 143 22 lokomotiven
557 1420 67 21 borde
639 1420 38 20 der
692 1420 108 26 anläggas.

158 1459 90 22 Jernvägs-
253 1459 87 17 Utskottets
351 1459 104 17 betänkande
466 1459 35 17 N:o
513 1459 17 17 3.
