1061 1711
408 134 56 22 N:o
481 132 49 24 23.
805 134 12 20 3

99 203 34 27 sju
149 203 71 20 dertill
232 202 23 21 af
263 202 128 21 kommunen
401 202 62 21 valde
474 204 48 19 män
533 202 51 21 eller
596 201 123 22 derutöfver
730 202 24 20 så
764 202 84 26 många,

100 243 46 15 som
161 236 34 21 för
210 236 116 27 tingslaget
340 236 78 26 nödige
434 238 45 19 äro.
504 236 78 21 Finnas
592 236 8 20 i
611 236 93 26 tingslag
714 235 52 21 flera
777 238 27 18 än
814 236 34 26 sju

98 270 141 21 nämndemän
263 270 39 20 och
325 272 24 18 är
368 270 17 26 ej
402 270 54 20 allas
472 272 89 19 närvaro
577 270 7 20 i
600 272 70 18 rätten
686 270 111 25 samtidigt
812 269 36 20 be-

99 303 72 26 höflig,
187 304 117 21 bestämme
319 303 195 26 häradshöfdingen
530 304 40 20 den
586 304 96 26 ordning,
698 303 7 20 i
720 303 86 21 hvilken
822 303 29 20 de

100 337 62 22 skola
177 337 6 21 i
198 339 70 20 rätten
285 337 106 21 tillstädes
407 343 57 15 vara.

453 400 10 27 $
480 401 19 20 2.

171 439 80 27 Hvarje
269 440 100 21 kommun
385 440 56 20 inom
458 440 115 26 tingslaget
588 441 64 24 utgör
666 440 34 21 för
715 439 33 26 sig
764 446 26 14 en
805 440 45 20 val-

100 474 60 21 krets
179 474 39 20 och
237 474 34 21 val
290 473 23 22 af
326 474 141 21 nämndeman
483 474 101 21 anställes
606 475 6 19 ä
627 474 221 21 kommunalstämma.

100 503 31 26 Är
145 508 71 25 någon
232 508 33 20 till
280 508 116 25 tingslaget
410 508 96 21 hörande
521 508 100 21 kommun
637 508 52 21 eller
704 508 35 21 del
754 507 23 21 af
790 507 59 21 kom-

100 548 50 15 mun
166 542 24 21 så
205 542 58 26 liten,
279 543 33 19 att
327 542 96 20 derinom
439 542 92 20 särskild
546 542 140 21 nämndeman
703 543 18 26 ej
734 541 114 26 erfordras,

100 576 35 21 må
150 576 123 20 densamma
288 575 48 21 med
352 581 69 15 annan
441 576 100 20 kommun
556 576 34 20 till
606 581 24 15 en
646 576 94 20 valkrets
757 575 93 21 förenas.

451 638 10 27 $
481 639 18 20 3.

172 678 31 20 På
218 677 125 22 häradsrätt
358 678 112 21 ankomme
485 680 38 24 att,
539 678 55 20 efter
606 678 196 26 tingslagsboernes
813 679 39 20 hö-

100 712 74 26 rande,
190 712 102 21 förordna
307 718 34 15 om
357 712 107 20 särskilda
479 713 125 19 kommuner
620 712 61 20 skola
695 712 59 20 bilda
768 718 25 14 en
805 712 46 21 val-

101 745 60 21 krets
177 745 38 20 och
230 745 58 20 inom
303 745 85 21 hvilken
403 745 102 21 kommun
520 751 122 20 gemensam
657 745 127 21 valstämma
799 745 6 20 i
818 746 33 20 så-

101 779 53 20 dant
175 779 38 20 fall
235 779 68 20 hållas
327 779 61 26 skall,
408 779 109 21 äfvensom
534 785 32 14 om
582 779 194 21 nämndemännens
792 780 58 20 antal

101 813 58 21 inom
174 813 72 27 hvarje
261 813 95 20 valkrets
372 813 46 26 och,
430 813 38 21 der
479 813 76 21 sådant
566 819 61 14 anses
638 813 80 26 nödigt,
730 813 57 21 inom
798 813 55 21 hvil-

101 847 42 21 ken
158 847 35 21 del
209 847 22 20 af
244 847 122 21 valkretsen
381 847 53 20 hvar
449 847 141 21 nämndeman
604 847 40 21 bör
659 853 51 14 vara
725 847 79 21 bosatt.

174 943 33 21 Då
225 943 142 21 nämndeman
383 943 56 21 skall
453 944 109 24 tillsättas,
579 943 71 26 varde,
666 943 28 27 på
709 944 105 20 anmodan
830 944 23 20 af

101 978 203 26 häradshöfdingen,
320 978 34 20 val
369 978 7 20 i
392 977 77 21 sådant
483 977 99 21 afseende
594 977 12 20 å
616 977 135 26 vederbörlig
762 980 34 18 ort
806 978 46 20 hål-

102 1012 35 25 let,
159 1012 39 20 och
221 1013 38 25 äge
283 1012 73 20 dervid
379 1018 25 14 en
420 1011 52 21 hvar
492 1012 158 26 tingsgästning
665 1012 114 21 betalande
794 1012 58 20 med-

102 1046 42 20 lem
159 1045 57 21 inom
231 1045 122 21 valkretsen
369 1047 32 19 att
416 1045 48 21 med
480 1052 26 14 en
521 1046 47 20 röst
583 1045 6 20 i
605 1045 57 21 valet
678 1045 91 27 deltaga.

454 1101 11 27 8
481 1102 19 20 5.

174 1141 147 21 Nämndeman
343 1141 67 27 väljes
432 1141 34 21 för
488 1143 33 19 tre
543 1141 29 26 är,
590 1141 39 21 och
647 1141 74 22 valbar
741 1142 73 21 dertill
829 1144 25 19 är

103 1176 74 26 hvarje
191 1175 7 20 i
215 1175 122 21 valkretsen
352 1175 52 21 eller
419 1176 41 21 den
475 1175 34 21 del
525 1175 67 25 deraf,
608 1175 56 21 inom
676 1175 87 22 hvilken
780 1178 74 19 nämn-

103 1210 77 21 deman
196 1209 54 21 skall
266 1211 66 24 utses,
348 1209 74 21 bosatt
437 1209 137 21 rättskaffens
589 1215 55 20 man,
661 1215 45 15 som
721 1209 49 26 fyllt
782 1210 71 26 tjugu-

103 1243 42 22 fem
165 1244 24 21 är
207 1243 40 21 och
265 1243 43 21 kan
327 1243 33 20 till
379 1243 67 21 andra
464 1243 136 21 kommunala
615 1243 145 26 befattningar
775 1244 78 26 väljas;

104 1278 55 21 dock
174 1277 18 27 ej
209 1277 46 26 den,
273 1283 45 15 som
333 1277 34 20 för
381 1277 127 26 kroppslyte
523 1277 52 21 eller
591 1277 98 26 sjukdom
705 1277 33 21 till
748 1277 106 26 tjenstens

103 1311 139 22 bestridande
265 1311 103 26 obegväm
391 1312 33 24 är;
448 1311 18 26 ej
491 1310 46 27 den,
557 1316 46 15 som
621 1310 89 21 innehar
725 1311 129 26 statstjenst,

105 1345 39 21 och
160 1346 17 25 ej
193 1345 68 20 heller
276 1345 47 25 den,
339 1350 46 15 som
400 1345 34 19 för
449 1345 29 20 fel
493 1345 7 19 i
515 1345 93 25 tjensten
618 1344 48 20 från
676 1345 184 20 nämndemanna-.

104 1378 121 26 befattning
241 1378 66 26 skiljd
321 1377 77 21 blifvit.

457 1417 12 26 8
485 1417 18 20 6.

178 1458 53 25 Den,
248 1463 46 15 som
309 1457 34 21 till
357 1456 143 21 nämndeman
514 1456 50 21 vald
578 1456 78 25 blifvit,
671 1462 50 15 vare
732 1456 124 26 berättigad
