1042 1703
403 162 52 22 N:o
472 162 49 22 26.
792 166 11 18 9

85 229 56 20 bana
164 229 69 20 skulle
252 229 77 20 beröra
348 229 91 26 Kuopio,
457 231 97 19 Joensuu
570 231 38 20 och
624 231 122 26 Idensahni,
762 232 72 20 hvilka

85 262 66 20 redan
174 263 51 19 idka
247 269 25 14 en
293 263 95 26 betydlig
403 263 201 21 affärsverksamhet
620 266 56 19 samt
690 267 37 18 äro
744 265 90 20 hufvud-

86 297 59 19 orter
160 296 39 20 och
215 296 229 27 uppsamlingsplatser
459 297 34 20 för
508 297 132 21 vidsträckta
656 298 107 26 områden,
778 298 55 21 ifrån

85 329 73 21 hvilka
173 336 26 14 en
214 330 121 26 betydande
351 332 110 24 transport
477 331 22 20 af
511 331 127 26 jordbruks-
654 332 39 20 och
708 332 126 26 ladugårds-

84 363 119 27 produkter
226 365 55 19 samt
303 364 124 26 isynnerhet
450 365 132 26 skogsalster
604 365 61 21 torde
684 372 52 14 vara
754 367 32 19 att
801 366 34 20 för

85 404 26 14 en
134 397 107 21 blifvande
262 398 89 26 jernväg
373 398 102 26 påräkna.
507 399 81 21 Genom
611 400 26 20 de
652 399 122 27 föreslagna
792 400 42 21 för-

86 432 171 26 eningsbanorna
273 432 69 21 skulle
357 432 140 22 förenämnda
513 433 123 21 stambanor
651 434 81 20 erhålla
748 436 31 19 ett
789 434 46 21 inre

86 466 103 21 samband
205 466 48 21 med
269 466 120 21 hvarandra
405 469 108 19 äfvensom
529 468 48 20 med
593 469 71 19 vestra
680 468 86 21 delarne
778 468 22 20 af
809 468 26 21 de

86 500 59 21 förut
168 500 109 26 befintliga
297 501 148 26 jernvägarne,
471 501 145 21 hvarförutom
639 502 83 20 landets
738 502 98 26 nordliga

86 535 39 20 och
141 534 108 21 mellersta
265 535 60 20 delar
340 534 69 21 skulle
425 535 90 21 beredas
526 542 26 14 en
563 535 77 21 lättare
652 536 184 21 kommunikation

86 569 49 20 med
156 569 111 25 sydvestra
283 568 61 21 delen
361 568 22 21 af
397 569 73 20 landet
486 569 38 21 och
540 569 164 26 hufvudstaden,
718 570 66 26 jemte
800 570 36 20 det

86 602 83 21 landets
192 602 119 21 förnämsta
333 602 118 21 fabriksort
474 603 142 21 Tammerfors
640 604 70 20 skulle
735 605 68 19 sättas
829 604 6 20 i

87 637 122 20 omedelbar
232 637 101 26 beröring
351 637 48 20 med
415 637 36 20 det
466 637 46 21 inre
528 637 22 20 af
564 637 78 20 landet.
674 637 162 21 Ofvanberörda

86 670 90 20 hufvud-
193 670 38 20 och
247 670 280 26 sammanbindningsbanor
543 671 83 20 komme
642 671 84 20 derföre
742 672 32 19 att
789 671 48 20 med

86 704 121 21 hvarandra
229 704 58 20 bilda
311 706 30 18 ett
365 704 70 21 enkelt
451 705 39 20 och
505 705 100 25 beqvämt
620 705 154 25 stambansnät,
791 710 46 15 som

87 738 69 21 blefve
172 738 98 26 omkring
288 739 24 20 17
329 738 36 21 mil
381 738 88 21 kortare
485 739 38 21 och
539 738 89 26 ungefär
644 739 44 20 lika
703 739 77 26 många
790 739 46 20 mil-

86 773 68 20 lioner
176 772 61 21 mark
260 772 98 26 billigare
376 774 27 18 än
421 772 37 20 det
477 773 36 20 vid
528 772 54 21 sista
597 772 103 27 landtdag
715 772 122 27 föreslagna

86 807 178 20 stambansnätet.

157 840 136 20 Beträffande
316 840 40 21 den
371 842 73 18 vestra
460 840 117 25 stambana,
598 846 45 14 som
661 840 123 26 föreslagits
805 842 32 19 att

86 875 79 26 dragas
187 875 74 20 utmed
284 875 52 20 eller
355 874 6 20 i
377 874 103 21 närheten
496 874 23 21 af
532 874 41 20 den
588 874 164 21 vattendelande
767 874 69 21 landt-

86 915 81 20 ryggen
182 914 75 20 genom
273 909 56 25 glest
345 908 114 20 befolkade
477 908 89 25 trakter,
588 914 62 20 synes
666 914 26 14 en
708 908 58 26 dylik
783 909 54 20 bana

86 943 28 26 på
138 942 25 21 de
183 941 22 21 af
223 938 171 30 Öfverstyrelsen
414 942 33 20 för
466 944 50 24 väg-
532 942 37 20 och
585 942 253 21 vattenkommunikatio-

86 983 68 15 nerna
170 976 89 21 anförda
275 976 46 20 skäl
337 976 18 26 ej
372 976 53 20 böra
439 976 161 26 ifrågakomma.
620 970 17 26 Å
654 976 40 20 den
710 976 128 26 uppgångna

86 1011 67 20 linien
161 1010 72 21 utmed
241 1012 73 18 vestra
323 1010 76 20 kusten
408 1010 27 25 på
445 1011 30 19 ett
486 1010 85 20 afstånd
582 1010 22 19 af
614 1010 97 25 omkring
722 1011 12 19 5
745 1010 37 20 mil
791 1010 47 20 från

88 1045 123 20 densamma
234 1043 69 21 skulle
326 1043 46 21 åter
395 1050 25 14 en
441 1043 89 27 jernväg
554 1043 66 26 enligt
643 1043 77 21 sakens
739 1045 64 19 natur
818 1044 18 26 cj

88 1079 72 20 kunna
174 1077 97 27 påräkna
287 1079 45 19 stor
346 1077 63 21 trafik
420 1077 47 20 från
478 1077 120 25 kustsidan,
610 1077 88 20 emedan
708 1083 64 15 varor
782 1076 56 22 ifrån

88 1113 70 20 denna
173 1111 67 22 smala
255 1111 111 20 kusttrakt
381 1111 109 20 sannolikt
505 1111 83 21 komme
604 1113 38 23 att,
661 1111 6 20 i
684 1112 106 20 anseende
805 1111 33 20 till

88 1147 41 20 den
144 1146 99 25 billigare
259 1145 252 26 sjökommunikationen,
526 1145 154 20 företrädesvis
692 1145 52 20 söka
755 1145 33 26 sig
799 1147 39 24 väg

87 1181 33 20 till
144 1179 218 26 afsättningsorterna
384 1179 27 26 på
435 1185 82 14 samma
539 1181 44 18 sätt
603 1185 45 14 som
663 1179 108 20 härintills
787 1179 52 20 eller

88 1214 91 21 medelst
202 1213 26 20 de
247 1213 73 20 utmed
337 1213 103 20 kusterna
455 1213 56 20 ända
526 1213 33 20 till
575 1212 31 21 S:t
621 1212 131 27 Petersburg
768 1212 70 21 äfven-

90 1254 45 15 som
158 1247 25 20 de
206 1247 33 20 till
259 1246 92 21 svenska
369 1246 117 21 hamnarna
501 1246 81 26 gående
598 1246 104 26 ångbåtar
718 1247 39 20 och
773 1247 67 20 andra

88 1281 114 22 farkoster.
232 1281 43 20 För
290 1282 33 19 att
338 1286 25 15 en
377 1280 89 27 jernväg
482 1280 12 21 å
509 1280 132 21 sistnämnda
652 1280 50 21 linie
712 1280 55 21 ifrån
778 1280 62 21 Tam-

89 1315 91 22 merfors
196 1315 33 20 till
245 1315 109 25 Uleåborg
369 1314 47 21 med
433 1320 25 15 en
474 1314 63 26 längd
553 1313 23 22 af
590 1315 26 20 35
632 1314 36 20 mil
684 1314 39 20 och
739 1320 25 15 en
780 1314 62 21 deraf

90 1348 100 27 betingad
214 1348 65 26 högst
301 1348 95 26 betydlig
419 1347 234 26 anläggningskostnad
676 1348 69 20 skulle
760 1348 78 25 kunna,

90 1382 90 21 oaktadt
195 1381 144 26 nyssnämnda
355 1387 137 20 ogynsamma
506 1381 139 24 förhållande,
656 1381 70 20 lemna
737 1387 25 14 en
774 1381 66 20 sådan

91 1416 132 26 afkastning,
236 1417 38 29 att
296 1415 81 21 banans
400 1415 112 20 underhåll
528 1415 39 20 och
582 1413 125 28 trafikering
723 1415 17 26 ej
757 1415 83 20 komme

91 1453 33 20 att
146 1450 129 21 åtminstone
298 1456 26 14 en
343 1449 49 26 lång
415 1449 31 20 tid
461 1449 75 20 kräfva
552 1449 68 26 årliga
636 1449 74 26 anslag
726 1449 22 20 af
762 1449 78 26 landet,

92 1485 69 21 skulle
177 1485 69 20 denna
261 1484 56 21 bana
332 1483 69 21 måsta
421 1483 62 21 hafva
506 1485 30 19 att
560 1483 33 20 till
617 1484 68 19 större
708 1482 77 27 mängd
804 1483 36 26 på-
