1053 1709
245 114 29 22 44

218 177 43 21 200
283 178 86 20 centner
390 176 8 20 i
420 176 94 27 enlighet
531 176 48 21 med
598 176 26 21 de
641 175 116 21 bestående
776 176 105 21 banornas
900 182 65 20 nyare

218 212 110 26 vagnstyp,
343 210 86 22 hvartill
444 216 54 21 egna
511 210 72 27 vigten
598 210 8 21 i
620 210 116 20 allmänhet
751 210 69 20 skulle
830 210 92 21 förhålla
932 211 33 25 sig

218 245 71 21 såsom
305 246 19 20 1.
339 244 33 22 till
389 245 48 20 1.66.
466 244 42 21 Vid
522 244 103 27 förslaget
638 244 22 20 TI
669 245 25 19 är
703 243 160 28 lastdrygheten
873 245 91 26 antagen

219 279 34 21 till
273 280 40 20 137
332 280 87 20 centner
436 279 40 21 och
490 284 54 21 egna
557 278 72 27 vigten
643 279 8 20 i
666 284 50 21 nyss
731 278 86 21 anfördt
831 278 133 22 förhållande

217 314 78 21 dertill.
328 313 38 21 Att
384 313 46 21 åter
448 313 39 21 här
501 313 40 21 den
556 313 81 21 mindre
652 312 154 27 lastförmågan
821 313 97 27 betingar
933 315 30 19 ett

216 350 69 19 större
300 348 58 21 antal
371 353 81 21 vagnar
466 349 25 19 är
503 347 110 27 naturligt.

486 422 48 23 Litt.
548 421 29 23 N.
592 422 99 27 Telegraf.

282 456 125 22 Kostnaden
420 456 36 22 vid
471 457 59 22 detta
544 456 78 27 littera,
636 456 99 22 minskad
749 457 111 27 gentöfver
870 460 92 20 motsva-

216 492 66 22 rande
297 491 36 21 vid
350 486 150 36 Tavastehus—
512 486 137 36 Tammerfors
659 491 142 27 banbyggnad
810 498 77 20 genom
897 494 64 20 mins-

213 526 52 21 kadt
283 526 59 22 antal
360 526 210 27 telegrafapparater,
588 526 42 22 blir
646 525 34 21 för
698 525 68 27 begge
785 526 107 28 förslagen
910 528 50 22 den-

213 555 87 27 sämmä.

468 621 45 24 Litt.
528 620 26 24 O.
570 620 128 29 Sjukvärden.

281 667 42 21 Till
337 666 131 23 bekostande
483 668 23 21 af
519 668 128 26 sjukvärden
660 668 40 21 har
714 668 24 22 af
746 668 159 23 vederbörande
915 670 43 21 för-

213 700 57 28 slags
292 702 148 21 totalsummor
457 703 44 20 0.26
518 704 88 25 procent
622 702 70 22 blifvit
710 703 97 27 anslaget
824 704 8 20 i
850 703 107 23 öfverens-

214 736 121 22 stämmelse
349 736 49 22 med
413 736 118 22 kostnäden
544 737 34 21 för
592 738 148 21 motsvarande
756 738 72 22 littera
841 739 36 21 vid
891 740 66 26 bygg-

211 770 69 22 naden
296 771 23 21 af
332 771 303 23 Tavastehus-Tammerfors
649 772 85 22 bandel.

366 1398 115 25 Helsingfors,
493 1400 17 18 J.
523 1401 19 18 C.
554 1402 92 18 Frenckell
658 1405 13 15 &
684 1404 40 21 Son,
738 1406 49 18 1877.
