1048 1709
259 155 13 20 6
420 153 79 23 Ständ.
515 153 37 23 Sv.
568 166 26 3 —
610 154 70 27 Prop.
696 154 40 21 N:o
750 154 34 21 24.

231 217 51 21 eller
299 216 138 28 brobyggnad,
454 223 43 14 som
516 216 84 20 komme
615 217 31 20 att
660 224 49 13 vara
724 216 84 21 förenad
823 216 48 22 med
886 216 86 28 betydli-

229 258 50 21 gare
297 250 117 27 kostnader,
430 250 87 22 förvissa
535 250 32 29 sig
581 258 34 13 om
630 250 98 29 rättighet
743 252 30 20 att
787 250 23 22 af
822 250 86 23 resande
923 259 49 21 upp-

229 286 50 21 bära
294 285 41 22 viss
349 285 44 22 bro-
410 285 50 21 eller
475 284 104 29 vägafgift.

299 319 42 22 Till
361 319 24 22 de
408 319 220 26 straffbestämmelser,
649 327 43 13 som
712 321 74 20 utsatts
803 319 32 22 för
852 319 25 22 de
892 319 8 22 i
915 321 13 25 8
945 320 26 21 18

230 354 135 22 omförmälda
379 356 77 19 tvenne
471 353 42 27 fall,
529 353 62 22 hafva
606 353 117 22 Ständerna
737 353 55 29 fogat
805 353 72 29 tillägg
886 361 34 14 om
931 354 40 22 den

229 388 117 29 brottsliges
361 388 119 29 skyldighet
494 389 31 20 att
539 389 77 20 ersätta
631 387 22 22 af
665 388 77 21 honom
757 387 68 23 vållad
839 388 69 22 skada.

297 423 34 21 Då
347 423 34 22 det
396 423 41 21 kan
452 423 69 22 hända
536 425 31 19 att
581 422 64 22 skada
660 422 12 22 &
686 423 36 21 bro
738 423 50 21 eller
804 422 52 29 färja
871 423 99 29 uppkom-

229 458 40 21 mit
282 465 75 21 genom
371 465 79 14 annans
464 457 147 22 handaverkan
627 457 50 21 eller
691 457 85 21 alldeles
790 457 119 22 oförutsedd
922 458 49 21 hän-

230 492 62 25 delse,
307 491 63 22 hafva
385 491 117 22 Ständerna
516 491 70 22 funnit
601 492 35 21 det
650 499 49 14 vara
713 492 117 28 lämpligast
844 494 30 20 att
884 492 88 22 domstol

229 526 8 22 i
251 525 73 29 hvarje
338 525 169 22 förekommande
525 526 36 21 fall
576 525 84 29 pröfvar
674 526 104 21 huruvida
792 526 143 21 försummelse
950 531 22 17 är

229 563 31 19 att
273 561 108 21 tillräknas
396 561 46 25 den,
458 568 44 14 som
517 560 131 22 underhållet
663 560 87 29 åligger;
766 561 39 21 och
818 561 37 21 har
866 562 13 25 &
891 562 26 20 19
928 561 43 21 der-

229 595 44 22 före
293 594 82 23 erhållit
395 602 26 14 en
440 595 110 22 förändrad
569 595 85 28 lydelse,
674 595 111 21 hvarutom
804 594 123 26 Ständerna,
946 595 25 28 pä

229 629 51 25 skäl,
296 637 44 14 som
355 629 78 22 anförts
449 629 35 22 vid
500 630 13 26 &
529 629 32 26 10,
578 629 70 28 utbytt
666 629 58 22 ordet
741 628 167 29 »kronobetjent»
929 631 43 20 mot

232 664 182 21 >kronolänsman:
432 666 54 19 samt
500 663 199 29 tidsbestämningen
717 663 47 22 »två
774 663 72 29 dagar»
858 665 44 20 mot
916 663 55 29 »fyra

230 699 81 28 dagar»,
328 698 106 22 äfvensom
453 698 36 22 vid
508 699 63 21 slutet
590 697 23 22 af
626 699 38 26 &:n
679 697 66 29 fogats
760 700 30 19 ett
803 698 72 28 tillägg
890 705 33 14 om
938 706 34 13 an-

229 741 48 14 svar
297 733 39 21 och
358 733 244 28 ersättningsskyldighet
623 732 32 22 för
675 733 46 26 den,
740 740 44 14 som
803 732 85 22 alldeles
902 733 70 28 lägger

228 767 53 29 färja
295 767 69 21 neder.

297 801 32 21 På
343 801 67 29 grund
425 801 23 21 af
460 802 55 22 hvad
530 802 8 21 i
553 802 35 21 det
602 802 124 28 föregående
736 802 78 22 anförts
824 802 21 22 få
855 802 117 22 Ständerna

229 835 149 29 underdånigst
392 836 82 21 anmäla

365 873 31 18 att
413 870 123 21 Ständerna
554 871 85 26 antagit
655 871 40 20 den
710 871 82 27 nådiga
803 870 170 28 propositionen,

298 904 65 20 likväl
378 905 47 20 med
442 904 110 21 särskilda
568 905 124 27 ändringar
707 905 7 20 i
729 905 41 20 den
781 905 129 28 föreslagna
920 905 53 27 för-

297 937 130 28 fattningen,
442 938 83 21 hvilken
546 939 7 20 i
566 938 63 27 följd
647 939 68 27 deraf
732 939 80 21 komme
834 941 33 19 att
889 939 84 21 erhålla

291 971 102 29 följande
409 972 89 28 lydelse:

311 1047 142 32 Förordning,
471 1047 112 32 angående
601 1051 80 28 vägars
699 1049 43 23 och
760 1049 80 24 broars
858 1050 115 31 byggande

490 1089 43 22 och
551 1087 109 24 underhåll
678 1088 12 23 å
708 1089 80 24 landet.

365 1143 49 20 Med
434 1143 153 27 upphäfvande
609 1144 29 27 af
651 1144 55 21 hvad
722 1146 29 20 25
770 1145 48 27 kap.
834 1145 26 21 B.
876 1145 26 21 B.
918 1149 55 18 samt

296 1177 110 21 särskilda
416 1177 167 29 författningar
598 1179 94 20 rörande
703 1181 51 26 väg-
768 1179 37 21 och
816 1179 157 29 brobyggnads-

297 1211 95 21 besväret
412 1219 12 12 å
445 1212 73 21 landet
531 1212 137 27 föreskrifva
683 1213 8 20 i
706 1213 26 20 de
747 1213 67 26 delar,
834 1213 88 22 hvarom
937 1221 36 14 ne-

297 1245 44 20 dan
355 1247 69 25 säges,
440 1247 76 19 varder
531 1245 125 28 härigenom
666 1247 139 26 förordnadt
818 1249 68 19 såsom
896 1249 77 26 följer:

609 1308 15 28 $
639 1309 19 21 1

365 1348 119 21 Allmänna
494 1350 67 26 vägar
571 1349 8 20 i
590 1349 73 21 landet
678 1351 50 19 äro:
744 1351 32 19 1:0
787 1350 110 29 landsväg,
908 1352 64 20 hvar-

297 1382 47 21 med
354 1382 88 27 förstås
456 1385 46 25 väg,
518 1390 44 14 som
578 1384 58 20 leder
651 1384 91 21 emellan
758 1385 74 21 städer
845 1386 37 20 och
896 1386 76 28 köpin-

296 1423 48 21 gar,
359 1416 53 21 eller
421 1417 57 27 från
493 1417 61 28 dylik
568 1420 40 26 väg
624 1418 35 21 till
674 1418 74 28 kyrka,
764 1420 108 26 äfvensom
888 1421 35 21 till
933 1428 40 14 an-

297 1450 41 22 dra
353 1451 85 21 sådana
452 1452 85 26 ställen,
554 1452 38 21 der
607 1454 67 26 vägen
690 1454 94 30 pröfvas
800 1461 52 15 vara
861 1455 41 27 för
917 1462 55 15 sam-

292 1485 89 27 färdsel
396 1486 38 20 och
450 1486 149 28 varuforsling
615 1488 30 26 af
655 1488 83 21 allmän
752 1491 62 25 nytta
829 1489 37 21 och
877 1490 96 21 nödvän-
