1078 1714
205 112 25 20 10
493 112 51 22 N:o
560 110 50 23 3%.

175 179 80 26 ökning
266 180 8 20 i
284 179 96 27 utgifter,
396 186 46 14 som
458 179 217 22 dårvårdsväsendets
691 185 29 15 nu
736 179 88 21 afsedda
840 178 84 26 utvidg-

175 213 51 26 ning
248 213 96 21 kommer
366 215 32 19 att
416 214 104 26 medföra,
539 214 39 20 har
596 213 60 21 Hans
678 212 122 28 Kejserliga
821 213 104 26 Majestät

175 246 54 22 dock
252 248 57 20 velat
330 247 72 21 tillåta
421 249 33 19 att
472 248 40 20 den
527 248 73 20 härtill
616 247 140 25 erforderliga
771 247 93 21 kostnad
879 246 45 22 helt

175 280 40 21 och
236 281 67 21 hållet
325 281 64 27 utgår
411 281 47 21 från
481 282 136 24 statsverket,
638 283 51 19 utan
708 283 33 19 att
759 281 76 27 bidrag
851 281 72 21 dertill

175 314 96 22 kommer
286 317 32 19 att
333 315 24 21 af
370 315 121 22 Ständerna
506 316 70 26 äskas,
593 315 90 21 såframt
697 316 18 26 ej
733 315 146 22 Statsverkets
890 317 34 20 ut-

175 349 65 26 gifter
261 349 34 21 för
317 350 67 20 andra
401 350 79 26 nödiga
499 350 65 21 behof
578 350 52 21 eller
645 350 211 26 omständigheterna
870 350 8 21 i
894 350 31 21 öf-

176 384 44 26 rigt
234 386 53 24 göra
302 384 78 21 sådant
394 385 138 27 nödvändigt.

247 418 111 27 Härjemte
373 419 38 21 har
424 419 60 21 Hans
495 419 121 27 Kejserliga
626 419 102 27 Majestät
738 419 57 22 velat
807 419 119 22 Ständerna

176 452 34 21 till
224 452 130 28 upplysning
368 452 87 28 bilägga
470 454 131 29 förbemälde
612 454 92 21 komités
715 454 136 21 betänkande
859 454 66 26 jemte

178 487 71 22 dertill
272 487 95 22 hörande
390 488 81 27 förslag
489 488 34 22 till
541 488 146 27 utgiftsstater
703 489 38 21 och
757 488 40 22 den
814 488 112 22 skrifvelse

177 522 48 21 med
242 522 86 21 hvilken
348 521 63 23 dessa
429 523 127 26 handlingar
575 523 71 22 blifvit
663 523 33 21 till
719 523 94 22 Senaten
827 524 97 21 insända.

450 586 73 27 Enligt
541 586 61 21 Hans
621 586 121 27 Kejserliga
759 587 114 27 Majestäts
889 588 37 21 nå-

382 620 50 27 diga
448 620 118 28 befallning
583 621 70 27 gifven
668 622 7 20 i
692 621 31 22 S:t
739 622 130 27 Petersburg
885 622 41 21 den

380 636 19 45 28
407 648 68 14 Januari
491 636 9 45 —
505 656 60 21 18977.

389 672 9 13 9
409 671 78 16 Februari

270 759 66 22 EM.
360 759 473 24 STJERNWALL-WALLEEN.

526 857 56 18 Ch.
595 858 68 17 Em.
677 858 38 17 af
719 858 185 19 Frosterus.

290 1457 121 23 Helsingfors,
424 1459 10 17 å
447 1457 104 25 Kejserliga
564 1459 89 19 Senatens
665 1461 88 22 tryckeri,
766 1461 49 18 1877.
