1048 1711
296 119 32 21 U.
344 119 33 20 B.
392 130 29 4 —
437 120 85 25 Prop.
538 120 47 20 N:o
600 120 46 21 83.
804 121 11 19 3

95 191 26 17 än
137 194 43 13 som
197 188 29 19 lät
241 187 31 26 sig
288 190 52 23 göra
356 187 46 20 med
419 187 40 20 den
475 187 22 20 af
513 187 55 20 1872
584 189 33 19 års
633 188 90 20 Ständer
739 188 105 27 beviljade

94 229 82 12 summa
192 222 22 19 af
227 228 25 13 en
269 221 79 20 million
361 221 64 20 mark.
448 222 57 19 Enär
520 222 69 25 någon
600 223 90 19 särskild
702 223 68 23 orsak,
782 223 60 19 hvar-

95 256 31 19 för
142 255 47 20 hela
208 255 118 20 kostnaden
343 255 32 20 för
395 255 26 20 de
437 256 22 19 af
472 255 104 20 reformen
597 256 110 25 betingade
723 257 118 25 byggnads-

94 289 85 19 arbeten
197 288 63 20 borde
277 288 101 20 bestridas
393 290 90 19 medelst
500 290 121 25 bevillning,
632 290 47 19 icke
695 290 40 19 kan
752 290 90 26 anföras,

94 328 46 14 men
157 322 35 20 det
207 322 109 26 riktigaste
331 322 129 20 förfarandet
475 325 90 18 tvärtom
581 330 63 20 synes
659 330 57 18 vara,
727 325 31 18 att
768 324 75 20 endast

93 357 5 19 i
116 356 39 20 den
173 363 46 12 mon
236 356 51 20 eller
303 356 31 19 till
351 356 39 20 den
407 357 41 25 del,
464 358 136 19 statsverkets
617 358 112 25 tillgångar
743 358 47 19 icke
801 357 40 21 för-

94 390 64 27 sloge,
178 391 41 19 för'
232 390 120 20 ändamålet
375 391 65 19 anlita
462 392 121 26 bevillning,
604 392 41 19 kan
670 392 106 20 Utskottet
794 392 47 20 icke

94 425 70 26 undgå
180 427 29 17 att
225 424 118 26 framhålla,
359 427 30 17 att
405 426 35 19 det
456 425 54 20 hade
527 426 53 20 varit
596 426 114 20 önskvärdt
724 426 39 20 och
774 426 67 20 öfver-

94 458 168 21 ensstämmande
273 458 46 20 med
332 458 81 21 landets
429 460 94 25 intresse,
542 466 32 14 om
591 460 65 20 under
672 460 25 20 de
713 461 70 19 senast
800 460 40 20 för-

94 493 65 20 flutna
182 493 48 19 åren
253 493 61 19 äfven
339 493 106 20 allmänna
467 494 121 20 statsmedel
609 494 68 21 blifvit
695 494 32 20 till
743 494 26 20 de
784 494 57 20 kost-

93 534 79 14 samma
196 528 151 26 byggnaderna
369 528 106 25 anvisade,
492 528 31 20 för
543 528 148 20 befordrandet
710 528 24 20 af
752 534 25 14 en
793 534 49 14 snar

93 563 82 25 lösning
199 562 23 19 af
242 562 69 19 denna
327 563 46 18 med
396 562 132 20 rättsvärden
548 563 38 19 och
602 562 82 21 säledes
700 562 46 19 med
762 564 78 17 statens

93 596 164 25 väsendtligaste
273 596 120 20 funktioner
407 597 23 18 sä
446 599 51 17 nära
512 597 206 25 sammanhängande
735 595 86 27 uppgift.

160 630 62 20 Hvad
238 630 6 19 i
260 630 40 19 den
316 630 78 26 nädiga
409 631 157 25 propositionen
583 630 124 21 framställes
722 630 76 20 hänför
808 630 32 25 sig

161 664 45 20 dels
222 664 30 19 till
269 664 141 26 fängvärdens
425 665 45 18 inre
486 665 148 25 organisation,

162 698 45 19 dels
223 698 30 19 till
270 698 40 19 den
326 700 55 23 yttre
397 698 170 25 organisationen
582 697 52 21 eller
644 697 197 20 ästadkommandet

94 732 22 20 af
130 731 104 26 fängelser
250 731 46 20 med
313 731 69 20 dertill
398 732 93 20 hörande
507 732 139 26 inrättningar

161 765 169 21 Vidkommande
353 766 126 27 ätgärderna
501 766 32 20 för
554 766 39 19 den
610 767 44 18 inre
670 765 169 26 organisationen

92 803 118 24 (upptagna
226 801 11 18 å
253 807 19 18 p.
288 800 13 19 2
317 801 39 19 och
373 801 10 18 3
401 800 23 19 af
437 800 39 21 den
493 801 77 26 nådiga
581 800 163 26 propositionen,
755 799 6 20 i
773 799 11 20 9
796 805 42 14 mo-

92 837 74 23 ment),
181 835 38 20 har
235 834 106 20 Utskottet
360 837 73 17 nästan
450 835 53 19 intet
519 837 30 17 att
565 835 46 20 med
628 834 112 26 anledning
756 833 23 20 af
792 833 47 20 dem

93 870 75 19 erinra.

160 902 41 20 Det
219 905 22 17 är
264 902 23 20 af
300 902 144 20 erfarenheten
468 902 103 26 intygadt,
587 902 74 19 liksom
678 901 40 20 ock
733 901 24 20 af
770 903 70 17 veten-

92 937 80 26 skapen
184 936 74 25 utredt,
270 938 30 18 att
311 936 158 20 frihetsstraffen
485 936 75 20 endast
575 936 27 20 dä
617 936 77 24 kunna,
710 936 67 19 säsom
792 934 47 20 med

95 972 47 19 dem
163 971 37 19 bör
218 970 86 26 äsyftas,
321 970 64 20 verka
400 970 145 20 förbättrande
559 970 28 26 pä
602 970 111 26 fängarnes
728 968 113 20 moraliska

93 1005 101 24 tillständ,
210 1007 37 16 när
263 1004 66 20 under
347 1004 152 26 fängelsetiden
520 1004 27 20 all
564 1010 83 20 omsorg
663 1010 63 19 egnas
743 1002 21 20 ät
780 1002 60 20 deras

92 1038 156 26 undervisning.
285 1038 104 26 Vanligen
413 1042 23 17 är
456 1038 35 20 det
509 1038 130 26 okunnighet
661 1038 39 20 och
720 1037 60 20 råhet
794 1042 45 14 som

93 1074 41 19 fört
155 1073 46 20 dem
218 1072 21 20 in
262 1073 27 26 pä
310 1073 87 20 brottets
412 1075 47 24 väg.
489 1072 46 20 Kan
558 1072 68 20 man
610 1067 16 37 i
646 1071 104 27 fängelset
764 1076 75 22 genom

93 1108 41 26 god
151 1107 249 26 religionsundervisning
411 1106 68 21 väcka
495 1107 35 20 det
546 1106 119 21 slumrande
680 1107 109 24 samvetet,
804 1112 34 20 ge-

94 1148 48 14 nom
159 1141 147 25 bibringandet
322 1141 23 19 af
358 1141 127 20 elementära
501 1141 126 25 kunskaper,
642 1141 24 19 af
678 1139 87 26 lämplig
776 1139 63 27 slöjd-

94 1176 52 20 eller
160 1175 193 27 yrkesskicklighet
368 1177 53 17 samt
437 1174 22 20 af
473 1181 55 13 vana
545 1175 33 19 vid
594 1174 71 20 arbete
676 1173 111 21 framkalla
798 1173 42 26 håg

93 1210 37 20 hos
146 1210 76 25 fången
242 1209 33 20 för
290 1211 31 18 att
337 1208 65 21 blifva
420 1215 25 13 en
462 1209 68 26 nyttig
546 1208 196 24 samhällsmedlem,
758 1206 23 20 sä
796 1206 42 20 mä-

94 1246 31 18 ste
141 1250 47 13 man
203 1243 64 20 vinna
282 1243 85 19 säkrare
383 1242 81 26 garanti
481 1245 56 17 emot
552 1242 52 20 hans
620 1241 81 20 äterfall
716 1241 8 19 i
739 1240 63 25 brott,
813 1243 26 17 än

94 1284 33 13 om
150 1284 47 12 man
221 1276 52 21 låter
294 1276 77 20 honom
394 1277 69 19 känna
485 1277 75 19 endast
574 1275 82 20 straffet
674 1275 68 19 såsom
758 1274 83 25 sådant,

94 1311 100 19 frihetens
216 1311 80 19 förlust;
328 1310 30 20 De
378 1311 6 18 i
400 1316 61 14 mom.
479 1311 53 19 1—4
548 1309 126 20 framhällna
689 1308 99 26 åtgärder
803 1310 36 17 äro

95 1344 69 20 derför
180 1345 134 18 tvifvelsutan
331 1344 92 19 särdeles
439 1344 105 25 behöfliga
564 1343 39 19 och
619 1342 142 20 välbetänkta.
792 1341 47 19 Med

94 1377 99 20 afseende
209 1378 12 18 å
236 1378 40 18 den
296 1377 98 26 religiösa
415 1376 187 26 undervisningens
618 1375 103 20 särskilda
742 1375 43 25 vigt
800 1374 39 20 och

96 1412 26 19 då
137 1411 77 25 speciel
235 1410 118 27 utbildning
372 1411 31 19 för
418 1410 65 20 sådan
504 1409 134 21 verksamhet
653 1411 41 18 kan
711 1414 49 14 vara
776 1408 63 19 erfor-

95 1445 74 26 derlig,
180 1445 77 19 tillåter
268 1444 108 20 Utskottet
386 1445 31 26 sig
428 1444 91 25 förorda,
532 1445 30 19 att
576 1450 67 20 yngre
658 1444 105 25 prestmän
776 1442 64 19 måtte

164 1483 138 19 Sammansatta
315 1484 59 18 Stats-
387 1484 31 18 och
430 1483 195 20 Ekonomi-utskottets
637 1482 111 19 betänkande
759 1481 37 19 N:o
808 1482 15 17 3.
