1073 1706
327 145 29 20 U.
375 147 29 16 B.
421 155 26 2 —
464 144 84 24 Prop.
564 144 49 20 N:o
629 144 45 20 31.

401 376 214 22 Sammansatta
639 375 85 23 Stats-
747 374 39 24 och
808 374 66 25 Eko-

334 414 248 24 nomi-utskottets
608 414 85 30 förslag
715 413 33 25 till
771 420 104 18 samman-

333 453 116 31 jemkning
473 452 24 25 af
519 448 106 29 Ståndens
647 452 136 34 skiljaktiga
805 454 71 24 beslut

335 494 35 23 vid
389 493 158 31 behandlingen
565 494 25 23 af
601 492 124 26 Utskottets
738 493 138 25 betänkande

333 532 36 25 N:o
388 532 13 24 2
420 533 5 24 i
446 532 118 32 anledning
581 533 26 24 af
615 533 56 24 Hans
688 533 128 31 Kejserliga
830 533 46 25 Ma-

331 572 84 31 jestäts
438 571 82 31 Nådiga
544 572 137 31 Proposition
707 572 112 32 angående
838 580 38 17 an-

335 612 50 30 slag
403 612 26 24 af
446 612 203 30 bevillningsmedel
668 612 37 24 för
723 612 152 25 folkskolevä-

337 652 78 23 sendet
433 652 7 23 i
459 652 80 24 landet.

199 724 30 20 Ur
247 725 26 19 de
293 724 200 27 protokollsutdrag,
513 725 88 20 medelst
621 724 72 20 hvilka
713 725 91 21 Ständen
820 726 6 18 i
842 732 35 13 en-

134 759 66 27 lighet
215 759 46 20 med
278 761 9 22 $
305 760 24 19 67
346 760 7 18 i
368 758 100 27 gällande
483 759 210 27 Landtdagsordning
709 759 96 27 delgifvit
820 760 58 20 Sam-

135 795 103 19 mansatta
259 793 66 20 Stats-
339 793 38 20 och
394 793 217 20 Ekonomi-utskottet
628 794 46 19 sina
688 794 68 19 beslut
774 794 7 19 i
797 794 79 20 föreva-

134 828 65 20 rande
215 828 83 25 ärende,
315 828 90 25 framgär
421 829 30 18 att

201 862 152 26 Ridderskapet
368 862 38 20 och
421 861 65 20 Adein
502 864 53 17 samt

201 896 83 20 Preste-
300 896 39 20 och
354 895 181 27 Borgareständen

271 930 95 27 godkänt
382 930 117 20 Utskottets
518 930 133 20 betänkande
667 929 130 21 beträffande
812 930 67 26 afslag

272 964 12 20 å
295 964 102 26 förslaget
407 966 30 18 att
452 964 35 19 det
503 964 73 26 bidrag
591 964 23 19 af
627 964 107 19 allmänna
750 964 74 25 medel,
836 971 43 13 som

273 998 32 19 till
329 998 110 20 aflönande
463 997 22 20 af
498 998 174 20 folkskolelärare
687 1000 39 17 och
742 998 116 20 lärarinnor
874 999 6 19 i

273 1032 213 20 landskommunerna
510 1032 94 26 beviljas,
625 1032 68 20 kunde
717 1032 93 26 förhöjas
833 1033 45 19 med

272 1066 42 19 200
330 1065 65 20 mark.
411 1065 250 28 (Utskottsbetänkandet
676 1071 47 20 pag.
740 1066 64 24 5—7)
820 1066 60 19 hvar-

271 1102 56 17 emot

206 1133 156 22 Bondeständet

273 1168 78 27 förhöjt
368 1168 160 26 ifrägavarande
545 1169 125 26 statsbidrag
686 1169 30 18 till
729 1169 40 19 800
781 1169 57 19 mark
850 1168 31 20 för

274 1203 175 20 folkskolelärare
469 1203 39 20 och
529 1203 40 19 600
590 1203 58 19 mark
671 1203 30 20 för
721 1202 160 21 folkskolelära-

273 1238 61 19 rinna
348 1237 7 19 i
372 1237 64 19 redan
452 1237 92 20 nämnda
561 1237 127 20 kommuner.

206 1271 93 20 Emedan
316 1271 82 20 säledes
415 1271 75 20 endast
505 1273 29 18 ett
551 1271 66 20 Ständ
633 1271 5 19 i
655 1271 64 20 saken
736 1271 45 20 haft
796 1277 24 13 en
838 1271 44 19 frän

138 1305 26 20 de
180 1305 77 26 öfrigas
273 1305 114 20 afvikande
405 1305 83 26 mening
504 1305 32 20 fär
553 1305 106 20 Utskottet
675 1305 106 20 vördsamt
796 1305 86 25 inbjuda

139 1339 163 24 Bondeständet,

274 1374 34 18 att
327 1371 48 20 med
387 1371 140 27 frängäende
548 1371 29 26 af
587 1371 38 20 sitt
636 1371 68 26 förra
723 1371 67 21 beslut
801 1370 83 27 förena

275 1405 34 28 sig
320 1405 48 21 med
384 1405 25 20 de
425 1407 32 18 tre
473 1405 73 28 öfriga
563 1404 94 23 Ständen
674 1405 7 20 i
691 1405 157 28 godkännande
858 1404 30 27 af

279 1439 115 22 Utskottets
405 1439 170 28 framställning
591 1440 8 21 i
614 1441 76 19 ämnet.

208 1479 69 23 Bilaga
295 1480 31 18 till
342 1480 139 19 Sammansatta
498 1480 59 18 Stats-
575 1480 32 18 och
618 1479 196 18 Ekonomi-utskottets
826 1479 59 18 betän-

140 1502 61 19 kande
212 1502 37 19 N:o
261 1503 16 17 2.
