1045 1709
249 146 26 20 46
410 148 27 18 U.
452 148 31 18 B.
499 158 27 3 —
540 148 82 23 Prop.
647 148 46 18 N:o
709 149 35 18 25.

221 218 51 15 vara
286 213 41 25 mä,
342 213 48 20 med
407 219 25 14 en
448 214 44 20 viss
507 214 161 26 nödvändighet
682 214 60 21 leder
756 214 35 20 till
806 214 79 26 hemlig
898 214 63 27 krog-

220 246 87 21 rörelse.
336 246 11 21 I
362 246 146 23 betraktande
523 247 63 22 häraf
599 247 91 22 utbeder
703 248 38 27 jag
754 248 45 27 mig
814 249 32 20 att
863 248 22 21 fä
900 248 62 21 vörd-

221 282 55 19 samt
290 281 114 21 hemställa
419 281 107 22 huruvida
541 282 17 27 ej
575 281 78 22 handel
669 282 48 21 med
733 283 19 20 öl
771 283 39 20 och
825 284 73 25 porter
913 283 49 21 bor-

221 314 26 21 de
262 314 28 27 pä
311 315 74 21 landet
407 315 7 21 i
436 315 75 27 hvarje
532 315 38 22 fall
585 318 63 25 göras
662 315 108 22 beroende
786 316 23 21 af
821 316 140 22 kommunens

221 349 115 27 samtycke,
360 349 39 21 och
418 349 164 28 ifrågavarande
597 351 12 25 &
625 349 84 22 således
725 350 82 21 erhålla
822 350 95 28 följande
931 351 32 26 ly-

221 383 68 21 delse:

356 439 151 29 Berättigande
529 443 31 18 att
582 441 63 27 enligt
667 441 67 20 denna
747 441 128 28 förordning
891 441 71 28 drifva

288 474 77 20 handel
384 474 32 27 pä
439 474 70 21 landet
528 475 117 28 innefattar
660 474 43 21 icke
717 475 97 21 tillåtelse
829 471 33 24 till
877 475 84 28 försälj-

288 509 51 26 ning
354 508 27 28 af
392 509 59 20 viner
465 509 38 20 och
517 508 151 29 spritdrycker;
683 510 20 27 ej
717 509 63 20 heller
796 512 30 17 att
841 512 52 17 utan
908 509 55 20 kom-

287 549 85 14 munens
393 542 149 28 medgifvande
564 542 105 21 derstädes
691 543 34 20 till
743 543 47 20 salu
805 543 59 21 hålla
879 543 20 20 öl
913 543 50 21 eller

286 579 78 25 porter.

355 645 143 21 Förenämnde
514 644 92 29 drycker,
627 652 43 13 som
685 646 19 27 ej
719 646 37 20 äro
772 648 31 18 att
818 645 100 29 hänföras
928 645 35 21 till

289 679 62 21 alster
366 679 28 28 af
404 679 68 20 sådan
487 679 105 28 hemslöjd,
608 679 86 21 hvarom
709 680 13 26 $
737 679 14 21 8
766 679 64 27 talar,
838 679 25 29 få
870 679 43 21 icke
921 679 41 21 hel-

289 713 30 21 ler
334 714 9 19 i
357 713 47 20 stad
418 712 102 29 försäljas
534 713 36 20 vid
585 713 82 26 handel,
682 720 43 14 som
740 713 72 21 endast
827 713 33 21 till
869 713 94 28 sjelfför-

289 748 50 27 ning
355 746 107 29 bedrifves.

356 816 44 20 För
422 816 29 20 öl-
467 816 49 21 eller
528 816 165 28 porter-handel,
708 824 43 13 som
766 816 27 28 af
805 816 157 21 landskommun

287 850 119 27 medgifves,
427 850 35 21 mä
477 850 91 21 särskild
582 850 67 29 afgift
663 850 44 21 icke
721 850 164 29 ifrägakomma.

728 909 26 20 Z.
769 909 26 21 J.
813 908 81 22 Cleve.

289 966 10 21 I
314 965 110 27 professor
442 965 75 22 Cleves
537 965 136 22 förestäende
691 966 134 21 reservation
840 965 75 22 förena
929 966 34 26 sig

287 1025 32 21 F.
333 1024 37 21 H.
384 1024 145 26 Bergroth.
657 1023 76 22 Gust.
747 1023 149 28 Dahlberg.

287 1105 58 20 Enär
360 1104 101 27 omyndig
476 1103 68 27 enligt
559 1103 101 27 gällande
675 1103 36 27 lag
727 1103 77 22 endast
815 1103 34 21 för
857 1103 58 21 vissa
924 1109 39 14 un-

221 1137 130 28 dantagsfall
374 1137 65 22 räder
461 1137 61 21 öfver
536 1137 34 22 sin
584 1143 79 21 person
677 1137 41 21 och
733 1137 33 21 sin
781 1137 110 26 egendom,
907 1137 56 20 samt

221 1172 91 21 sälunda
333 1171 7 21 i
362 1171 43 28 hög
427 1171 54 26 grad
502 1171 66 21 beror
586 1171 23 21 af
621 1171 116 21 mälsmans
751 1171 106 21 inverkan
871 1170 40 21 och
925 1170 38 21 be-

220 1206 167 25 bestämmande,
409 1205 40 21 har
462 1205 38 27 jag
514 1205 37 21 vid
565 1205 160 26 behandlingen
739 1205 24 20 af
776 1205 54 21 sista
848 1205 116 20 momentet

220 1239 24 22 af
265 1239 11 27 8
298 1239 27 21 29
347 1239 8 20 i
377 1239 80 26 nådiga
473 1239 105 26 förslaget
592 1239 34 21 till
641 1238 127 27 förordning
783 1243 34 17 om
831 1239 131 26 näringarna

221 1272 96 22 hvarken
331 1271 72 22 funnit
417 1271 118 28 anledning
550 1271 42 22 öka
606 1272 64 21 dessa
685 1271 161 27 undantagsfall
862 1271 52 22 eller
928 1272 34 20 ut-

221 1306 86 22 sträcka
321 1305 115 22 mälsmans
451 1307 51 25 rätt,
518 1305 40 22 och
573 1305 85 21 derföre
672 1305 49 21 icke
734 1306 84 20 kunnat
827 1305 87 21 biträda
921 1305 41 21 den

220 1340 23 22 af
263 1340 119 22 utskottets
404 1339 115 27 pluralitet
540 1340 118 28 omfattade
679 1340 166 22 bestämmelsen
863 1340 33 21 att
911 1339 53 22 aftal

221 1381 76 21 genom
311 1374 84 21 hvilket
409 1374 102 27 omyndig
525 1374 7 21 i
548 1374 74 22 arbete
637 1374 52 21 eller
703 1374 47 21 lära
758 1375 97 26 antagas,
863 1374 40 21 och
911 1380 53 20 som,

222 1410 73 21 derest
308 1409 44 21 han
366 1408 34 27 sig
414 1408 47 22 icke
476 1414 76 21 genom
568 1410 49 25 eget
632 1408 74 22 arbete
721 1408 110 28 försörjer,
841 1408 34 22 för
885 1408 78 22 honom

221 1443 123 22 afslutasaf
361 1443 53 21 hans
429 1443 110 26 målsman,
554 1442 63 27 skall,
632 1442 24 22 sä
663 1442 66 22 framt
739 1443 42 21 han
789 1443 36 21 vid
834 1442 88 22 aftalets
932 1442 32 22 in-

221 1477 81 27 gående
307 1476 92 28 uppnått
404 1476 130 22 adertonärs
543 1477 57 21 ålder
607 1476 33 22 och
652 1477 51 27 sjelf
709 1476 127 28 samtycker,
844 1476 23 21 få
874 1478 90 19 utsträc-

287 1522 125 17 Sammansatta
434 1522 38 22 Lag
484 1522 30 17 och
525 1522 84 18 Ekonomi
621 1522 88 18 utskottets
722 1522 103 17 betänkande
837 1521 32 18 N:o
881 1521 17 17 3.
