1061 1709
214 134 25 20 12
381 137 28 18 U.
425 135 34 20 B.
474 146 24 4 —
517 136 85 23 Prop.
618 136 49 20 N:o
684 136 46 20 27.

183 202 63 22 första
264 202 89 28 helgfria
368 202 39 29 dag
421 202 8 21 i
444 202 72 29 hvarjo
530 203 76 21 mänad
621 203 66 21 under
702 202 141 29 tingstiderna.
874 204 49 20 Men

184 236 26 21 dä
229 244 25 14 en
274 237 64 21 redan
356 236 66 28 dagen
437 237 90 21 derefter
540 237 125 22 inträffande
680 237 101 28 helgedag
796 237 83 21 komme
894 240 30 19 att

182 272 73 27 genast
276 270 107 22 föranleda
401 270 79 23 afbrott
494 272 8 21 i
517 274 30 19 ett
565 270 81 29 börjadt
660 271 158 26 sammanträde,
834 272 38 21 har
887 272 36 21 Ut-

183 305 77 22 skottet
279 305 120 22 förmedelst
417 307 30 20 ett
461 306 72 28 tillägg
547 306 8 21 i
570 307 63 20 slutet
648 305 23 22 af
684 305 39 22 den
739 306 7 21 i
760 305 58 29 fråga
833 306 90 22 varande

182 339 133 28 paragrafens
330 339 64 22 andra
409 340 72 27 stycke
496 340 112 28 föreslagit,
625 342 31 20 att
670 340 152 22 sammanträde
832 340 8 21 i
850 339 73 22 sädant

182 373 37 22 fall
234 374 54 21 skall
302 374 68 29 börjas
385 373 51 23 först
451 376 57 20 nästa
524 374 117 28 söckendag
656 374 94 22 derefter.

250 408 44 21 För
316 409 96 28 domsaga
434 409 47 21 med
501 409 35 22 tvä
555 409 89 28 tingslag
663 409 45 20 äri
722 409 66 28 tredje
806 409 83 28 stycket
903 409 23 21 af

182 443 165 28 propositionens
365 444 46 20 text
429 443 34 21 till
484 444 5 20 1
507 445 13 24 &
535 444 13 20 2
563 443 47 28 kap.
626 443 26 21 R.
669 443 25 21 B.
710 443 115 28 föreslaget,
845 445 30 20 att
889 443 35 21 hä-

182 477 116 22 radsrätten
317 477 53 21 skall
385 477 66 22 under
467 477 102 28 värtinget
584 477 7 21 i
606 477 110 22 hvartdera
731 477 111 28 tingslaget
856 478 69 21 vexel-

182 511 32 21 vis
228 511 56 22 hälla
298 511 37 22 tvä
349 511 105 21 allmänna
469 511 167 22 sammanträden
651 512 48 21 med
713 511 65 22 minst
790 519 37 14 sex
837 511 86 22 veckors

182 545 115 25 mellantid,
319 545 82 22 hvilket
423 553 61 20 synes
505 553 48 14 vara
571 547 30 20 att
615 545 67 22 tolkas
697 545 28 26 sä,
741 547 31 20 att
787 545 25 22 de
827 553 37 14 sex
879 553 45 14 vec-

182 580 66 21 korna
269 579 69 22 skulle
357 580 49 21 böra
425 580 75 21 räknas
515 579 46 22 frän
576 579 35 22 det
625 579 55 21 förra
696 580 171 21 sammanträdets
882 580 43 21 slut

182 614 33 21 till
238 614 35 21 det
292 621 72 14 senare
384 614 172 21 sammanträdets
576 613 77 28 början.
683 614 51 21 Men
749 613 26 22 dä
789 613 73 22 sädant
877 613 47 22 icke

182 648 59 22 alltid
263 648 68 21 skulle
350 648 71 21 kunna
441 647 126 22 sammanstä
586 647 48 22 med
649 647 40 21 den
704 647 23 22 af
740 648 108 21 Utskottet
862 648 62 21 föror-

182 683 52 21 dade
249 683 82 21 kortare
346 682 58 22 tiden
419 681 32 22 för
465 682 110 29 värtinget,
590 682 39 21 har
643 682 109 21 Utskottet
761 682 8 21 i
779 682 61 29 sagde
851 683 72 28 stycke

181 717 65 21 infört
265 725 27 13 en
311 716 131 28 bestämning
457 717 76 25 derom,
549 718 31 20 att
595 716 25 21 de
636 723 36 14 sex
688 716 102 22 veckorna
806 717 58 22 skola
879 717 44 21 räk-

182 759 36 14 nas
234 751 46 21 frän
296 751 34 22 det
345 751 54 21 förra
414 751 172 21 sammanträdets
600 750 72 29 början
688 750 33 22 till
736 751 35 21 det
785 759 73 14 senare
873 759 50 14 sam-

181 785 127 22 manträdets
323 785 132 28 begynnelse.

249 820 39 21 Ett
306 819 57 22 inom
383 819 108 22 Utskottet
505 819 68 28 gjordt
587 818 82 29 förslag,
685 821 30 20 att
731 820 24 21 de
771 820 8 20 i
793 819 64 22 femte
873 822 52 26 styc-

181 854 37 23 ket
232 854 24 22 af
269 855 11 20 1
297 856 13 25 &
326 854 13 21 2
353 853 48 30 kap.
417 853 26 22 R.
460 854 25 21 B.
501 853 103 29 ingående
626 853 106 22 slutorden
755 854 50 21 eller
820 854 105 27 pädjudet

180 890 77 21 varder
272 889 68 21 skulle
354 888 55 22 ifrän
425 889 40 20 den
479 889 116 28 föreslagna
610 889 105 28 lagtexten
726 888 55 29 utgä,
792 889 38 21 har
840 889 85 22 Utskot-

182 925 40 20 tets
244 923 107 29 pluralitet
370 922 71 29 afböjt,
463 927 50 17 enär
532 923 35 22 det
582 922 62 22 äfven
658 922 136 22 härförinnan
809 923 116 22 ankommit

182 957 26 29 pä
230 957 81 22 landets
330 957 93 28 Styrelse
443 959 31 20 att
489 957 26 28 pä
530 956 153 22 administrativ
698 961 39 24 väg
751 958 121 25 bestämma,
887 958 37 21 hu-

182 992 75 22 ruvida
276 993 89 20 allenast
384 993 29 20 ett
431 991 45 28 ting
491 991 50 22 eller
555 991 36 22 två
605 991 45 28 ting
665 999 34 14 om
713 991 45 22 året
773 991 49 22 böra
836 991 67 22 hållas
917 992 8 21 i

183 1027 94 21 enskilda
291 1027 95 28 tingslag.
774 1028 2 2 i

81 1059 99 29 1411kap.
207 1055 26 39 —
240 1060 34 22 Då
294 1061 41 21 den
353 1060 76 29 nådiga
448 1060 164 29 propositionens
626 1061 46 20 text
686 1059 33 22 till
740 1061 5 20 1
763 1061 12 26 $
792 1061 25 20 11
838 1069 42 20 kap.
896 1061 28 21 R.

104 1095 20 20 R.
139 1095 19 20 B.
182 1095 25 21 B.
224 1095 112 21 innefattar
352 1097 29 19 ett
395 1095 73 27 tillägg
483 1095 32 21 till
529 1102 29 13 nu
571 1094 95 28 gällande
676 1095 33 27 lag
720 1102 34 13 om
764 1095 91 28 skriftlig
864 1097 61 19 stäm-

182 1129 51 28 ning
248 1129 22 21 af
282 1129 94 21 innehäll
391 1131 36 23 att,
443 1136 34 13 om
493 1129 41 21 viss
550 1129 39 28 dag
603 1127 32 22 för
651 1130 29 19 ett
690 1128 52 21 mäls
752 1129 127 28 behandling
888 1129 36 21 vid

182 1163 116 22 häradsrätt
314 1163 18 28 ej
348 1163 41 20 kan
404 1163 7 20 i
427 1163 130 27 stämningen
573 1164 93 23 utsättas,
682 1163 132 28 stämningen
828 1163 38 21 bör
879 1163 46 21 stäl-

182 1198 30 21 las
222 1197 12 22 å
244 1197 35 22 det
294 1197 45 28 ting
354 1197 50 21 eller
414 1197 105 20 allmänna
529 1197 158 25 sammanträde,
699 1197 88 21 hvarvid
797 1197 64 22 målet
871 1197 52 22 skall

181 1231 135 26 förekomma,
339 1231 38 21 har
396 1231 56 21 inom
472 1231 108 21 Utskottet
598 1230 70 22 blifvit
683 1231 81 27 yrkadt,
781 1233 30 19 att
826 1231 98 22 stämnin-

181 1273 40 20 gen
236 1265 8 20 i
259 1264 72 29 dylika
352 1264 37 21 fall
410 1263 63 22 borde
493 1265 69 20 ställas
577 1264 13 21 &
604 1264 77 27 tingets
701 1264 50 21 eller
770 1265 35 20 det
820 1265 104 21 allmänna

182 1298 171 22 sammanträdets
368 1297 65 22 första
447 1297 164 29 rättegängsdag,
628 1297 67 22 säsom
709 1298 64 21 redan
788 1298 135 22 härförinnan

182 1333 54 22 varit
255 1332 133 22 föreskrifvet
402 1340 75 20 genom
493 1333 27 20 82
536 1333 12 26 &
564 1332 7 21 i
586 1333 50 27 Kgl.
653 1332 152 22 Resolutionen
820 1333 38 21 och
873 1333 51 21 För-

181 1367 109 28 klaringen
312 1366 27 29 pä
361 1367 113 28 allmogens
493 1367 73 21 besvär
586 1366 22 21 af
625 1367 40 21 den
682 1367 24 21 17
723 1366 123 29 September
862 1369 60 25 1723,

182 1402 87 21 emedan
287 1401 62 29 sagde
365 1401 38 29 dag
417 1402 46 21 bäst
478 1404 70 26 syntes
562 1401 70 29 lämpa
647 1401 31 29 sig
692 1401 31 22 för
739 1401 109 29 utdelning
862 1403 23 20 af
898 1403 25 21 de

182 1437 48 25 mål,
246 1436 72 22 hvilka
333 1436 18 28 ej
367 1436 69 22 blifvit
451 1436 32 22 till
499 1436 41 22 viss
555 1436 39 28 dag
609 1436 109 26 instämda,
731 1441 50 17 enär
790 1437 133 29 tingsmenig-

181 1473 63 20 heten
260 1471 25 21 dä
300 1471 86 28 plägade
401 1478 50 14 vara
466 1470 94 22 talrikast
575 1470 117 22 församlad.
714 1472 50 20 Men
780 1472 87 21 emedan
882 1472 40 26 det,

250 1510 136 23 Lagutskottets
398 1510 111 19 betänkande
521 1516 30 13 n:o
563 1511 27 18 12.
