1073 1714
233 146 14 19 4
518 143 53 22 N:o
589 142 51 22 22.

277 227 11 9 ,,
290 210 51 21 Med
364 210 136 26 åberopande
524 210 23 20 af
567 209 161 26 ofvannämnde,
745 210 76 20 endast
843 209 68 26 några
933 209 27 20 år

205 244 150 21 dessförinnan
375 243 83 22 fattade
481 243 138 27 Norköpings
641 243 77 26 beslut,
743 242 108 22 förklarar
873 242 85 21 således

204 278 121 26 Konungen
341 278 48 25 alla,
406 278 25 20 de
447 278 101 20 husarme
563 277 144 26 undantagne,
724 276 98 28 skyldige
837 278 33 19 att
885 276 75 21 betala

204 312 266 26 häradshöfdingeräntan,
486 311 77 21 hvaraf
578 311 80 27 jemväl
673 310 63 27 följer
755 312 32 19 att
802 310 155 27 tingsgästnin-

205 353 40 21 gen
261 346 69 21 skulle
345 346 45 20 lika
405 347 97 25 utgöras;
519 346 39 20 och
574 345 6 21 i
596 344 124 22 riksrådens
736 344 49 22 bref
798 345 33 21 till
846 344 110 22 landshöf-

206 381 103 26 dingarne
327 380 23 21 af
367 380 41 21 den
429 380 25 20 18
474 380 96 20 Oktober
590 380 52 20 1631
666 379 124 21 framhålles
812 379 144 26 uttryckligen

205 415 191 27 inhysesmännens
420 414 122 26 skyldighet
563 415 32 19 att
615 413 87 26 erlägga
721 414 67 26 sagda
806 413 69 26 afgift,
895 413 63 21 hvar-

203 450 66 26 jemte
284 449 7 20 i
307 448 72 26 kongl.
398 448 146 27 resolutionen
563 448 28 26 på
609 448 118 26 allmogens
747 447 23 21 af
786 447 87 21 Wehmo
889 447 68 21 härad

206 483 83 25 besvär,
307 482 89 21 daterad
415 482 41 20 den
475 482 12 21 8
505 482 122 20 November
647 482 60 25 1650,
728 481 47 21 åter
793 487 115 21 upprepas,
925 482 32 20 att

207 517 104 26 allmogen
327 516 23 20 af
364 516 77 26 Kongl.
457 516 114 26 Majestäts
587 516 75 20 härom
677 515 33 21 för
726 516 60 20 detta
801 515 110 26 utgångna
924 521 33 15 re-

207 551 118 21 solutioner
340 550 45 21 ofta
400 550 124 21 förnummit
540 551 41 26 att
592 550 63 25 alla,
672 555 45 15 som
732 550 47 20 icke
794 549 51 21 föda
861 549 32 26 sig
908 549 50 21 med

205 585 198 25 bettlarestafven'',
420 584 61 20 skola
499 583 302 26 häradshöfdingepenningar
820 583 93 26 erlägga.
947 583 10 20 I

206 619 94 26 enlighet
315 617 88 22 härmed
422 617 139 21 föreskrifver
578 617 65 21 också
660 618 53 20 1688
730 617 35 20 års
780 617 177 26 häradsfogdein-

206 652 115 26 struktion,
341 654 46 23 ,,att
409 652 32 20 uti
461 651 105 26 Lagmans
591 651 39 21 och
650 651 308 26 Häradshöfdingelängderna

206 687 61 20 skola
282 686 43 21 alla
342 685 100 27 hjonelag
461 686 51 20 eller
527 685 93 26 Röökar,
640 685 27 20 de
685 685 62 26 mäge
767 691 52 14 vara
838 685 24 20 sä
881 685 78 26 mänga

206 727 45 14 som
269 720 58 20 helst
344 719 72 21 kunna
434 719 28 27 pä
479 719 64 21 hvart
561 719 104 26 hemman,
687 721 55 19 samt
761 719 124 27 Nybyggen,
908 721 49 24 torp

207 754 39 21 och
256 754 41 21 alle
308 754 66 20 andre
385 753 141 26 Lägenheter,
534 753 73 21 hvilka
619 759 53 20 egen
682 753 53 21 röök
747 753 39 21 och
796 753 81 26 matlag
887 753 70 26 hafva,

205 793 56 21 noga
277 787 125 21 observeras
423 787 39 20 och
482 787 137 20 antecknas".
651 787 126 20 Sedermera
792 787 39 20 har
846 787 112 20 Kammar-

205 821 123 26 kollegium,
344 821 7 20 i
367 821 114 26 anledning
497 821 23 20 af
533 821 63 20 väckt
611 821 61 26 fråga
683 827 34 14 om
731 823 58 18 rätta
804 821 123 20 förståndet
937 821 23 20 af

206 855 133 21 sistnämnda
354 855 118 25 föreskrift,
483 855 32 20 uti
530 855 40 20 den
589 856 5 19 3
609 855 118 20 December
740 855 54 20 1688
806 854 78 21 aflåten
895 855 64 20 skrif-

205 890 58 21 velse
281 889 106 20 förklarat
405 889 198 26 tingsgästningens
622 889 120 26 utgörande
755 889 86 26 jemlikt
856 889 102 26 Regerin-

205 929 52 21 gens
273 923 138 20 förenämnde
430 922 49 21 bref
496 923 23 20 af
533 923 23 20 år
574 924 52 19 1631
648 923 77 26 åligga,
741 923 65 20 bland
822 923 67 20 andra
905 929 53 20 upp-

205 957 100 26 räknade,
315 956 79 27 jemväl
409 957 88 25 torpare
511 956 39 21 och
565 956 137 27 inhysesmän
718 958 56 19 samt
784 959 52 18 utan
852 957 106 20 exemtion

205 991 48 26 alla,
265 997 43 14 som
323 997 47 20 egen
381 989 46 21 disk
438 987 57 22 hålla
509 990 39 21 och
559 996 76 20 genom
651 990 77 26 Kongl.
739 990 114 27 Majestäts
865 991 94 26 speciala

205 1026 118 20 resolution
340 1024 94 21 derifrån
450 1024 46 21 icke
511 1024 67 21 blifva
608 1024 134 21 frikallade*.

277 1058 42 27 »Af
329 1058 186 26 ofvanäberopade
526 1058 153 26 författningar
689 1058 94 26 framgår
795 1059 119 26 otvetydigt
925 1060 32 19 att

204 1092 186 27 tingsgästningen
412 1092 95 20 hvarken
526 1098 84 21 genom
627 1094 53 19 1602
700 1093 52 20 eller
772 1094 54 19 1604
844 1092 35 21 års
898 1093 55 20 riks-

205 1126 126 27 dagsbeslut
348 1125 130 21 förändrade
497 1127 92 20 naturen
609 1126 22 20 af
649 1127 32 19 att
698 1132 53 14 vara
767 1132 25 14 en
814 1126 64 26 skatt,
894 1126 64 21 hvars

204 1160 120 27 utgörande
343 1160 48 26 ålåg
407 1160 18 26 ej
441 1160 83 20 mindre
541 1160 122 26 jordägare,
680 1162 26 18 än
723 1160 66 20 andra
805 1160 12 20 &
832 1160 73 20 landet
921 1160 37 21 bo-

204 1196 56 19 satte
279 1193 148 27 sjelfständiga
446 1200 113 20 personer;
579 1194 40 20 och
638 1194 40 20 den
696 1194 136 26 motsägelse,
853 1200 46 14 som
918 1194 37 20 vid

202 1228 70 21 första
287 1228 117 26 påseendet
420 1233 63 21 synes
494 1227 115 21 förefinnas
621 1228 90 20 emellan
722 1228 149 26 ordalydelsen
882 1228 7 20 i
902 1229 55 19 1604

204 1262 35 20 års
258 1261 173 25 riksdagsbeslut
451 1263 55 18 samt
524 1261 139 21 förenämnde
681 1261 71 26 kongl.
773 1261 48 20 bref
838 1262 39 20 och
896 1268 61 14 reso-

204 1295 93 20 lutioner
319 1300 27 14 m.
366 1300 27 15 m.
412 1294 43 20 kan
473 1294 29 26 på
521 1296 31 19 ett
570 1294 201 21 tillfredsställande
787 1296 44 19 sätt
846 1294 109 21 förklaras

203 1329 101 27 antingen
324 1328 91 22 likasom
434 1328 221 27 Kammarkollegium
674 1329 31 21 uti
721 1330 32 20 ett
767 1329 34 20 till
817 1328 78 28 Kongl.
911 1329 47 21 Ma-

200 1364 68 26 jestät
284 1364 40 20 den
341 1364 11 20 6
368 1363 45 21 Juli
430 1364 53 20 1727
500 1363 90 27 afgifvet
605 1364 118 26 utlåtande,
734 1364 133 21 beträffande
882 1364 76 27 frågan

202 1404 35 15 om
255 1400 94 25 ryttares
369 1398 39 21 och
427 1398 104 22 knektars
552 1398 123 27 skyldighet
692 1400 33 20 att
743 1400 78 25 utgöra
841 1399 117 26 tingsgäst-

201 1432 58 27 ning,
275 1434 75 26 yttrat,
365 1432 108 28 nämligen
489 1434 32 20 att
535 1433 49 21 med
600 1433 68 27 ,,gård
684 1433 52 21 eller
751 1433 106 27 hemman,
868 1433 90 21 hvarom

203 1467 55 21 1604
273 1466 36 22 års
328 1467 73 22 beslut
415 1467 62 27 talar,
493 1468 55 21 intet
564 1469 65 20 annat
644 1467 80 22 förstås
741 1470 25 19 än
787 1468 48 21 disk
851 1468 38 21 och
906 1468 49 26 duk,
