<?xml version="1.0" encoding="UTF-8"?>
<alto xmlns="http://www.loc.gov/standards/alto/ns-v3#" xmlns:xlink="http://www.w3.org/1999/xlink" xmlns:xsi="http://www.w3.org/2001/XMLSchema-instance" xsi:schemaLocation="http://www.loc.gov/standards/alto/ns-v3# http://www.loc.gov/alto/v3/alto-3-0.xsd">
	<Description>
		<MeasurementUnit>pixel</MeasurementUnit>
		<sourceImageInformation>
			<fileName>/tmp/tess_j5kd232y_input.PNG</fileName>
		</sourceImageInformation>
		<OCRProcessing ID="OCR_0">
			<ocrProcessingStep>
				<processingSoftware>
					<softwareName>tesseract 5.3.4</softwareName>
				</processingSoftware>
			</ocrProcessingStep>
		</OCRProcessing>
	</Description>
	<Layout>
		<Page WIDTH="1070" HEIGHT="1714" PHYSICAL_IMG_NR="0" ID="page_0">
			<PrintSpace HPOS="0" VPOS="0" WIDTH="1070" HEIGHT="1714">
				<ComposedBlock ID="cblock_0" HPOS="408" VPOS="116" WIDTH="402" HEIGHT="23">
					<TextBlock ID="block_0" HPOS="408" VPOS="116" WIDTH="402" HEIGHT="23">
						<TextLine ID="line_0" HPOS="408" VPOS="116" WIDTH="402" HEIGHT="23">
							<String ID="string_0" HPOS="408" VPOS="116" WIDTH="54" HEIGHT="22" WC="0.95" CONTENT="N:o"/><SP WIDTH="17" VPOS="116" HPOS="462"/>
							<String ID="string_1" HPOS="479" VPOS="116" WIDTH="51" HEIGHT="22" WC="0.64" CONTENT="??."/><SP WIDTH="268" VPOS="116" HPOS="530"/>
							<String ID="string_2" HPOS="798" VPOS="119" WIDTH="12" HEIGHT="20" WC="0.95" CONTENT="9"/>
						</TextLine>
					</TextBlock>
				</ComposedBlock>
				<ComposedBlock ID="cblock_1" HPOS="91" VPOS="182" WIDTH="751" HEIGHT="198">
					<TextBlock ID="block_1" HPOS="91" VPOS="182" WIDTH="750" HEIGHT="130">
						<TextLine ID="line_1" HPOS="92" VPOS="182" WIDTH="749" HEIGHT="29">
							<String ID="string_3" HPOS="92" VPOS="182" WIDTH="23" HEIGHT="21" WC="0.95" CONTENT="af"/><SP WIDTH="14" VPOS="182" HPOS="115"/>
							<String ID="string_4" HPOS="129" VPOS="182" WIDTH="44" HEIGHT="27" WC="0.93" CONTENT="såg,"/><SP WIDTH="17" VPOS="182" HPOS="173"/>
							<String ID="string_5" HPOS="190" VPOS="188" WIDTH="73" HEIGHT="21" WC="0.92" CONTENT="qvarn,"/><SP WIDTH="16" VPOS="188" HPOS="263"/>
							<String ID="string_6" HPOS="279" VPOS="183" WIDTH="55" HEIGHT="21" WC="0.96" CONTENT="bruk"/><SP WIDTH="15" VPOS="183" HPOS="334"/>
							<String ID="string_7" HPOS="349" VPOS="184" WIDTH="40" HEIGHT="20" WC="0.96" CONTENT="och"/><SP WIDTH="15" VPOS="184" HPOS="389"/>
							<String ID="string_8" HPOS="404" VPOS="184" WIDTH="67" HEIGHT="21" WC="0.93" CONTENT="andra"/><SP WIDTH="14" VPOS="184" HPOS="471"/>
							<String ID="string_9" HPOS="485" VPOS="184" WIDTH="128" HEIGHT="22" WC="0.90" CONTENT="industriela"/><SP WIDTH="11" VPOS="184" HPOS="613"/>
							<String ID="string_10" HPOS="624" VPOS="185" WIDTH="57" HEIGHT="26" WC="0.96" CONTENT="verk,"/><SP WIDTH="16" VPOS="185" HPOS="681"/>
							<String ID="string_11" HPOS="697" VPOS="186" WIDTH="35" HEIGHT="20" WC="0.95" CONTENT="vid"/><SP WIDTH="14" VPOS="186" HPOS="732"/>
							<String ID="string_12" HPOS="746" VPOS="186" WIDTH="47" HEIGHT="20" WC="0.93" CONTENT="dem"/><SP WIDTH="11" VPOS="186" HPOS="793"/>
							<String ID="string_13" HPOS="804" VPOS="192" WIDTH="37" HEIGHT="15" WC="0.92" CONTENT="an-"/>
						</TextLine>
						<TextLine ID="line_2" HPOS="92" VPOS="216" WIDTH="749" HEIGHT="30">
							<String ID="string_14" HPOS="92" VPOS="216" WIDTH="78" HEIGHT="22" WC="0.96" CONTENT="ställde"/><SP WIDTH="18" VPOS="216" HPOS="170"/>
							<String ID="string_15" HPOS="188" VPOS="216" WIDTH="131" HEIGHT="27" WC="0.96" CONTENT="bokhållare,"/><SP WIDTH="21" VPOS="216" HPOS="319"/>
							<String ID="string_16" HPOS="340" VPOS="217" WIDTH="146" HEIGHT="22" WC="0.96" CONTENT="arbetsledare"/><SP WIDTH="18" VPOS="217" HPOS="486"/>
							<String ID="string_17" HPOS="504" VPOS="219" WIDTH="40" HEIGHT="21" WC="0.93" CONTENT="och"/><SP WIDTH="17" VPOS="219" HPOS="544"/>
							<String ID="string_18" HPOS="561" VPOS="220" WIDTH="189" HEIGHT="26" WC="0.92" CONTENT="uppsyningsmän,"/><SP WIDTH="20" VPOS="220" HPOS="750"/>
							<String ID="string_19" HPOS="770" VPOS="220" WIDTH="71" HEIGHT="20" WC="0.92" CONTENT="äfven-"/>
						</TextLine>
						<TextLine ID="line_3" HPOS="93" VPOS="250" WIDTH="747" HEIGHT="28">
							<String ID="string_20" HPOS="93" VPOS="256" WIDTH="46" HEIGHT="15" WC="0.96" CONTENT="som"/><SP WIDTH="22" VPOS="256" HPOS="139"/>
							<String ID="string_21" HPOS="161" VPOS="250" WIDTH="112" HEIGHT="27" WC="0.93" CONTENT="skeppare,"/><SP WIDTH="23" VPOS="250" HPOS="273"/>
							<String ID="string_22" HPOS="296" VPOS="251" WIDTH="141" HEIGHT="26" WC="0.91" CONTENT="inspektorer,"/><SP WIDTH="21" VPOS="251" HPOS="437"/>
							<String ID="string_23" HPOS="458" VPOS="252" WIDTH="178" HEIGHT="26" WC="0.92" CONTENT="sytningstagare,"/><SP WIDTH="17" VPOS="252" HPOS="636"/>
							<String ID="string_24" HPOS="653" VPOS="253" WIDTH="187" HEIGHT="25" WC="0.91" CONTENT="landthandlande,"/>
						</TextLine>
						<TextLine ID="line_4" HPOS="91" VPOS="284" WIDTH="547" HEIGHT="28">
							<String ID="string_25" HPOS="91" VPOS="284" WIDTH="152" HEIGHT="26" WC="0.90" CONTENT="gerningsmän"/><SP WIDTH="15" VPOS="284" HPOS="243"/>
							<String ID="string_26" HPOS="258" VPOS="285" WIDTH="39" HEIGHT="20" WC="0.95" CONTENT="och"/><SP WIDTH="15" VPOS="285" HPOS="297"/>
							<String ID="string_27" HPOS="312" VPOS="284" WIDTH="67" HEIGHT="22" WC="0.96" CONTENT="andra"/><SP WIDTH="15" VPOS="284" HPOS="379"/>
							<String ID="string_28" HPOS="394" VPOS="285" WIDTH="172" HEIGHT="27" WC="0.96" CONTENT="näringsidkare;"/><SP WIDTH="17" VPOS="285" HPOS="566"/>
							<String ID="string_29" HPOS="583" VPOS="287" WIDTH="55" HEIGHT="19" WC="0.96" CONTENT="samt"/>
						</TextLine>
					</TextBlock>
					<TextBlock ID="block_2" HPOS="91" VPOS="318" WIDTH="751" HEIGHT="62">
						<TextLine ID="line_5" HPOS="164" VPOS="318" WIDTH="676" HEIGHT="29">
							<String ID="string_30" HPOS="164" VPOS="318" WIDTH="23" HEIGHT="27" WC="0.83" CONTENT="0)"/><SP WIDTH="15" VPOS="318" HPOS="187"/>
							<String ID="string_31" HPOS="202" VPOS="318" WIDTH="49" HEIGHT="21" WC="0.96" CONTENT="med"/><SP WIDTH="15" VPOS="318" HPOS="251"/>
							<String ID="string_32" HPOS="266" VPOS="318" WIDTH="36" HEIGHT="21" WC="0.93" CONTENT="två"/><SP WIDTH="15" VPOS="318" HPOS="302"/>
							<String ID="string_33" HPOS="317" VPOS="318" WIDTH="81" HEIGHT="27" WC="0.92" CONTENT="kappar"/><SP WIDTH="16" VPOS="318" HPOS="398"/>
							<String ID="string_34" HPOS="414" VPOS="319" WIDTH="111" HEIGHT="21" WC="0.93" CONTENT="enahanda"/><SP WIDTH="15" VPOS="319" HPOS="525"/>
							<String ID="string_35" HPOS="540" VPOS="320" WIDTH="102" HEIGHT="26" WC="0.89" CONTENT="spanmä!,"/><SP WIDTH="13" VPOS="320" HPOS="642"/>
							<String ID="string_36" HPOS="655" VPOS="320" WIDTH="23" HEIGHT="21" WC="0.96" CONTENT="af"/><SP WIDTH="8" VPOS="320" HPOS="678"/>
							<String ID="string_37" HPOS="686" VPOS="320" WIDTH="74" HEIGHT="27" WC="0.96" CONTENT="hvarje"/><SP WIDTH="10" VPOS="320" HPOS="760"/>
							<String ID="string_38" HPOS="770" VPOS="326" WIDTH="70" HEIGHT="16" WC="0.96" CONTENT="annan"/>
						</TextLine>
						<TextLine ID="line_6" HPOS="91" VPOS="351" WIDTH="751" HEIGHT="29">
							<String ID="string_39" HPOS="91" VPOS="351" WIDTH="29" HEIGHT="27" WC="0.96" CONTENT="på"/><SP WIDTH="22" VPOS="351" HPOS="120"/>
							<String ID="string_40" HPOS="142" VPOS="352" WIDTH="74" HEIGHT="21" WC="0.96" CONTENT="landet"/><SP WIDTH="21" VPOS="352" HPOS="216"/>
							<String ID="string_41" HPOS="237" VPOS="352" WIDTH="73" HEIGHT="22" WC="0.96" CONTENT="bosatt"/><SP WIDTH="21" VPOS="352" HPOS="310"/>
							<String ID="string_42" HPOS="331" VPOS="358" WIDTH="78" HEIGHT="21" WC="0.96" CONTENT="person"/><SP WIDTH="18" VPOS="358" HPOS="409"/>
							<String ID="string_43" HPOS="427" VPOS="353" WIDTH="49" HEIGHT="21" WC="0.95" CONTENT="med"/><SP WIDTH="19" VPOS="353" HPOS="476"/>
							<String ID="string_44" HPOS="495" VPOS="359" WIDTH="53" HEIGHT="21" WC="0.95" CONTENT="egen"/><SP WIDTH="20" VPOS="359" HPOS="548"/>
							<String ID="string_45" HPOS="568" VPOS="353" WIDTH="48" HEIGHT="21" WC="0.96" CONTENT="disk"/><SP WIDTH="15" VPOS="353" HPOS="616"/>
							<String ID="string_46" HPOS="631" VPOS="354" WIDTH="40" HEIGHT="20" WC="0.96" CONTENT="och"/><SP WIDTH="15" VPOS="354" HPOS="671"/>
							<String ID="string_47" HPOS="686" VPOS="354" WIDTH="50" HEIGHT="26" WC="0.96" CONTENT="duk,"/><SP WIDTH="16" VPOS="354" HPOS="736"/>
							<String ID="string_48" HPOS="752" VPOS="354" WIDTH="90" HEIGHT="21" WC="0.96" CONTENT="såframt"/>
						</TextLine>
					</TextBlock>
				</ComposedBlock>
				<ComposedBlock ID="cblock_2" HPOS="91" VPOS="386" WIDTH="751" HEIGHT="61">
					<TextBlock ID="block_3" HPOS="91" VPOS="386" WIDTH="751" HEIGHT="61">
						<TextLine ID="line_7" HPOS="92" VPOS="386" WIDTH="750" HEIGHT="28">
							<String ID="string_49" HPOS="92" VPOS="386" WIDTH="43" HEIGHT="21" WC="0.96" CONTENT="han"/><SP WIDTH="14" VPOS="386" HPOS="135"/>
							<String ID="string_50" HPOS="149" VPOS="386" WIDTH="47" HEIGHT="22" WC="0.96" CONTENT="icke"/><SP WIDTH="16" VPOS="386" HPOS="196"/>
							<String ID="string_51" HPOS="212" VPOS="386" WIDTH="67" HEIGHT="27" WC="0.95" CONTENT="enligt"/><SP WIDTH="15" VPOS="386" HPOS="279"/>
							<String ID="string_52" HPOS="294" VPOS="386" WIDTH="24" HEIGHT="28" WC="0.93" CONTENT="$$"/><SP WIDTH="15" VPOS="386" HPOS="318"/>
							<String ID="string_53" HPOS="333" VPOS="388" WIDTH="13" HEIGHT="20" WC="0.95" CONTENT="2"/><SP WIDTH="17" VPOS="388" HPOS="346"/>
							<String ID="string_54" HPOS="363" VPOS="387" WIDTH="38" HEIGHT="21" WC="0.95" CONTENT="och"/><SP WIDTH="16" VPOS="387" HPOS="401"/>
							<String ID="string_55" HPOS="417" VPOS="388" WIDTH="12" HEIGHT="20" WC="0.96" CONTENT="3"/><SP WIDTH="16" VPOS="388" HPOS="429"/>
							<String ID="string_56" HPOS="445" VPOS="389" WIDTH="25" HEIGHT="19" WC="0.96" CONTENT="är"/><SP WIDTH="14" VPOS="389" HPOS="470"/>
							<String ID="string_57" HPOS="484" VPOS="387" WIDTH="47" HEIGHT="22" WC="0.96" CONTENT="från"/><SP WIDTH="15" VPOS="387" HPOS="531"/>
							<String ID="string_58" HPOS="546" VPOS="388" WIDTH="138" HEIGHT="26" WC="0.96" CONTENT="betalningen"/><SP WIDTH="15" VPOS="388" HPOS="684"/>
							<String ID="string_59" HPOS="699" VPOS="388" WIDTH="23" HEIGHT="21" WC="0.96" CONTENT="af"/><SP WIDTH="9" VPOS="388" HPOS="722"/>
							<String ID="string_60" HPOS="731" VPOS="388" WIDTH="69" HEIGHT="21" WC="0.93" CONTENT="denna"/><SP WIDTH="11" VPOS="388" HPOS="800"/>
							<String ID="string_61" HPOS="811" VPOS="388" WIDTH="31" HEIGHT="22" WC="0.92" CONTENT="af-"/>
						</TextLine>
						<TextLine ID="line_8" HPOS="91" VPOS="420" WIDTH="146" HEIGHT="27">
							<String ID="string_62" HPOS="91" VPOS="420" WIDTH="42" HEIGHT="27" WC="0.96" CONTENT="gift"/><SP WIDTH="15" VPOS="420" HPOS="133"/>
							<String ID="string_63" HPOS="148" VPOS="420" WIDTH="89" HEIGHT="22" WC="0.96" CONTENT="befriad."/>
						</TextLine>
					</TextBlock>
				</ComposedBlock>
				<ComposedBlock ID="cblock_3" HPOS="93" VPOS="461" WIDTH="752" HEIGHT="313">
					<TextBlock ID="block_4" HPOS="446" VPOS="461" WIDTH="46" HEIGHT="28">
						<TextLine ID="line_9" HPOS="446" VPOS="461" WIDTH="46" HEIGHT="28">
							<String ID="string_64" HPOS="446" VPOS="461" WIDTH="11" HEIGHT="28" WC="0.83" CONTENT="&amp;"/><SP WIDTH="15" VPOS="461" HPOS="457"/>
							<String ID="string_65" HPOS="472" VPOS="463" WIDTH="20" HEIGHT="21" WC="0.91" CONTENT="2."/>
						</TextLine>
					</TextBlock>
					<TextBlock ID="block_5" HPOS="93" VPOS="507" WIDTH="752" HEIGHT="267">
						<TextLine ID="line_10" HPOS="166" VPOS="507" WIDTH="677" HEIGHT="28">
							<String ID="string_66" HPOS="166" VPOS="507" WIDTH="141" HEIGHT="21" WC="0.90" CONTENT="Innehafvare"/><SP WIDTH="16" VPOS="507" HPOS="307"/>
							<String ID="string_67" HPOS="323" VPOS="507" WIDTH="22" HEIGHT="21" WC="0.92" CONTENT="af"/><SP WIDTH="12" VPOS="507" HPOS="345"/>
							<String ID="string_68" HPOS="357" VPOS="507" WIDTH="157" HEIGHT="27" WC="0.89" CONTENT="jordlägenhet,"/><SP WIDTH="16" VPOS="507" HPOS="514"/>
							<String ID="string_69" HPOS="530" VPOS="508" WIDTH="48" HEIGHT="21" WC="0.96" CONTENT="från"/><SP WIDTH="10" VPOS="508" HPOS="578"/>
							<String ID="string_70" HPOS="588" VPOS="507" WIDTH="85" HEIGHT="22" WC="0.93" CONTENT="hvilken"/><SP WIDTH="11" VPOS="507" HPOS="673"/>
							<String ID="string_71" HPOS="684" VPOS="509" WIDTH="159" HEIGHT="26" WC="0.89" CONTENT="tingsgästning"/>
						</TextLine>
						<TextLine ID="line_11" HPOS="93" VPOS="541" WIDTH="750" HEIGHT="28">
							<String ID="string_72" HPOS="93" VPOS="542" WIDTH="95" HEIGHT="26" WC="0.95" CONTENT="utgöres,"/><SP WIDTH="17" VPOS="542" HPOS="188"/>
							<String ID="string_73" HPOS="205" VPOS="541" WIDTH="58" HEIGHT="26" WC="0.96" CONTENT="eller,"/><SP WIDTH="17" VPOS="541" HPOS="263"/>
							<String ID="string_74" HPOS="280" VPOS="548" WIDTH="45" HEIGHT="15" WC="0.96" CONTENT="som"/><SP WIDTH="16" VPOS="548" HPOS="325"/>
							<String ID="string_75" HPOS="341" VPOS="541" WIDTH="67" HEIGHT="27" WC="0.96" CONTENT="enligt"/><SP WIDTH="15" VPOS="541" HPOS="408"/>
							<String ID="string_76" HPOS="423" VPOS="542" WIDTH="11" HEIGHT="27" WC="0.86" CONTENT="8"/><SP WIDTH="17" VPOS="542" HPOS="434"/>
							<String ID="string_77" HPOS="451" VPOS="543" WIDTH="11" HEIGHT="20" WC="0.96" CONTENT="3"/><SP WIDTH="16" VPOS="543" HPOS="462"/>
							<String ID="string_78" HPOS="478" VPOS="542" WIDTH="95" HEIGHT="27" WC="0.96" CONTENT="åtnjuter"/><SP WIDTH="14" VPOS="542" HPOS="573"/>
							<String ID="string_79" HPOS="587" VPOS="542" WIDTH="100" HEIGHT="22" WC="0.96" CONTENT="befrielse"/><SP WIDTH="16" VPOS="542" HPOS="687"/>
							<String ID="string_80" HPOS="703" VPOS="542" WIDTH="78" HEIGHT="27" WC="0.96" CONTENT="derför,"/><SP WIDTH="11" VPOS="542" HPOS="781"/>
							<String ID="string_81" HPOS="792" VPOS="549" WIDTH="51" HEIGHT="15" WC="0.96" CONTENT="vare"/>
						</TextLine>
						<TextLine ID="line_12" HPOS="94" VPOS="575" WIDTH="749" HEIGHT="28">
							<String ID="string_82" HPOS="94" VPOS="575" WIDTH="27" HEIGHT="21" WC="0.96" CONTENT="fri"/><SP WIDTH="23" VPOS="575" HPOS="121"/>
							<String ID="string_83" HPOS="144" VPOS="575" WIDTH="47" HEIGHT="21" WC="0.96" CONTENT="från"/><SP WIDTH="20" VPOS="575" HPOS="191"/>
							<String ID="string_84" HPOS="211" VPOS="575" WIDTH="148" HEIGHT="28" WC="0.96" CONTENT="skyldigheten"/><SP WIDTH="16" VPOS="575" HPOS="359"/>
							<String ID="string_85" HPOS="375" VPOS="577" WIDTH="38" HEIGHT="25" WC="0.96" CONTENT="att,"/><SP WIDTH="17" VPOS="577" HPOS="413"/>
							<String ID="string_86" HPOS="430" VPOS="576" WIDTH="31" HEIGHT="21" WC="0.96" CONTENT="uti"/><SP WIDTH="16" VPOS="576" HPOS="461"/>
							<String ID="string_87" HPOS="477" VPOS="577" WIDTH="36" HEIGHT="20" WC="0.96" CONTENT="det"/><SP WIDTH="15" VPOS="577" HPOS="513"/>
							<String ID="string_88" HPOS="528" VPOS="576" WIDTH="100" HEIGHT="27" WC="0.96" CONTENT="tingslag,"/><SP WIDTH="16" VPOS="576" HPOS="628"/>
							<String ID="string_89" HPOS="644" VPOS="577" WIDTH="57" HEIGHT="20" WC="0.96" CONTENT="inom"/><SP WIDTH="16" VPOS="577" HPOS="701"/>
							<String ID="string_90" HPOS="717" VPOS="577" WIDTH="81" HEIGHT="20" WC="0.93" CONTENT="hvilket"/><SP WIDTH="15" VPOS="577" HPOS="798"/>
							<String ID="string_91" HPOS="813" VPOS="577" WIDTH="30" HEIGHT="20" WC="0.90" CONTENT="lä-"/>
						</TextLine>
						<TextLine ID="line_13" HPOS="95" VPOS="609" WIDTH="749" HEIGHT="28">
							<String ID="string_92" HPOS="95" VPOS="610" WIDTH="106" HEIGHT="26" WC="0.92" CONTENT="genheten"/><SP WIDTH="22" VPOS="610" HPOS="201"/>
							<String ID="string_93" HPOS="223" VPOS="609" WIDTH="74" HEIGHT="27" WC="0.96" CONTENT="finnes,"/><SP WIDTH="18" VPOS="609" HPOS="297"/>
							<String ID="string_94" HPOS="315" VPOS="610" WIDTH="88" HEIGHT="27" WC="0.96" CONTENT="erlägga"/><SP WIDTH="19" VPOS="610" HPOS="403"/>
							<String ID="string_95" HPOS="422" VPOS="610" WIDTH="42" HEIGHT="21" WC="0.91" CONTENT="slik"/><SP WIDTH="15" VPOS="610" HPOS="464"/>
							<String ID="string_96" HPOS="479" VPOS="610" WIDTH="63" HEIGHT="27" WC="0.91" CONTENT="afgift"/><SP WIDTH="14" VPOS="610" HPOS="542"/>
							<String ID="string_97" HPOS="556" VPOS="610" WIDTH="34" HEIGHT="21" WC="0.96" CONTENT="för"/><SP WIDTH="16" VPOS="610" HPOS="590"/>
							<String ID="string_98" HPOS="606" VPOS="611" WIDTH="33" HEIGHT="21" WC="0.96" CONTENT="sin"/><SP WIDTH="14" VPOS="611" HPOS="639"/>
							<String ID="string_99" HPOS="653" VPOS="617" WIDTH="88" HEIGHT="20" WC="0.96" CONTENT="person;"/><SP WIDTH="15" VPOS="617" HPOS="741"/>
							<String ID="string_100" HPOS="756" VPOS="617" WIDTH="48" HEIGHT="15" WC="0.96" CONTENT="men"/><SP WIDTH="16" VPOS="617" HPOS="804"/>
							<String ID="string_101" HPOS="820" VPOS="612" WIDTH="24" HEIGHT="19" WC="0.96" CONTENT="är"/>
						</TextLine>
						<TextLine ID="line_14" HPOS="94" VPOS="644" WIDTH="751" HEIGHT="27">
							<String ID="string_102" HPOS="94" VPOS="644" WIDTH="43" HEIGHT="20" WC="0.95" CONTENT="han"/><SP WIDTH="18" VPOS="644" HPOS="137"/>
							<String ID="string_103" HPOS="155" VPOS="644" WIDTH="73" HEIGHT="21" WC="0.96" CONTENT="bosatt"/><SP WIDTH="18" VPOS="644" HPOS="228"/>
							<String ID="string_104" HPOS="246" VPOS="644" WIDTH="39" HEIGHT="21" WC="0.96" CONTENT="och"/><SP WIDTH="19" VPOS="644" HPOS="285"/>
							<String ID="string_105" HPOS="304" VPOS="644" WIDTH="38" HEIGHT="21" WC="0.96" CONTENT="har"/><SP WIDTH="16" VPOS="644" HPOS="342"/>
							<String ID="string_106" HPOS="358" VPOS="645" WIDTH="48" HEIGHT="26" WC="0.96" CONTENT="eget"/><SP WIDTH="13" VPOS="645" HPOS="406"/>
							<String ID="string_107" HPOS="419" VPOS="644" WIDTH="86" HEIGHT="21" WC="0.96" CONTENT="hushåll"/><SP WIDTH="15" VPOS="644" HPOS="505"/>
							<String ID="string_108" HPOS="520" VPOS="645" WIDTH="58" HEIGHT="20" WC="0.96" CONTENT="inom"/><SP WIDTH="15" VPOS="645" HPOS="578"/>
							<String ID="string_109" HPOS="593" VPOS="646" WIDTH="65" HEIGHT="19" WC="0.96" CONTENT="annat"/><SP WIDTH="15" VPOS="646" HPOS="658"/>
							<String ID="string_110" HPOS="673" VPOS="645" WIDTH="99" HEIGHT="26" WC="0.96" CONTENT="tingslag,"/><SP WIDTH="17" VPOS="645" HPOS="772"/>
							<String ID="string_111" HPOS="789" VPOS="644" WIDTH="56" HEIGHT="21" WC="0.96" CONTENT="skall"/>
						</TextLine>
						<TextLine ID="line_15" HPOS="94" VPOS="678" WIDTH="750" HEIGHT="27">
							<String ID="string_112" HPOS="94" VPOS="678" WIDTH="43" HEIGHT="21" WC="0.93" CONTENT="han"/><SP WIDTH="15" VPOS="678" HPOS="137"/>
							<String ID="string_113" HPOS="152" VPOS="678" WIDTH="79" HEIGHT="26" WC="0.92" CONTENT="jemväl"/><SP WIDTH="20" VPOS="678" HPOS="231"/>
							<String ID="string_114" HPOS="251" VPOS="679" WIDTH="37" HEIGHT="20" WC="0.93" CONTENT="der"/><SP WIDTH="18" VPOS="679" HPOS="288"/>
							<String ID="string_115" HPOS="306" VPOS="678" WIDTH="160" HEIGHT="27" WC="0.92" CONTENT="tingsgästning"/><SP WIDTH="15" VPOS="678" HPOS="466"/>
							<String ID="string_116" HPOS="481" VPOS="678" WIDTH="88" HEIGHT="27" WC="0.92" CONTENT="utgifva."/><SP WIDTH="31" VPOS="678" HPOS="569"/>
							<String ID="string_117" HPOS="600" VPOS="678" WIDTH="25" HEIGHT="27" WC="0.96" CONTENT="Ej"/><SP WIDTH="16" VPOS="678" HPOS="625"/>
							<String ID="string_118" HPOS="641" VPOS="679" WIDTH="68" HEIGHT="21" WC="0.96" CONTENT="heller"/><SP WIDTH="15" VPOS="679" HPOS="709"/>
							<String ID="string_119" HPOS="724" VPOS="678" WIDTH="35" HEIGHT="21" WC="0.95" CONTENT="må"/><SP WIDTH="14" VPOS="678" HPOS="759"/>
							<String ID="string_120" HPOS="773" VPOS="679" WIDTH="71" HEIGHT="26" WC="0.96" CONTENT="någon"/>
						</TextLine>
						<TextLine ID="line_16" HPOS="95" VPOS="712" WIDTH="749" HEIGHT="27">
							<String ID="string_121" HPOS="95" VPOS="713" WIDTH="34" HEIGHT="20" WC="0.96" CONTENT="för"/><SP WIDTH="16" VPOS="713" HPOS="129"/>
							<String ID="string_122" HPOS="145" VPOS="713" WIDTH="32" HEIGHT="20" WC="0.96" CONTENT="sin"/><SP WIDTH="15" VPOS="713" HPOS="177"/>
							<String ID="string_123" HPOS="192" VPOS="719" WIDTH="79" HEIGHT="20" WC="0.96" CONTENT="person"/><SP WIDTH="15" VPOS="719" HPOS="271"/>
							<String ID="string_124" HPOS="286" VPOS="713" WIDTH="7" HEIGHT="20" WC="0.93" CONTENT="i"/><SP WIDTH="14" VPOS="713" HPOS="293"/>
							<String ID="string_125" HPOS="307" VPOS="713" WIDTH="159" HEIGHT="26" WC="0.92" CONTENT="tingsgästning"/><SP WIDTH="15" VPOS="713" HPOS="466"/>
							<String ID="string_126" HPOS="481" VPOS="712" WIDTH="87" HEIGHT="27" WC="0.92" CONTENT="päföras"/><SP WIDTH="15" VPOS="712" HPOS="568"/>
							<String ID="string_127" HPOS="583" VPOS="719" WIDTH="60" HEIGHT="15" WC="0.96" CONTENT="mera"/><SP WIDTH="14" VPOS="719" HPOS="643"/>
							<String ID="string_128" HPOS="657" VPOS="715" WIDTH="27" HEIGHT="18" WC="0.93" CONTENT="än"/><SP WIDTH="15" VPOS="715" HPOS="684"/>
							<String ID="string_129" HPOS="699" VPOS="713" WIDTH="47" HEIGHT="26" WC="0.92" CONTENT="fyra"/><SP WIDTH="15" VPOS="713" HPOS="746"/>
							<String ID="string_130" HPOS="761" VPOS="713" WIDTH="83" HEIGHT="26" WC="0.93" CONTENT="kappar"/>
						</TextLine>
						<TextLine ID="line_17" HPOS="96" VPOS="746" WIDTH="521" HEIGHT="28">
							<String ID="string_131" HPOS="96" VPOS="747" WIDTH="103" HEIGHT="27" WC="0.80" CONTENT="spanmäl,"/><SP WIDTH="17" VPOS="747" HPOS="199"/>
							<String ID="string_132" HPOS="216" VPOS="753" WIDTH="33" HEIGHT="15" WC="0.96" CONTENT="om"/><SP WIDTH="16" VPOS="753" HPOS="249"/>
							<String ID="string_133" HPOS="265" VPOS="747" WIDTH="41" HEIGHT="21" WC="0.93" CONTENT="han"/><SP WIDTH="16" VPOS="747" HPOS="306"/>
							<String ID="string_134" HPOS="322" VPOS="747" WIDTH="40" HEIGHT="21" WC="0.96" CONTENT="ock"/><SP WIDTH="15" VPOS="747" HPOS="362"/>
							<String ID="string_135" HPOS="377" VPOS="746" WIDTH="52" HEIGHT="22" WC="0.93" CONTENT="flera"/><SP WIDTH="15" VPOS="746" HPOS="429"/>
							<String ID="string_136" HPOS="444" VPOS="747" WIDTH="66" HEIGHT="26" WC="0.93" CONTENT="yrken"/><SP WIDTH="16" VPOS="747" HPOS="510"/>
							<String ID="string_137" HPOS="526" VPOS="747" WIDTH="91" HEIGHT="21" WC="0.92" CONTENT="utöfvar."/>
						</TextLine>
					</TextBlock>
				</ComposedBlock>
				<ComposedBlock ID="cblock_4" HPOS="95" VPOS="815" WIDTH="753" HEIGHT="448">
					<TextBlock ID="block_6" HPOS="95" VPOS="815" WIDTH="751" HEIGHT="101">
						<TextLine ID="line_18" HPOS="447" VPOS="815" WIDTH="45" HEIGHT="26">
							<String ID="string_138" HPOS="447" VPOS="815" WIDTH="45" HEIGHT="26" WC="0.85" CONTENT="83."/>
						</TextLine>
						<TextLine ID="line_19" HPOS="198" VPOS="859" WIDTH="648" HEIGHT="28">
							<String ID="string_139" HPOS="198" VPOS="860" WIDTH="56" HEIGHT="21" WC="0.92" CONTENT="Frän"/><SP WIDTH="16" VPOS="860" HPOS="254"/>
							<String ID="string_140" HPOS="270" VPOS="860" WIDTH="119" HEIGHT="27" WC="0.92" CONTENT="utgörande"/><SP WIDTH="15" VPOS="860" HPOS="389"/>
							<String ID="string_141" HPOS="404" VPOS="859" WIDTH="23" HEIGHT="22" WC="0.93" CONTENT="af"/><SP WIDTH="13" VPOS="859" HPOS="427"/>
							<String ID="string_142" HPOS="440" VPOS="860" WIDTH="159" HEIGHT="26" WC="0.92" CONTENT="tingsgästning"/><SP WIDTH="15" VPOS="860" HPOS="599"/>
							<String ID="string_143" HPOS="614" VPOS="862" WIDTH="36" HEIGHT="19" WC="0.92" CONTENT="äro"/><SP WIDTH="17" VPOS="862" HPOS="650"/>
							<String ID="string_144" HPOS="667" VPOS="860" WIDTH="45" HEIGHT="21" WC="0.96" CONTENT="helt"/><SP WIDTH="15" VPOS="860" HPOS="712"/>
							<String ID="string_145" HPOS="727" VPOS="859" WIDTH="38" HEIGHT="22" WC="0.93" CONTENT="och"/><SP WIDTH="13" VPOS="859" HPOS="765"/>
							<String ID="string_146" HPOS="778" VPOS="859" WIDTH="68" HEIGHT="22" WC="0.93" CONTENT="hället"/>
						</TextLine>
						<TextLine ID="line_20" HPOS="95" VPOS="895" WIDTH="106" HEIGHT="21">
							<String ID="string_147" HPOS="95" VPOS="895" WIDTH="106" HEIGHT="21" WC="0.91" CONTENT="befriade:"/>
						</TextLine>
					</TextBlock>
					<TextBlock ID="block_7" HPOS="97" VPOS="928" WIDTH="748" HEIGHT="61">
						<TextLine ID="line_21" HPOS="168" VPOS="928" WIDTH="677" HEIGHT="27">
							<String ID="string_148" HPOS="168" VPOS="931" WIDTH="24" HEIGHT="22" WC="0.93" CONTENT="a)"/><SP WIDTH="16" VPOS="931" HPOS="192"/>
							<String ID="string_149" HPOS="208" VPOS="928" WIDTH="181" HEIGHT="27" WC="0.92" CONTENT="krononybyggen"/><SP WIDTH="11" VPOS="928" HPOS="389"/>
							<String ID="string_150" HPOS="400" VPOS="928" WIDTH="39" HEIGHT="21" WC="0.93" CONTENT="och"/><SP WIDTH="10" VPOS="928" HPOS="439"/>
							<String ID="string_151" HPOS="449" VPOS="928" WIDTH="55" HEIGHT="21" WC="0.93" CONTENT="ifrån"/><SP WIDTH="11" VPOS="928" HPOS="504"/>
							<String ID="string_152" HPOS="515" VPOS="929" WIDTH="94" HEIGHT="21" WC="0.58" CONTENT="ödesmä!"/><SP WIDTH="12" VPOS="929" HPOS="609"/>
							<String ID="string_153" HPOS="621" VPOS="928" WIDTH="157" HEIGHT="27" WC="0.26" CONTENT="äterupptagna"/><SP WIDTH="9" VPOS="928" HPOS="778"/>
							<String ID="string_154" HPOS="787" VPOS="929" WIDTH="58" HEIGHT="20" WC="0.92" CONTENT="hem-"/>
						</TextLine>
						<TextLine ID="line_22" HPOS="97" VPOS="961" WIDTH="634" HEIGHT="28">
							<String ID="string_155" HPOS="97" VPOS="969" WIDTH="54" HEIGHT="20" WC="0.96" CONTENT="man,"/><SP WIDTH="17" VPOS="969" HPOS="151"/>
							<String ID="string_156" HPOS="168" VPOS="963" WIDTH="24" HEIGHT="21" WC="0.96" CONTENT="sä"/><SP WIDTH="15" VPOS="963" HPOS="192"/>
							<String ID="string_157" HPOS="207" VPOS="963" WIDTH="63" HEIGHT="26" WC="0.96" CONTENT="länge"/><SP WIDTH="15" VPOS="963" HPOS="270"/>
							<String ID="string_158" HPOS="285" VPOS="962" WIDTH="33" HEIGHT="21" WC="0.96" CONTENT="för"/><SP WIDTH="16" VPOS="962" HPOS="318"/>
							<String ID="string_159" HPOS="334" VPOS="963" WIDTH="48" HEIGHT="20" WC="0.93" CONTENT="dem"/><SP WIDTH="15" VPOS="963" HPOS="382"/>
							<String ID="string_160" HPOS="397" VPOS="962" WIDTH="109" HEIGHT="21" WC="0.92" CONTENT="fastställd"/><SP WIDTH="14" VPOS="962" HPOS="506"/>
							<String ID="string_161" HPOS="520" VPOS="961" WIDTH="109" HEIGHT="22" WC="0.92" CONTENT="frihetstid"/><SP WIDTH="15" VPOS="961" HPOS="629"/>
							<String ID="string_162" HPOS="644" VPOS="962" WIDTH="87" HEIGHT="25" WC="0.92" CONTENT="fortfar;"/>
						</TextLine>
					</TextBlock>
					<TextBlock ID="block_8" HPOS="97" VPOS="996" WIDTH="751" HEIGHT="164">
						<TextLine ID="line_23" HPOS="168" VPOS="996" WIDTH="677" HEIGHT="28">
							<String ID="string_163" HPOS="168" VPOS="997" WIDTH="24" HEIGHT="27" WC="0.87" CONTENT="0)"/><SP WIDTH="20" VPOS="997" HPOS="192"/>
							<String ID="string_164" HPOS="212" VPOS="997" WIDTH="117" HEIGHT="27" WC="0.92" CONTENT="spanmäls-"/><SP WIDTH="20" VPOS="997" HPOS="329"/>
							<String ID="string_165" HPOS="349" VPOS="997" WIDTH="39" HEIGHT="21" WC="0.93" CONTENT="och"/><SP WIDTH="19" VPOS="997" HPOS="388"/>
							<String ID="string_166" HPOS="407" VPOS="998" WIDTH="130" HEIGHT="26" WC="0.91" CONTENT="stattorpare"/><SP WIDTH="19" VPOS="998" HPOS="537"/>
							<String ID="string_167" HPOS="556" VPOS="997" WIDTH="56" HEIGHT="21" WC="0.96" CONTENT="samt"/><SP WIDTH="15" VPOS="997" HPOS="612"/>
							<String ID="string_168" HPOS="627" VPOS="996" WIDTH="67" HEIGHT="22" WC="0.93" CONTENT="andra"/><SP WIDTH="15" VPOS="996" HPOS="694"/>
							<String ID="string_169" HPOS="709" VPOS="996" WIDTH="136" HEIGHT="28" WC="0.93" CONTENT="tjenstehjon,"/>
						</TextLine>
						<TextLine ID="line_24" HPOS="97" VPOS="1030" WIDTH="750" HEIGHT="27">
							<String ID="string_170" HPOS="97" VPOS="1031" WIDTH="189" HEIGHT="26" WC="0.95" CONTENT="fabriksarbetare,"/><SP WIDTH="23" VPOS="1031" HPOS="286"/>
							<String ID="string_171" HPOS="309" VPOS="1030" WIDTH="73" HEIGHT="22" WC="0.96" CONTENT="hvilka"/><SP WIDTH="22" VPOS="1030" HPOS="382"/>
							<String ID="string_172" HPOS="404" VPOS="1033" WIDTH="37" HEIGHT="19" WC="0.96" CONTENT="äro"/><SP WIDTH="23" VPOS="1033" HPOS="441"/>
							<String ID="string_173" HPOS="464" VPOS="1031" WIDTH="22" HEIGHT="21" WC="0.93" CONTENT="af"/><SP WIDTH="22" VPOS="1031" HPOS="486"/>
							<String ID="string_174" HPOS="508" VPOS="1031" WIDTH="92" HEIGHT="26" WC="0.93" CONTENT="gvinkön"/><SP WIDTH="23" VPOS="1031" HPOS="600"/>
							<String ID="string_175" HPOS="623" VPOS="1030" WIDTH="52" HEIGHT="21" WC="0.93" CONTENT="eller"/><SP WIDTH="17" VPOS="1030" HPOS="675"/>
							<String ID="string_176" HPOS="692" VPOS="1031" WIDTH="47" HEIGHT="21" WC="0.96" CONTENT="icke"/><SP WIDTH="16" VPOS="1031" HPOS="739"/>
							<String ID="string_177" HPOS="755" VPOS="1030" WIDTH="92" HEIGHT="27" WC="0.95" CONTENT="uppnått"/>
						</TextLine>
						<TextLine ID="line_25" HPOS="97" VPOS="1064" WIDTH="749" HEIGHT="28">
							<String ID="string_178" HPOS="97" VPOS="1066" WIDTH="87" HEIGHT="26" WC="0.95" CONTENT="myndig"/><SP WIDTH="19" VPOS="1066" HPOS="184"/>
							<String ID="string_179" HPOS="203" VPOS="1065" WIDTH="66" HEIGHT="26" WC="0.96" CONTENT="ålder,"/><SP WIDTH="20" VPOS="1065" HPOS="269"/>
							<String ID="string_180" HPOS="289" VPOS="1064" WIDTH="109" HEIGHT="22" WC="0.93" CONTENT="äfvensom"/><SP WIDTH="19" VPOS="1064" HPOS="398"/>
							<String ID="string_181" HPOS="417" VPOS="1065" WIDTH="42" HEIGHT="21" WC="0.93" CONTENT="alla"/><SP WIDTH="15" VPOS="1065" HPOS="459"/>
							<String ID="string_182" HPOS="474" VPOS="1065" WIDTH="26" HEIGHT="21" WC="0.96" CONTENT="de"/><SP WIDTH="14" VPOS="1065" HPOS="500"/>
							<String ID="string_183" HPOS="514" VPOS="1070" WIDTH="109" HEIGHT="22" WC="0.96" CONTENT="personer,"/><SP WIDTH="16" VPOS="1070" HPOS="623"/>
							<String ID="string_184" HPOS="639" VPOS="1064" WIDTH="79" HEIGHT="27" WC="0.95" CONTENT="hvilka,"/><SP WIDTH="17" VPOS="1064" HPOS="718"/>
							<String ID="string_185" HPOS="735" VPOS="1065" WIDTH="27" HEIGHT="27" WC="0.96" CONTENT="på"/><SP WIDTH="14" VPOS="1065" HPOS="762"/>
							<String ID="string_186" HPOS="776" VPOS="1070" WIDTH="70" HEIGHT="16" WC="0.95" CONTENT="annan"/>
						</TextLine>
						<TextLine ID="line_26" HPOS="97" VPOS="1098" WIDTH="751" HEIGHT="28">
							<String ID="string_187" HPOS="97" VPOS="1099" WIDTH="70" HEIGHT="27" WC="0.96" CONTENT="grund"/><SP WIDTH="19" VPOS="1099" HPOS="167"/>
							<String ID="string_188" HPOS="186" VPOS="1101" WIDTH="26" HEIGHT="19" WC="0.96" CONTENT="än"/><SP WIDTH="20" VPOS="1101" HPOS="212"/>
							<String ID="string_189" HPOS="232" VPOS="1098" WIDTH="65" HEIGHT="27" WC="0.93" CONTENT="ålder,"/><SP WIDTH="17" VPOS="1098" HPOS="297"/>
							<String ID="string_190" HPOS="314" VPOS="1098" WIDTH="85" HEIGHT="27" WC="0.90" CONTENT="jemlikt"/><SP WIDTH="18" VPOS="1098" HPOS="399"/>
							<String ID="string_191" HPOS="417" VPOS="1098" WIDTH="99" HEIGHT="27" WC="0.96" CONTENT="gällande"/><SP WIDTH="15" VPOS="1098" HPOS="516"/>
							<String ID="string_192" HPOS="531" VPOS="1098" WIDTH="152" HEIGHT="26" WC="0.96" CONTENT="författningar"/><SP WIDTH="16" VPOS="1098" HPOS="683"/>
							<String ID="string_193" HPOS="699" VPOS="1100" WIDTH="37" HEIGHT="19" WC="0.96" CONTENT="äro"/><SP WIDTH="15" VPOS="1100" HPOS="736"/>
							<String ID="string_194" HPOS="751" VPOS="1098" WIDTH="48" HEIGHT="21" WC="0.93" CONTENT="från"/><SP WIDTH="16" VPOS="1098" HPOS="799"/>
							<String ID="string_195" HPOS="815" VPOS="1104" WIDTH="33" HEIGHT="15" WC="0.92" CONTENT="er-"/>
						</TextLine>
						<TextLine ID="line_27" HPOS="97" VPOS="1132" WIDTH="489" HEIGHT="28">
							<String ID="string_196" HPOS="97" VPOS="1134" WIDTH="106" HEIGHT="26" WC="0.96" CONTENT="läggande"/><SP WIDTH="15" VPOS="1134" HPOS="203"/>
							<String ID="string_197" HPOS="218" VPOS="1132" WIDTH="23" HEIGHT="22" WC="0.93" CONTENT="af"/><SP WIDTH="13" VPOS="1132" HPOS="241"/>
							<String ID="string_198" HPOS="254" VPOS="1132" WIDTH="212" HEIGHT="27" WC="0.91" CONTENT="mantalspenningar"/><SP WIDTH="14" VPOS="1132" HPOS="466"/>
							<String ID="string_199" HPOS="480" VPOS="1133" WIDTH="50" HEIGHT="25" WC="0.92" CONTENT="frie;"/><SP WIDTH="16" VPOS="1133" HPOS="530"/>
							<String ID="string_200" HPOS="546" VPOS="1132" WIDTH="40" HEIGHT="21" WC="0.96" CONTENT="och"/>
						</TextLine>
					</TextBlock>
					<TextBlock ID="block_9" HPOS="98" VPOS="1166" WIDTH="750" HEIGHT="97">
						<TextLine ID="line_28" HPOS="169" VPOS="1166" WIDTH="679" HEIGHT="28">
							<String ID="string_201" HPOS="169" VPOS="1170" WIDTH="22" HEIGHT="22" WC="0.79" CONTENT="c)"/><SP WIDTH="15" VPOS="1170" HPOS="191"/>
							<String ID="string_202" HPOS="206" VPOS="1167" WIDTH="156" HEIGHT="26" WC="0.96" CONTENT="fastigheterna"/><SP WIDTH="15" VPOS="1167" HPOS="362"/>
							<String ID="string_203" HPOS="377" VPOS="1167" WIDTH="39" HEIGHT="20" WC="0.93" CONTENT="och"/><SP WIDTH="15" VPOS="1167" HPOS="416"/>
							<String ID="string_204" HPOS="431" VPOS="1166" WIDTH="131" HEIGHT="28" WC="0.92" CONTENT="inbyggarne"/><SP WIDTH="16" VPOS="1166" HPOS="562"/>
							<String ID="string_205" HPOS="578" VPOS="1166" WIDTH="31" HEIGHT="21" WC="0.96" CONTENT="uti"/><SP WIDTH="16" VPOS="1166" HPOS="609"/>
							<String ID="string_206" HPOS="625" VPOS="1166" WIDTH="26" HEIGHT="22" WC="0.96" CONTENT="de"/><SP WIDTH="16" VPOS="1166" HPOS="651"/>
							<String ID="string_207" HPOS="667" VPOS="1166" WIDTH="107" HEIGHT="27" WC="0.93" CONTENT="egentliga"/><SP WIDTH="14" VPOS="1166" HPOS="774"/>
							<String ID="string_208" HPOS="788" VPOS="1166" WIDTH="60" HEIGHT="26" WC="0.92" CONTENT="lapp-"/>
						</TextLine>
						<TextLine ID="line_29" HPOS="98" VPOS="1199" WIDTH="750" HEIGHT="28">
							<String ID="string_209" HPOS="98" VPOS="1201" WIDTH="252" HEIGHT="26" WC="0.91" CONTENT="marksförsamlingarne"/><SP WIDTH="10" VPOS="1201" HPOS="350"/>
							<String ID="string_210" HPOS="360" VPOS="1200" WIDTH="52" HEIGHT="22" WC="0.93" CONTENT="eller"/><SP WIDTH="11" VPOS="1200" HPOS="412"/>
							<String ID="string_211" HPOS="423" VPOS="1200" WIDTH="125" HEIGHT="26" WC="0.92" CONTENT="Enontekis,"/><SP WIDTH="11" VPOS="1200" HPOS="548"/>
							<String ID="string_212" HPOS="559" VPOS="1200" WIDTH="84" HEIGHT="26" WC="0.96" CONTENT="Kittilä,"/><SP WIDTH="10" VPOS="1200" HPOS="643"/>
							<String ID="string_213" HPOS="653" VPOS="1200" WIDTH="127" HEIGHT="26" WC="0.93" CONTENT="Sodankylä,"/><SP WIDTH="9" VPOS="1200" HPOS="780"/>
							<String ID="string_214" HPOS="789" VPOS="1199" WIDTH="59" HEIGHT="21" WC="0.92" CONTENT="Kuo-"/>
						</TextLine>
						<TextLine ID="line_30" HPOS="98" VPOS="1235" WIDTH="332" HEIGHT="28">
							<String ID="string_215" HPOS="98" VPOS="1236" WIDTH="82" HEIGHT="27" WC="0.92" CONTENT="lajärvi,"/><SP WIDTH="16" VPOS="1236" HPOS="180"/>
							<String ID="string_216" HPOS="196" VPOS="1236" WIDTH="71" HEIGHT="20" WC="0.96" CONTENT="Enare"/><SP WIDTH="16" VPOS="1236" HPOS="267"/>
							<String ID="string_217" HPOS="283" VPOS="1235" WIDTH="39" HEIGHT="21" WC="0.95" CONTENT="och"/><SP WIDTH="15" VPOS="1235" HPOS="322"/>
							<String ID="string_218" HPOS="337" VPOS="1235" WIDTH="93" HEIGHT="27" WC="0.96" CONTENT="Utsjoki."/>
						</TextLine>
					</TextBlock>
				</ComposedBlock>
				<ComposedBlock ID="cblock_5" HPOS="100" VPOS="1302" WIDTH="751" HEIGHT="171">
					<TextBlock ID="block_10" HPOS="451" VPOS="1302" WIDTH="197" HEIGHT="28">
						<TextLine ID="line_31" HPOS="451" VPOS="1302" WIDTH="197" HEIGHT="28">
							<String ID="string_219" HPOS="451" VPOS="1302" WIDTH="47" HEIGHT="28" WC="0.77" CONTENT="84."/><SP WIDTH="144" VPOS="1302" HPOS="498"/>
							<String ID="string_220" HPOS="642" VPOS="1312" WIDTH="6" HEIGHT="7" WC="0.79" CONTENT=","/>
						</TextLine>
					</TextBlock>
					<TextBlock ID="block_11" HPOS="100" VPOS="1341" WIDTH="751" HEIGHT="132">
						<TextLine ID="line_32" HPOS="170" VPOS="1341" WIDTH="680" HEIGHT="28">
							<String ID="string_221" HPOS="170" VPOS="1345" WIDTH="46" HEIGHT="20" WC="0.94" CONTENT="Hör"/><SP WIDTH="23" VPOS="1345" HPOS="216"/>
							<String ID="string_222" HPOS="239" VPOS="1344" WIDTH="48" HEIGHT="20" WC="0.95" CONTENT="stad"/><SP WIDTH="24" VPOS="1344" HPOS="287"/>
							<String ID="string_223" HPOS="311" VPOS="1344" WIDTH="52" HEIGHT="20" WC="0.93" CONTENT="eller"/><SP WIDTH="18" VPOS="1344" HPOS="363"/>
							<String ID="string_224" HPOS="381" VPOS="1344" WIDTH="79" HEIGHT="25" WC="0.92" CONTENT="köping"/><SP WIDTH="19" VPOS="1344" HPOS="460"/>
							<String ID="string_225" HPOS="479" VPOS="1344" WIDTH="32" HEIGHT="18" WC="0.93" CONTENT="till"/><SP WIDTH="15" VPOS="1344" HPOS="511"/>
							<String ID="string_226" HPOS="526" VPOS="1343" WIDTH="136" HEIGHT="20" WC="0.92" CONTENT="häradsrätts"/><SP WIDTH="16" VPOS="1343" HPOS="662"/>
							<String ID="string_227" HPOS="678" VPOS="1342" WIDTH="116" HEIGHT="24" WC="0.91" CONTENT="domkrets,"/><SP WIDTH="17" VPOS="1342" HPOS="794"/>
							<String ID="string_228" HPOS="811" VPOS="1341" WIDTH="39" HEIGHT="20" WC="0.96" CONTENT="bör"/>
						</TextLine>
						<TextLine ID="line_33" HPOS="100" VPOS="1374" WIDTH="750" HEIGHT="29">
							<String ID="string_229" HPOS="100" VPOS="1378" WIDTH="95" HEIGHT="20" WC="0.91" CONTENT="derifrän"/><SP WIDTH="22" VPOS="1378" HPOS="195"/>
							<String ID="string_230" HPOS="217" VPOS="1377" WIDTH="34" HEIGHT="21" WC="0.92" CONTENT="för"/><SP WIDTH="22" VPOS="1377" HPOS="251"/>
							<String ID="string_231" HPOS="273" VPOS="1377" WIDTH="73" HEIGHT="26" WC="0.96" CONTENT="hvarje"/><SP WIDTH="22" VPOS="1377" HPOS="346"/>
							<String ID="string_232" HPOS="368" VPOS="1376" WIDTH="50" HEIGHT="21" WC="0.96" CONTENT="fullt"/><SP WIDTH="21" VPOS="1376" HPOS="418"/>
							<String ID="string_233" HPOS="439" VPOS="1376" WIDTH="63" HEIGHT="20" WC="0.96" CONTENT="tiotal"/><SP WIDTH="19" VPOS="1376" HPOS="502"/>
							<String ID="string_234" HPOS="521" VPOS="1375" WIDTH="22" HEIGHT="21" WC="0.96" CONTENT="af"/><SP WIDTH="17" VPOS="1375" HPOS="543"/>
							<String ID="string_235" HPOS="560" VPOS="1376" WIDTH="88" HEIGHT="20" WC="0.96" CONTENT="stadens"/><SP WIDTH="16" VPOS="1376" HPOS="648"/>
							<String ID="string_236" HPOS="664" VPOS="1375" WIDTH="52" HEIGHT="21" WC="0.93" CONTENT="eller"/><SP WIDTH="15" VPOS="1375" HPOS="716"/>
							<String ID="string_237" HPOS="731" VPOS="1374" WIDTH="119" HEIGHT="27" WC="0.96" CONTENT="köpingens"/>
						</TextLine>
						<TextLine ID="line_34" HPOS="100" VPOS="1409" WIDTH="751" HEIGHT="29">
							<String ID="string_238" HPOS="100" VPOS="1412" WIDTH="101" HEIGHT="21" WC="0.96" CONTENT="invånare"/><SP WIDTH="19" VPOS="1412" HPOS="201"/>
							<String ID="string_239" HPOS="220" VPOS="1411" WIDTH="82" HEIGHT="27" WC="0.93" CONTENT="årligen"/><SP WIDTH="18" VPOS="1411" HPOS="302"/>
							<String ID="string_240" HPOS="320" VPOS="1410" WIDTH="99" HEIGHT="27" WC="0.96" CONTENT="erläggas"/><SP WIDTH="15" VPOS="1410" HPOS="419"/>
							<String ID="string_241" HPOS="434" VPOS="1410" WIDTH="7" HEIGHT="20" WC="0.93" CONTENT="i"/><SP WIDTH="16" VPOS="1410" HPOS="441"/>
							<String ID="string_242" HPOS="457" VPOS="1409" WIDTH="159" HEIGHT="27" WC="0.92" CONTENT="tingsgästning"/><SP WIDTH="15" VPOS="1409" HPOS="616"/>
							<String ID="string_243" HPOS="631" VPOS="1409" WIDTH="42" HEIGHT="21" WC="0.93" CONTENT="fem"/><SP WIDTH="15" VPOS="1409" HPOS="673"/>
							<String ID="string_244" HPOS="688" VPOS="1409" WIDTH="82" HEIGHT="27" WC="0.91" CONTENT="kappar"/><SP WIDTH="18" VPOS="1409" HPOS="770"/>
							<String ID="string_245" HPOS="788" VPOS="1414" WIDTH="63" HEIGHT="21" WC="0.92" CONTENT="span-"/>
						</TextLine>
						<TextLine ID="line_35" HPOS="100" VPOS="1444" WIDTH="427" HEIGHT="29">
							<String ID="string_246" HPOS="100" VPOS="1446" WIDTH="49" HEIGHT="27" WC="0.92" CONTENT="mäl,"/><SP WIDTH="15" VPOS="1446" HPOS="149"/>
							<String ID="string_247" HPOS="164" VPOS="1446" WIDTH="82" HEIGHT="21" WC="0.93" CONTENT="hälften"/><SP WIDTH="16" VPOS="1446" HPOS="246"/>
							<String ID="string_248" HPOS="262" VPOS="1446" WIDTH="38" HEIGHT="26" WC="0.93" CONTENT="räg"/><SP WIDTH="16" VPOS="1446" HPOS="300"/>
							<String ID="string_249" HPOS="316" VPOS="1445" WIDTH="39" HEIGHT="22" WC="0.96" CONTENT="och"/><SP WIDTH="15" VPOS="1445" HPOS="355"/>
							<String ID="string_250" HPOS="370" VPOS="1444" WIDTH="81" HEIGHT="22" WC="0.93" CONTENT="hälften"/><SP WIDTH="17" VPOS="1444" HPOS="451"/>
							<String ID="string_251" HPOS="468" VPOS="1444" WIDTH="59" HEIGHT="22" WC="0.91" CONTENT="korn."/>
						</TextLine>
					</TextBlock>
				</ComposedBlock>
				<GraphicalElement ID="cblock_6" HPOS="1043" VPOS="6" WIDTH="26" HEIGHT="720"></GraphicalElement >
			</PrintSpace>
		</Page>
	</Layout>
</alto>
