1056 1709
294 143 80 23 Ständ.
388 143 37 23 Sv.
442 156 25 3 —
482 144 70 26 Prop.
568 143 39 22 N:o
621 143 37 21 30.
793 143 25 21 11

485 212 13 26 8
514 211 31 21 13.

247 246 79 21 Valbar
346 245 33 22 till
397 245 89 22 ledamot
500 245 8 21 i
521 244 201 29 bevillningskomité
740 249 22 24 är
776 244 71 28 hvarje

180 279 113 28 välfrejdad
308 287 79 21 person,
403 287 43 14 som
461 284 23 17 är
498 279 113 29 berättigad
626 281 30 19 att
670 279 8 21 i
692 280 55 21 valet
757 279 89 28 deltaga;

180 314 38 20 och
233 314 37 20 bör
283 314 36 21 vid
332 314 56 21 valet
401 313 102 29 iakttagas
517 315 35 25 att,
563 313 68 22 såvidt
640 312 80 29 möjligt
729 317 29 22 är,
769 312 17 29 ej
797 312 51 22 min-

180 348 36 21 dre
230 347 247 29 fastighetsinnehafvare,
493 352 26 17 än
531 347 155 29 näringsidkare
696 348 38 21 och
744 348 104 27 löntagare

179 382 83 21 komma
277 384 31 20 att
321 382 8 21 i
343 382 215 28 bevillningskomitén
572 381 92 29 inväljas.

246 416 32 22 På
292 416 35 22 det
340 416 226 29 bevillningskomiténs
580 416 113 22 ledamöter
707 416 34 21 må
755 424 38 20 ega
807 416 41 29 till-

180 450 48 22 fälle
246 453 30 19 att
295 450 93 22 inhemta
405 451 62 28 nödig
481 451 116 21 kännedom
612 458 34 14 om
661 450 44 22 sina
719 450 128 28 åligganden,

180 485 37 21 bör
236 485 128 28 erforderligt
378 486 56 20 antal
449 486 104 28 exemplar
567 485 23 21 af
601 485 68 21 denna
682 485 71 28 stadga
767 484 81 22 tillhan-

180 518 90 22 dahälläs
280 519 153 21 vederbörande
441 519 152 29 stadsstyrelser
603 519 38 21 och
649 518 121 22 ordförande
777 518 8 22 i
792 519 56 21 kom-

180 553 148 22 munalnämnd
349 556 52 19 samt
425 555 30 20 ett
472 550 107 46 exemplar
594 553 59 22 deraf
665 553 136 21 öfverlemnas
816 553 33 21 till

179 588 72 28 hvarje
275 588 74 21 utsedd
368 588 108 22 ledamot
471 584 13 37 i
492 588 91 22 komiten
602 588 27 28 pä
647 596 78 14 samma
735 583 58 64 gång
807 588 41 21 han

181 630 33 14 om
229 623 55 21 valet
298 622 135 23 underrättas.

486 687 13 25 8
515 686 32 21 14.

247 726 87 21 Enhvar
350 734 44 14 som
408 726 53 21 valts
475 726 34 22 till
522 726 90 22 ledamot
626 726 7 21 i
647 725 202 29 bevillningskomité

181 765 28 21 är,
232 760 84 22 såframt
336 761 42 21 han
399 760 46 21 icke
459 760 28 24 af
503 761 46 28 laga
568 760 68 22 förfall
655 760 89 22 derifrån
759 760 90 25 hindras,

180 795 82 28 skyldig
276 796 32 20 att
322 794 56 22 detta
392 794 92 29 uppdrag
498 794 93 29 fullgöra.
616 794 110 22 Inträffadt
735 794 68 22 förfall
813 794 36 21 bör

181 829 121 28 skyndsamt
320 829 90 22 anmälas
430 829 36 21 hos
480 829 141 28 Magistraten,
637 828 171 29 Ordningsrätten
823 828 27 21 el-

180 865 31 21 ler
228 864 227 28 bevillningskomitens
470 864 126 26 ordförande,
613 864 22 21 så
649 865 30 20 att
693 864 110 28 suppleant
816 863 35 22 må

180 899 64 21 hinna
258 898 88 22 inkallas
360 898 43 21 före
418 898 101 22 komiténs
534 898 157 22 sammanträde.
720 897 129 23 Ordförande

180 934 50 20 eller
248 932 91 22 ledamot
353 932 7 22 i
375 932 207 30 bevillningskomité,
597 940 44 14 som
656 934 50 20 utan
720 933 47 28 laga
781 932 68 22 förfall

180 967 45 21 från
245 967 45 22 dess
309 968 151 21 sammanträde
479 966 116 27 uteblifver,
611 967 53 21 skall
677 967 48 21 böta
739 967 30 21 tio
783 966 65 26 mark,

180 1002 39 20 och
234 1009 37 20 ega
286 1002 24 21 de
325 1002 127 20 närvarande
467 1002 144 24 ledamöterne,
627 1008 35 14 om
676 1001 35 21 det
724 1001 32 21 för
770 1000 80 22 förrätt-

181 1036 87 27 ningens
282 1035 94 29 fortgång
391 1036 100 21 erfordras
505 1036 38 21 och
557 1035 74 22 utsedd
647 1036 108 28 suppleant
769 1034 33 22 för
811 1036 39 20 till-

180 1069 58 21 fället
254 1069 48 22 icke
315 1069 43 21 kan
372 1069 189 27 tillstädeskomma,
575 1069 80 23 inkalla
669 1076 67 14 annan
751 1068 32 22 till
797 1069 53 21 leda-

181 1105 43 20 mot
242 1104 71 21 valbar
330 1111 73 19 person
418 1106 31 19 att
463 1104 7 20 i
485 1104 102 22 komiténs
601 1103 90 28 göromål
705 1103 86 28 deltaga.
821 1099 30 25 Är

181 1138 51 21 både
247 1138 121 21 ordförande
383 1138 38 21 och
436 1138 45 21 dess
496 1138 109 29 suppleant
619 1137 143 26 frånvarande,
773 1137 34 21 må
816 1138 33 20 ko-

181 1172 74 22 miténs
272 1172 114 23 ledamöter
399 1172 70 22 ibland
484 1172 31 28 sig
528 1174 46 20 utse
589 1172 66 28 någon
669 1174 31 19 att
713 1171 33 22 för
759 1171 92 22 tillfället

180 1206 45 21 föra
244 1206 64 26 ordet,
324 1206 7 21 i
345 1206 81 22 hvilket
445 1206 36 21 fall
496 1206 52 22 dock
562 1206 92 21 komitén
668 1206 37 21 bör
718 1206 38 21 hos
771 1204 80 24 Guver-

181 1244 64 18 nören
259 1240 8 22 i
281 1241 57 21 länet
352 1240 70 22 derom
437 1240 146 29 ofördröjligen
597 1240 86 22 anmäla.

247 1274 208 29 Bevillningskomité
474 1275 34 22 må
526 1275 47 21 icke
587 1274 70 22 skrida
671 1274 33 22 till
718 1274 133 22 verksamhet

182 1308 22 22 så
221 1309 63 22 framt
298 1308 25 30 ej,
340 1311 56 20 utom
410 1309 141 26 ordföranden,
567 1308 64 22 minst
644 1308 35 22 två
693 1307 124 29 tredjedelar
831 1308 22 21 af

180 1343 102 21 komiténs
304 1342 60 22 valde
384 1344 49 19 eller
452 1343 103 21 inkallade
574 1342 112 21 ledamöter
700 1346 35 16 äro
749 1342 36 21 vid
799 1350 50 13 sam-

181 1377 117 21 manträdet
312 1376 106 22 tillstädes.

487 1441 14 26 8
517 1440 31 22 15.

249 1480 199 23 Häradsskrifvaren
470 1480 53 22 skall
544 1482 68 20 senast
633 1479 77 29 fjorton
729 1479 62 30 dagar
809 1479 43 22 före
