1048 1703
417 135 53 22 N:o
487 135 49 23 75.
794 137 24 20 19

94 203 49 21 före
158 203 78 27 afgäng
251 203 49 21 med
314 209 60 15 mera
392 203 109 21 fastställa
518 204 59 21 vissa
592 203 76 27 regler.
699 204 86 21 Sådana
800 204 50 21 ord-

95 237 136 26 ningsregler
254 239 40 24 äga
313 237 58 21 kraft
386 237 23 20 af
422 237 77 26 lagligt
514 237 134 26 arbetsaftal,
664 237 90 22 säframt
770 238 26 21 de
811 240 37 19 äro

96 270 103 21 affattade
216 271 29 26 pä
260 271 37 20 det
312 271 65 26 spräk
393 271 113 21 arbetaren
522 273 24 18 är
561 271 82 26 mäktig
658 273 56 19 samt
730 272 72 20 derest
817 273 32 19 ett

94 304 112 27 exemplar
220 304 24 21 af
258 304 109 21 desamma
381 304 72 21 blifvit
467 305 34 20 till
514 305 161 20 vederbörande
685 305 164 26 yrkesförening

95 338 9 20 i
120 338 49 20 stad
192 338 51 20 eller
266 337 139 27 Kronofogde
420 338 13 20 ä
448 338 73 20 landet
543 338 97 26 ingifvet,
660 338 39 21 och
717 339 67 20 andra
799 339 49 19 med

96 371 130 27 päteckning
241 371 74 21 härom
331 371 102 21 försedda
448 372 109 26 exemplar
572 372 68 21 finnas
656 372 7 20 i
678 372 99 21 fabriken
796 372 53 21 eller

94 405 132 22 verkstaden
242 405 52 21 eller
309 405 28 26 pä
353 405 147 21 arbetsstället
515 406 109 26 anslagna.
654 406 34 21 Då
703 406 99 27 reglerna
815 406 34 21 sä-

96 440 68 20 lunda
184 439 82 21 införas
290 440 39 20 och
345 439 78 27 anslås,
440 439 39 21 bör
495 440 59 21 detta
570 440 38 21 ske
623 440 7 21 i
646 440 92 27 ojäfvige
753 441 95 21 vittnens

96 476 92 19 närvaro
211 474 49 21 med
283 474 26 21 de
330 474 109 21 arbetares
458 474 97 27 vetskap,
572 480 45 15 som
633 474 34 21 för
682 474 59 22 tiden
756 476 37 19 äro
809 475 39 20 hos

97 508 41 21 den
149 508 164 26 ifrägavarande
324 508 155 26 yrkesidkaren
490 508 113 22 anställda.
619 508 47 22 Mot
676 509 64 21 dessa
750 509 100 21 arbetare

96 542 65 22 hafva
183 542 202 27 ordningsreglerna
404 542 47 21 icke
470 542 142 22 förbindande
631 543 59 21 kraft
704 542 46 22 förr
766 545 26 18 än
808 543 41 20 den

96 576 181 27 uppsägningstid
300 576 55 21 efter
370 576 109 27 reglernas
495 576 116 22 ansläende
626 577 152 27 tilländalupit,
796 577 55 21 efter

95 610 89 22 hvilken
206 611 27 21 de
252 611 56 21 varit
323 610 136 27 berättigade
475 612 31 20 att
521 610 93 28 afflytta;
630 611 98 26 gällande
744 617 41 21 nya
801 610 48 22 ord-

97 645 145 27 ningsreglers
266 644 116 22 ansläende
400 645 7 21 i
422 645 74 27 hvarje
511 646 37 20 fall
566 645 70 21 såsom
652 646 135 26 uppsägning
802 645 48 21 från

96 679 184 26 arbetsgifvarens
297 679 52 20 sida.

443 725 12 27 8
471 726 33 20 33.

169 765 43 21 Det
227 765 82 26 äligger
325 764 140 27 yrkesidkare
480 766 32 19 att
526 765 102 26 faderligt
643 765 56 20 vaka
710 764 98 22 deröfver
818 767 33 19 att

96 799 107 26 Diträden,
227 799 99 21 arbetare
348 799 39 21 och
409 799 110 26 lärlingar,
543 804 46 15 som
608 801 37 18 äro
664 799 7 20 i
686 799 54 21 hans
755 799 40 21 hus
811 799 39 21 och

97 835 57 25 kost,
178 834 95 21 särdeles
296 833 27 21 de
345 833 151 26 minderäriga,
515 833 69 21 hällas
600 833 33 20 till
649 833 151 26 gudsfruktan,
816 839 34 15 or-

99 868 120 26 dentlighet
241 867 39 22 och
302 867 57 26 goda
378 868 68 25 seder,
463 869 56 19 samt
533 867 67 21 undfä
616 867 54 20 sund
686 867 77 21 bostad
779 867 72 21 äfven-

99 909 46 16 som
161 902 75 27 tjenlig
252 902 40 21 och
307 901 117 27 tillräeklig
439 901 56 21 föda.

171 935 160 22 Yrkesidkaren
354 937 24 18 är
400 935 77 26 pligtig
500 935 93 21 tillhällä
616 935 46 20 sina
684 935 104 27 lärlingar
812 936 40 21 och

99 971 115 26 omyndiga
232 970 99 21 arbetare
349 971 32 19 att
399 969 65 26 flitigt
480 969 80 21 besöka
576 969 158 26 söndagsskola
749 970 52 20 eller
816 975 36 15 an-

99 1012 43 14 nan
164 1005 34 21 för
221 1005 128 25 näringarne
369 1003 75 21 afsedd
460 1003 134 21 läroanstalt.
624 1003 46 21 Har
685 1003 43 21 han
742 1004 40 20 hos
797 1004 33 26 sig
846 1005 7 19 i

99 1040 47 21 lära
168 1039 52 21 eller
243 1038 74 21 arbete
339 1038 54 20 barn
416 1038 67 20 under
502 1038 81 20 femton
599 1036 29 26 är,
646 1043 45 16 som
707 1038 95 21 hvarken
817 1044 36 20 ge-

99 1074 99 26 nomgätt
219 1072 109 21 folkskola
350 1072 52 21 eller
425 1072 126 21 annorledes
570 1072 106 21 inhemtat
690 1071 98 27 kunskap
804 1072 6 20 i
827 1072 26 20 de

100 1108 34 21 för
149 1108 60 26 lägre
224 1106 108 21 folkskola
351 1106 131 21 föreskrifna
498 1108 82 24 ämnen,
596 1106 40 21 bör
650 1106 42 20 han
708 1106 72 20 kunna
794 1106 7 20 i
817 1105 37 21 be-

100 1142 33 21 vis
156 1141 50 21 leda
224 1142 33 19 att
272 1141 42 20 han
329 1140 76 21 beredt
421 1140 48 21 dem
485 1140 85 21 tillfälle
585 1140 34 21 till
634 1140 74 25 sådan,
724 1140 66 26 sagde
806 1139 48 21 sko-

98 1176 35 20 las
155 1175 100 21 lärokurs
278 1174 151 21 motsvarande
451 1174 160 26 undervisning,
634 1180 47 15 som
700 1174 7 20 i
725 1174 130 20 kommunen

100 1210 43 20 kan
159 1208 99 22 erhällas.

173 1242 160 21 Yrkesidkaren
353 1241 55 21 skall
424 1241 79 26 jemväl
519 1241 35 21 vid
570 1240 47 21 sina
632 1240 110 21 arbetares
758 1240 40 21 och
813 1241 43 20 lär-

101 1278 82 26 lingars
200 1276 169 26 sysselsättande
385 1276 57 20 fästa
457 1275 100 25 behörigt
572 1274 100 22 afseende
688 1275 13 20 å
716 1275 63 21 deras
794 1274 62 21 helsa

103 1312 39 20 och
158 1310 172 26 arbetsförmäga
345 1311 56 19 samt
415 1308 88 27 vidtaga
518 1308 80 27 nödiga
607 1308 205 27 försigtighetsmätt
822 1308 34 21 till

103 1346 63 27 deras
184 1344 124 26 skyddande
323 1344 46 19 mot
384 1343 112 26 kroppslig
512 1342 67 21 skada
594 1342 36 20 vid
640 1342 126 21 utförandet
776 1341 23 21 af
808 1342 49 20 dem

100 1378 81 27 ålagda
196 1377 103 26 göromål.

450 1421 11 28 8
477 1422 34 20 34.

175 1464 59 21 Barn
248 1463 70 22 under
333 1461 41 22 tolf
388 1462 24 21 år
427 1461 33 22 får
475 1461 47 22 icke
537 1463 90 25 antagas
641 1461 34 21 till
685 1461 74 22 arbete
769 1461 7 21 i
787 1461 73 21 fabrik
