1061 1717
343 150 28 23 U.
388 150 27 23 B.
431 163 28 3 —
475 151 72 27 Prop.
564 150 44 23 N:o
624 150 35 22 22.
834 150 14 21 5

197 213 31 28 «b)
245 213 121 28 Spanmäls-
381 214 39 21 och
436 214 132 27 Stattorpare
588 215 54 20 samt
660 213 66 21 andra
740 213 136 26 tjenstehjon,

125 247 190 27 fabriksarbetare,
330 248 72 21 hvilka
416 250 37 19 äro
465 249 22 20 af
496 248 90 27 gvinkön
598 248 53 21 eller
661 247 46 22 icke
717 247 89 26 uppnått
816 253 59 21 myn-

128 282 36 27 dig
179 282 66 27 ålder,
261 282 174 27 inhysesgvinnor
451 283 107 21 äfvensom
574 282 42 21 alla
632 282 26 21 de
672 281 113 27 personer"
800 288 18 14 o.
830 288 16 14 s.
858 288 18 15 v.

127 317 7 20 i
143 317 94 26 enlighet
245 317 48 21 med
301 317 153 26 betänkandet;
463 317 115 26 hvarjemte
586 316 85 21 ståndet
678 315 95 28 godkänt
780 322 59 15 mom.
849 315 26 28 c).

230 359 151 28 Borgareståndet

196 394 39 22 har
253 395 7 21 i
280 394 64 27 öfrigt
364 395 94 26 godkänt
475 394 115 22 utskottets
607 393 81 28 förslag
702 395 59 20 utom
777 395 31 20 att
823 393 55 22 efter

128 429 65 22 orden
213 429 78 22 "andra
310 429 139 27 tjenstehjon*
467 430 7 21 i
489 435 55 16 mom
560 429 20 22 b.
595 429 77 21 införts
687 429 65 22 orden
769 428 63 27 *ogift
847 429 31 21 in-

128 464 158 28 hysesgvinna*,
304 464 38 21 och

230 506 131 23 Bondeständet

196 543 40 21 har
251 542 166 22 äterremitterat
431 549 62 15 mom.
509 542 20 21 b.
544 542 33 21 till
592 541 105 22 utskottet
711 542 48 21 med
774 541 104 22 anmodan

128 579 32 20 att
175 577 65 22 bland
256 577 37 21 här
307 577 138 27 uppräknade
459 583 101 22 personer
576 577 61 21 äfven
652 577 73 26 intaga
741 576 63 27 "ogift
818 576 60 27 inhy-

129 613 112 27 sesgvinna
258 612 28 27 pä
304 612 83 21 landet*
407 614 55 19 samt
480 612 103 21 likaledes
602 611 165 22 äterremitterat
785 617 60 15 mom.
862 617 15 14 c.

128 648 7 20 i
155 646 101 22 afseende
276 646 12 22 å
303 646 110 22 införande
429 646 23 22 af
465 646 149 22 Muonioniska
628 646 125 26 församling
768 646 64 21 bland
848 645 31 22 öf-

128 682 47 27 riga
189 681 39 21 här
243 681 146 27 uppräknade.

197 716 73 26 Enligt
292 717 33 20 tre
348 716 72 21 ständs
443 716 70 22 beslut
534 716 53 21 böra
604 715 176 27 inhysesgvinnor
797 715 81 21 införas

128 751 66 22 bland
209 750 54 27 dem,
280 756 45 16 som
341 752 36 20 äro
393 750 47 22 frän
455 750 155 28 tingsgästning
626 750 106 26 befriade;
748 750 39 21 och
802 750 33 21 fär
846 751 32 20 ut-

129 786 80 23 skottet
224 785 85 23 derföre
324 785 89 22 föreslä:

369 821 29 21 att
427 820 119 22 Ständerna
576 820 101 28 behagade
702 819 58 28 gifva
786 820 9 20 i
815 819 65 28 fråga

302 855 91 21 varande
407 856 90 20 moment
511 854 93 28 följande
619 854 86 28 lydelse:

370 889 34 27 <b)
420 890 124 26 Spanmäls-
560 889 36 21 och
611 890 124 26 stattorpare
749 891 55 19 samt
813 889 68 21 andra

302 924 127 27 tjenstehjon,
445 924 80 26 fabriks
540 924 98 26 arbetare,
654 923 69 22 hvilka
738 924 38 20 äro
787 923 27 26 af
822 924 59 26 gvin-

302 958 41 23 kön
361 958 48 22 eller
424 958 43 22 icke
481 959 91 27 uppnått
585 958 86 28 myndig
687 958 64 27 ålder,
768 958 66 27 ogifta
848 958 34 20 in-

302 994 147 27 hysesqvinnor
467 994 107 26 äfvensom
592 993 41 21 alla
652 993 24 21 de
692 1000 106 20 personer,
814 992 69 22 hvilka

297 1028 82 27 jemlikt
395 1028 98 27 gällande
515 1027 151 28 författningar
686 1028 37 20 äro
742 1027 52 26 från
812 1027 69 27 erläg-

303 1062 67 27 gande
387 1062 27 26 af
425 1062 205 27 mantalspenningar
645 1062 64 25 frie;"

201 1097 66 21 Mom.
284 1103 10 15 c
312 1099 24 19 är
351 1096 22 22 af
386 1097 37 21 två
438 1097 61 21 stånd
515 1096 119 27 godkändt;
651 1096 38 21 och
705 1102 45 15 som
766 1096 25 21 de
806 1097 77 20 tvenne

131 1133 67 21 andra
217 1132 95 26 stånden,
331 1131 157 28 Ridderskapet
507 1131 38 22 och
564 1131 69 22 Adeln
653 1132 54 20 samt
722 1131 159 21 Bondeståndet

131 1168 86 21 stannat
239 1167 7 21 i
268 1167 47 21 från
337 1167 120 21 hvarandra
479 1166 113 22 afvikande
610 1166 76 26 beslut,
706 1165 124 22 hemställes
850 1165 34 22 till

130 1202 100 21 bemälda
246 1201 62 22 stånd

371 1236 30 20 att
419 1241 60 15 mom.
499 1242 10 13 c
523 1235 63 21 måtte
597 1234 79 27 jemväl
691 1234 27 26 af
729 1234 46 21 dem
788 1233 95 28 godkän-

304 1276 40 15 nas
358 1269 9 20 i
381 1269 87 27 enlighet
482 1269 47 22 med
542 1269 108 22 utskottets
664 1268 134 22 betänkande.

202 1305 11 21 I
228 1305 68 26 öfriga
311 1304 39 21 här
364 1304 47 21 icke
426 1305 126 21 omnämnda
563 1304 60 21 delar
634 1303 113 22 förefinnes
758 1304 41 21 den
809 1303 33 21 för
854 1305 30 20 ett

130 1339 162 22 ständerbeslut
312 1339 140 25 erforderliga
467 1339 119 25 pluralitet;
602 1338 39 21 och
657 1339 27 20 dä
700 1339 39 20 den
755 1338 129 25 äterremiss,

129 1373 90 22 hvartill
234 1372 157 26 Ridderskapet
407 1372 38 21 och
460 1372 68 21 Adeln
543 1372 95 25 beslutit,
654 1371 23 22 af
690 1371 66 22 sädan
771 1371 113 26 anledning

129 1408 49 21 icke
194 1407 83 21 kunnat
292 1406 34 22 till
340 1406 69 27 någon
425 1406 76 27 åtgärd
515 1406 116 26 föranleda,
648 1406 39 21 har
697 1405 104 22 utskottet
811 1405 74 22 härom

131 1443 75 22 endast
223 1442 49 21 bort
286 1441 34 22 för
334 1441 120 28 Höglofliga
469 1441 158 27 Ridderskapet
642 1441 38 22 och
696 1441 68 21 Adeln
780 1441 92 21 anmäla.

202 1499 142 28 Helsingfors,
360 1499 13 22 5
388 1500 118 22 December
523 1499 64 22 1877.
