1045 1714
145 513 11 23 8
168 513 28 17 34.

234 133 29 22 24
419 136 27 18 U.
461 135 31 18 B.
507 144 27 4 —
550 135 82 22 Prop.
647 134 48 18 N:o
709 135 36 18 25.

209 201 45 21 nad
269 200 33 21 för
317 201 32 20 att
363 200 72 21 kunna
449 200 81 21 tillåtas
550 201 39 25 att,
607 200 4 20 i
626 199 86 21 samråd
727 199 48 21 med
791 199 32 21 sin
838 200 110 26 målsman,

211 234 55 21 fatta
280 235 72 20 beslut
366 234 8 20 i
390 240 25 15 en
430 233 61 27 fräga
506 233 23 22 af
542 233 140 22 förevarande
697 236 40 19 art.

278 268 11 20 I
304 267 11 27 &
330 268 28 20 32
372 267 118 27 berättigas
504 267 141 27 yrkesidkare
660 267 49 21 att
700 263 12 35 i
721 267 185 21 arbetslokalerna
913 273 37 15 an-

210 301 33 21 slä
258 301 180 27 ordningsregler,
453 301 74 21 hvilka
541 301 118 21 tillkomma
674 301 59 21 kraft
747 301 24 20 af
783 301 77 27 lagligt
868 301 82 21 arbets-

211 335 60 22 aftal.
300 335 118 26 Utskottet,
435 341 45 15 som
494 335 71 21 funnit
580 336 26 20 de
621 335 8 20 i
643 335 61 21 detta
719 335 101 21 afseende
828 335 123 26 föreslagna

212 369 148 27 stadgandena
374 375 52 16 vara
441 369 94 22 särdeles
550 369 189 26 ändamälsenliga,
754 369 40 21 har
809 369 54 21 dock
879 371 71 19 ansett

212 403 37 22 det
263 403 77 26 tillägg
355 409 51 15 vara
426 403 23 21 af
469 403 77 27 nöden,
566 405 32 19 att
613 403 63 21 dessa
690 403 77 26 regler,
782 403 34 21 för
831 404 33 20 att
878 403 73 21 kunna

211 438 142 21 tillerkännas
368 438 92 21 berörda
475 439 58 20 kraft
548 439 39 21 och
601 438 87 27 verkan,
696 438 48 21 icke
751 438 22 21 få
781 444 51 15 vara
841 438 110 21 stridande

212 473 45 20 mot
272 472 78 21 allmän
365 471 42 28 lag.

281 506 117 27 Angäende
414 507 26 20 de
454 507 146 26 jakttagelser,
616 513 45 15 som
676 507 53 21 böra
740 513 39 20 ega
787 513 47 15 rum
842 507 36 20 vid
888 507 64 21 barns

213 541 141 21 användande
368 540 34 21 till
418 541 74 21 arbete
506 541 7 20 i
528 541 71 21 fabrik
621 541 52 20 eller
688 541 129 26 handtverk,
832 541 51 27 ingä
896 541 57 21 före-

213 575 89 21 skrifter
316 575 7 20 i
338 575 12 26 $
366 575 32 20 34.
429 575 10 20 I
454 575 77 21 sådant
546 575 101 21 afseende
666 575 87 26 stadgas
768 576 33 20 att
816 575 53 21 barn
884 575 69 21 under

213 609 42 22 tolf
268 609 35 21 års
318 609 60 21 ålder
394 609 18 26 ej
428 609 21 21 få
474 609 73 21 härtill
562 609 115 26 användas,
693 609 90 22 såframt
798 609 19 27 ej
832 609 74 22 läkare
921 609 32 20 in-

213 645 69 26 tygar,
298 645 33 20 att
345 643 77 21 sådant
436 643 50 27 kan,
501 644 52 21 utan
568 650 47 15 men
631 643 34 22 för
679 643 87 22 barnets
781 643 67 27 hälsa,
864 643 89 22 tillåtas.

213 677 82 22 Vidare
316 677 112 28 förbjuder
449 678 103 26 förslaget
574 679 32 20 att
625 678 34 21 till
673 678 140 27 yrkesarbete
828 677 58 22 hålla
900 678 55 21 barn

214 711 69 22 under
297 712 81 21 femton
394 711 24 21 år
432 712 74 27 längre
521 712 33 21 tid
568 715 27 18 än
611 712 46 21 åtta
671 712 86 21 timmar
772 718 34 15 om
822 712 69 27 dagen
906 711 49 22 med

214 745 102 28 lämpliga
330 746 137 25 mellanskof;
484 747 40 20 och
539 746 102 27 slutligen
656 746 135 27 bestämmes,
807 748 32 19 att
854 746 47 26 den,
910 752 46 15 som

214 780 19 27 ej
249 779 49 28 fyllt
314 780 90 22 aderton
418 780 30 24 år,
464 780 48 22 icke
526 780 40 27 får,
580 782 53 20 utan
655 780 77 22 sådant
746 781 67 26 intyg,
830 786 45 16 som
891 780 65 21 ofvan

215 814 139 27 omförmälts,
371 815 137 27 sysselsättas
522 815 49 21 med
586 815 75 22 arbete
675 815 91 22 emellan
780 815 30 21 kl.
825 815 13 20 9
854 821 34 15 om
901 815 55 20 afto-

214 855 42 15 nen
272 849 40 20 och
326 849 30 20 kl.
371 851 13 19 5
399 855 33 15 om
447 855 123 21 morgonen.

284 883 42 20 Vid
349 883 158 26 behandlingen
529 883 23 22 af
573 884 70 21 denna
657 883 12 28 &
685 883 38 21 har
737 883 39 21 hos
792 883 108 21 utskottet
915 883 41 21 den

216 917 56 27 åsigt
287 917 105 27 enhälligt
407 917 57 26 gjort
479 918 33 26 sig
527 917 104 28 gällande,
647 919 33 19 att
695 917 138 21 utfärdandet
848 917 24 21 af
878 923 26 15 en
913 919 44 19 sär-

217 951 63 26 skild,
295 951 28 26 på
338 951 121 21 statistiska
474 952 51 21 data
540 952 39 21 och
591 951 100 27 speciella
699 951 187 27 undersökningar
894 957 64 20 grun-

217 985 42 21 dad
274 985 135 27 författning,
424 985 138 27 hvarigenom
578 986 63 21 dessa
658 985 149 22 förhållanden
822 985 72 21 kunde
909 987 49 18 när-

217 1025 59 16 mare
291 1020 101 25 regleras,
409 1025 51 16 vore
476 1020 22 21 af
511 1020 101 21 behofvet
626 1019 115 28 högeligen
760 1019 118 27 påkalladt.
907 1019 51 22 Med

217 1053 102 22 afseende
334 1054 57 26 derå,
407 1055 33 20 att
455 1055 41 20 den
510 1060 46 15 mer
570 1054 53 21 eller
637 1054 84 21 mindre
740 1053 99 28 skadliga
854 1053 104 22 inverkan

218 1087 23 21 af
255 1088 84 21 arbetet
353 1088 8 20 i
376 1087 95 22 fabriker
486 1088 40 21 och
540 1088 178 21 handtverkerier
728 1088 28 27 på
764 1088 125 21 arbetarens
898 1087 62 22 hälsa

218 1123 24 18 är
256 1122 8 20 i
279 1121 24 21 så
316 1121 123 26 väsendtlig
463 1122 53 27 grad
538 1122 107 21 beroende
665 1121 50 22 utaf
727 1123 62 20 arten
805 1121 23 22 af
842 1121 41 22 den
898 1121 62 21 verk-

219 1155 90 24 samhet,
324 1161 46 15 som
385 1155 6 21 i
406 1156 99 21 fabriken
521 1155 52 22 eller
587 1155 130 22 verkstaden
725 1155 116 26 bedrifves,
850 1156 110 21 erfordras

219 1189 114 26 nemligen,
356 1189 33 21 för
412 1191 32 19 ett
458 1189 138 26 fullständigt
611 1189 110 21 ordnande
736 1189 22 21 af
772 1189 128 21 hithörande
915 1189 44 21 för-

219 1223 122 26 hållanden,
357 1229 26 15 en
398 1223 67 21 sådan
480 1223 79 26 mängd
579 1223 235 26 detaljbestämningar,
829 1224 33 20 att
877 1223 83 21 desam-

219 1262 46 15 mas
280 1257 148 26 inrymmande
443 1257 7 19 i
465 1263 27 14 en
507 1257 79 20 allmän
600 1257 125 26 näringslag
739 1257 116 26 lämpligen
863 1257 47 20 icke
917 1257 44 20 kan

219 1289 162 26 ifrågakomma.
410 1289 34 21 Då
458 1289 34 21 för
507 1289 66 27 öfrigt
588 1290 19 25 ej
622 1289 67 21 heller
705 1290 41 21 den
754 1296 126 20 noggranna
889 1289 73 21 utred-

220 1323 58 27 ning,
294 1329 46 16 som
354 1323 8 21 i
378 1323 60 21 detta
452 1323 101 22 afseende
568 1323 115 27 erfordras,
699 1326 57 19 ännu
766 1324 62 21 torde
839 1323 123 22 åstadkom-

220 1358 57 26 mits,
300 1358 40 21 och
362 1357 107 22 utskottet
491 1357 110 28 sjelffallet
620 1358 18 27 ej
654 1357 84 22 kunnat
752 1358 69 21 inlåta
835 1359 33 26 sig
882 1359 28 26 på
925 1364 37 15 an-

221 1392 125 21 skaffandet
360 1391 23 22 af
397 1392 129 25 densamma,
536 1392 62 21 torde
610 1398 49 15 man
669 1393 69 21 under
752 1393 161 27 förutsättning,
930 1393 32 20 att

222 1428 31 20 ett
269 1425 103 23 särskildt
394 1425 124 28 lagförslag,
540 1426 111 27 angående
665 1426 66 22 barns
746 1427 141 22 användande
902 1427 7 21 i
930 1427 32 21 fa-

222 1459 48 23 brik
286 1461 40 21 och
340 1459 127 28 handtverk,
483 1460 116 22 framdeles
614 1461 77 21 varder
713 1461 121 22 Ständerna
848 1461 114 27 förelagdt,

289 1506 124 18 Sammansatta
425 1506 37 23 Log
474 1506 30 18 och
520 1505 83 20 Ekonomi
616 1507 88 18 utskottets
716 1507 105 18 betänkande
832 1508 35 17 N:o
879 1508 17 17 3.
