1053 1717
436 153 25 21 U.
480 154 31 17 B.
534 162 16 4 —
568 153 82 23 Prop.
668 154 40 18 229.

326 219 125 27 Förerdning
471 226 32 14 om
521 220 112 26 utgörande
649 220 23 21 af
685 220 54 21 skatt
754 220 33 21 för
802 220 83 20 hundar.

583 265 46 28 $1

339 300 71 32 Ägare
431 304 28 29 af
471 305 57 21 hund
543 305 54 21 skall
610 305 36 29 för
660 306 120 21 densamma
795 306 8 20 i
817 305 57 28 årlig
889 305 55 21 skatt

271 338 94 28 erlägga,
387 339 33 28 pä
443 339 71 21 landet
533 340 35 20 tvä
583 341 67 26 mark,
666 340 37 21 och
717 340 9 20 i
740 340 48 21 stad
803 339 49 22 eller
866 339 78 29 köping

271 380 34 13 sea
320 372 66 21 mark.

556 443 25 28 85
599 443 61 21 2—3.

532 489 156 22 Oförändrade.

583 558 14 27 $
614 557 19 22 4.

345 603 100 21 Utländsk
469 604 92 27 resande,
577 603 49 22 eller
641 604 46 27 den,
700 611 43 14 som
763 605 9 19 i
794 603 96 22 Finland
904 604 43 21 icke

273 638 25 20 är
317 637 189 29 mantalsskrifven,
520 645 45 14 men
581 638 124 29 uppehåller
719 640 32 27 sig
767 645 23 14 en
805 638 78 21 månad
898 637 50 22 eller

273 672 121 28 derutöfver
415 673 56 20 inom
489 673 67 21 stads-
571 673 50 21 eller
644 672 158 22 landskommun
825 673 39 20 här
878 673 9 20 i
902 672 45 21 lan-

273 706 42 27 det,
329 705 54 22 skall
398 706 35 21 hos
447 706 152 22 vederbörande
613 707 118 27 magistrat,
741 707 150 28 ordningsman
899 707 49 21 eller

273 740 161 22 kronolänsman
449 741 35 21 till
499 741 129 28 beskattning
643 741 86 21 anmäla
745 741 38 21 den
799 741 49 21 eller
863 741 25 22 de
896 741 52 21 hun-

274 775 47 26 dar,
343 775 42 21 han
401 776 94 26 innehar,
509 778 54 19 samt
578 777 8 20 i
600 775 55 22 skatt
668 775 36 28 för
719 776 72 28 hvarje
806 775 57 22 hund
876 778 73 26 genast

273 809 34 21 till
323 809 46 28 den,
384 809 36 22 hos
435 810 81 21 hvilken
531 810 100 21 anmälan
646 809 52 27 sker,
714 810 87 29 erlägga
815 810 8 20 i
837 810 47 21 stad
899 809 50 22 eller

275 844 78 29 köping
375 851 40 20 sex,
431 845 37 20 och
479 845 33 28 pä
527 844 71 21 landet
613 845 36 20 två
664 844 67 27 mark,
747 845 8 20 i
768 843 43 30 fall
826 844 42 21 han
884 845 18 28 ej
918 844 30 21 be-

275 879 86 28 hörigen
383 879 78 28 styrker
485 883 31 18 att
538 887 80 13 samma
640 880 58 20 hund
721 879 50 22 eller
786 879 83 21 hundar
884 880 65 21 redan

275 913 72 28 blifvit
369 915 14 20 &
401 921 70 14 annan
487 917 32 18 ort
532 915 58 20 inom
605 914 95 21 Finland
714 914 35 29 för
765 915 44 21 året
825 913 124 22 beskattade.

276 949 48 20 Har
337 948 80 21 skatten
431 949 59 27 förut
505 949 71 28 blifvit
591 949 73 28 erlagd
676 949 34 27 pä
723 949 71 20 landet
809 948 33 21 till
858 949 33 20 det
901 949 48 20 isä-

277 983 51 20 dant
342 983 43 28 fall
399 983 122 28 fastställda
541 983 80 28 belopp,
637 983 37 21 och
688 983 126 28 uppehåller
829 983 31 27 sig
876 989 74 21 egaren

277 1017 90 28 derefter
389 1018 8 20 i
421 1017 53 26 stad,
496 1017 53 21 skall
575 1018 40 20 han
629 1018 54 26 göra
697 1017 139 28 föreskrifven
851 1017 99 20 anmälan

277 1052 37 21 och
329 1052 84 28 erlägga
429 1052 33 21 det
477 1052 82 29 belopp,
576 1052 99 21 hvarmed
690 1051 79 22 skatten
777 1051 35 29 för
820 1051 57 20 hund
887 1052 9 20 i
904 1051 47 21 stad

277 1086 136 29 fverskjuter
428 1087 33 20 det
476 1087 27 28 af
515 1087 74 21 honom
603 1086 59 29 förut
677 1086 88 28 erlagda
775 1086 101 28 beloppet.

590 1161 13 27 $
619 1160 20 21 5.

550 1207 142 23 Oförändrad.

589 1275 14 27 $
621 1273 20 22 6.

347 1321 74 27 Hund,
442 1328 43 14 som
506 1323 52 18 utan
581 1323 31 20 att
634 1326 52 14 vara
705 1319 85 29 försedd
805 1319 46 21 med
866 1318 87 22 beskati-

279 1355 131 29 ningstecken
424 1354 117 30 påträffas,
556 1356 36 20 mä
607 1354 27 28 af
636 1354 83 28 polisen
726 1353 175 29 omhändertagas
910 1353 43 26 och,

281 1398 32 14 om
328 1397 74 22 egaren
417 1390 44 21 icke
475 1389 134 29 äterfordrar
623 1388 125 27 densamma,
763 1388 8 20 i
785 1388 48 20 stad
847 1388 57 21 inom
918 1388 36 20 två

281 1428 53 19 sami
345 1425 33 29 pä
389 1424 69 22 landet
473 1425 56 20 inom
543 1423 50 29 fyra
609 1423 56 29 dygn
680 1422 96 29 derefter,
791 1421 163 29 undanskaffas;

280 1468 45 14 men
348 1466 67 22 egare,
437 1466 43 14 som
501 1457 161 22 äterbekommer
682 1458 33 20 sin
737 1456 65 27 hund,
823 1463 49 15 vare
890 1455 64 22 alltid

282 1541 172 18 Ekonomiutskoitets
469 1540 110 18 Betänkande
590 1539 33 18 N:o
635 1539 17 19 7.
