1053 1709
333 104 21 24 U.
372 104 22 23 B.
409 117 28 3 —
453 105 64 28 Prop.
535 105 38 22 N:o
589 104 38 24 30.
811 106 12 20 9

106 170 44 22 före
158 170 133 26 framhållits,
301 172 70 20 ansett
380 171 46 21 skäl
433 171 32 21 till
473 171 67 27 några
548 171 179 27 genomgripande
735 170 120 22 förändrin-

107 211 37 21 gar
155 205 7 21 i
169 205 124 21 hänseende
301 205 32 21 till
342 205 153 27 bevillningens
503 205 118 27 utgörande
627 205 32 21 för
667 205 131 22 närvarande
807 206 48 20 icke

106 245 51 15 vara
178 239 33 21 för
233 240 90 25 handen,
339 239 39 22 har
393 240 112 21 Utskottet
521 239 61 22 äfven
597 240 112 21 bibehållit
723 240 130 21 bestämnin-

107 279 65 20 garna
186 274 91 20 rörande
293 275 58 19 extra
363 270 144 35 bevillningen,
517 274 81 21 sådana
609 274 26 21 de
650 280 28 15 nu
687 276 36 19 äro
731 274 123 26 faststälda,

106 313 48 15 men
176 307 113 21 Utskottet
311 308 38 20 har
367 308 54 21 dock
435 308 48 21 icke
497 308 100 21 förbisett
611 308 85 21 hvilken
712 308 96 27 betydlig
822 308 33 20 in-

105 341 72 21 komst
196 342 35 21 vid
250 342 67 21 behof
336 342 43 21 kan
394 342 90 22 erhållas
499 348 76 21 genom
590 342 123 22 åsättandet
728 342 23 21 af
764 348 26 15 en
806 342 49 21 ord-

106 375 42 21 nad
171 376 39 21 och
225 376 115 27 behörigen
355 376 145 22 kontrollerad
515 377 206 21 konsumtionsskatt
735 376 28 27 på
779 376 20 22 öl
815 376 40 21 och

106 411 78 25 porter.
223 410 91 26 Sålänge
342 410 117 22 emellertid
482 411 70 27 dylika
573 411 8 21 i
602 410 107 28 Ryssland
730 410 126 22 tillverkade

107 443 89 28 drycker
214 444 21 21 få
253 444 86 21 tullfritt
353 445 33 21 till
400 444 89 22 Finland
505 444 86 27 införas,
606 445 42 21 kan
662 451 27 15 en
702 444 85 28 förhöjd
802 445 53 21 kon-

107 478 163 22 sumtionsskatt
285 479 66 27 enligt
365 479 122 21 Utskottets
503 479 64 21 tanke
582 479 133 25 rättvisligen
723 479 47 21 icke
778 478 77 28 ifråga-

106 513 91 26 komma,
221 513 40 21 och
282 513 61 21 äfven
366 513 40 21 den
424 520 29 14 nu
468 513 108 27 utgående
591 514 61 26 ringa
667 513 88 27 afgiften
771 516 23 18 är
809 513 48 22 icke

106 547 50 21 med
170 547 126 27 billigheten
311 547 238 27 öfverensstämmande,
567 547 88 22 såframt
664 548 18 26 ej
694 548 37 21 det
741 548 64 27 ryska
813 548 45 21 ölet

104 582 78 27 jemväl
196 582 103 27 belägges
315 583 49 21 med
383 582 112 22 enahanda
509 582 65 28 afgift.

176 617 50 21 Med
241 616 100 22 afseende
357 617 53 21 härå
424 617 39 21 har
477 617 115 21 Utskottet
607 616 69 22 funnit
691 617 32 27 sig
731 617 87 21 manadt
825 618 34 20 att

106 652 40 21 hos
162 651 120 22 Ständerna
296 651 110 22 vördsamt
420 652 122 21 hemställa:

313 688 31 20 att
361 686 118 22 Ständerna
494 687 46 21 ville
555 686 37 22 hos
607 686 62 22 Hans
684 686 117 27 Kejserliga
809 686 50 21 Ma-

239 722 68 26 jestät
321 722 154 26 underdänigst
492 721 85 21 anhålla
593 723 35 22 att,
644 722 26 20 så
685 721 60 27 länge
760 720 64 27 finskt
840 720 20 21 öl

245 756 36 22 och
285 756 190 26 porter
367 751 12 36 i
389 756 82 26 Finland
485 756 109 26 beskattas,
615 756 68 27 dylika
698 756 8 20 i
713 755 148 27 kejsaredömet

245 790 118 22 tillverkade
385 791 84 27 drycker
490 792 64 20 måtte
569 790 36 21 vid
619 790 86 26 införsel
719 789 32 21 till
765 789 96 21 Finland

245 825 97 27 beläggas
365 825 46 21 med
431 832 25 14 en
475 825 50 27 efter
539 824 158 28 förhållandena
712 824 86 26 lämpad
812 824 48 21 tull-

246 860 68 28 afgift.

178 895 105 27 Slutligen
299 895 40 22 och
355 895 27 21 då
397 895 26 21 de
439 895 121 21 statistiska
575 894 113 28 uppgifter,
705 900 46 16 som
761 896 37 19 äro
806 894 54 21 nöd-

110 930 92 27 vändiga
216 930 32 21 för
264 931 32 20 att
310 930 72 21 kunna
397 930 48 21 med
461 929 198 27 samvetsgrannhet
673 930 51 25 taga
739 928 68 22 under
815 934 44 15 om-

109 964 104 28 pröfning,
234 964 105 22 huruvida
354 964 119 28 grunderna
488 964 33 22 för
535 963 246 27 inkomstbevillningens
797 964 62 25 utgö-

110 999 66 21 rande
191 999 66 22 borde
272 1000 7 20 i
295 1001 32 19 ett
343 999 51 21 eller
409 1000 64 20 annat
489 998 100 22 afseende
600 998 117 26 förändras,
726 997 77 21 endast
811 996 49 22 med

112 1036 45 20 stor
174 1034 108 26 svårighet
297 1034 72 21 kunna
385 1033 91 22 erhållas
492 1040 27 14 ur
535 1033 26 21 de
577 1039 29 15 nu
615 1032 99 26 brukliga
723 1031 139 27 bevillnings-

111 1068 124 27 längderna,
257 1068 40 21 har
319 1068 244 26 Bevillningsutskottet,
587 1067 7 21 i
613 1066 63 27 afsigt
691 1068 32 19 att
738 1066 124 21 underlätta

112 1103 84 27 frågans
211 1103 129 27 behandling
355 1103 36 21 vid
406 1102 127 22 kommande
544 1102 133 26 landtdagar,
688 1102 71 20 ansett
767 1100 33 27 sig
808 1100 54 22 böra

111 1138 110 21 vördsamt
235 1137 89 22 föreslå:

318 1174 31 19 att
372 1171 125 26 Ständerna,
519 1170 48 22 med
584 1169 152 28 framhällande
751 1168 26 28 af
787 1170 76 26 nyttan

249 1206 36 22 och
307 1206 92 27 behofvet
420 1206 63 26 deraf
502 1207 31 20 att
555 1204 146 27 bevillningens
720 1203 71 26 belopp
811 1202 52 27 från

248 1240 68 22 skilda
338 1240 113 22 samhälls-
477 1240 37 21 och
536 1239 140 28 yrkesklasser
697 1238 36 20 må
752 1244 27 14 ur
793 1236 69 22 bevill-

226 1298 2 2 —
248 1275 154 27 ningslängden
424 1274 92 28 tydligen
535 1274 90 27 framgå,
644 1273 46 21 ville
708 1271 156 27 underdånigst

249 1309 85 22 anhålla
357 1311 30 19 att
409 1309 64 27 sagde
496 1308 87 28 längder
602 1307 110 27 framdeles
726 1307 113 25 upprättas
854 1306 10 20 i

249 1343 211 26 öfverensstämmelse
474 1343 47 19 med
534 1342 33 26 för
582 1342 78 20 sådant
675 1340 100 20 ändamål
791 1340 73 25 afpas-

248 1376 52 22 sade
315 1376 37 22 och
367 1376 26 26 af
403 1376 149 21 vederbörande
562 1374 119 28 myndighet
695 1372 117 28 uppgjorda
819 1372 45 27 for-

248 1412 76 21 mulär.

180 1455 205 23 Bevilluingsutskottets
400 1453 113 18 betänkande
527 1452 37 18 N.o
579 1450 20 20 3.
