1056 1714
433 124 49 20 N:o
498 124 49 20 28.
805 125 28 21 13

118 192 23 21 af
155 192 119 21 desammas
289 190 122 27 antagande
428 191 69 21 blefve
513 198 27 14 en
555 192 63 21 säker
632 192 60 27 följd,
708 193 64 21 hafva
788 194 72 21 Komi-

118 226 81 24 terade,
220 225 27 21 då
267 224 37 21 det
321 224 148 22 förstnämnda
491 225 105 27 förslaget
613 226 110 21 dessutom
738 227 75 21 stöder
828 228 33 26 sig

117 259 28 26 på
166 258 213 27 prisbestämningar,
398 258 63 21 deraf
477 258 52 22 flere
548 261 36 19 äro
604 260 50 20 vida
674 260 65 26 lägre,
760 263 27 18 än
806 261 55 21 1864

118 292 34 21 års
170 292 87 22 Komité
276 292 33 20 för
330 298 53 20 egen
399 292 35 20 del
449 293 90 26 antagit,
555 295 72 19 ansett
642 294 33 26 sig
688 294 48 20 icke
751 295 53 20 böra
818 294 43 21 för-

118 326 54 22 orda
186 326 63 21 dessa
264 326 88 26 förslag.

185 360 74 27 Enligt
281 361 150 21 Komiterades
454 362 57 26 åsigt
533 362 67 21 borde
623 362 83 22 således
723 363 138 26 jemförelsen

118 396 91 20 emellan
229 396 94 20 värdena
343 396 13 20 å
374 396 138 26 persedlarne
527 396 8 20 i
551 397 26 20 de
592 397 70 26 gamla
678 397 39 21 och
732 398 26 20 de
774 404 28 15 nu
818 399 44 26 gäl-

117 429 65 21 lande
202 429 207 26 undervisningarne
425 430 62 20 stöda
503 430 32 26 sig
551 431 76 20 endast
642 431 13 20 å
669 430 124 23 fastställda
808 438 54 15 mar-

118 462 148 27 kegångspris,
282 462 100 22 hvarföre
397 463 40 21 och
453 464 27 20 då
494 464 157 27 prisuppgifter
666 464 33 22 för
714 464 43 22 alla
772 466 27 21 de
809 466 53 21 min-

118 496 38 21 dre
175 497 118 26 persedlar,
313 496 74 22 hvilka
409 497 36 21 vid
465 498 159 27 omsättningen
638 499 105 21 uteslötos
758 499 48 22 från
820 500 42 21 den

118 537 42 21 nya
180 531 189 26 undervisningen,
387 531 47 21 icke
450 532 72 22 vidare
538 533 110 26 upptagits
667 533 4 20 i
685 533 177 28 markegångsta-

118 571 68 16 xorna
205 565 47 22 från
271 566 39 21 och
329 566 48 20 med
396 565 62 25 1849,
477 567 139 21 Komiterade
637 567 91 26 nödgats
744 568 118 21 inskränka

118 600 174 27 beräkningarne
309 599 35 22 till
362 600 41 21 den
423 600 38 26 tid,
483 607 45 14 som
546 602 96 20 närmast
660 601 95 27 föregick
770 603 92 20 nämnde

119 635 24 20 år
158 635 56 20 samt
228 635 7 19 i
251 634 78 21 sådant
339 633 101 22 afseende
451 635 84 26 antagit
547 635 235 27 markegångstaxorna
792 636 33 21 för
836 637 26 20 de

118 668 111 27 tjugufyra
244 668 50 21 åren
310 668 146 21 1825—1848.

187 702 72 21 Sedan
274 703 26 20 de
316 702 23 21 af
352 702 55 21 1864
422 702 35 21 års
472 703 86 20 Komité
574 703 124 26 begagnade
708 703 110 27 uppgifter
828 710 35 15 om

118 737 103 26 beloppet
236 736 23 22 af
273 737 138 26 persedlarne
427 737 68 26 enligt
509 737 72 26 gamla
595 737 208 27 undervisningarne
814 738 49 21 blif-

120 772 31 21 vit
168 772 93 25 rättade,
280 771 65 21 hafva
363 771 139 21 Komiterade
522 771 104 21 uträknat
649 771 47 22 icke
712 772 93 21 allenast
820 779 43 15 me-

120 806 113 21 delvärdet
248 805 23 22 af
284 805 73 26 hvarje
372 805 110 26 persedels
497 805 69 27 årliga
582 805 143 27 prisstegring
736 807 7 20 i
754 806 27 21 de
792 807 72 21 skilda

120 841 70 23 länen,
206 842 52 19 utan
273 839 46 26 ock,
336 839 28 27 på
379 839 69 26 grund
457 839 67 26 deraf,
536 839 161 22 skatterubelns
708 840 156 21 medeltillvext

120 875 69 22 under
204 876 32 20 ett
250 875 24 20 år
289 874 69 27 enligt
373 874 26 21 de
414 874 71 27 gamla
500 874 212 27 undervisningarne,
728 875 40 21 allt
782 875 28 26 på
820 876 44 20 sätt

119 909 88 27 bilagan
227 909 50 20 Litt.
299 908 22 21 C.
341 908 33 21 till
393 908 150 21 Komiterades
564 908 112 21 utlåtande
691 910 99 20 närmare
804 909 60 21 inne-

120 944 78 25 håller;
219 944 40 20 och
277 942 33 22 för
325 944 32 20 att
374 943 76 21 utreda
465 944 8 20 i
488 943 58 21 hvad
559 943 50 21 mån
624 943 93 21 nämnde
732 944 86 20 tillvext
832 944 32 21 öf-

119 978 162 21 verensstämde
295 977 49 21 med
360 976 183 22 medeltillvexten
559 977 23 21 af
595 977 149 21 skatterubeln
757 978 67 26 enligt
834 984 29 15 nu

120 1012 101 26 gällande
236 1011 161 27 undervisning,
412 1011 65 21 hafva
492 1011 139 21 Komiterade
646 1012 90 21 anställt
752 1012 112 21 enahanda

120 1046 121 26 beräkning
264 1045 93 21 rörande
380 1045 26 21 de
425 1045 7 20 i
448 1046 41 20 den
505 1045 134 21 sistnämnde
655 1045 106 27 ingående
776 1046 88 27 persed-

120 1080 61 21 larne
200 1079 111 22 äfvensom
329 1079 34 21 för
379 1079 135 27 jemförelses
533 1079 58 21 skull
611 1079 161 22 skatterubelns
795 1080 69 27 årliga

120 1114 87 21 tillvext
219 1113 86 27 jemlikt
321 1114 26 20 de
362 1115 79 19 tvänne
457 1114 187 26 undervisningar,
661 1119 46 15 som
722 1114 72 21 blifvit
808 1114 56 21 före-

120 1147 75 27 slagne
213 1147 24 21 af
249 1148 56 20 1864
320 1147 35 21 års
370 1147 87 21 Komité
473 1148 39 20 och
528 1147 23 21 af
565 1147 159 27 Ridderskapet
739 1148 39 20 och
794 1147 70 21 Adeln

120 1183 56 19 samt
194 1181 163 21 Bondeständet
371 1182 37 20 vid
424 1181 54 21 1867
494 1182 35 20 års
544 1181 111 26 landtdag,
670 1181 105 21 likaledes
790 1181 74 21 uträk-

120 1217 56 19 nats.
206 1216 33 20 De
253 1215 23 21 af
285 1216 43 20 alla
339 1215 62 21 dessa
412 1215 145 26 beräkningar
567 1214 105 22 härledda
681 1214 99 26 resultat,
791 1214 74 22 hvilka

120 1252 38 18 äro
178 1249 177 21 sammanställda
374 1249 33 21 uti
427 1254 51 21 nyss
493 1249 122 26 åberopade
630 1248 73 26 bilaga
717 1248 52 21 Litt.
786 1249 29 26 C.,
831 1251 34 18 ut-

120 1284 54 25 visa,
191 1286 32 18 att
242 1284 3 20 i
260 1283 102 21 medeltal
377 1282 34 22 för
425 1282 74 28 hvarje
515 1283 23 21 af
551 1282 148 27 ifrågakomne
714 1282 112 27 tjugufyra
840 1282 24 21 år

121 1317 76 21 värdet
212 1317 23 21 af
249 1316 148 22 skatterubeln
413 1316 68 27 enligt
496 1317 60 21 äldre
571 1316 181 26 undervisningar
772 1316 46 21 haft
828 1316 36 21 be-

120 1350 109 26 nägenhet
243 1350 34 20 till
293 1350 94 21 fallande
402 1350 8 20 i
425 1345 47 25 Åbo
487 1350 40 21 och
541 1350 146 25 Björneborgs
698 1351 56 19 samt
764 1349 100 21 Tavaste-

120 1384 42 21 hus
181 1383 42 26 län,
244 1389 48 15 men
311 1383 34 22 till
361 1383 100 26 stigande
475 1383 8 20 i
498 1383 44 21 alla
556 1383 71 26 öfriga
641 1382 45 26 län;
702 1383 112 20 hvaremot
828 1389 36 14 ru-

120 1417 114 22 belvärdet
255 1417 55 22 efter
329 1423 30 15 nu
380 1417 99 26 gällande
498 1416 154 27 undervisning
673 1416 109 21 äfvensom
802 1416 26 21 de
844 1416 23 21 af
