1045 1711
236 134 27 21 42
418 135 25 18 U.
459 135 29 17 B.
506 144 23 3 —
546 135 82 21 Prop.
643 131 46 21 N:o
704 134 35 17 25.

209 202 36 21 det
268 201 23 21 af
304 201 11 27 $
331 202 13 20 2
358 207 63 14 mom.
437 202 12 19 3
465 201 39 21 och
521 201 12 21 4
548 201 8 20 i
567 201 41 21 den
622 200 80 27 nådiga
717 199 161 27 propositionen
893 199 57 21 oför-

209 235 102 26 ändrade,
335 235 64 27 hyser
418 235 37 27 jag
471 241 26 15 en
512 235 48 21 från
575 234 118 21 utskottets
708 233 112 27 pluralitet
835 233 115 21 afvikande

208 270 87 26 mening
316 269 64 21 äfven
401 270 8 20 i
429 270 73 26 andra,
518 270 39 20 här
572 269 71 21 nedan
658 269 92 20 nämnda
766 268 123 20 afseenden.
918 267 34 21 Då

209 304 13 20 8
237 304 11 27 8
263 304 8 20 i
286 310 61 14 mom.
364 304 11 20 1
392 303 40 21 och
446 304 13 20 2
475 304 88 26 stadgar
578 303 39 21 full
633 302 65 22 frihet
712 302 34 21 för
761 308 26 15 en
802 302 59 26 hvar,
878 303 32 19 att
919 301 33 21 sä-

209 338 35 20 väl
266 338 101 26 uppköpa
390 344 46 14 som
455 338 94 26 försälja,
564 337 67 21 bland
645 339 72 23 annat,
734 336 38 21 allt
788 336 55 21 hvad
859 336 48 21 frän
922 336 30 20 lä-

210 372 79 26 genhet
314 372 12 21 å
350 372 74 21 landet
449 372 98 25 erhålles,
574 378 63 14 anser
655 371 38 27 jag
709 372 12 19 3
737 377 56 15 mom
808 371 7 20 i
831 370 27 21 11
873 370 11 28 $
900 370 54 21 böra

209 406 59 26 utgä,
285 406 69 21 säsom
369 406 47 21 icke
432 406 91 20 allenast
538 405 143 26 öfverflödigt,
697 406 53 20 utan
758 404 41 22 ock
807 404 146 22 vilseledande

209 440 7 20 i
240 440 36 21 det
299 440 107 26 afseende,
432 442 32 18 att
480 440 66 21 orden
561 439 134 27 ,uppsamlig
711 439 53 21 och*
779 439 8 20 i
802 438 76 28 början
893 438 63 22 deraf

209 474 113 27 lätteligen
347 474 73 20 kunna
442 474 58 26 gifva
523 474 116 26 anledning
654 473 34 21 till
704 473 41 21 den
760 472 145 28 uppfattning,
922 474 32 20 att

210 508 94 22 nämnda
325 508 136 27 uppsamling
484 514 50 15 vore
549 508 85 21 tilläten
649 509 52 19 utan
717 508 120 26 ersättning
853 508 34 20 till
902 507 52 21 eller

211 549 37 15 ens
263 542 99 22 tillständ
378 542 22 21 af
414 548 79 20 egaren
508 542 33 21 till
557 542 41 21 den
613 541 67 26 mark,
690 541 67 21 hvarä
765 542 124 20 densamma
897 542 56 25 sker,

211 576 39 21 och
265 583 27 14 en
307 576 42 21 slik
364 576 92 26 tydning
471 576 35 21 väl
521 576 18 26 ej
555 576 44 20 kan
613 582 52 14 vara
680 575 82 26 afsedd,
779 575 19 27 ej
808 575 68 22 heller
884 575 69 21 öfver-

211 613 140 18 ensstämmer
373 611 48 20 med
444 617 25 14 en
494 610 56 21 sund
574 609 139 28 uppfattning
737 609 23 22 af
774 609 83 27 egande
871 611 83 19 rättens

210 641 72 35 helgd.
541 664 2 2 .

279 679 163 21 Godkännande
465 679 37 20 det
519 679 8 20 i
542 679 53 20 sista
609 679 118 20 momentet
743 677 22 22 af
779 677 12 28 $
806 678 27 20 34
848 677 107 22 förekom-

211 713 77 20 mande
310 713 136 26 stadgandet,
470 714 33 19 att
526 713 41 20 den
590 718 45 15 som
651 712 18 27 ej
685 712 50 27 fyllt
750 712 91 21 aderton
856 712 24 21 är
894 712 8 20 i
917 711 39 21 all-

212 747 87 20 mänhet
313 746 48 21 icke
375 747 40 20 bör
430 747 21 20 fä
466 747 34 20 till
514 747 123 20 nattarbete
653 746 117 26 användas,
786 752 63 15 anser
862 746 38 27 jag
914 745 42 21 lik-

211 781 36 20 väl
268 780 69 27 nägon
352 780 48 21 fara
415 781 18 26 ej
449 781 59 26 ligga
524 781 51 26 deri,
592 787 33 14 om
641 780 40 21 ock
696 780 131 27 minderärig
843 780 7 21 i
865 780 91 21 enstaka

213 815 163 26 undantagsfall
392 815 72 21 dertill
479 815 115 26 begagnas,
610 814 53 21 eller
679 814 27 21 dä
722 814 78 21 sädant
815 814 141 27 ovilkorligen

213 849 98 27 päkallas
330 849 23 21 af
366 849 120 30 trängande
501 849 167 26 nödvändighet,
684 848 33 22 för
733 850 32 20 att
780 851 16 18 t.
812 855 32 15 ex.
860 848 96 21 undvika

212 883 104 27 ohjelplig
335 883 83 27 störing
441 880 22 24 af
476 883 111 27 pågående
602 883 75 21 arbete
693 882 40 22 och
748 882 113 27 oersättlig
877 882 77 27 skada;

212 917 101 21 hvarföre
332 917 38 27 jag
392 917 65 27 vågar
477 917 109 21 vördsamt
600 916 86 27 föreslå,
703 918 33 20 att
751 916 56 22 efter
822 916 67 22 orden
904 923 51 20 ,an-

212 951 81 21 vändas
308 951 48 21 till
372 951 106 27 inskjutes
494 951 62 21 ordet
572 951 176 26 ,,regelbundet.'
778 950 43 22 För
837 950 65 27 öfrigt
910 950 46 21 häl-

213 985 33 21 ler
258 986 37 26 jag
310 985 34 21 för
359 985 133 27 nödvändigt
506 987 33 20 att
554 986 37 20 det
606 986 7 20 i
629 985 66 21 slutet
711 984 24 22 af
749 991 80 15 samma
844 991 64 15 mom.
924 984 32 22 fö-

213 1019 108 21 reskrifna
336 1019 73 22 läkare
424 1020 61 27 intyg
501 1020 39 21 bör
555 1020 130 21 ätminstone
700 1019 58 21 inom
773 1019 75 27 hvarje
858 1019 55 21 halft
921 1019 35 21 ärs

214 1054 83 27 utgäng
311 1054 93 27 förnyas.

657 1089 30 22 G.
701 1089 26 22 J.
742 1088 146 27 Järnefelt.

281 1156 34 20 Dä
334 1156 38 26 jag
396 1156 47 22 icke
465 1156 96 27 bidragit
584 1156 34 22 till
633 1156 26 21 de
675 1156 23 21 af
712 1156 107 21 utskottet
834 1156 123 26 föreslagna

214 1189 117 27 ändringar
355 1190 7 20 i
378 1190 23 27 $$
417 1190 13 20 8
445 1190 40 21 och
500 1190 26 21 11
541 1190 23 21 af
578 1190 40 21 den
633 1190 86 26 Nädiga
733 1190 168 26 propositionen,
918 1189 40 21 och

215 1223 18 27 ej
253 1223 69 21 heller
344 1223 34 21 till
393 1224 42 20 den
450 1224 23 21 af
486 1224 107 21 utskottet
607 1224 8 20 i
631 1224 48 21 dess
695 1224 137 21 betänkande
847 1223 111 27 inskjutna

215 1262 43 22 nya
272 1257 103 26 paragraf
388 1257 55 21 efter
458 1258 11 26 &
485 1258 33 25 14,
534 1258 24 20 sä
572 1258 83 25 nödgas
667 1258 38 26 jag
721 1259 56 19 emot
793 1258 63 20 dessa
871 1258 87 20 ändrin-

216 1296 38 20 gar
268 1290 88 26 inlägga
370 1290 44 21 min
429 1290 140 22 reservation.

279 1324 48 21 Den
335 1324 111 27 rättighet,
467 1330 46 16 som
528 1324 153 27 förordningen
697 1324 111 27 angäende
827 1324 131 21 handelsbo-

217 1358 38 22 dar
277 1358 27 28 pä
326 1358 74 22 landet
422 1358 24 22 af
467 1358 54 22 1859
543 1358 84 22 införde
642 1358 34 22 för
691 1358 56 22 finsk
762 1358 148 28 medborgare,
926 1360 32 20 att

215 1392 28 27 pä
263 1392 150 28 landsbygden
436 1394 70 26 öppna
527 1392 134 22 handelsbod
676 1393 40 21 och
731 1393 71 21 drifva
816 1393 78 21 handel
910 1393 49 22 med

215 1426 43 22 alla
278 1427 59 21 säväl
351 1427 118 26 inhemska,
485 1433 45 16 som
545 1427 116 22 utländska
675 1433 69 21 varor,
760 1427 148 28 spritdrycker
923 1433 36 16 en-

215 1461 50 21 dast
285 1461 139 27 undantagna
453 1461 43 22 kan
511 1461 19 27 ej
545 1461 65 22 hafva
624 1461 66 22 afsett
705 1464 65 19 annat
785 1464 34 24 än,
835 1464 32 19 att
882 1468 77 21 genom

283 1506 125 18 Sammansatta
420 1507 37 22 Lag
469 1506 29 18 och
512 1506 84 18 Ekonomi
608 1507 89 18 utskottets
710 1507 105 17 betänkande
826 1506 35 18 N:o
873 1507 17 16 3.
