1056 1709
341 148 28 22 U.
385 148 28 23 B.
428 161 27 4 —
469 149 75 28 Prop.
559 149 45 23 N:o
619 149 36 23 34.
808 151 13 21 3

104 211 23 21 af
143 210 74 28 hvarje
235 211 62 21 stånd
316 212 106 26 särskildt,
441 212 24 22 sä
482 212 39 22 har
538 212 109 22 Utskottet
664 212 47 22 icke
730 214 70 20 ansett
815 214 32 26 sig

104 245 70 21 kunna
193 246 38 20 hos
247 245 118 22 Ständerna
379 246 106 27 tillstyrka
503 246 60 22 bifall
582 246 33 22 till
633 246 192 26 Borgareståndets
842 246 8 21 i

103 279 65 21 saken
183 279 76 26 gjorda
273 280 162 26 framställning.

172 312 31 22 På
221 314 68 26 grund
307 313 24 21 af
347 314 36 21 det
401 313 88 22 anförda
506 313 34 22 får
558 313 162 22 Statsutskottet
738 313 110 22 vördsamt

102 347 89 22 föreslå:

339 383 31 19 att
390 381 119 22 Ständerna
531 381 23 26 af
576 381 106 21 allmänna
699 380 71 27 medel,
792 381 56 26 öfver

273 415 67 22 hvilka
355 415 118 22 Ständerna
487 423 37 20 ega
539 417 29 20 att
581 416 89 26 förfoga,
686 415 46 21 ville
747 415 61 21 anslå
822 421 25 15 en

270 456 83 15 summa
367 449 28 26 af
405 451 95 25 245,000
509 449 60 22 mark
578 451 35 25 att,
624 451 52 20 emot
686 449 30 21 till
726 448 119 23 Ständerna

272 483 121 27 afgifvande
410 483 136 28 redovisning,
566 483 107 22 användas
688 483 19 27 ej
721 483 81 21 mindre
816 483 32 21 till

271 517 130 22 bestridande
415 518 24 27 af
453 518 42 21 dei
509 519 31 20 82
549 517 15 29 $
575 518 24 26 af
608 517 238 27 Landtdagsordningen.

272 552 127 21 omnämnda
413 551 107 22 allmänna
534 552 86 27 utgifter
634 551 35 27 för
683 551 125 28 landtdagen
818 552 29 21 än

271 586 35 21 ock
324 586 32 21 till
374 586 107 27 aflönande
499 586 28 27 af
541 593 24 15 en
580 586 83 22 ekonom
677 585 36 27 för
726 585 80 22 värden
821 586 23 26 af

270 620 131 22 Ständernas
416 620 63 27 arkiv,
495 620 107 22 bibliothek
616 619 36 22 och
666 619 70 28 öfriga
748 619 97 28 egendom

270 657 55 19 samt
342 655 32 21 till
388 655 121 22 vetäckande
525 655 24 26 af
562 655 26 22 de
602 654 47 22 med
660 654 65 27 sagda
737 654 55 21 vård
800 653 46 27 för-

271 689 63 22 enade
348 689 115 26 kostnader,
479 690 108 21 äfvensom

339 725 31 20 att
383 723 189 28 Borgareständets
586 723 80 28 förslag
675 730 33 14 om
717 723 128 21 utbetalande

271 764 27 14 ur
313 757 107 22 allmänna
433 758 66 21 medel
512 757 25 27 af
550 758 88 22 arvoden
648 757 32 22 till
689 757 158 22 medlemmarne

270 792 9 20 i
296 791 149 28 Expeditions-
464 792 36 21 och
517 791 221 28 Justeringsutskotten
756 791 34 26 för
809 791 39 22 den

270 826 32 21 tid
323 826 24 21 de
364 827 52 25 efter
434 826 136 28 landidagens
587 826 118 26 afslutande
723 826 81 21 komma
819 827 29 20 att

271 859 110 23 härstädes
399 863 130 25 gvarstanna,
548 861 42 22 icke
609 861 63 21 måtte
686 860 32 22 till
731 861 70 26 någon
816 861 32 20 åt-

270 895 56 27 gärd
340 895 115 26 föranleda.

169 946 142 27 Helsingfors,
327 947 41 21 den
384 948 11 21 7
410 947 119 22 November
545 947 61 22 1877.

171 1474 130 19 Statsutskottets
313 1475 102 18 betänkande
427 1474 35 18 N:o
474 1475 28 17 13.
