<?xml version="1.0" encoding="UTF-8"?>
<alto xmlns="http://www.loc.gov/standards/alto/ns-v3#" xmlns:xlink="http://www.w3.org/1999/xlink" xmlns:xsi="http://www.w3.org/2001/XMLSchema-instance" xsi:schemaLocation="http://www.loc.gov/standards/alto/ns-v3# http://www.loc.gov/alto/v3/alto-3-0.xsd">
	<Description>
		<MeasurementUnit>pixel</MeasurementUnit>
		<sourceImageInformation>
			<fileName>/tmp/tess_dfimb7y8_input.PNG</fileName>
		</sourceImageInformation>
		<OCRProcessing ID="OCR_0">
			<ocrProcessingStep>
				<processingSoftware>
					<softwareName>tesseract 5.3.4</softwareName>
				</processingSoftware>
			</ocrProcessingStep>
		</OCRProcessing>
	</Description>
	<Layout>
		<Page WIDTH="1048" HEIGHT="1709" PHYSICAL_IMG_NR="0" ID="page_0">
			<PrintSpace HPOS="0" VPOS="0" WIDTH="1048" HEIGHT="1709">
				<ComposedBlock ID="cblock_0" HPOS="787" VPOS="126" WIDTH="24" HEIGHT="21">
					<TextBlock ID="block_0" HPOS="787" VPOS="126" WIDTH="24" HEIGHT="21">
						<TextLine ID="line_0" HPOS="787" VPOS="126" WIDTH="24" HEIGHT="21">
							<String ID="string_0" HPOS="787" VPOS="126" WIDTH="24" HEIGHT="21" WC="0.96" CONTENT="11"/>
						</TextLine>
					</TextBlock>
				</ComposedBlock>
				<ComposedBlock ID="cblock_1" HPOS="85" VPOS="185" WIDTH="758" HEIGHT="1298">
					<TextBlock ID="block_1" HPOS="87" VPOS="185" WIDTH="756" HEIGHT="165">
						<TextLine ID="line_1" HPOS="88" VPOS="185" WIDTH="755" HEIGHT="29">
							<String ID="string_1" HPOS="88" VPOS="185" WIDTH="54" HEIGHT="21" WC="0.92" CONTENT="kurv"/><SP WIDTH="8" VPOS="185" HPOS="142"/>
							<String ID="string_2" HPOS="150" VPOS="186" WIDTH="50" HEIGHT="21" WC="0.96" CONTENT="med"/><SP WIDTH="8" VPOS="186" HPOS="200"/>
							<String ID="string_3" HPOS="208" VPOS="186" WIDTH="41" HEIGHT="22" WC="0.95" CONTENT="800"/><SP WIDTH="8" VPOS="186" HPOS="249"/>
							<String ID="string_4" HPOS="257" VPOS="186" WIDTH="43" HEIGHT="22" WC="0.95" CONTENT="fots"/><SP WIDTH="8" VPOS="186" HPOS="300"/>
							<String ID="string_5" HPOS="308" VPOS="186" WIDTH="60" HEIGHT="22" WC="0.93" CONTENT="radie"/><SP WIDTH="8" VPOS="186" HPOS="368"/>
							<String ID="string_6" HPOS="376" VPOS="198" WIDTH="27" HEIGHT="4" WC="0.92" CONTENT="—"/><SP WIDTH="9" VPOS="198" HPOS="403"/>
							<String ID="string_7" HPOS="412" VPOS="187" WIDTH="63" HEIGHT="21" WC="0.93" CONTENT="hafva"/><SP WIDTH="8" VPOS="187" HPOS="475"/>
							<String ID="string_8" HPOS="483" VPOS="187" WIDTH="200" HEIGHT="27" WC="0.92" CONTENT="smalspårbanorna"/><SP WIDTH="8" VPOS="187" HPOS="683"/>
							<String ID="string_9" HPOS="691" VPOS="188" WIDTH="78" HEIGHT="22" WC="0.93" CONTENT="minsta"/><SP WIDTH="10" VPOS="188" HPOS="769"/>
							<String ID="string_10" HPOS="779" VPOS="188" WIDTH="64" HEIGHT="22" WC="0.91" CONTENT="kurv-"/>
						</TextLine>
						<TextLine ID="line_2" HPOS="88" VPOS="220" WIDTH="755" HEIGHT="30">
							<String ID="string_11" HPOS="88" VPOS="220" WIDTH="72" HEIGHT="21" WC="0.91" CONTENT="radier"/><SP WIDTH="15" VPOS="220" HPOS="160"/>
							<String ID="string_12" HPOS="175" VPOS="221" WIDTH="103" HEIGHT="21" WC="0.92" CONTENT="vexlande"/><SP WIDTH="20" VPOS="221" HPOS="278"/>
							<String ID="string_13" HPOS="298" VPOS="221" WIDTH="91" HEIGHT="21" WC="0.96" CONTENT="emellan"/><SP WIDTH="20" VPOS="221" HPOS="389"/>
							<String ID="string_14" HPOS="409" VPOS="222" WIDTH="56" HEIGHT="21" WC="0.96" CONTENT="1500"/><SP WIDTH="15" VPOS="222" HPOS="465"/>
							<String ID="string_15" HPOS="480" VPOS="222" WIDTH="40" HEIGHT="21" WC="0.96" CONTENT="och"/><SP WIDTH="15" VPOS="222" HPOS="520"/>
							<String ID="string_16" HPOS="535" VPOS="222" WIDTH="42" HEIGHT="21" WC="0.96" CONTENT="800"/><SP WIDTH="14" VPOS="222" HPOS="577"/>
							<String ID="string_17" HPOS="591" VPOS="222" WIDTH="38" HEIGHT="21" WC="0.96" CONTENT="fot."/><SP WIDTH="30" VPOS="222" HPOS="629"/>
							<String ID="string_18" HPOS="659" VPOS="222" WIDTH="115" HEIGHT="28" WC="0.95" CONTENT="Undantag"/><SP WIDTH="15" VPOS="222" HPOS="774"/>
							<String ID="string_19" HPOS="789" VPOS="225" WIDTH="54" HEIGHT="25" WC="0.96" CONTENT="göra"/>
						</TextLine>
						<TextLine ID="line_3" HPOS="87" VPOS="254" WIDTH="755" HEIGHT="29">
							<String ID="string_20" HPOS="87" VPOS="254" WIDTH="66" HEIGHT="22" WC="0.90" CONTENT="linien"/><SP WIDTH="19" VPOS="254" HPOS="153"/>
							<String ID="string_21" HPOS="172" VPOS="254" WIDTH="206" HEIGHT="22" WC="0.91" CONTENT="Wessman-Barken"/><SP WIDTH="19" VPOS="254" HPOS="378"/>
							<String ID="string_22" HPOS="397" VPOS="255" WIDTH="23" HEIGHT="21" WC="0.96" CONTENT="af"/><SP WIDTH="18" VPOS="255" HPOS="420"/>
							<String ID="string_23" HPOS="438" VPOS="257" WIDTH="30" HEIGHT="25" WC="0.95" CONTENT="1,7"/><SP WIDTH="19" VPOS="257" HPOS="468"/>
							<String ID="string_24" HPOS="487" VPOS="256" WIDTH="49" HEIGHT="21" WC="0.96" CONTENT="mils"/><SP WIDTH="19" VPOS="256" HPOS="536"/>
							<String ID="string_25" HPOS="555" VPOS="256" WIDTH="70" HEIGHT="27" WC="0.95" CONTENT="längd,"/><SP WIDTH="20" VPOS="256" HPOS="625"/>
							<String ID="string_26" HPOS="645" VPOS="262" WIDTH="45" HEIGHT="16" WC="0.96" CONTENT="som"/><SP WIDTH="18" VPOS="262" HPOS="690"/>
							<String ID="string_27" HPOS="708" VPOS="257" WIDTH="49" HEIGHT="21" WC="0.95" CONTENT="med"/><SP WIDTH="18" VPOS="257" HPOS="757"/>
							<String ID="string_28" HPOS="775" VPOS="257" WIDTH="38" HEIGHT="21" WC="0.95" CONTENT="sitt"/><SP WIDTH="14" VPOS="257" HPOS="813"/>
							<String ID="string_29" HPOS="827" VPOS="258" WIDTH="15" HEIGHT="20" WC="0.97" CONTENT="4"/>
						</TextLine>
						<TextLine ID="line_4" HPOS="87" VPOS="287" WIDTH="755" HEIGHT="29">
							<String ID="string_30" HPOS="87" VPOS="287" WIDTH="43" HEIGHT="21" WC="0.96" CONTENT="fots"/><SP WIDTH="16" VPOS="287" HPOS="130"/>
							<String ID="string_31" HPOS="146" VPOS="288" WIDTH="49" HEIGHT="26" WC="0.96" CONTENT="spår"/><SP WIDTH="14" VPOS="288" HPOS="195"/>
							<String ID="string_32" HPOS="209" VPOS="288" WIDTH="39" HEIGHT="21" WC="0.96" CONTENT="har"/><SP WIDTH="15" VPOS="288" HPOS="248"/>
							<String ID="string_33" HPOS="263" VPOS="289" WIDTH="49" HEIGHT="26" WC="0.96" CONTENT="600,"/><SP WIDTH="15" VPOS="289" HPOS="312"/>
							<String ID="string_34" HPOS="327" VPOS="289" WIDTH="40" HEIGHT="21" WC="0.93" CONTENT="och"/><SP WIDTH="14" VPOS="289" HPOS="367"/>
							<String ID="string_35" HPOS="381" VPOS="289" WIDTH="120" HEIGHT="27" WC="0.92" CONTENT="grufbanan"/><SP WIDTH="15" VPOS="289" HPOS="501"/>
							<String ID="string_36" HPOS="516" VPOS="290" WIDTH="205" HEIGHT="26" WC="0.91" CONTENT="Wikern-Möckeln,"/><SP WIDTH="15" VPOS="290" HPOS="721"/>
							<String ID="string_37" HPOS="736" VPOS="297" WIDTH="46" HEIGHT="15" WC="0.96" CONTENT="som"/><SP WIDTH="11" VPOS="297" HPOS="782"/>
							<String ID="string_38" HPOS="793" VPOS="292" WIDTH="49" HEIGHT="20" WC="0.96" CONTENT="med"/>
						</TextLine>
						<TextLine ID="line_5" HPOS="88" VPOS="322" WIDTH="657" HEIGHT="28">
							<String ID="string_39" HPOS="88" VPOS="323" WIDTH="32" HEIGHT="20" WC="0.95" CONTENT="ett"/><SP WIDTH="13" VPOS="323" HPOS="120"/>
							<String ID="string_40" HPOS="133" VPOS="322" WIDTH="41" HEIGHT="24" WC="0.55" CONTENT="25/8"/><SP WIDTH="14" VPOS="322" HPOS="174"/>
							<String ID="string_41" HPOS="188" VPOS="322" WIDTH="43" HEIGHT="22" WC="0.96" CONTENT="fots"/><SP WIDTH="15" VPOS="322" HPOS="231"/>
							<String ID="string_42" HPOS="246" VPOS="323" WIDTH="51" HEIGHT="27" WC="0.96" CONTENT="spår"/><SP WIDTH="14" VPOS="323" HPOS="297"/>
							<String ID="string_43" HPOS="311" VPOS="323" WIDTH="40" HEIGHT="21" WC="0.96" CONTENT="har"/><SP WIDTH="14" VPOS="323" HPOS="351"/>
							<String ID="string_44" HPOS="365" VPOS="323" WIDTH="43" HEIGHT="21" WC="0.96" CONTENT="500"/><SP WIDTH="15" VPOS="323" HPOS="408"/>
							<String ID="string_45" HPOS="423" VPOS="323" WIDTH="32" HEIGHT="21" WC="0.96" CONTENT="fot"/><SP WIDTH="15" VPOS="323" HPOS="455"/>
							<String ID="string_46" HPOS="470" VPOS="330" WIDTH="46" HEIGHT="15" WC="0.96" CONTENT="som"/><SP WIDTH="15" VPOS="330" HPOS="516"/>
							<String ID="string_47" HPOS="531" VPOS="324" WIDTH="78" HEIGHT="21" WC="0.96" CONTENT="minsta"/><SP WIDTH="15" VPOS="324" HPOS="609"/>
							<String ID="string_48" HPOS="624" VPOS="324" WIDTH="121" HEIGHT="22" WC="0.96" CONTENT="kurvradie."/>
						</TextLine>
					</TextBlock>
					<TextBlock ID="block_2" HPOS="86" VPOS="356" WIDTH="756" HEIGHT="304">
						<TextLine ID="line_6" HPOS="156" VPOS="356" WIDTH="686" HEIGHT="29">
							<String ID="string_49" HPOS="156" VPOS="356" WIDTH="30" HEIGHT="22" WC="0.96" CONTENT="Af"/><SP WIDTH="13" VPOS="356" HPOS="186"/>
							<String ID="string_50" HPOS="199" VPOS="357" WIDTH="63" HEIGHT="21" WC="0.93" CONTENT="dessa"/><SP WIDTH="13" VPOS="357" HPOS="262"/>
							<String ID="string_51" HPOS="275" VPOS="356" WIDTH="137" HEIGHT="28" WC="0.90" CONTENT="jemförelser"/><SP WIDTH="17" VPOS="356" HPOS="412"/>
							<String ID="string_52" HPOS="429" VPOS="358" WIDTH="101" HEIGHT="27" WC="0.96" CONTENT="framgår,"/><SP WIDTH="16" VPOS="358" HPOS="530"/>
							<String ID="string_53" HPOS="546" VPOS="358" WIDTH="37" HEIGHT="22" WC="0.96" CONTENT="det"/><SP WIDTH="14" VPOS="358" HPOS="583"/>
							<String ID="string_54" HPOS="597" VPOS="364" WIDTH="50" HEIGHT="16" WC="0.96" CONTENT="man"/><SP WIDTH="13" VPOS="364" HPOS="647"/>
							<String ID="string_55" HPOS="660" VPOS="359" WIDTH="31" HEIGHT="21" WC="0.96" CONTENT="uti"/><SP WIDTH="15" VPOS="359" HPOS="691"/>
							<String ID="string_56" HPOS="706" VPOS="358" WIDTH="113" HEIGHT="27" WC="0.96" CONTENT="praktiken"/><SP WIDTH="15" VPOS="358" HPOS="819"/>
							<String ID="string_57" HPOS="834" VPOS="359" WIDTH="8" HEIGHT="21" WC="0.96" CONTENT="i"/>
						</TextLine>
						<TextLine ID="line_7" HPOS="87" VPOS="390" WIDTH="755" HEIGHT="30">
							<String ID="string_58" HPOS="87" VPOS="390" WIDTH="117" HEIGHT="22" WC="0.96" CONTENT="allmänhet"/><SP WIDTH="17" VPOS="390" HPOS="204"/>
							<String ID="string_59" HPOS="221" VPOS="392" WIDTH="74" HEIGHT="26" WC="0.96" CONTENT="tyckes"/><SP WIDTH="19" VPOS="392" HPOS="295"/>
							<String ID="string_60" HPOS="314" VPOS="392" WIDTH="38" HEIGHT="27" WC="0.96" CONTENT="sky"/><SP WIDTH="19" VPOS="392" HPOS="352"/>
							<String ID="string_61" HPOS="371" VPOS="394" WIDTH="33" HEIGHT="19" WC="0.96" CONTENT="att"/><SP WIDTH="18" VPOS="394" HPOS="404"/>
							<String ID="string_62" HPOS="422" VPOS="392" WIDTH="97" HEIGHT="22" WC="0.96" CONTENT="använda"/><SP WIDTH="18" VPOS="392" HPOS="519"/>
							<String ID="string_63" HPOS="537" VPOS="393" WIDTH="36" HEIGHT="21" WC="0.93" CONTENT="vid"/><SP WIDTH="18" VPOS="393" HPOS="573"/>
							<String ID="string_64" HPOS="591" VPOS="393" WIDTH="174" HEIGHT="27" WC="0.91" CONTENT="smalspårbanor"/><SP WIDTH="13" VPOS="393" HPOS="765"/>
							<String ID="string_65" HPOS="778" VPOS="393" WIDTH="64" HEIGHT="22" WC="0.91" CONTENT="kurv-"/>
						</TextLine>
						<TextLine ID="line_8" HPOS="86" VPOS="425" WIDTH="756" HEIGHT="29">
							<String ID="string_66" HPOS="86" VPOS="425" WIDTH="78" HEIGHT="26" WC="0.90" CONTENT="radier,"/><SP WIDTH="19" VPOS="425" HPOS="164"/>
							<String ID="string_67" HPOS="183" VPOS="426" WIDTH="73" HEIGHT="21" WC="0.96" CONTENT="hvilka"/><SP WIDTH="19" VPOS="426" HPOS="256"/>
							<String ID="string_68" HPOS="275" VPOS="426" WIDTH="105" HEIGHT="28" WC="0.96" CONTENT="betydligt"/><SP WIDTH="18" VPOS="426" HPOS="380"/>
							<String ID="string_69" HPOS="398" VPOS="426" WIDTH="70" HEIGHT="22" WC="0.89" CONTENT="skulle"/><SP WIDTH="18" VPOS="426" HPOS="468"/>
							<String ID="string_70" HPOS="486" VPOS="427" WIDTH="126" HEIGHT="27" WC="0.96" CONTENT="understiga"/><SP WIDTH="19" VPOS="427" HPOS="612"/>
							<String ID="string_71" HPOS="631" VPOS="428" WIDTH="54" HEIGHT="25" WC="0.95" CONTENT="dem,"/><SP WIDTH="20" VPOS="428" HPOS="685"/>
							<String ID="string_72" HPOS="705" VPOS="434" WIDTH="46" HEIGHT="15" WC="0.96" CONTENT="som"/><SP WIDTH="18" VPOS="434" HPOS="751"/>
							<String ID="string_73" HPOS="769" VPOS="428" WIDTH="7" HEIGHT="20" WC="0.93" CONTENT="i"/><SP WIDTH="15" VPOS="428" HPOS="776"/>
							<String ID="string_74" HPOS="791" VPOS="434" WIDTH="51" HEIGHT="15" WC="0.92" CONTENT="ana-"/>
						</TextLine>
						<TextLine ID="line_9" HPOS="86" VPOS="459" WIDTH="756" HEIGHT="29">
							<String ID="string_75" HPOS="86" VPOS="459" WIDTH="50" HEIGHT="27" WC="0.92" CONTENT="loga"/><SP WIDTH="18" VPOS="459" HPOS="136"/>
							<String ID="string_76" HPOS="154" VPOS="459" WIDTH="38" HEIGHT="21" WC="0.91" CONTENT="fall"/><SP WIDTH="18" VPOS="459" HPOS="192"/>
							<String ID="string_77" HPOS="210" VPOS="460" WIDTH="13" HEIGHT="20" WC="0.91" CONTENT="å"/><SP WIDTH="17" VPOS="460" HPOS="223"/>
							<String ID="string_78" HPOS="240" VPOS="461" WIDTH="171" HEIGHT="27" WC="0.95" CONTENT="normalspåriga"/><SP WIDTH="22" VPOS="461" HPOS="411"/>
							<String ID="string_79" HPOS="433" VPOS="462" WIDTH="67" HEIGHT="21" WC="0.96" CONTENT="banor"/><SP WIDTH="23" VPOS="462" HPOS="500"/>
							<String ID="string_80" HPOS="523" VPOS="461" WIDTH="138" HEIGHT="22" WC="0.96" CONTENT="förekomma."/><SP WIDTH="34" VPOS="461" HPOS="661"/>
							<String ID="string_81" HPOS="695" VPOS="462" WIDTH="59" HEIGHT="22" WC="0.96" CONTENT="Både"/><SP WIDTH="18" VPOS="462" HPOS="754"/>
							<String ID="string_82" HPOS="772" VPOS="462" WIDTH="70" HEIGHT="22" WC="0.96" CONTENT="teorin"/>
						</TextLine>
						<TextLine ID="line_10" HPOS="87" VPOS="493" WIDTH="755" HEIGHT="30">
							<String ID="string_83" HPOS="87" VPOS="493" WIDTH="39" HEIGHT="22" WC="0.96" CONTENT="och"/><SP WIDTH="15" VPOS="493" HPOS="126"/>
							<String ID="string_84" HPOS="141" VPOS="494" WIDTH="114" HEIGHT="26" WC="0.96" CONTENT="praktiken"/><SP WIDTH="19" VPOS="494" HPOS="255"/>
							<String ID="string_85" HPOS="274" VPOS="494" WIDTH="58" HEIGHT="27" WC="0.96" CONTENT="gifva"/><SP WIDTH="18" VPOS="494" HPOS="332"/>
							<String ID="string_86" HPOS="350" VPOS="495" WIDTH="36" HEIGHT="21" WC="0.96" CONTENT="vid"/><SP WIDTH="18" VPOS="495" HPOS="386"/>
							<String ID="string_87" HPOS="404" VPOS="495" WIDTH="91" HEIGHT="27" WC="0.96" CONTENT="handen,"/><SP WIDTH="16" VPOS="495" HPOS="495"/>
							<String ID="string_88" HPOS="511" VPOS="497" WIDTH="32" HEIGHT="21" WC="0.96" CONTENT="att"/><SP WIDTH="15" VPOS="497" HPOS="543"/>
							<String ID="string_89" HPOS="558" VPOS="496" WIDTH="37" HEIGHT="22" WC="0.96" CONTENT="det"/><SP WIDTH="14" VPOS="496" HPOS="595"/>
							<String ID="string_90" HPOS="609" VPOS="496" WIDTH="92" HEIGHT="21" WC="0.96" CONTENT="smalare"/><SP WIDTH="16" VPOS="496" HPOS="701"/>
							<String ID="string_91" HPOS="717" VPOS="496" WIDTH="72" HEIGHT="27" WC="0.93" CONTENT="spåret"/><SP WIDTH="14" VPOS="496" HPOS="789"/>
							<String ID="string_92" HPOS="803" VPOS="503" WIDTH="39" HEIGHT="15" WC="0.92" CONTENT="un-"/>
						</TextLine>
						<TextLine ID="line_11" HPOS="87" VPOS="528" WIDTH="755" HEIGHT="30">
							<String ID="string_93" HPOS="87" VPOS="528" WIDTH="39" HEIGHT="22" WC="0.96" CONTENT="der"/><SP WIDTH="18" VPOS="528" HPOS="126"/>
							<String ID="string_94" HPOS="144" VPOS="534" WIDTH="78" HEIGHT="16" WC="0.96" CONTENT="annars"/><SP WIDTH="15" VPOS="534" HPOS="222"/>
							<String ID="string_95" HPOS="237" VPOS="529" WIDTH="45" HEIGHT="21" WC="0.96" CONTENT="lika"/><SP WIDTH="14" VPOS="529" HPOS="282"/>
							<String ID="string_96" HPOS="296" VPOS="528" WIDTH="149" HEIGHT="23" WC="0.96" CONTENT="förhållanden"/><SP WIDTH="14" VPOS="528" HPOS="445"/>
							<String ID="string_97" HPOS="459" VPOS="530" WIDTH="47" HEIGHT="22" WC="0.96" CONTENT="icke"/><SP WIDTH="14" VPOS="530" HPOS="506"/>
							<String ID="string_98" HPOS="520" VPOS="531" WIDTH="8" HEIGHT="21" WC="0.93" CONTENT="i"/><SP WIDTH="15" VPOS="531" HPOS="528"/>
							<String ID="string_99" HPOS="543" VPOS="530" WIDTH="134" HEIGHT="28" WC="0.92" CONTENT="betydligare"/><SP WIDTH="15" VPOS="530" HPOS="677"/>
							<String ID="string_100" HPOS="692" VPOS="531" WIDTH="53" HEIGHT="27" WC="0.96" CONTENT="grad"/><SP WIDTH="15" VPOS="531" HPOS="745"/>
							<String ID="string_101" HPOS="760" VPOS="531" WIDTH="82" HEIGHT="21" WC="0.96" CONTENT="tillåter"/>
						</TextLine>
						<TextLine ID="line_12" HPOS="87" VPOS="562" WIDTH="755" HEIGHT="30">
							<String ID="string_102" HPOS="87" VPOS="569" WIDTH="26" HEIGHT="15" WC="0.96" CONTENT="en"/><SP WIDTH="18" VPOS="569" HPOS="113"/>
							<String ID="string_103" HPOS="131" VPOS="562" WIDTH="168" HEIGHT="28" WC="0.92" CONTENT="fördelaktigare"/><SP WIDTH="18" VPOS="562" HPOS="299"/>
							<String ID="string_104" HPOS="317" VPOS="564" WIDTH="108" HEIGHT="27" WC="0.91" CONTENT="tracering"/><SP WIDTH="19" VPOS="564" HPOS="425"/>
							<String ID="string_105" HPOS="444" VPOS="565" WIDTH="24" HEIGHT="21" WC="0.95" CONTENT="af"/><SP WIDTH="17" VPOS="565" HPOS="468"/>
							<String ID="string_106" HPOS="485" VPOS="571" WIDTH="26" HEIGHT="15" WC="0.93" CONTENT="en"/><SP WIDTH="13" VPOS="571" HPOS="511"/>
							<String ID="string_107" HPOS="524" VPOS="565" WIDTH="160" HEIGHT="27" WC="0.91" CONTENT="jernvägslinie,"/><SP WIDTH="15" VPOS="565" HPOS="684"/>
							<String ID="string_108" HPOS="699" VPOS="568" WIDTH="27" HEIGHT="18" WC="0.96" CONTENT="än"/><SP WIDTH="16" VPOS="568" HPOS="726"/>
							<String ID="string_109" HPOS="742" VPOS="566" WIDTH="37" HEIGHT="21" WC="0.93" CONTENT="det"/><SP WIDTH="13" VPOS="566" HPOS="779"/>
							<String ID="string_110" HPOS="792" VPOS="572" WIDTH="50" HEIGHT="14" WC="0.91" CONTENT="nor-"/>
						</TextLine>
						<TextLine ID="line_13" HPOS="86" VPOS="597" WIDTH="756" HEIGHT="29">
							<String ID="string_111" HPOS="86" VPOS="597" WIDTH="64" HEIGHT="26" WC="0.96" CONTENT="mala,"/><SP WIDTH="19" VPOS="597" HPOS="150"/>
							<String ID="string_112" HPOS="169" VPOS="597" WIDTH="24" HEIGHT="21" WC="0.96" CONTENT="så"/><SP WIDTH="18" VPOS="597" HPOS="193"/>
							<String ID="string_113" HPOS="211" VPOS="598" WIDTH="45" HEIGHT="20" WC="0.96" CONTENT="vidt"/><SP WIDTH="18" VPOS="598" HPOS="256"/>
							<String ID="string_114" HPOS="274" VPOS="598" WIDTH="89" HEIGHT="22" WC="0.96" CONTENT="dermed"/><SP WIDTH="19" VPOS="598" HPOS="363"/>
							<String ID="string_115" HPOS="382" VPOS="605" WIDTH="73" HEIGHT="15" WC="0.96" CONTENT="menas"/><SP WIDTH="15" VPOS="605" HPOS="455"/>
							<String ID="string_116" HPOS="470" VPOS="599" WIDTH="111" HEIGHT="22" WC="0.96" CONTENT="minskade"/><SP WIDTH="14" VPOS="599" HPOS="581"/>
							<String ID="string_117" HPOS="595" VPOS="599" WIDTH="133" HEIGHT="27" WC="0.96" CONTENT="kurvradier,"/><SP WIDTH="15" VPOS="599" HPOS="728"/>
							<String ID="string_118" HPOS="743" VPOS="601" WIDTH="52" HEIGHT="20" WC="0.93" CONTENT="utan"/><SP WIDTH="15" VPOS="601" HPOS="795"/>
							<String ID="string_119" HPOS="810" VPOS="600" WIDTH="32" HEIGHT="21" WC="0.92" CONTENT="af-"/>
						</TextLine>
						<TextLine ID="line_14" HPOS="87" VPOS="631" WIDTH="334" HEIGHT="29">
							<String ID="string_120" HPOS="87" VPOS="632" WIDTH="77" HEIGHT="20" WC="0.93" CONTENT="seende"/><SP WIDTH="16" VPOS="632" HPOS="164"/>
							<String ID="string_121" HPOS="180" VPOS="631" WIDTH="13" HEIGHT="21" WC="0.91" CONTENT="å"/><SP WIDTH="14" VPOS="631" HPOS="193"/>
							<String ID="string_122" HPOS="207" VPOS="632" WIDTH="81" HEIGHT="22" WC="0.93" CONTENT="banans"/><SP WIDTH="16" VPOS="632" HPOS="288"/>
							<String ID="string_123" HPOS="304" VPOS="632" WIDTH="117" HEIGHT="28" WC="0.92" CONTENT="tvärprofil."/>
						</TextLine>
					</TextBlock>
					<TextBlock ID="block_3" HPOS="86" VPOS="666" WIDTH="756" HEIGHT="131">
						<TextLine ID="line_15" HPOS="154" VPOS="666" WIDTH="688" HEIGHT="28">
							<String ID="string_124" HPOS="154" VPOS="666" WIDTH="52" HEIGHT="21" WC="0.96" CONTENT="Med"/><SP WIDTH="18" VPOS="666" HPOS="206"/>
							<String ID="string_125" HPOS="224" VPOS="666" WIDTH="81" HEIGHT="28" WC="0.96" CONTENT="hänsyn"/><SP WIDTH="17" VPOS="666" HPOS="305"/>
							<String ID="string_126" HPOS="322" VPOS="667" WIDTH="34" HEIGHT="21" WC="0.96" CONTENT="till"/><SP WIDTH="16" VPOS="667" HPOS="356"/>
							<String ID="string_127" HPOS="372" VPOS="667" WIDTH="36" HEIGHT="22" WC="0.96" CONTENT="det"/><SP WIDTH="16" VPOS="667" HPOS="408"/>
							<String ID="string_128" HPOS="424" VPOS="667" WIDTH="62" HEIGHT="22" WC="0.96" CONTENT="ofvan"/><SP WIDTH="14" VPOS="667" HPOS="486"/>
							<String ID="string_129" HPOS="500" VPOS="668" WIDTH="127" HEIGHT="21" WC="0.96" CONTENT="utvecklade"/><SP WIDTH="16" VPOS="668" HPOS="627"/>
							<String ID="string_130" HPOS="643" VPOS="668" WIDTH="39" HEIGHT="21" WC="0.96" CONTENT="och"/><SP WIDTH="14" VPOS="668" HPOS="682"/>
							<String ID="string_131" HPOS="696" VPOS="668" WIDTH="49" HEIGHT="21" WC="0.93" CONTENT="med"/><SP WIDTH="15" VPOS="668" HPOS="745"/>
							<String ID="string_132" HPOS="760" VPOS="668" WIDTH="82" HEIGHT="21" WC="0.91" CONTENT="fästadt"/>
						</TextLine>
						<TextLine ID="line_16" HPOS="86" VPOS="699" WIDTH="754" HEIGHT="30">
							<String ID="string_133" HPOS="86" VPOS="699" WIDTH="101" HEIGHT="23" WC="0.93" CONTENT="afseende"/><SP WIDTH="16" VPOS="699" HPOS="187"/>
							<String ID="string_134" HPOS="203" VPOS="700" WIDTH="13" HEIGHT="21" WC="0.93" CONTENT="å"/><SP WIDTH="20" VPOS="700" HPOS="216"/>
							<String ID="string_135" HPOS="236" VPOS="701" WIDTH="48" HEIGHT="21" WC="0.96" CONTENT="vårt"/><SP WIDTH="14" VPOS="701" HPOS="284"/>
							<String ID="string_136" HPOS="298" VPOS="701" WIDTH="62" HEIGHT="21" WC="0.96" CONTENT="lands"/><SP WIDTH="15" VPOS="701" HPOS="360"/>
							<String ID="string_137" HPOS="375" VPOS="702" WIDTH="108" HEIGHT="21" WC="0.92" CONTENT="allmänna"/><SP WIDTH="21" VPOS="702" HPOS="483"/>
							<String ID="string_138" HPOS="504" VPOS="702" WIDTH="253" HEIGHT="27" WC="0.91" CONTENT="terräng-förhållanden,"/><SP WIDTH="20" VPOS="702" HPOS="757"/>
							<String ID="string_139" HPOS="777" VPOS="708" WIDTH="63" HEIGHT="16" WC="0.95" CONTENT="anser"/>
						</TextLine>
						<TextLine ID="line_17" HPOS="86" VPOS="734" WIDTH="756" HEIGHT="29">
							<String ID="string_140" HPOS="86" VPOS="734" WIDTH="166" HEIGHT="22" WC="0.93" CONTENT="kommissionen"/><SP WIDTH="18" VPOS="734" HPOS="252"/>
							<String ID="string_141" HPOS="270" VPOS="735" WIDTH="154" HEIGHT="27" WC="0.91" CONTENT="uppgifvandet"/><SP WIDTH="18" VPOS="735" HPOS="424"/>
							<String ID="string_142" HPOS="442" VPOS="736" WIDTH="23" HEIGHT="21" WC="0.96" CONTENT="af"/><SP WIDTH="17" VPOS="736" HPOS="465"/>
							<String ID="string_143" HPOS="482" VPOS="737" WIDTH="40" HEIGHT="21" WC="0.92" CONTENT="den"/><SP WIDTH="19" VPOS="737" HPOS="522"/>
							<String ID="string_144" HPOS="541" VPOS="736" WIDTH="84" HEIGHT="22" WC="0.92" CONTENT="härtills"/><SP WIDTH="15" VPOS="736" HPOS="625"/>
							<String ID="string_145" HPOS="640" VPOS="736" WIDTH="36" HEIGHT="21" WC="0.96" CONTENT="vid"/><SP WIDTH="15" VPOS="736" HPOS="676"/>
							<String ID="string_146" HPOS="691" VPOS="736" WIDTH="52" HEIGHT="22" WC="0.92" CONTENT="våra"/><SP WIDTH="12" VPOS="736" HPOS="743"/>
							<String ID="string_147" HPOS="755" VPOS="736" WIDTH="87" HEIGHT="27" WC="0.90" CONTENT="jernvå-"/>
						</TextLine>
						<TextLine ID="line_18" HPOS="87" VPOS="769" WIDTH="602" HEIGHT="28">
							<String ID="string_148" HPOS="87" VPOS="775" WIDTH="39" HEIGHT="21" WC="0.96" CONTENT="gar"/><SP WIDTH="14" VPOS="775" HPOS="126"/>
							<String ID="string_149" HPOS="140" VPOS="769" WIDTH="101" HEIGHT="27" WC="0.96" CONTENT="gällande"/><SP WIDTH="15" VPOS="769" HPOS="241"/>
							<String ID="string_150" HPOS="256" VPOS="770" WIDTH="128" HEIGHT="26" WC="0.96" CONTENT="spårvidden"/><SP WIDTH="16" VPOS="770" HPOS="384"/>
							<String ID="string_151" HPOS="400" VPOS="770" WIDTH="24" HEIGHT="22" WC="0.96" CONTENT="af"/><SP WIDTH="12" VPOS="770" HPOS="424"/>
							<String ID="string_152" HPOS="436" VPOS="770" WIDTH="43" HEIGHT="22" WC="0.96" CONTENT="fem"/><SP WIDTH="15" VPOS="770" HPOS="479"/>
							<String ID="string_153" HPOS="494" VPOS="771" WIDTH="33" HEIGHT="21" WC="0.96" CONTENT="fot"/><SP WIDTH="14" VPOS="771" HPOS="527"/>
							<String ID="string_154" HPOS="541" VPOS="771" WIDTH="47" HEIGHT="21" WC="0.93" CONTENT="icke"/><SP WIDTH="15" VPOS="771" HPOS="588"/>
							<String ID="string_155" HPOS="603" VPOS="770" WIDTH="86" HEIGHT="27" WC="0.92" CONTENT="rådligt."/>
						</TextLine>
					</TextBlock>
					<TextBlock ID="block_4" HPOS="86" VPOS="803" WIDTH="756" HEIGHT="373">
						<TextLine ID="line_19" HPOS="156" VPOS="803" WIDTH="685" HEIGHT="28">
							<String ID="string_156" HPOS="156" VPOS="803" WIDTH="112" HEIGHT="22" WC="0.95" CONTENT="Sannolikt"/><SP WIDTH="17" VPOS="803" HPOS="268"/>
							<String ID="string_157" HPOS="285" VPOS="804" WIDTH="86" HEIGHT="22" WC="0.95" CONTENT="komma"/><SP WIDTH="17" VPOS="804" HPOS="371"/>
							<String ID="string_158" HPOS="388" VPOS="804" WIDTH="52" HEIGHT="22" WC="0.95" CONTENT="våra"/><SP WIDTH="14" VPOS="804" HPOS="440"/>
							<String ID="string_159" HPOS="454" VPOS="805" WIDTH="101" HEIGHT="21" WC="0.96" CONTENT="framtida"/><SP WIDTH="14" VPOS="805" HPOS="555"/>
							<String ID="string_160" HPOS="569" VPOS="805" WIDTH="74" HEIGHT="26" WC="0.95" CONTENT="banor,"/><SP WIDTH="16" VPOS="805" HPOS="643"/>
							<String ID="string_161" HPOS="659" VPOS="805" WIDTH="40" HEIGHT="21" WC="0.96" CONTENT="likt"/><SP WIDTH="15" VPOS="805" HPOS="699"/>
							<String ID="string_162" HPOS="714" VPOS="806" WIDTH="27" HEIGHT="21" WC="0.92" CONTENT="de"/><SP WIDTH="14" VPOS="806" HPOS="741"/>
							<String ID="string_163" HPOS="755" VPOS="805" WIDTH="86" HEIGHT="21" WC="0.92" CONTENT="härtills"/>
						</TextLine>
						<TextLine ID="line_20" HPOS="86" VPOS="838" WIDTH="755" HEIGHT="30">
							<String ID="string_164" HPOS="86" VPOS="838" WIDTH="77" HEIGHT="27" WC="0.92" CONTENT="bygda,"/><SP WIDTH="16" VPOS="838" HPOS="163"/>
							<String ID="string_165" HPOS="179" VPOS="840" WIDTH="32" HEIGHT="19" WC="0.96" CONTENT="att"/><SP WIDTH="14" VPOS="840" HPOS="211"/>
							<String ID="string_166" HPOS="225" VPOS="838" WIDTH="153" HEIGHT="22" WC="0.96" CONTENT="företrädesvis"/><SP WIDTH="15" VPOS="838" HPOS="378"/>
							<String ID="string_167" HPOS="393" VPOS="839" WIDTH="72" HEIGHT="22" WC="0.96" CONTENT="frakta"/><SP WIDTH="14" VPOS="839" HPOS="465"/>
							<String ID="string_168" HPOS="479" VPOS="840" WIDTH="83" HEIGHT="21" WC="0.93" CONTENT="mindre"/><SP WIDTH="15" VPOS="840" HPOS="562"/>
							<String ID="string_169" HPOS="577" VPOS="840" WIDTH="113" HEIGHT="21" WC="0.92" CONTENT="värderika"/><SP WIDTH="15" VPOS="840" HPOS="690"/>
							<String ID="string_170" HPOS="705" VPOS="840" WIDTH="39" HEIGHT="21" WC="0.93" CONTENT="och"/><SP WIDTH="15" VPOS="840" HPOS="744"/>
							<String ID="string_171" HPOS="759" VPOS="840" WIDTH="82" HEIGHT="28" WC="0.92" CONTENT="skrym-"/>
						</TextLine>
						<TextLine ID="line_21" HPOS="86" VPOS="872" WIDTH="755" HEIGHT="30">
							<String ID="string_172" HPOS="86" VPOS="872" WIDTH="77" HEIGHT="22" WC="0.96" CONTENT="mande"/><SP WIDTH="19" VPOS="872" HPOS="163"/>
							<String ID="string_173" HPOS="182" VPOS="873" WIDTH="124" HEIGHT="26" WC="0.96" CONTENT="produkter,"/><SP WIDTH="19" VPOS="873" HPOS="306"/>
							<String ID="string_174" HPOS="325" VPOS="872" WIDTH="34" HEIGHT="22" WC="0.96" CONTENT="för"/><SP WIDTH="14" VPOS="872" HPOS="359"/>
							<String ID="string_175" HPOS="373" VPOS="873" WIDTH="83" HEIGHT="22" WC="0.96" CONTENT="hvilkas"/><SP WIDTH="16" VPOS="873" HPOS="456"/>
							<String ID="string_176" HPOS="472" VPOS="874" WIDTH="145" HEIGHT="26" WC="0.93" CONTENT="fördelaktiga"/><SP WIDTH="14" VPOS="874" HPOS="617"/>
							<String ID="string_177" HPOS="631" VPOS="874" WIDTH="118" HEIGHT="27" WC="0.91" CONTENT="afsättning"/><SP WIDTH="14" VPOS="874" HPOS="749"/>
							<String ID="string_178" HPOS="763" VPOS="880" WIDTH="27" HEIGHT="16" WC="0.96" CONTENT="en"/><SP WIDTH="15" VPOS="880" HPOS="790"/>
							<String ID="string_179" HPOS="805" VPOS="874" WIDTH="36" HEIGHT="28" WC="0.96" CONTENT="låg"/>
						</TextLine>
						<TextLine ID="line_22" HPOS="86" VPOS="906" WIDTH="756" HEIGHT="30">
							<String ID="string_180" HPOS="86" VPOS="906" WIDTH="60" HEIGHT="21" WC="0.92" CONTENT="tariff"/><SP WIDTH="13" VPOS="906" HPOS="146"/>
							<String ID="string_181" HPOS="159" VPOS="908" WIDTH="24" HEIGHT="20" WC="0.96" CONTENT="är"/><SP WIDTH="15" VPOS="908" HPOS="183"/>
							<String ID="string_182" HPOS="198" VPOS="907" WIDTH="113" HEIGHT="22" WC="0.92" CONTENT="önskvärd."/><SP WIDTH="30" VPOS="907" HPOS="311"/>
							<String ID="string_183" HPOS="341" VPOS="907" WIDTH="89" HEIGHT="22" WC="0.91" CONTENT="Hvilket"/><SP WIDTH="14" VPOS="907" HPOS="430"/>
							<String ID="string_184" HPOS="444" VPOS="908" WIDTH="115" HEIGHT="28" WC="0.96" CONTENT="inflytande"/><SP WIDTH="16" VPOS="908" HPOS="559"/>
							<String ID="string_185" HPOS="575" VPOS="908" WIDTH="118" HEIGHT="27" WC="0.96" CONTENT="stigningar"/><SP WIDTH="14" VPOS="908" HPOS="693"/>
							<String ID="string_186" HPOS="707" VPOS="908" WIDTH="40" HEIGHT="22" WC="0.96" CONTENT="och"/><SP WIDTH="14" VPOS="908" HPOS="747"/>
							<String ID="string_187" HPOS="761" VPOS="908" WIDTH="81" HEIGHT="22" WC="0.96" CONTENT="kurvor"/>
						</TextLine>
						<TextLine ID="line_23" HPOS="86" VPOS="941" WIDTH="755" HEIGHT="29">
							<String ID="string_188" HPOS="86" VPOS="941" WIDTH="14" HEIGHT="21" WC="0.93" CONTENT="å"/><SP WIDTH="14" VPOS="941" HPOS="100"/>
							<String ID="string_189" HPOS="114" VPOS="947" WIDTH="27" HEIGHT="15" WC="0.96" CONTENT="en"/><SP WIDTH="15" VPOS="947" HPOS="141"/>
							<String ID="string_190" HPOS="156" VPOS="941" WIDTH="56" HEIGHT="21" WC="0.93" CONTENT="bana"/><SP WIDTH="14" VPOS="941" HPOS="212"/>
							<String ID="string_191" HPOS="226" VPOS="942" WIDTH="74" HEIGHT="21" WC="0.91" CONTENT="utöfva"/><SP WIDTH="14" VPOS="942" HPOS="300"/>
							<String ID="string_192" HPOS="314" VPOS="942" WIDTH="36" HEIGHT="22" WC="0.96" CONTENT="vid"/><SP WIDTH="19" VPOS="942" HPOS="350"/>
							<String ID="string_193" HPOS="369" VPOS="942" WIDTH="49" HEIGHT="22" WC="0.93" CONTENT="dess"/><SP WIDTH="15" VPOS="942" HPOS="418"/>
							<String ID="string_194" HPOS="433" VPOS="942" WIDTH="150" HEIGHT="27" WC="0.92" CONTENT="trafikerande,"/><SP WIDTH="16" VPOS="942" HPOS="583"/>
							<String ID="string_195" HPOS="599" VPOS="944" WIDTH="24" HEIGHT="20" WC="0.96" CONTENT="är"/><SP WIDTH="14" VPOS="944" HPOS="623"/>
							<String ID="string_196" HPOS="637" VPOS="942" WIDTH="8" HEIGHT="21" WC="0.96" CONTENT="i"/><SP WIDTH="15" VPOS="942" HPOS="645"/>
							<String ID="string_197" HPOS="660" VPOS="942" WIDTH="37" HEIGHT="22" WC="0.96" CONTENT="det"/><SP WIDTH="14" VPOS="942" HPOS="697"/>
							<String ID="string_198" HPOS="711" VPOS="942" WIDTH="130" HEIGHT="28" WC="0.96" CONTENT="föregående"/>
						</TextLine>
						<TextLine ID="line_24" HPOS="86" VPOS="975" WIDTH="756" HEIGHT="29">
							<String ID="string_199" HPOS="86" VPOS="975" WIDTH="130" HEIGHT="22" WC="0.91" CONTENT="framhållet."/><SP WIDTH="37" VPOS="975" HPOS="216"/>
							<String ID="string_200" HPOS="253" VPOS="976" WIDTH="83" HEIGHT="22" WC="0.84" CONTENT="Endast"/><SP WIDTH="24" VPOS="976" HPOS="336"/>
							<String ID="string_201" HPOS="360" VPOS="983" WIDTH="125" HEIGHT="21" WC="0.96" CONTENT="noggranna"/><SP WIDTH="24" VPOS="983" HPOS="485"/>
							<String ID="string_202" HPOS="509" VPOS="976" WIDTH="150" HEIGHT="27" WC="0.96" CONTENT="beräkningar,"/><SP WIDTH="22" VPOS="976" HPOS="659"/>
							<String ID="string_203" HPOS="681" VPOS="977" WIDTH="110" HEIGHT="27" WC="0.96" CONTENT="grundade"/><SP WIDTH="22" VPOS="977" HPOS="791"/>
							<String ID="string_204" HPOS="813" VPOS="977" WIDTH="29" HEIGHT="27" WC="0.96" CONTENT="på"/>
						</TextLine>
						<TextLine ID="line_25" HPOS="86" VPOS="1010" WIDTH="755" HEIGHT="28">
							<String ID="string_205" HPOS="86" VPOS="1010" WIDTH="34" HEIGHT="21" WC="0.96" CONTENT="för"/><SP WIDTH="14" VPOS="1010" HPOS="120"/>
							<String ID="string_206" HPOS="134" VPOS="1010" WIDTH="84" HEIGHT="22" WC="0.96" CONTENT="handen"/><SP WIDTH="15" VPOS="1010" HPOS="218"/>
							<String ID="string_207" HPOS="233" VPOS="1011" WIDTH="94" HEIGHT="22" WC="0.96" CONTENT="varande"/><SP WIDTH="15" VPOS="1011" HPOS="327"/>
							<String ID="string_208" HPOS="342" VPOS="1011" WIDTH="155" HEIGHT="27" WC="0.96" CONTENT="förhållanden,"/><SP WIDTH="15" VPOS="1011" HPOS="497"/>
							<String ID="string_209" HPOS="512" VPOS="1012" WIDTH="53" HEIGHT="21" WC="0.96" CONTENT="böra"/><SP WIDTH="15" VPOS="1012" HPOS="565"/>
							<String ID="string_210" HPOS="580" VPOS="1011" WIDTH="118" HEIGHT="21" WC="0.96" CONTENT="bestämma"/><SP WIDTH="14" VPOS="1011" HPOS="698"/>
							<String ID="string_211" HPOS="712" VPOS="1012" WIDTH="56" HEIGHT="20" WC="0.93" CONTENT="huru"/><SP WIDTH="10" VPOS="1012" HPOS="768"/>
							<String ID="string_212" HPOS="778" VPOS="1013" WIDTH="63" HEIGHT="25" WC="0.91" CONTENT="grän-"/>
						</TextLine>
						<TextLine ID="line_26" HPOS="86" VPOS="1045" WIDTH="755" HEIGHT="27">
							<String ID="string_213" HPOS="86" VPOS="1050" WIDTH="64" HEIGHT="16" WC="0.95" CONTENT="serna"/><SP WIDTH="13" VPOS="1050" HPOS="150"/>
							<String ID="string_214" HPOS="163" VPOS="1045" WIDTH="76" HEIGHT="21" WC="0.93" CONTENT="härvid"/><SP WIDTH="15" VPOS="1045" HPOS="239"/>
							<String ID="string_215" HPOS="254" VPOS="1045" WIDTH="165" HEIGHT="27" WC="0.92" CONTENT="fördelaktigast"/><SP WIDTH="14" VPOS="1045" HPOS="419"/>
							<String ID="string_216" HPOS="433" VPOS="1046" WIDTH="61" HEIGHT="21" WC="0.96" CONTENT="skola"/><SP WIDTH="14" VPOS="1046" HPOS="494"/>
							<String ID="string_217" HPOS="508" VPOS="1045" WIDTH="84" HEIGHT="22" WC="0.94" CONTENT="fixeras."/><SP WIDTH="29" VPOS="1045" HPOS="592"/>
							<String ID="string_218" HPOS="621" VPOS="1045" WIDTH="172" HEIGHT="22" WC="0.93" CONTENT="Kommissionen"/><SP WIDTH="11" VPOS="1045" HPOS="793"/>
							<String ID="string_219" HPOS="804" VPOS="1052" WIDTH="37" HEIGHT="15" WC="0.90" CONTENT="an-"/>
						</TextLine>
						<TextLine ID="line_27" HPOS="87" VPOS="1079" WIDTH="754" HEIGHT="28">
							<String ID="string_220" HPOS="87" VPOS="1085" WIDTH="41" HEIGHT="21" WC="0.96" CONTENT="ser,"/><SP WIDTH="16" VPOS="1085" HPOS="128"/>
							<String ID="string_221" HPOS="144" VPOS="1079" WIDTH="37" HEIGHT="22" WC="0.96" CONTENT="det"/><SP WIDTH="17" VPOS="1079" HPOS="181"/>
							<String ID="string_222" HPOS="198" VPOS="1086" WIDTH="49" HEIGHT="14" WC="0.96" CONTENT="man"/><SP WIDTH="15" VPOS="1086" HPOS="247"/>
							<String ID="string_223" HPOS="262" VPOS="1080" WIDTH="7" HEIGHT="21" WC="0.96" CONTENT="i"/><SP WIDTH="15" VPOS="1080" HPOS="269"/>
							<String ID="string_224" HPOS="284" VPOS="1080" WIDTH="121" HEIGHT="27" WC="0.96" CONTENT="tvingande,"/><SP WIDTH="19" VPOS="1080" HPOS="405"/>
							<String ID="string_225" HPOS="424" VPOS="1080" WIDTH="131" HEIGHT="22" WC="0.96" CONTENT="motiverade"/><SP WIDTH="19" VPOS="1080" HPOS="555"/>
							<String ID="string_226" HPOS="574" VPOS="1080" WIDTH="39" HEIGHT="22" WC="0.96" CONTENT="fall"/><SP WIDTH="18" VPOS="1080" HPOS="613"/>
							<String ID="string_227" HPOS="631" VPOS="1080" WIDTH="46" HEIGHT="21" WC="0.96" CONTENT="icke"/><SP WIDTH="16" VPOS="1080" HPOS="677"/>
							<String ID="string_228" HPOS="693" VPOS="1080" WIDTH="67" HEIGHT="21" WC="0.96" CONTENT="borde"/><SP WIDTH="15" VPOS="1080" HPOS="760"/>
							<String ID="string_229" HPOS="775" VPOS="1080" WIDTH="66" HEIGHT="22" WC="0.96" CONTENT="tveka"/>
						</TextLine>
						<TextLine ID="line_28" HPOS="86" VPOS="1114" WIDTH="753" HEIGHT="28">
							<String ID="string_230" HPOS="86" VPOS="1115" WIDTH="32" HEIGHT="20" WC="0.96" CONTENT="att"/><SP WIDTH="14" VPOS="1115" HPOS="118"/>
							<String ID="string_231" HPOS="132" VPOS="1114" WIDTH="50" HEIGHT="21" WC="0.93" CONTENT="med"/><SP WIDTH="18" VPOS="1114" HPOS="182"/>
							<String ID="string_232" HPOS="200" VPOS="1114" WIDTH="155" HEIGHT="22" WC="0.91" CONTENT="kurvradierna"/><SP WIDTH="15" VPOS="1114" HPOS="355"/>
							<String ID="string_233" HPOS="370" VPOS="1114" WIDTH="70" HEIGHT="28" WC="0.92" CONTENT="nedgå"/><SP WIDTH="14" VPOS="1114" HPOS="440"/>
							<String ID="string_234" HPOS="454" VPOS="1115" WIDTH="33" HEIGHT="21" WC="0.93" CONTENT="till"/><SP WIDTH="17" VPOS="1115" HPOS="487"/>
							<String ID="string_235" HPOS="504" VPOS="1115" WIDTH="142" HEIGHT="21" WC="0.92" CONTENT="1800—1500"/><SP WIDTH="15" VPOS="1115" HPOS="646"/>
							<String ID="string_236" HPOS="661" VPOS="1114" WIDTH="32" HEIGHT="22" WC="0.92" CONTENT="fot"/><SP WIDTH="14" VPOS="1114" HPOS="693"/>
							<String ID="string_237" HPOS="707" VPOS="1114" WIDTH="14" HEIGHT="21" WC="0.89" CONTENT="å"/><SP WIDTH="14" VPOS="1114" HPOS="721"/>
							<String ID="string_238" HPOS="735" VPOS="1114" WIDTH="27" HEIGHT="22" WC="0.96" CONTENT="fri"/><SP WIDTH="15" VPOS="1114" HPOS="762"/>
							<String ID="string_239" HPOS="777" VPOS="1115" WIDTH="62" HEIGHT="26" WC="0.96" CONTENT="bana,"/>
						</TextLine>
						<TextLine ID="line_29" HPOS="86" VPOS="1148" WIDTH="659" HEIGHT="28">
							<String ID="string_240" HPOS="86" VPOS="1148" WIDTH="40" HEIGHT="21" WC="0.96" CONTENT="och"/><SP WIDTH="14" VPOS="1148" HPOS="126"/>
							<String ID="string_241" HPOS="140" VPOS="1150" WIDTH="32" HEIGHT="19" WC="0.96" CONTENT="att"/><SP WIDTH="14" VPOS="1150" HPOS="172"/>
							<String ID="string_242" HPOS="186" VPOS="1148" WIDTH="35" HEIGHT="21" WC="0.96" CONTENT="för"/><SP WIDTH="13" VPOS="1148" HPOS="221"/>
							<String ID="string_243" HPOS="234" VPOS="1148" WIDTH="88" HEIGHT="22" WC="0.96" CONTENT="kortare"/><SP WIDTH="15" VPOS="1148" HPOS="322"/>
							<String ID="string_244" HPOS="337" VPOS="1148" WIDTH="97" HEIGHT="22" WC="0.96" CONTENT="sträckor"/><SP WIDTH="15" VPOS="1148" HPOS="434"/>
							<String ID="string_245" HPOS="449" VPOS="1150" WIDTH="41" HEIGHT="20" WC="0.96" CONTENT="öka"/><SP WIDTH="14" VPOS="1150" HPOS="490"/>
							<String ID="string_246" HPOS="504" VPOS="1149" WIDTH="122" HEIGHT="27" WC="0.95" CONTENT="stigningen"/><SP WIDTH="14" VPOS="1149" HPOS="626"/>
							<String ID="string_247" HPOS="640" VPOS="1149" WIDTH="34" HEIGHT="21" WC="0.96" CONTENT="till"/><SP WIDTH="17" VPOS="1149" HPOS="674"/>
							<String ID="string_248" HPOS="691" VPOS="1149" WIDTH="54" HEIGHT="21" WC="0.96" CONTENT="1:80."/>
						</TextLine>
					</TextBlock>
					<TextBlock ID="block_5" HPOS="86" VPOS="1182" WIDTH="755" HEIGHT="124">
						<TextLine ID="line_30" HPOS="155" VPOS="1182" WIDTH="685" HEIGHT="28">
							<String ID="string_249" HPOS="155" VPOS="1182" WIDTH="11" HEIGHT="21" WC="0.96" CONTENT="I"/><SP WIDTH="18" VPOS="1182" HPOS="166"/>
							<String ID="string_250" HPOS="184" VPOS="1184" WIDTH="52" HEIGHT="20" WC="0.96" CONTENT="nära"/><SP WIDTH="19" VPOS="1184" HPOS="236"/>
							<String ID="string_251" HPOS="255" VPOS="1182" WIDTH="153" HEIGHT="28" WC="0.96" CONTENT="sammanhang"/><SP WIDTH="17" VPOS="1182" HPOS="408"/>
							<String ID="string_252" HPOS="425" VPOS="1184" WIDTH="49" HEIGHT="20" WC="0.90" CONTENT="med"/><SP WIDTH="18" VPOS="1184" HPOS="474"/>
							<String ID="string_253" HPOS="492" VPOS="1183" WIDTH="251" HEIGHT="27" WC="0.90" CONTENT="terrängförhållandena"/><SP WIDTH="15" VPOS="1183" HPOS="743"/>
							<String ID="string_254" HPOS="758" VPOS="1183" WIDTH="33" HEIGHT="21" WC="0.92" CONTENT="stå"/><SP WIDTH="15" VPOS="1183" HPOS="791"/>
							<String ID="string_255" HPOS="806" VPOS="1183" WIDTH="34" HEIGHT="21" WC="0.92" CONTENT="så-"/>
						</TextLine>
						<TextLine ID="line_31" HPOS="86" VPOS="1217" WIDTH="754" HEIGHT="27">
							<String ID="string_256" HPOS="86" VPOS="1217" WIDTH="86" HEIGHT="21" WC="0.92" CONTENT="kallade"/><SP WIDTH="10" VPOS="1217" HPOS="172"/>
							<String ID="string_257" HPOS="182" VPOS="1217" WIDTH="153" HEIGHT="21" WC="0.92" CONTENT="konstarbeten"/><SP WIDTH="11" VPOS="1217" HPOS="335"/>
							<String ID="string_258" HPOS="346" VPOS="1217" WIDTH="54" HEIGHT="21" WC="0.96" CONTENT="eller"/><SP WIDTH="9" VPOS="1217" HPOS="400"/>
							<String ID="string_259" HPOS="409" VPOS="1217" WIDTH="70" HEIGHT="27" WC="0.96" CONTENT="broar,"/><SP WIDTH="11" VPOS="1217" HPOS="479"/>
							<String ID="string_260" HPOS="490" VPOS="1218" WIDTH="114" HEIGHT="21" WC="0.95" CONTENT="viadukter"/><SP WIDTH="10" VPOS="1218" HPOS="604"/>
							<String ID="string_261" HPOS="614" VPOS="1217" WIDTH="39" HEIGHT="21" WC="0.96" CONTENT="och"/><SP WIDTH="10" VPOS="1217" HPOS="653"/>
							<String ID="string_262" HPOS="663" VPOS="1218" WIDTH="100" HEIGHT="20" WC="0.93" CONTENT="liknande"/><SP WIDTH="10" VPOS="1218" HPOS="763"/>
							<String ID="string_263" HPOS="773" VPOS="1218" WIDTH="67" HEIGHT="26" WC="0.91" CONTENT="bygg-"/>
						</TextLine>
						<TextLine ID="line_32" HPOS="86" VPOS="1251" WIDTH="755" HEIGHT="27">
							<String ID="string_264" HPOS="86" VPOS="1251" WIDTH="73" HEIGHT="27" WC="0.96" CONTENT="nader,"/><SP WIDTH="23" VPOS="1251" HPOS="159"/>
							<String ID="string_265" HPOS="182" VPOS="1251" WIDTH="88" HEIGHT="21" WC="0.95" CONTENT="hvarför"/><SP WIDTH="20" VPOS="1251" HPOS="270"/>
							<String ID="string_266" HPOS="290" VPOS="1251" WIDTH="166" HEIGHT="22" WC="0.96" CONTENT="kommissionen"/><SP WIDTH="21" VPOS="1251" HPOS="456"/>
							<String ID="string_267" HPOS="477" VPOS="1252" WIDTH="40" HEIGHT="21" WC="0.96" CONTENT="här"/><SP WIDTH="19" VPOS="1252" HPOS="517"/>
							<String ID="string_268" HPOS="536" VPOS="1252" WIDTH="79" HEIGHT="21" WC="0.96" CONTENT="önskar"/><SP WIDTH="18" VPOS="1252" HPOS="615"/>
							<String ID="string_269" HPOS="633" VPOS="1258" WIDTH="54" HEIGHT="20" WC="0.96" CONTENT="egna"/><SP WIDTH="18" VPOS="1258" HPOS="687"/>
							<String ID="string_270" HPOS="705" VPOS="1252" WIDTH="48" HEIGHT="21" WC="0.96" CONTENT="dem"/><SP WIDTH="20" VPOS="1252" HPOS="753"/>
							<String ID="string_271" HPOS="773" VPOS="1251" WIDTH="68" HEIGHT="27" WC="0.94" CONTENT="några"/>
						</TextLine>
						<TextLine ID="line_33" HPOS="86" VPOS="1285" WIDTH="149" HEIGHT="21">
							<String ID="string_272" HPOS="86" VPOS="1285" WIDTH="149" HEIGHT="21" WC="0.95" CONTENT="betraktelser."/>
						</TextLine>
					</TextBlock>
					<TextBlock ID="block_6" HPOS="85" VPOS="1319" WIDTH="754" HEIGHT="130">
						<TextLine ID="line_34" HPOS="154" VPOS="1319" WIDTH="685" HEIGHT="23">
							<String ID="string_273" HPOS="154" VPOS="1319" WIDTH="43" HEIGHT="22" WC="0.96" CONTENT="Vid"/><SP WIDTH="15" VPOS="1319" HPOS="197"/>
							<String ID="string_274" HPOS="212" VPOS="1320" WIDTH="26" HEIGHT="21" WC="0.96" CONTENT="de"/><SP WIDTH="15" VPOS="1320" HPOS="238"/>
							<String ID="string_275" HPOS="253" VPOS="1320" WIDTH="61" HEIGHT="21" WC="0.95" CONTENT="äldre"/><SP WIDTH="14" VPOS="1320" HPOS="314"/>
							<String ID="string_276" HPOS="328" VPOS="1320" WIDTH="95" HEIGHT="21" WC="0.96" CONTENT="banorna"/><SP WIDTH="14" VPOS="1320" HPOS="423"/>
							<String ID="string_277" HPOS="437" VPOS="1320" WIDTH="8" HEIGHT="21" WC="0.96" CONTENT="i"/><SP WIDTH="14" VPOS="1320" HPOS="445"/>
							<String ID="string_278" HPOS="459" VPOS="1320" WIDTH="48" HEIGHT="22" WC="0.96" CONTENT="vårt"/><SP WIDTH="14" VPOS="1320" HPOS="507"/>
							<String ID="string_279" HPOS="521" VPOS="1320" WIDTH="51" HEIGHT="22" WC="0.96" CONTENT="land"/><SP WIDTH="14" VPOS="1320" HPOS="572"/>
							<String ID="string_280" HPOS="586" VPOS="1320" WIDTH="29" HEIGHT="22" WC="0.96" CONTENT="ha"/><SP WIDTH="8" VPOS="1320" HPOS="615"/>
							<String ID="string_281" HPOS="623" VPOS="1320" WIDTH="93" HEIGHT="21" WC="0.96" CONTENT="broarna"/><SP WIDTH="9" VPOS="1320" HPOS="716"/>
							<String ID="string_282" HPOS="725" VPOS="1321" WIDTH="56" HEIGHT="20" WC="0.93" CONTENT="mest"/><SP WIDTH="9" VPOS="1321" HPOS="781"/>
							<String ID="string_283" HPOS="790" VPOS="1319" WIDTH="49" HEIGHT="22" WC="0.92" CONTENT="blif-"/>
						</TextLine>
						<TextLine ID="line_35" HPOS="86" VPOS="1353" WIDTH="753" HEIGHT="27">
							<String ID="string_284" HPOS="86" VPOS="1354" WIDTH="31" HEIGHT="21" WC="0.96" CONTENT="vit"/><SP WIDTH="13" VPOS="1354" HPOS="117"/>
							<String ID="string_285" HPOS="130" VPOS="1353" WIDTH="88" HEIGHT="21" WC="0.96" CONTENT="utförda"/><SP WIDTH="14" VPOS="1353" HPOS="218"/>
							<String ID="string_286" HPOS="232" VPOS="1354" WIDTH="50" HEIGHT="20" WC="0.93" CONTENT="med"/><SP WIDTH="14" VPOS="1354" HPOS="282"/>
							<String ID="string_287" HPOS="296" VPOS="1353" WIDTH="159" HEIGHT="26" WC="0.91" CONTENT="öfverbyggnad"/><SP WIDTH="15" VPOS="1353" HPOS="455"/>
							<String ID="string_288" HPOS="470" VPOS="1354" WIDTH="24" HEIGHT="20" WC="0.96" CONTENT="af"/><SP WIDTH="12" VPOS="1354" HPOS="494"/>
							<String ID="string_289" HPOS="506" VPOS="1356" WIDTH="44" HEIGHT="24" WC="0.96" CONTENT="trä;"/><SP WIDTH="15" VPOS="1356" HPOS="550"/>
							<String ID="string_290" HPOS="565" VPOS="1354" WIDTH="76" HEIGHT="21" WC="0.96" CONTENT="endast"/><SP WIDTH="16" VPOS="1354" HPOS="641"/>
							<String ID="string_291" HPOS="657" VPOS="1355" WIDTH="69" HEIGHT="19" WC="0.96" CONTENT="större"/><SP WIDTH="15" VPOS="1355" HPOS="726"/>
							<String ID="string_292" HPOS="741" VPOS="1353" WIDTH="39" HEIGHT="21" WC="0.93" CONTENT="och"/><SP WIDTH="14" VPOS="1353" HPOS="780"/>
							<String ID="string_293" HPOS="794" VPOS="1353" WIDTH="45" HEIGHT="27" WC="0.92" CONTENT="vig-"/>
						</TextLine>
						<TextLine ID="line_36" HPOS="86" VPOS="1382" WIDTH="753" HEIGHT="32">
							<String ID="string_294" HPOS="86" VPOS="1388" WIDTH="69" HEIGHT="26" WC="0.93" CONTENT="tigare"/><SP WIDTH="14" VPOS="1388" HPOS="155"/>
							<String ID="string_295" HPOS="169" VPOS="1386" WIDTH="29" HEIGHT="22" WC="0.96" CONTENT="ha"/><SP WIDTH="14" VPOS="1386" HPOS="198"/>
							<String ID="string_296" HPOS="212" VPOS="1386" WIDTH="87" HEIGHT="22" WC="0.93" CONTENT="erhållit"/><SP WIDTH="11" VPOS="1386" HPOS="299"/>
							<String ID="string_297" HPOS="310" VPOS="1387" WIDTH="50" HEIGHT="27" WC="0.92" CONTENT="jern"/><SP WIDTH="8" VPOS="1387" HPOS="360"/>
							<String ID="string_298" HPOS="368" VPOS="1386" WIDTH="165" HEIGHT="28" WC="0.92" CONTENT="öfverbyggnad."/><SP WIDTH="15" VPOS="1386" HPOS="533"/>
							<String ID="string_299" HPOS="548" VPOS="1382" WIDTH="291" HEIGHT="26" WC="0.79" CONTENT="Åbo—Tammerfors—Ta-"/>
						</TextLine>
						<TextLine ID="line_37" HPOS="85" VPOS="1420" WIDTH="754" HEIGHT="29">
							<String ID="string_300" HPOS="85" VPOS="1422" WIDTH="102" HEIGHT="22" WC="0.91" CONTENT="vastehus"/><SP WIDTH="17" VPOS="1422" HPOS="187"/>
							<String ID="string_301" HPOS="204" VPOS="1421" WIDTH="70" HEIGHT="21" WC="0.96" CONTENT="banan"/><SP WIDTH="18" VPOS="1421" HPOS="274"/>
							<String ID="string_302" HPOS="292" VPOS="1423" WIDTH="25" HEIGHT="19" WC="0.96" CONTENT="är"/><SP WIDTH="15" VPOS="1423" HPOS="317"/>
							<String ID="string_303" HPOS="332" VPOS="1421" WIDTH="41" HEIGHT="22" WC="0.96" CONTENT="den"/><SP WIDTH="15" VPOS="1421" HPOS="373"/>
							<String ID="string_304" HPOS="388" VPOS="1420" WIDTH="74" HEIGHT="27" WC="0.96" CONTENT="första,"/><SP WIDTH="15" VPOS="1420" HPOS="462"/>
							<String ID="string_305" HPOS="477" VPOS="1422" WIDTH="39" HEIGHT="21" WC="0.96" CONTENT="der"/><SP WIDTH="16" VPOS="1422" HPOS="516"/>
							<String ID="string_306" HPOS="532" VPOS="1422" WIDTH="44" HEIGHT="21" WC="0.93" CONTENT="alla"/><SP WIDTH="13" VPOS="1422" HPOS="576"/>
							<String ID="string_307" HPOS="589" VPOS="1422" WIDTH="75" HEIGHT="22" WC="0.92" CONTENT="broars"/><SP WIDTH="16" VPOS="1422" HPOS="664"/>
							<String ID="string_308" HPOS="680" VPOS="1422" WIDTH="159" HEIGHT="27" WC="0.91" CONTENT="öfverbyggnad"/>
						</TextLine>
					</TextBlock>
					<TextBlock ID="block_7" HPOS="157" VPOS="1461" WIDTH="372" HEIGHT="22">
						<TextLine ID="line_38" HPOS="157" VPOS="1461" WIDTH="372" HEIGHT="22">
							<String ID="string_309" HPOS="157" VPOS="1457" WIDTH="90" HEIGHT="31" WC="0.27" CONTENT="Jernvägs-"/><SP WIDTH="4" VPOS="1457" HPOS="247"/>
							<String ID="string_310" HPOS="251" VPOS="1457" WIDTH="92" HEIGHT="31" WC="0.27" CONTENT="Utskottets"/><SP WIDTH="6" VPOS="1457" HPOS="343"/>
							<String ID="string_311" HPOS="349" VPOS="1461" WIDTH="103" HEIGHT="17" WC="0.96" CONTENT="betänkande"/><SP WIDTH="12" VPOS="1461" HPOS="452"/>
							<String ID="string_312" HPOS="464" VPOS="1462" WIDTH="35" HEIGHT="17" WC="0.96" CONTENT="N:o"/><SP WIDTH="12" VPOS="1462" HPOS="499"/>
							<String ID="string_313" HPOS="511" VPOS="1462" WIDTH="18" HEIGHT="17" WC="0.96" CONTENT="3."/>
						</TextLine>
					</TextBlock>
				</ComposedBlock>
			</PrintSpace>
		</Page>
	</Layout>
</alto>
