1045 1709
300 138 27 19 U.
342 138 30 18 B.
388 148 25 4 —
430 139 81 22 Prop.
527 139 43 18 N:o
584 139 35 18 25.
776 136 26 20 45

88 199 12 27 $
115 199 28 21 22
158 198 45 22 står
218 199 8 20 i
240 198 56 22 strid
311 199 49 21 med
375 198 27 21 de
417 198 58 22 förut
489 198 123 21 fastställda
627 198 123 26 grunderna
757 196 34 22 för
798 199 32 19 ta-

89 232 77 27 xering
187 232 35 21 till
243 232 137 22 kommunala
398 232 119 27 utskylder,
532 232 70 21 denna
617 232 11 26 &
643 232 54 21 böra
711 231 52 27 utgå
778 230 53 22 eller

90 272 35 15 om
139 266 67 26 något
227 266 120 27 stadgande
368 267 41 20 bör
430 266 8 20 i
456 266 119 21 statistiskt
597 265 101 21 afseende
721 265 32 20 uti
768 264 62 26 lagen

89 299 82 22 införas
186 305 35 15 om
236 301 33 19 att
284 300 47 25 den,
347 305 45 15 som
407 300 84 25 upphör
505 299 49 21 med
576 298 127 21 utöfvandet
717 298 23 21 af
754 298 77 21 sådant

89 333 143 28 näringsyrke
254 340 45 15 som
322 333 31 22 uti
368 333 11 28 $
395 334 14 20 2
424 333 141 26 omförmäles,
580 333 56 21 skall
651 333 74 20 derom
741 332 89 26 anmäla,

89 367 44 21 vite
156 367 34 21 för
212 367 137 27 fullgörande
368 367 65 21 häraf
446 368 53 21 böra
513 367 7 20 i
535 367 64 27 lagen
614 366 125 21 fastställas.
769 366 10 21 I
795 371 35 15 en-

89 401 69 26 lighet
172 401 90 22 härmed
276 402 34 21 får
322 401 38 28 jag
381 401 46 22 lika
444 402 110 21 vördsamt
574 401 80 22 föreslå
669 401 32 21 att
716 401 11 26 $
743 401 27 20 22
784 399 45 22 helt

88 435 41 22 och
144 435 68 22 hållet
226 436 131 21 bortlemnas
379 435 54 22 eller
447 436 23 21 åt
484 436 42 21 den
541 435 68 27 gifves
626 434 96 27 följande
739 434 92 27 lydelse:

224 469 47 21 Den
292 477 42 13 som
356 469 86 29 upphör
463 469 47 22 med
531 468 112 29 utöfvande
665 469 27 27 af
704 468 75 21 sådant
794 469 37 19 nä-

157 503 115 29 ringsyrke,
295 511 42 13 som
359 505 32 19 uti
413 504 14 27 $
444 503 15 20 2
474 503 137 28 omförmäles,
625 502 61 25 skall,
701 502 36 21 vid
752 503 40 20 vite
807 501 27 28 af

157 539 62 27 tjugu
232 537 67 26 mark,
315 538 57 20 inom
386 541 28 17 ett
429 538 25 20 är
469 537 89 29 derefter
574 537 71 21 härom
656 536 85 21 anmäla
749 536 35 21 hos
793 537 38 20 den

156 573 10 19 i
179 571 67 28 sagda
262 573 13 26 $
290 572 128 21 omnämnda
432 571 126 29 myndighet.

496 631 123 21 Fredrik
633 629 131 27 Procopé.

157 687 11 20 I
185 687 57 21 Herr
262 687 107 27 Procopés
389 687 153 28 ofvanintagna
560 687 133 22 reservation
709 687 74 21 förena
798 687 33 26 sig

157 745 32 20 A.
207 745 138 27 Svedberg.
485 746 31 21 G.
535 745 94 22 Viktor
644 745 121 21 Eklund.

158 818 71 22 Sedan
245 825 26 14 en
286 818 109 27 bedröflig
411 819 121 21 erfarenhet
542 821 88 19 numera
638 818 63 22 äfven
709 819 8 20 i
725 819 48 21 vårt
780 818 53 21 land

90 852 124 27 öfvertygat
229 859 26 15 en
269 852 54 21 hvar
338 852 80 27 derom,
434 854 32 20 att
481 853 27 26 öl,
519 853 92 21 förtärdt
629 852 137 27 iöfvermätt,
784 852 48 21 icke

90 887 58 21 blott
168 889 25 19 är
214 886 35 22 för
268 886 98 22 tillfället
380 887 146 27 rusgifvande,
541 889 52 20 utan
608 887 41 21 ock
663 887 7 21 i
685 887 92 26 längden
793 887 39 21 har

89 920 126 27 liderlighet
229 921 35 21 till
278 920 61 27 följd,
354 921 63 21 torde
432 921 36 21 det
483 921 34 21 stå
531 923 60 20 utom
606 921 40 21 allt
659 921 83 26 tvifvel,
750 922 33 20 att
791 920 42 21 för-

89 954 123 27 säljningen
228 955 23 20 af
264 955 71 21 denna
349 955 69 27 dryck
432 955 48 22 icke
489 955 75 27 längre
575 955 39 21 bör
623 954 102 22 förblifva
733 955 99 21 fullkom-

91 989 41 26 ligt
147 989 35 20 fri.
213 989 111 21 Utskottet
347 989 39 21 har
401 989 83 22 således
499 990 49 21 med
563 989 39 22 allt
616 989 48 21 skäl
679 989 112 27 föreslagit
806 995 27 15 en

89 1023 95 26 ändring
198 1022 23 21 af
234 1023 12 27 $
261 1023 28 21 21
303 1023 13 20 i
326 1023 57 27 syfte
397 1025 34 19 att
445 1025 53 25 göra
512 1023 128 28 försäljning
658 1023 23 22 af
695 1023 20 21 öl
731 1023 39 22 och
785 1029 48 20 por-

90 1059 35 20 ter
139 1057 107 21 beroende
261 1057 23 21 af
303 1057 141 21 kommunens
466 1058 116 27 samtycke.
611 1057 50 21 Men
684 1057 27 21 dä
726 1057 108 22 utskottet

89 1091 79 22 härvid
182 1091 67 22 afsett
263 1091 92 22 allenast
370 1091 94 22 "annans
480 1091 150 27 tillverkning"
640 1091 40 22 och
688 1091 146 27 uttryckligen

89 1125 75 26 tillagt
185 1131 27 15 en
234 1125 53 21 hvar
301 1126 44 20 rätt
359 1127 39 24 att,
411 1125 80 27 jemväl
507 1127 51 19 utan
573 1126 140 21 kommunens
728 1125 105 26 tillstånd,

90 1155 130 31 föryttra
198 1151 26 40 öl
234 1159 40 21 och
288 1161 75 25 porter
378 1159 23 22 af
415 1165 53 21 egen
482 1160 76 27 brygd,
574 1160 39 21 har
628 1159 130 28 stadgandet
764 1159 70 22 erhäl-

91 1193 28 21 lit
132 1193 54 22 sken
208 1193 24 22 af
252 1195 38 24 att,
315 1193 34 21 till
371 1193 85 22 förmon
469 1194 34 21 för
517 1193 152 28 hembrygden,
685 1199 52 16 vara
750 1193 84 27 rigtadt

90 1228 59 21 emot
163 1226 259 28 fabrikstillverkningen.
450 1227 43 22 För
515 1229 32 20 ett
561 1228 78 21 sådant
653 1227 180 27 privilegierande

89 1261 26 21 af
128 1261 37 21 det
179 1260 149 28 hembryggda
342 1261 44 21 ölet
401 1261 67 22 finnes
484 1261 61 27 dock,
561 1262 68 27 enligt
643 1261 44 21 min
694 1261 92 27 mening,
795 1261 38 21 all-

91 1295 60 23 deles
164 1295 66 26 ingen
246 1295 76 26 grund.
351 1290 32 26 'Är
397 1295 45 22 ölet
455 1296 139 27 rusgifvande
609 1295 40 22 och
659 1295 124 27 derigenom
791 1295 43 21 för-

91 1329 177 26 derfbringande,
289 1329 43 21 kan
357 1329 49 21 dess
430 1335 109 21 ursprung
564 1329 139 26 naturligtvis
724 1329 48 21 icke
786 1329 48 20 häri

91 1361 149 23 åstadkomma
254 1361 72 28 någon
341 1361 115 27 åtskilnad,
472 1363 40 21 och
527 1363 50 21 dess
592 1362 141 27 tillverkning
743 1362 39 21 och
790 1362 43 21 för-

91 1395 95 28 säljning
208 1396 40 21 bör
270 1396 24 21 så
314 1395 86 29 mycket
421 1396 83 22 mindre
519 1403 26 15 ur
560 1396 209 27 sjelfförsöjningens
784 1402 48 21 syn-

84 1430 77 27 -pankt
183 1429 105 28 frigifvas,
303 1436 46 17 som
365 1436 26 16 en
406 1430 182 28 sjelfförsörjning
603 1436 76 22 genom
693 1430 140 27 tillverkning

83 1464 50 22 -och
152 1464 130 28 försäljning
305 1464 24 22 af
349 1464 139 28 rusgifvande
508 1464 96 29 drycker,
620 1464 23 22 af
656 1464 57 22 hvad
727 1470 64 16 namn
807 1464 26 22 de

155 1510 131 18 "Sammansatta
299 1511 36 23 Lög
348 1510 30 19 och
390 1510 84 18 Ekonomi
486 1512 90 17 utskottets
588 1511 105 17 betänkande
706 1510 31 18 N:o
749 1510 17 17 3.
