1020 1711
404 138 54 22 N:o
475 138 48 23 21.
790 139 13 20 5

435 208 11 20 5
464 206 18 27 &.

154 246 67 21 Lefva
236 246 18 26 ej
271 246 35 26 de;
322 246 28 21 då
365 246 61 21 ärfva
441 246 40 20 den
496 246 65 21 dödes
577 245 117 21 föräldrars
711 245 84 27 syskon.

435 313 11 20 6
456 313 25 27 8.

156 347 44 26 Äro
217 353 18 26 ej
252 353 26 20 de
293 353 43 25 till;
353 352 27 21 då
390 352 60 21 ärfva
461 353 40 20 den
513 352 66 21 dödes
589 351 95 22 förfäder
694 353 7 20 i
712 352 69 26 tredje
791 351 41 22 led.

438 420 45 27 78.

156 459 66 22 Lefva
238 459 18 27 ej
273 460 35 25 de;
325 459 27 21 dä
367 459 61 21 ärfva
442 459 72 21 faders
527 459 39 21 och
576 459 84 21 moders
672 459 90 26 syskons
772 459 69 21 barn.
832 455 12 35 -

435 528 12 19 8
466 527 17 27 8.

157 561 44 26 Äro
218 567 17 25 ej
252 567 26 20 de
293 566 42 25 till;
352 566 27 20 då
396 567 60 20 ärfva
472 567 32 25 de,
520 572 45 15 som
581 568 37 19 äro
634 566 79 26 syskon
729 566 48 21 med
792 566 43 20 för-

84 600 62 21 fäder
161 601 7 20 i
184 600 66 21 andra
265 600 41 21 led.

436 641 46 27 98.

156 676 44 25 Äro
217 680 18 26 ej
252 680 26 21 de
293 680 41 25 till;
351 680 28 20 dä
394 680 59 21 ärfva
464 681 40 21 den
515 680 66 22 dödes
591 680 95 21 förfäder
696 680 6 21 i
714 680 67 27 fjerde
791 680 52 22 led.
841 672 7 39 -

430 744 25 19 10
471 742 18 27 8.

154 782 79 21 Finnes
249 782 18 26 ej
284 782 95 27 arfvinge
394 782 7 21 i
416 782 71 27 nägon
502 782 23 21 af
539 783 26 20 de
579 782 65 26 leder,
662 788 45 15 som
722 788 29 15 nu
767 783 66 26 sagde

84 819 48 24 äro;
156 818 49 25 tage
228 817 40 20 den
287 817 74 26 arfvet,
381 823 45 14 som
442 817 66 20 sedan
523 819 24 18 är
562 817 7 20 i
584 817 109 20 närmaste
708 816 41 27 led,
765 817 69 21 ehvad

83 851 44 21 han
143 853 24 18 är
182 850 140 26 bakarfvinge
338 851 51 20 eller
406 851 149 26 sidoarfvinge.

156 880 44 24 Äro
216 884 140 26 bakarfvinge
372 884 38 21 och
426 885 144 26 sidoarfvinge
585 885 7 20 i
607 884 45 21 lika
666 884 44 26 led;
727 884 68 27 gänge
807 884 29 21 si-

86 919 124 26 doarfvinge
225 918 33 21 till
274 919 38 21 och
328 918 139 27 bakarfvinge
483 919 61 21 ifrän.

431 988 23 19 11
472 988 17 26 8.

157 1021 44 26 Äro
218 1026 156 26 sidoarfvingar
389 1027 7 20 i
411 1026 44 22 lika
469 1027 41 26 led,
526 1033 48 15 men
590 1026 58 22 olika
664 1032 62 20 gren;
742 1029 49 24 tage
807 1027 28 21 dä

85 1060 42 21 den
143 1060 76 27 arfvet,
240 1067 45 15 som
304 1062 24 19 är
346 1060 23 21 af
384 1062 99 20 närmare
501 1061 116 21 stamfader
636 1061 52 21 eller
704 1061 130 21 stammoder

84 1094 49 22 med
155 1094 41 21 den
218 1095 64 26 döde;
304 1096 38 20 äro
361 1094 25 22 de
406 1094 53 22 både
474 1096 34 20 till
523 1101 52 21 gren
590 1095 40 21 och
645 1094 35 22 led
692 1095 141 27 jemnskylde,

85 1134 66 15 varen
166 1128 28 21 dä
209 1129 112 20 samarfva.

431 1187 24 20 12
472 1187 18 26 8.

156 1222 44 26 Äro
222 1226 152 26 bakarfvingar
389 1226 12 21 &
416 1226 96 21 fäderne-
535 1226 39 21 och
596 1226 164 21 mödernesidan
780 1231 55 15 sam-

86 1261 68 26 arfva;
170 1263 50 24 tage
235 1260 106 21 hvardera
357 1259 61 22 sidan
434 1260 70 21 halfva
520 1260 74 25 arfvet,
611 1260 56 20 ändä
678 1261 32 19 att
720 1260 13 20 ä
744 1259 41 21 den
796 1265 39 15 ena

86 1295 61 20 sidan
169 1293 53 22 flera
244 1293 108 26 arfvingar
370 1293 67 21 finnas
458 1296 27 18 än
501 1294 12 21 &
528 1294 41 21 den
584 1294 75 21 andra:
676 1295 36 20 äro
729 1293 12 20 &
757 1293 78 21 endera

85 1328 62 21 sidan
170 1328 42 21 alla
235 1328 64 24 döde;
315 1327 51 21 falle
381 1327 146 21 alltsammans
544 1327 138 25 arfvingarna
697 1327 12 20 å
725 1327 67 20 andra
807 1327 28 20 si-

86 1361 41 21 dan
143 1361 39 21 till.
539 1385 6 5 N

157 1390 44 25 Äro
224 1393 157 27 sidoarfvingar
396 1394 13 20 &
424 1393 99 21 fäderne-
541 1394 39 21 och
599 1393 163 21 mödernesidan
781 1399 55 16 sam-

86 1429 60 21 ariva
161 1429 51 21 eller
228 1428 67 21 finnes
310 1427 13 22 &
338 1427 79 22 endera
434 1427 59 22 sidan
509 1427 19 28 ej
544 1428 70 26 någon
629 1427 43 26 till;
683 1433 50 15 vare
744 1427 35 27 lag
790 1433 46 15 som

87 1470 34 15 om
136 1463 153 27 bakarfvingar
304 1463 62 26 sagdt
382 1464 29 19 är.
437 1457 30 26 Är
482 1461 97 28 arfvinge
593 1461 55 22 både
664 1461 12 22 å
691 1461 88 22 fäderne
794 1462 39 21 och
