1053 1709
243 136 13 21 8
429 137 26 19 U.
473 137 27 17 B.
517 146 25 4 —
558 137 82 22 Prop.
656 136 47 17 N:o
718 136 36 17 24.

214 202 162 22 bestämmelser
390 203 8 20 i
412 204 71 20 ämnet
498 204 27 18 än
540 202 83 21 mindre
638 201 31 21 uti
684 200 70 27 nägon
772 199 157 22 klassifikation
938 198 23 22 af

215 236 67 22 redan
292 236 112 27 befintliga
418 236 65 21 broar
497 236 8 20 i
517 236 79 26 landet,
608 234 94 22 önskade
718 234 26 21 de
757 234 65 21 hafva
832 234 32 20 till
876 232 82 27 Styrel-

217 276 38 15 sen
270 269 156 22 öfverlemnadt
441 271 32 19 att
488 269 8 21 i
510 268 174 22 förekommande
699 268 45 26 fall,
760 268 52 20 eller
825 267 27 21 dä
863 266 96 22 ansökan

216 310 35 15 om
268 304 68 21 sådan
354 304 83 21 förmon
455 303 93 27 gjordes,
570 303 118 21 bestämma
703 302 47 20 icke
765 301 59 21 blott
838 301 34 21 för
886 299 74 22 hvilka

215 338 71 26 broar,
305 339 52 20 utan
373 337 39 21 ock
427 337 33 21 till
476 337 83 21 hvilket
573 337 77 27 belopp
667 336 38 22 och
722 336 22 20 af
758 335 73 21 hvilka
845 334 112 27 vägfaran-

217 372 26 22 de
265 372 104 26 broafgift
390 371 57 27 finge
469 371 115 27 uppbäras.
601 383 24 3 —
642 370 115 26 Förslaget
780 375 33 15 om
836 369 92 26 ändring
950 368 8 20 i

215 406 57 22 hvad
290 406 100 26 gällande
405 405 155 27 författningar
575 405 76 26 stadga
662 410 33 15 om
707 403 123 22 inrättande
840 402 23 22 af
873 401 87 28 ploglag

215 440 34 21 för
270 440 169 26 landsvägarnes
462 439 113 21 underhäll
597 438 104 21 vintertid
716 437 111 21 biträddes
842 436 47 22 åter
903 436 55 25 icke,

216 473 90 23 emedan
330 479 26 15 en
380 473 67 21 sådan
470 473 76 27 åtgärd
569 472 69 22 skulle
656 472 80 22 bereda
753 471 76 21 fåtalet
843 476 33 20 en,
893 470 68 26 enligt

216 507 138 22 Ständernas
380 507 139 21 förmenande
545 506 103 27 obehörig
671 505 105 27 öfvervigt
792 504 59 22 öfver
866 504 95 20 flertalet

215 542 40 21 och
277 540 92 28 mången
392 540 56 27 gång
470 541 74 21 kunna
566 540 49 21 leda
633 540 81 26 dertill,
733 541 32 20 att
780 546 26 15 en
822 538 52 22 eller
889 544 70 15 annan

216 575 107 27 delegare,
342 575 7 20 i
366 574 65 21 hvars
449 574 100 22 enskilda
567 574 93 21 intresse
680 574 36 21 det
736 579 50 16 vore
803 574 32 20 att
849 572 111 27 ploglaget

215 609 83 21 komme
314 608 33 22 till
364 608 69 26 stånd,
449 608 73 21 kunde
536 608 75 26 tvinga
627 608 27 20 de
669 608 68 26 öfrige
754 607 78 21 dertill.

283 642 106 26 Slutligen
404 642 97 21 uttalade
517 641 126 27 Ständerna,
658 641 28 27 på
694 643 44 19 sätt
748 640 107 22 utskottet
862 639 97 27 jemväl
951 635 12 38 i

214 675 39 22 sitt
268 675 137 22 betänkande
415 676 7 20 i
432 676 116 26 anledning
558 675 23 21 af
589 675 79 27 nådiga
677 675 161 27 propositionen
849 673 110 27 angående

216 709 106 21 ordnadet
344 708 23 22 af
384 709 195 27 skjutshållningen
599 708 39 22 och
653 708 181 27 gätsgifverierna
848 708 7 21 i
871 708 89 21 korthet

216 743 84 26 antydt,
315 744 32 20 att
362 742 217 28 öfverläggningarna
594 742 7 22 i
616 743 89 20 ärendet
720 743 39 21 hos
768 742 121 22 Ständerna
900 742 59 20 stad-

216 778 36 25 gat
271 777 41 21 den
328 776 165 28 öfvertygelsen,
509 779 30 19 att
556 778 31 20 ett
603 776 139 27 fullständigt
756 776 40 22 och
811 776 85 26 slutligt
911 776 48 21 ord-

215 810 71 22 nande
300 811 24 21 af
337 810 96 22 nämnda
448 811 39 21 och
502 810 173 28 ifrågavarande
685 811 83 26 vigtiga
779 810 180 27 angelägenheter

217 844 49 22 icke
280 844 72 22 kunde
367 845 7 21 i
390 844 77 22 sakens
483 844 28 22 då
525 844 94 22 varande
635 844 61 22 skick
712 844 183 27 tillvägabringas,
911 849 48 15 men

215 880 33 20 att
270 879 102 21 behofvet
394 878 63 22 deraf
477 879 116 27 qvarstode
615 878 40 22 och
674 878 68 22 måste
758 879 85 21 alltmer
859 879 52 26 göra
926 878 33 25 sig

215 912 108 27 gällande,
336 912 25 27 ju
376 913 131 21 allmännare
523 912 157 28 öfvertygelsen
697 912 69 22 blefve
778 919 33 15 om
823 913 36 21 det
870 911 89 27 obilliga

216 946 52 26 deri,
285 948 32 20 att
332 946 146 21 kostnaderna
493 946 33 22 för
541 946 195 28 hållskjutsningen
753 948 55 20 samt
817 946 142 26 landsvägars

216 980 39 21 och
283 980 75 21 broars
382 980 114 21 underhåll
519 981 110 21 drabbade
651 980 77 22 endast
750 981 58 21 vissa
830 981 84 21 klasser
938 979 23 21 af

216 1013 151 27 medborgare,
389 1013 100 22 hvarföre
512 1014 37 22 det
571 1016 73 25 syntes
664 1014 123 22 Ständerna
807 1021 52 15 vara
877 1014 24 22 af
914 1015 45 19 stor

216 1048 45 26 vigt
276 1048 39 20 och
330 1048 68 26 nytta,
414 1047 63 21 äfven
491 1048 7 20 i
513 1047 38 22 fall
567 1048 110 26 principen
694 1054 34 14 om
743 1049 82 20 statens
836 1048 124 27 skyldighet

216 1083 38 25 att,
270 1082 49 20 med
335 1081 52 21 eller
403 1083 51 19 utan
470 1081 103 27 lämpliga
587 1082 77 26 bidrag
680 1081 23 21 af
717 1082 26 20 de
759 1082 136 26 vägfarande,
907 1088 52 20 upp-

215 1115 103 21 rätthålla
328 1115 141 21 merberörda
479 1115 273 26 kommunikationsmedel,
764 1115 47 22 icke
820 1116 71 21 kunde
900 1122 59 15 snar-

214 1149 59 26 ligen
291 1148 142 27 genomföras,
453 1151 32 19 att
499 1148 77 28 åtgärd
591 1149 101 27 vidtoges
707 1149 34 21 till
757 1150 124 21 erhållande
897 1149 22 21 af
933 1156 26 14 en

215 1183 7 21 i
245 1182 121 28 möjligaste
388 1182 67 22 måtto
478 1182 127 27 tillförlitlig
628 1184 116 26 utredning
766 1183 19 27 ej
808 1184 57 21 blott
883 1190 34 14 om
933 1184 26 20 de

215 1216 119 22 kostnader
348 1216 34 21 för
397 1216 167 27 vederbörande,
580 1217 101 21 hvarmed
696 1218 165 26 ifrågavarande
871 1218 88 21 besvärs

215 1250 122 26 utgörande.
360 1252 36 18 äro
413 1251 108 25 förenade,
537 1252 52 19 utan
604 1251 41 20 ock
660 1258 34 13 om
710 1252 26 20 de
751 1251 96 26 utgifter,
863 1257 45 15 som
924 1252 34 20 de-

215 1289 91 15 sammas
330 1282 154 28 öfvertagande
506 1284 24 21 af
551 1285 71 19 staten
645 1284 110 22 sannolikt
770 1284 70 21 skulle
854 1284 104 21 medföra.

215 1315 121 23 Ständerna
351 1316 86 22 anhöllo
453 1317 85 21 derföre
553 1318 33 20 att
600 1317 27 20 H.
643 1318 26 20 K.
685 1318 39 20 M:t
740 1318 50 21 ville
804 1318 8 20 i
827 1318 67 21 nåder
902 1324 56 20 upp-

214 1350 68 26 draga
304 1350 23 22 åt
344 1350 135 28 sakkunnige
500 1352 56 26 män,
572 1352 33 20 att
620 1351 126 22 införskaffa
761 1352 67 27 sagda
841 1351 117 27 utredning

211 1384 69 26 jemte
295 1384 70 28 öfriga
380 1384 12 22 å
407 1384 66 22 saken
487 1385 132 21 inverkande
634 1386 156 26 upplysningar
800 1388 55 20 samt
866 1387 33 20 att
909 1386 49 21 der-

215 1418 55 22 efter
288 1418 34 22 till
340 1418 26 22 H.
385 1418 27 22 K.
429 1418 39 22 M:t
483 1418 92 23 aflemna
589 1419 19 27 ej
624 1419 82 22 mindre
723 1420 41 22 den
781 1420 92 22 sålunda
887 1426 72 16 vunna

214 1452 144 28 utredningen
373 1454 28 20 än
416 1452 51 22 derå
482 1454 109 26 grundadt
605 1453 139 29 fullständigt
758 1454 82 28 förslag
855 1455 102 27 antingen

282 1498 124 18 Sammansatta
418 1498 44 23 Lag-
475 1499 29 17 och
516 1498 175 19 Ekonomiulskottets
704 1500 104 18 betänkande
820 1500 35 18 N:o
867 1500 18 18 9.
