1056 1709
239 146 26 20 12
550 150 29 18 so
596 144 53 22 24.

208 214 41 24 väg
265 212 22 20 af
304 218 69 15 annan
393 212 67 21 bredd
475 212 67 20 redan
557 212 75 26 finnes,
648 212 34 20 mä
698 212 74 20 dervid
786 212 101 21 förblifva
902 212 55 20 intill

209 246 49 21 dess
274 246 73 21 derom
362 246 133 20 annorlunda
509 245 120 21 förordnas.

279 274 18 27 Ä
317 280 139 21 Guvernören
477 280 123 21 ankommer
618 281 38 25 att,
673 279 54 22 efter
746 280 100 27 pröfning
865 278 23 22 af
902 285 55 16 sam-

207 314 106 21 färdselns
332 313 91 27 liflighet
445 314 39 21 och
503 315 67 20 andra
589 314 190 27 omständigheter,
799 314 75 26 afgöra
892 314 64 21 huru-

208 349 49 20 vida
272 349 103 26 landsväg
394 349 54 20 skall
464 348 32 21 till
516 349 48 20 hela
584 349 49 20 dess
648 349 68 20 bredd
732 354 76 21 grusas
824 348 40 21 och
880 348 24 21 sä
918 354 38 14 un-

208 383 113 26 derhällas,
338 389 46 14 som
401 383 7 20 i
428 383 11 26 $
455 383 12 20 9
487 383 145 25 föreskrifves,
652 383 52 20 eller
724 389 34 14 om
774 382 95 26 eftergift
884 382 72 21 derut-

207 417 64 20 innan
286 417 35 21 mä
335 416 34 21 för
384 417 69 26 nägon
470 417 33 20 del
519 417 24 20 af
555 419 79 24 vägens
650 416 68 21 bredd
733 418 41 25 äga
788 423 53 14 rum.

557 490 11 27 8
585 491 19 20 7.

277 529 34 21 Då
326 536 27 19 ny
373 529 102 26 landsväg
491 529 54 20 skall
560 529 88 26 byggas,
665 529 52 20 eller
732 529 60 21 äldre
807 529 99 26 utvidgas
922 529 33 20 till

207 564 65 21 sådan
292 563 67 21 bredd
379 563 12 27 &
410 565 11 19 6
441 563 134 26 bestämmer,
596 563 43 20 låte
658 563 145 26 Guvernören,
824 562 54 22 efter
895 563 59 21 kom-

205 599 176 20 munalstämmas
399 597 102 26 hörande,
520 597 35 21 vid
577 597 131 21 Häradsrätt
726 597 122 21 undersöka
866 603 34 14 om
918 597 36 21 be-

205 632 74 22 hofvet
294 632 66 26 deraf,
377 631 108 22 äfvensom
501 632 115 21 huruledes
632 632 76 20 sådant
723 632 124 27 lämpligast
858 631 38 21 och
906 631 50 21 med

205 667 79 21 minsta
299 667 93 20 kostnad
406 666 42 21 kan
464 666 89 21 utföras.

277 696 71 31 Ägare
364 700 51 21 eller
434 700 138 21 innehafvare
587 700 23 21 af
621 700 50 26 jord
685 706 51 15 vare
751 700 77 27 pligtig
847 702 32 19 att
894 700 61 21 mark

205 735 33 20 till
253 735 104 26 landsväg
372 734 95 27 upplåta,
483 741 47 14 men
546 735 59 26 njute
620 734 33 21 för
669 734 51 21 åker
731 735 39 20 och
783 736 42 25 äng
836 734 120 27 ersättning

205 768 24 21 af
241 769 94 20 Kronan.

557 809 45 26 88.

277 842 18 27 Å
313 847 57 22 båda
393 848 58 21 sidor
474 854 33 15 om
525 851 41 24 väg
589 848 67 27 skola,
677 849 37 20 der
737 849 24 21 så
782 848 92 27 fordras,
890 848 65 21 diken

205 882 86 26 gräfvas
311 883 38 20 och
367 882 48 21 med
434 883 75 26 nödigt
529 883 69 26 aflopp
618 883 76 21 förses.
724 883 56 20 Trän
800 883 51 21 eller
866 883 87 26 buskar,

205 923 46 14 som
265 917 47 20 icke
328 917 32 20 till
380 917 96 26 prydnad
495 917 125 27 planterade
640 917 52 21 eller
711 917 67 21 under
794 917 92 20 särskild
900 917 54 21 vård

204 952 64 25 tagne
284 951 39 20 och
343 951 120 20 bibehållne
480 953 43 23 äro,
539 952 53 19 böra
608 951 12 20 å
635 951 105 21 hvardera
756 951 60 20 sidan
832 957 34 14 om
882 951 72 21 lands-

203 986 41 24 väg
259 984 56 21 ifrån
330 986 56 25 yttre
401 985 79 20 kanten
496 985 23 20 af
534 985 59 20 diket
608 985 33 20 till
656 987 39 24 tre,
712 985 45 26 och,
774 985 37 21 der
825 985 49 20 dike
885 985 18 26 ej
915 985 38 20 fin-

203 1024 45 19 nes,
264 1018 33 21 till
313 1024 37 15 sex
366 1018 71 21 alnars
453 1019 67 20 bredd
535 1018 139 26 borthuggas.
700 1018 42 21 Vid
756 1019 69 26 byväg
835 1025 50 14 vare
894 1019 58 26 jord-

203 1053 64 24 ägare
287 1051 122 26 berättigad
431 1054 31 18 att
480 1052 107 21 bibehålla
606 1052 28 20 ali
654 1052 57 26 slags
730 1053 95 20 växande
844 1052 54 26 skog
916 1052 35 21 vid

203 1085 107 26 vägdiket.

580 1109 13 15 E

553 1125 11 26 S
581 1126 18 19 9.

273 1163 48 27 Väg
337 1164 38 20 bör
394 1164 35 20 vid
445 1164 38 21 bar
497 1164 61 21 mark
577 1164 165 21 vidmakthällas
758 1164 90 21 sälunda
863 1167 33 19 att
911 1165 40 21 den

203 1203 33 15 om
251 1198 65 20 vären
332 1197 39 21 och
385 1198 77 20 hösten
477 1198 48 20 med
541 1198 99 26 lämpligt
655 1198 163 27 fyllningsämne
832 1198 69 21 förses
912 1199 40 21 och

201 1231 7 20 i
224 1231 53 26 godt
292 1231 61 20 skick
367 1231 108 21 försättes.
506 1231 40 21 Om
561 1231 65 21 vären
642 1231 54 22 skall
712 1232 60 21 detta
788 1232 36 21 ske
840 1232 65 21 innan
915 1234 37 19 vä-

201 1270 40 20 gen
256 1264 77 21 hunnit
348 1265 69 24 torka,
428 1264 34 21 för
472 1265 81 20 hvilket
569 1265 98 20 ändamål
683 1265 86 26 tjenligt
779 1265 170 26 fyllningsämne,

201 1297 38 20 der
255 1298 76 20 sådant
347 1298 18 26 ej
381 1297 67 21 finnes
464 1299 6 19 i
486 1299 79 24 vägens
581 1298 77 20 närhet
673 1300 32 18 att
720 1298 67 26 tillgå,
801 1299 39 20 bör
856 1305 34 14 om
905 1299 47 21 vin-

200 1333 47 19 tern
266 1331 59 22 förut
344 1331 107 21 anskaffas
470 1331 39 21 och
528 1331 13 20 &
558 1331 99 27 lämpligt
677 1331 62 22 ställe
759 1332 35 21 vid
812 1333 68 26 vägen
896 1339 54 21 upp-

198 1365 81 28 läggas.
311 1365 40 22 Om
369 1366 76 21 hösten
469 1365 54 21 skall
546 1365 128 27 väglagning
693 1365 127 22 verkställas
843 1367 23 20 sä
884 1367 66 27 tidigt

198 1401 33 20 att
245 1402 93 25 vägarne
354 1400 33 21 till
406 1400 41 21 den
462 1400 38 26 tid,
517 1406 45 15 som
582 1399 146 28 Guvernören,
744 1401 54 20 efter
812 1401 101 27 pröfning
928 1401 22 22 af

198 1434 212 27 omständigheterna
425 1435 39 21 och
480 1435 73 27 hvarje
569 1436 45 20 orts
630 1434 153 27 förhållanden,
795 1437 51 25 äger
856 1436 93 21 bestäm-

196 1475 41 20 ma,
253 1468 96 22 befinnas
365 1469 35 21 vid
416 1469 93 21 skeende
525 1476 39 20 syn
581 1475 51 15 vara
647 1468 91 23 försatte
753 1470 7 20 i
771 1469 99 27 behörigt
881 1470 66 26 skick,
