1073 1714
325 135 30 21 U.
372 135 32 20 B.
423 145 22 4 —
464 135 85 24 Prop.
565 135 51 20 N:o
629 135 46 20 32.
832 134 13 21 9

130 202 59 22 dessa
207 202 51 22 söka
275 202 38 22 och
331 202 64 22 vinna
412 204 105 28 transport
536 202 33 22 till
584 211 69 13 annan
668 204 37 24 ort,
725 203 94 28 ständiga
833 211 42 14 om-

129 236 128 28 flyttningar,
280 236 73 22 hvilka
370 238 58 20 utom
447 237 35 21 det
501 238 30 20 att
550 236 94 22 fördelen
664 236 23 22 af
703 245 27 13 en
747 238 71 27 längre
833 238 40 20 tids

129 270 143 29 kontinuerlig
286 270 121 29 inspektion
423 271 23 21 af
459 278 79 14 samma
556 278 99 22 personer
669 270 88 22 sålunda
771 270 47 22 icke
832 271 42 21 kan

130 304 87 29 uppnås,
237 306 113 26 yttermera
369 304 39 22 öka
429 304 134 28 svårigheten
581 306 31 20 att
626 304 22 22 få
663 304 25 21 de
703 304 106 22 bestämda
823 306 51 27 plat-
888 311 3 3 *

129 346 61 14 serna
208 339 80 22 besatta
306 339 39 21 och
363 338 24 22 af
403 339 64 21 sådan
486 337 60 23 orsak
566 343 35 17 äro
621 338 63 22 äfven
697 338 34 22 för
745 338 128 22 närvarande

128 373 46 29 fyra
189 372 300 30 folkskoleinspektörsplatser
503 373 73 29 lediga.
608 368 70 26 Äfven
692 373 38 21 har
745 381 26 13 en
786 373 38 21 och
839 382 34 13 an-

129 416 41 13 nan
188 407 23 22 af
228 408 25 20 de
272 408 87 22 utsedda
379 407 158 29 inspektörerne
556 406 89 23 anhållit
662 414 34 14 om
716 407 36 22 sitt
766 406 107 23 befriande

129 442 46 22 från
195 442 41 21 den
254 442 75 29 åtagna
349 441 144 30 befattningen
511 442 27 29 på
561 442 40 22 den
623 442 73 28 grund,
716 444 31 20 att
769 442 105 22 distriktet

130 476 55 22 varit
199 477 78 21 honom
290 476 33 22 för
337 479 57 24 stort,
415 478 39 20 och
469 472 168 33 Öfverstyrelsen
652 476 38 22 har
704 476 87 22 sålunda
805 476 70 22 blifvit

130 511 61 22 ställd
206 511 8 21 i
229 512 56 21 valet
303 513 31 20 att
351 511 100 29 antingen
470 510 42 22 låta
527 519 26 13 en
568 510 32 22 för
615 510 144 29 befattningen
775 511 99 29 möjligen

130 546 79 28 ganska
226 546 86 29 lämplig
331 553 76 21 person
421 545 53 29 afgå,
491 546 51 21 eller
560 547 30 20 att
610 546 113 27 yttermera
738 545 40 21 öka
793 546 81 22 distrik-

130 583 69 19 ternas
221 582 37 20 och
275 580 169 29 inspektörernas
463 581 61 21 antal.
561 580 44 21 Det
620 582 54 20 mest
688 580 120 29 betänkliga
823 580 8 22 i
845 588 30 14 sa-

130 616 42 20 ken
186 619 23 17 är
224 615 104 29 slutligen,
345 617 30 20 att
389 615 90 21 flertalet
494 614 23 22 af
530 614 59 22 dessa
603 614 132 29 inspektörer
743 622 77 21 genom
829 615 46 21 sina

129 649 65 22 andra
214 649 139 29 befattningar
373 654 34 17 äro
422 649 135 22 förhindrade
576 650 30 20 att
621 657 52 21 egna
687 649 22 22 åt
723 649 151 23 folkskolornas

129 684 120 29 inspektion
268 684 7 21 i
294 684 37 22 sitt
345 684 84 22 distrikt
451 684 40 21 den
508 684 32 21 tid
558 684 38 21 och
611 683 127 23 omvärdnad
756 685 25 21 de
801 684 74 29 sjelfva

130 719 68 21 skulle
218 719 65 21 önska
301 719 38 21 och
359 726 44 14 som
423 718 7 21 i
448 718 41 22 alla
510 718 112 22 händelser
643 718 128 22 folkskolans
788 719 86 22 beständ

129 754 39 21 och
182 758 27 17 än
224 761 57 14 mera
296 753 45 22 dess
356 752 108 29 framgäng
479 752 22 22 sä
516 752 169 30 oundgängligen
695 753 69 23 skulle
775 753 97 22 erfordra.

129 788 39 22 Ett
182 788 78 29 tydligt
274 788 59 22 bevis
346 788 27 29 pä
388 788 57 21 detta
459 788 38 22 sist
515 788 92 28 antydda
622 788 129 22 förhållande
766 788 66 29 ligger
847 788 27 22 äf-

130 830 41 14 ven
186 822 51 27 deri,
253 825 30 19 att
298 822 18 30 ej
332 822 27 30 pä
373 822 58 28 längt
446 827 38 17 när
499 823 41 21 alla
554 822 225 23 folkskoleberättelser
793 823 33 21 för
840 823 35 23 det

130 856 105 30 utgängna
249 856 88 23 läseäret
351 857 113 22 inkommit
478 857 8 21 i
500 857 95 21 bestämd
610 857 32 21 tid
657 857 50 21 eller
721 858 95 21 bestämd
831 858 44 22 ord-

130 892 50 28 ning
195 892 39 21 och
249 894 30 19 att
293 892 34 22 till
341 892 38 21 och
394 892 49 21 med
458 896 55 17 ännu
529 892 46 21 icke
590 891 23 22 sä
627 891 22 21 få
664 896 34 17 äro
713 892 138 22 resterande.»

198 926 115 22 Likaledes
335 926 38 21 har
392 926 109 22 Utskottet
522 926 36 21 vid
579 926 82 28 frägans
680 926 126 29 behandling
825 928 50 20 trott

131 960 31 29 sig
181 961 50 21 böra
250 962 47 27 taga
311 961 83 28 hänsyn
409 960 33 22 till
457 960 40 22 den
512 960 127 28 utveckling,
656 960 146 30 inspektionen
817 961 59 22 öfver

130 994 142 22 folkskolorna
295 995 68 21 ernätt
381 994 8 22 i
407 995 166 28 grannländerna
593 995 88 28 Sverige
699 996 37 21 och
753 996 77 28 Norge.
863 996 13 22 I

132 1030 34 21 det
188 1029 143 22 förstnämnda
348 1029 71 22 landet
438 1031 67 20 finnas
525 1030 36 22 vid
580 1030 60 22 sidan
658 1030 23 21 af
693 1030 116 26 skolräden,
825 1032 51 21 mot-

131 1064 102 22 svarande
248 1064 260 22 folkskoledirektionerna
522 1064 8 21 i
544 1064 99 26 Finland,
658 1064 169 29 tillsyningsmän
842 1073 34 13 an-

131 1099 80 25 ställde,
234 1099 83 21 hvilkas
334 1099 133 21 uteslutande
487 1098 108 29 äliggande
615 1103 22 17 är
656 1101 30 19 att
705 1098 113 22 öfvervaka
832 1100 44 21 bar-

131 1141 51 14 nens
201 1133 105 29 skolgäng.
340 1134 66 21 Utom
426 1133 75 25 denna,
516 1133 24 21 af
555 1132 85 22 skolräd
655 1134 38 20 och
707 1132 169 29 tillsyningsmän

130 1166 120 23 handhafda
264 1167 125 29 inspektion,
406 1169 53 20 samt
475 1166 45 27 den,
537 1175 43 14 som
595 1167 128 22 tillkommer
738 1168 26 21 de
778 1167 98 29 kyrkliga

130 1202 181 28 myndigheterna,
327 1201 124 22 öfvervakas
465 1201 179 29 undervisningen
659 1202 7 21 i
676 1201 141 22 folkskolorna
825 1202 50 28 jem-

131 1237 34 21 väl
188 1236 23 21 af
231 1236 130 29 sakkunnige
380 1241 55 21 män,
454 1236 73 21 hvilka
544 1238 57 20 utses
620 1236 23 21 af
659 1236 81 23 Chefen
758 1236 32 22 för
811 1237 64 21 eckle-

132 1270 245 29 siastikdepartementet,
393 1270 98 22 särskildt
505 1271 33 21 för
556 1270 73 29 hvarje
644 1271 51 26 stift,
711 1271 38 21 och
764 1271 77 22 aflönas
856 1271 23 22 af

132 1306 74 20 staten.
236 1305 68 22 Dessa
325 1304 234 29 folkskoleinspektörer
578 1305 83 29 åligger,
682 1305 65 29 enligt
765 1306 56 21 hvad
840 1305 37 22 Di

132 1339 85 20 rektorn
232 1339 29 20 K.
278 1339 26 21 G.
321 1339 105 27 Leinberg
440 1339 8 19 i
463 1339 32 20 sin
510 1339 23 20 af
545 1339 108 21 Utskottet
673 1340 36 19 vid
723 1340 154 27 behandlingen

132 1371 23 22 af
172 1371 135 22 förevarande
331 1377 60 16 ämne
406 1371 121 29 rädfrägade
547 1371 124 29 afhandling
686 1380 34 13 om
735 1372 142 22 folkskoleför-

132 1406 125 22 hällandena
275 1406 8 21 i
303 1406 87 29 Sverige
412 1406 38 21 och
469 1406 71 29 Norge
558 1406 117 29 uppgifver,
698 1407 42 21 «att
758 1406 48 22 med
828 1414 50 21 upp-

133 1441 142 22 märksamhet
294 1440 51 30 följa
361 1441 81 29 gängen
462 1441 23 21 af
501 1441 228 28 folkundervisningen,
745 1441 132 29 personligen

132 1476 78 22 besöka
232 1476 25 21 de
279 1475 57 22 inom
359 1476 58 21 deras
439 1475 107 22 distrikter
568 1476 87 28 belägna
675 1475 147 27 folkskolorne,
838 1475 39 23 för-

202 1517 138 18 Sammansatta
353 1517 58 18 Stats-
424 1516 32 18 och
469 1516 185 19 Ekonomiutskottets
666 1515 111 21 betänkande
789 1516 36 19 N:o
836 1517 17 18 2.
