<?xml version="1.0" encoding="UTF-8"?>
<alto xmlns="http://www.loc.gov/standards/alto/ns-v3#" xmlns:xlink="http://www.w3.org/1999/xlink" xmlns:xsi="http://www.w3.org/2001/XMLSchema-instance" xsi:schemaLocation="http://www.loc.gov/standards/alto/ns-v3# http://www.loc.gov/alto/v3/alto-3-0.xsd">
	<Description>
		<MeasurementUnit>pixel</MeasurementUnit>
		<sourceImageInformation>
			<fileName>/tmp/tess_8589j2zx_input.PNG</fileName>
		</sourceImageInformation>
		<OCRProcessing ID="OCR_0">
			<ocrProcessingStep>
				<processingSoftware>
					<softwareName>tesseract 5.3.4</softwareName>
				</processingSoftware>
			</ocrProcessingStep>
		</OCRProcessing>
	</Description>
	<Layout>
		<Page WIDTH="1078" HEIGHT="1709" PHYSICAL_IMG_NR="0" ID="page_0">
			<PrintSpace HPOS="0" VPOS="0" WIDTH="1078" HEIGHT="1709">
				<ComposedBlock ID="cblock_0" HPOS="239" VPOS="138" WIDTH="519" HEIGHT="24">
					<TextBlock ID="block_0" HPOS="239" VPOS="138" WIDTH="519" HEIGHT="24">
						<TextLine ID="line_0" HPOS="239" VPOS="138" WIDTH="519" HEIGHT="24">
							<String ID="string_0" HPOS="239" VPOS="138" WIDTH="14" HEIGHT="20" WC="0.94" CONTENT="6"/><SP WIDTH="158" VPOS="138" HPOS="253"/>
							<String ID="string_1" HPOS="411" VPOS="140" WIDTH="33" HEIGHT="20" WC="0.93" CONTENT="U."/><SP WIDTH="16" VPOS="140" HPOS="444"/>
							<String ID="string_2" HPOS="460" VPOS="140" WIDTH="31" HEIGHT="19" WC="0.90" CONTENT="B."/><SP WIDTH="18" VPOS="140" HPOS="491"/>
							<String ID="string_3" HPOS="509" VPOS="150" WIDTH="23" HEIGHT="3" WC="0.91" CONTENT="—"/><SP WIDTH="18" VPOS="150" HPOS="532"/>
							<String ID="string_4" HPOS="550" VPOS="140" WIDTH="85" HEIGHT="22" WC="0.77" CONTENT="Prop."/><SP WIDTH="15" VPOS="140" HPOS="635"/>
							<String ID="string_5" HPOS="650" VPOS="138" WIDTH="46" HEIGHT="20" WC="0.83" CONTENT="NÅ"/><SP WIDTH="15" VPOS="138" HPOS="696"/>
							<String ID="string_6" HPOS="711" VPOS="139" WIDTH="47" HEIGHT="19" WC="0.93" CONTENT="32."/>
						</TextLine>
					</TextBlock>
				</ComposedBlock>
				<ComposedBlock ID="cblock_1" HPOS="212" VPOS="202" WIDTH="748" HEIGHT="1310">
					<TextBlock ID="block_1" HPOS="212" VPOS="202" WIDTH="743" HEIGHT="435">
						<TextLine ID="line_1" HPOS="213" VPOS="202" WIDTH="740" HEIGHT="22">
							<String ID="string_7" HPOS="213" VPOS="211" WIDTH="43" HEIGHT="13" WC="0.96" CONTENT="som"/><SP WIDTH="15" VPOS="211" HPOS="256"/>
							<String ID="string_8" HPOS="271" VPOS="204" WIDTH="25" HEIGHT="20" WC="0.96" CONTENT="de"/><SP WIDTH="15" VPOS="204" HPOS="296"/>
							<String ID="string_9" HPOS="311" VPOS="204" WIDTH="81" HEIGHT="20" WC="0.93" CONTENT="mindre"/><SP WIDTH="15" VPOS="204" HPOS="392"/>
							<String ID="string_10" HPOS="407" VPOS="204" WIDTH="139" HEIGHT="20" WC="0.91" CONTENT="kuranstalter"/><SP WIDTH="13" VPOS="204" HPOS="546"/>
							<String ID="string_11" HPOS="559" VPOS="202" WIDTH="73" HEIGHT="22" WC="0.96" CONTENT="hvilka"/><SP WIDTH="15" VPOS="202" HPOS="632"/>
							<String ID="string_12" HPOS="647" VPOS="203" WIDTH="55" HEIGHT="21" WC="0.96" CONTENT="1872"/><SP WIDTH="10" VPOS="203" HPOS="702"/>
							<String ID="string_13" HPOS="712" VPOS="202" WIDTH="32" HEIGHT="22" WC="0.93" CONTENT="års"/><SP WIDTH="11" VPOS="202" HPOS="744"/>
							<String ID="string_14" HPOS="755" VPOS="203" WIDTH="90" HEIGHT="21" WC="0.92" CONTENT="Ständer"/><SP WIDTH="14" VPOS="203" HPOS="845"/>
							<String ID="string_15" HPOS="859" VPOS="202" WIDTH="94" HEIGHT="21" WC="0.91" CONTENT="förafsett"/>
						</TextLine>
						<TextLine ID="line_2" HPOS="212" VPOS="235" WIDTH="741" HEIGHT="29">
							<String ID="string_16" HPOS="212" VPOS="238" WIDTH="31" HEIGHT="20" WC="0.96" CONTENT="att"/><SP WIDTH="21" VPOS="238" HPOS="243"/>
							<String ID="string_17" HPOS="264" VPOS="237" WIDTH="87" HEIGHT="21" WC="0.96" CONTENT="inrättas"/><SP WIDTH="21" VPOS="237" HPOS="351"/>
							<String ID="string_18" HPOS="372" VPOS="236" WIDTH="36" HEIGHT="22" WC="0.93" CONTENT="vid"/><SP WIDTH="21" VPOS="236" HPOS="408"/>
							<String ID="string_19" HPOS="429" VPOS="236" WIDTH="168" HEIGHT="28" WC="0.90" CONTENT="länesjukhusen."/><SP WIDTH="29" VPOS="236" HPOS="597"/>
							<String ID="string_20" HPOS="626" VPOS="236" WIDTH="34" HEIGHT="20" WC="0.93" CONTENT="De"/><SP WIDTH="22" VPOS="236" HPOS="660"/>
							<String ID="string_21" HPOS="682" VPOS="236" WIDTH="148" HEIGHT="21" WC="0.93" CONTENT="kombinerade"/><SP WIDTH="18" VPOS="236" HPOS="830"/>
							<String ID="string_22" HPOS="848" VPOS="236" WIDTH="47" HEIGHT="20" WC="0.72" CONTENT="kur"/><SP WIDTH="18" VPOS="236" HPOS="895"/>
							<String ID="string_23" HPOS="913" VPOS="235" WIDTH="40" HEIGHT="21" WC="0.96" CONTENT="och"/>
						</TextLine>
						<TextLine ID="line_3" HPOS="212" VPOS="268" WIDTH="740" HEIGHT="29">
							<String ID="string_24" HPOS="212" VPOS="270" WIDTH="179" HEIGHT="21" WC="0.91" CONTENT="vårdanstalterna"/><SP WIDTH="20" VPOS="270" HPOS="391"/>
							<String ID="string_25" HPOS="411" VPOS="269" WIDTH="62" HEIGHT="28" WC="0.95" CONTENT="skilja"/><SP WIDTH="22" VPOS="269" HPOS="473"/>
							<String ID="string_26" HPOS="495" VPOS="269" WIDTH="31" HEIGHT="28" WC="0.96" CONTENT="sig"/><SP WIDTH="20" VPOS="269" HPOS="526"/>
							<String ID="string_27" HPOS="546" VPOS="268" WIDTH="122" HEIGHT="29" WC="0.95" CONTENT="visserligen"/><SP WIDTH="17" VPOS="268" HPOS="668"/>
							<String ID="string_28" HPOS="685" VPOS="268" WIDTH="47" HEIGHT="23" WC="0.96" CONTENT="från"/><SP WIDTH="12" VPOS="268" HPOS="732"/>
							<String ID="string_29" HPOS="744" VPOS="270" WIDTH="32" HEIGHT="21" WC="0.96" CONTENT="ett"/><SP WIDTH="15" VPOS="270" HPOS="776"/>
							<String ID="string_30" HPOS="791" VPOS="269" WIDTH="70" HEIGHT="21" WC="0.93" CONTENT="enkelt"/><SP WIDTH="15" VPOS="269" HPOS="861"/>
							<String ID="string_31" HPOS="876" VPOS="269" WIDTH="76" HEIGHT="28" WC="0.92" CONTENT="asylsy-"/>
						</TextLine>
						<TextLine ID="line_4" HPOS="212" VPOS="303" WIDTH="741" HEIGHT="28">
							<String ID="string_32" HPOS="212" VPOS="306" WIDTH="59" HEIGHT="19" WC="0.95" CONTENT="stem."/><SP WIDTH="30" VPOS="306" HPOS="271"/>
							<String ID="string_33" HPOS="301" VPOS="304" WIDTH="52" HEIGHT="21" WC="0.93" CONTENT="Men"/><SP WIDTH="14" VPOS="304" HPOS="353"/>
							<String ID="string_34" HPOS="367" VPOS="303" WIDTH="119" HEIGHT="28" WC="0.91" CONTENT="derigenom"/><SP WIDTH="14" VPOS="303" HPOS="486"/>
							<String ID="string_35" HPOS="500" VPOS="305" WIDTH="30" HEIGHT="20" WC="0.96" CONTENT="att"/><SP WIDTH="14" VPOS="305" HPOS="530"/>
							<String ID="string_36" HPOS="544" VPOS="303" WIDTH="47" HEIGHT="21" WC="0.96" CONTENT="icke"/><SP WIDTH="13" VPOS="303" HPOS="591"/>
							<String ID="string_37" HPOS="604" VPOS="303" WIDTH="74" HEIGHT="21" WC="0.95" CONTENT="endast"/><SP WIDTH="10" VPOS="303" HPOS="678"/>
							<String ID="string_38" HPOS="688" VPOS="311" WIDTH="26" HEIGHT="13" WC="0.95" CONTENT="en"/><SP WIDTH="10" VPOS="311" HPOS="714"/>
							<String ID="string_39" HPOS="724" VPOS="305" WIDTH="65" HEIGHT="19" WC="0.96" CONTENT="större"/><SP WIDTH="10" VPOS="305" HPOS="789"/>
							<String ID="string_40" HPOS="799" VPOS="303" WIDTH="68" HEIGHT="21" WC="0.92" CONTENT="sluten"/><SP WIDTH="14" VPOS="303" HPOS="867"/>
							<String ID="string_41" HPOS="881" VPOS="303" WIDTH="72" HEIGHT="21" WC="0.92" CONTENT="inrätt-"/>
						</TextLine>
						<TextLine ID="line_5" HPOS="213" VPOS="337" WIDTH="740" HEIGHT="29">
							<String ID="string_42" HPOS="213" VPOS="338" WIDTH="50" HEIGHT="28" WC="0.93" CONTENT="ning"/><SP WIDTH="14" VPOS="338" HPOS="263"/>
							<String ID="string_43" HPOS="277" VPOS="337" WIDTH="104" HEIGHT="29" WC="0.91" CONTENT="uppföres,"/><SP WIDTH="15" VPOS="337" HPOS="381"/>
							<String ID="string_44" HPOS="396" VPOS="340" WIDTH="51" HEIGHT="19" WC="0.96" CONTENT="utan"/><SP WIDTH="15" VPOS="340" HPOS="447"/>
							<String ID="string_45" HPOS="462" VPOS="338" WIDTH="38" HEIGHT="21" WC="0.96" CONTENT="ock"/><SP WIDTH="15" VPOS="338" HPOS="500"/>
							<String ID="string_46" HPOS="515" VPOS="337" WIDTH="45" HEIGHT="22" WC="0.96" CONTENT="från"/><SP WIDTH="15" VPOS="337" HPOS="560"/>
							<String ID="string_47" HPOS="575" VPOS="337" WIDTH="119" HEIGHT="22" WC="0.96" CONTENT="densamma"/><SP WIDTH="10" VPOS="337" HPOS="694"/>
							<String ID="string_48" HPOS="704" VPOS="337" WIDTH="67" HEIGHT="22" WC="0.96" CONTENT="skilda"/><SP WIDTH="11" VPOS="337" HPOS="771"/>
							<String ID="string_49" HPOS="782" VPOS="337" WIDTH="61" HEIGHT="21" WC="0.96" CONTENT="enkla"/><SP WIDTH="9" VPOS="337" HPOS="843"/>
							<String ID="string_50" HPOS="852" VPOS="337" WIDTH="101" HEIGHT="25" WC="0.96" CONTENT="bostäder,"/>
						</TextLine>
						<TextLine ID="line_6" HPOS="213" VPOS="371" WIDTH="741" HEIGHT="30">
							<String ID="string_51" HPOS="213" VPOS="372" WIDTH="112" HEIGHT="29" WC="0.96" CONTENT="lämpligen"/><SP WIDTH="15" VPOS="372" HPOS="325"/>
							<String ID="string_52" HPOS="340" VPOS="371" WIDTH="83" HEIGHT="29" WC="0.96" CONTENT="spridda"/><SP WIDTH="13" VPOS="371" HPOS="423"/>
							<String ID="string_53" HPOS="436" VPOS="371" WIDTH="28" HEIGHT="28" WC="0.96" CONTENT="på"/><SP WIDTH="14" VPOS="371" HPOS="464"/>
							<String ID="string_54" HPOS="478" VPOS="371" WIDTH="40" HEIGHT="21" WC="0.96" CONTENT="den"/><SP WIDTH="22" VPOS="371" HPOS="518"/>
							<String ID="string_55" HPOS="540" VPOS="371" WIDTH="32" HEIGHT="22" WC="0.96" CONTENT="för"/><SP WIDTH="19" VPOS="371" HPOS="572"/>
							<String ID="string_56" HPOS="591" VPOS="371" WIDTH="117" HEIGHT="21" WC="0.93" CONTENT="ändamålet"/><SP WIDTH="16" VPOS="371" HPOS="708"/>
							<String ID="string_57" HPOS="724" VPOS="371" WIDTH="100" HEIGHT="28" WC="0.89" CONTENT="upplåtna"/><SP WIDTH="15" VPOS="371" HPOS="824"/>
							<String ID="string_58" HPOS="839" VPOS="371" WIDTH="115" HEIGHT="28" WC="0.91" CONTENT="jordlägen-"/>
						</TextLine>
						<TextLine ID="line_7" HPOS="214" VPOS="405" WIDTH="739" HEIGHT="29">
							<String ID="string_59" HPOS="214" VPOS="407" WIDTH="41" HEIGHT="24" WC="0.96" CONTENT="het,"/><SP WIDTH="15" VPOS="407" HPOS="255"/>
							<String ID="string_60" HPOS="270" VPOS="405" WIDTH="97" HEIGHT="29" WC="0.91" CONTENT="erbjuder"/><SP WIDTH="14" VPOS="405" HPOS="367"/>
							<String ID="string_61" HPOS="381" VPOS="405" WIDTH="155" HEIGHT="22" WC="0.91" CONTENT="kolonisations-"/><SP WIDTH="15" VPOS="405" HPOS="536"/>
							<String ID="string_62" HPOS="551" VPOS="405" WIDTH="51" HEIGHT="21" WC="0.93" CONTENT="eller"/><SP WIDTH="13" VPOS="405" HPOS="602"/>
							<String ID="string_63" HPOS="615" VPOS="405" WIDTH="154" HEIGHT="28" WC="0.91" CONTENT="farmsystemet"/><SP WIDTH="14" VPOS="405" HPOS="769"/>
							<String ID="string_64" HPOS="783" VPOS="405" WIDTH="81" HEIGHT="22" WC="0.96" CONTENT="tillfälle"/><SP WIDTH="14" VPOS="405" HPOS="864"/>
							<String ID="string_65" HPOS="878" VPOS="405" WIDTH="34" HEIGHT="22" WC="0.96" CONTENT="till"/><SP WIDTH="14" VPOS="405" HPOS="912"/>
							<String ID="string_66" HPOS="926" VPOS="405" WIDTH="27" HEIGHT="21" WC="0.96" CONTENT="all"/>
						</TextLine>
						<TextLine ID="line_8" HPOS="214" VPOS="439" WIDTH="741" HEIGHT="28">
							<String ID="string_67" HPOS="214" VPOS="440" WIDTH="40" HEIGHT="21" WC="0.95" CONTENT="den"/><SP WIDTH="14" VPOS="440" HPOS="254"/>
							<String ID="string_68" HPOS="268" VPOS="439" WIDTH="99" HEIGHT="28" WC="0.95" CONTENT="isolering"/><SP WIDTH="14" VPOS="439" HPOS="367"/>
							<String ID="string_69" HPOS="381" VPOS="439" WIDTH="22" HEIGHT="21" WC="0.96" CONTENT="af"/><SP WIDTH="13" VPOS="439" HPOS="403"/>
							<String ID="string_70" HPOS="416" VPOS="439" WIDTH="54" HEIGHT="21" WC="0.96" CONTENT="vissa"/><SP WIDTH="14" VPOS="439" HPOS="470"/>
							<String ID="string_71" HPOS="484" VPOS="439" WIDTH="109" HEIGHT="28" WC="0.96" CONTENT="patienter,"/><SP WIDTH="15" VPOS="439" HPOS="593"/>
							<String ID="string_72" HPOS="608" VPOS="446" WIDTH="44" HEIGHT="14" WC="0.96" CONTENT="som"/><SP WIDTH="14" VPOS="446" HPOS="652"/>
							<String ID="string_73" HPOS="666" VPOS="439" WIDTH="203" HEIGHT="28" WC="0.96" CONTENT="omständigheterna"/><SP WIDTH="14" VPOS="439" HPOS="869"/>
							<String ID="string_74" HPOS="883" VPOS="439" WIDTH="72" HEIGHT="21" WC="0.96" CONTENT="kunna"/>
						</TextLine>
						<TextLine ID="line_9" HPOS="213" VPOS="472" WIDTH="742" HEIGHT="29">
							<String ID="string_75" HPOS="213" VPOS="473" WIDTH="88" HEIGHT="28" WC="0.96" CONTENT="påkalla,"/><SP WIDTH="14" VPOS="473" HPOS="301"/>
							<String ID="string_76" HPOS="315" VPOS="473" WIDTH="41" HEIGHT="21" WC="0.96" CONTENT="och"/><SP WIDTH="15" VPOS="473" HPOS="356"/>
							<String ID="string_77" HPOS="371" VPOS="477" WIDTH="22" HEIGHT="17" WC="0.96" CONTENT="är"/><SP WIDTH="14" VPOS="477" HPOS="393"/>
							<String ID="string_78" HPOS="407" VPOS="472" WIDTH="86" HEIGHT="22" WC="0.96" CONTENT="sålunda"/><SP WIDTH="15" VPOS="472" HPOS="493"/>
							<String ID="string_79" HPOS="508" VPOS="472" WIDTH="46" HEIGHT="21" WC="0.96" CONTENT="icke"/><SP WIDTH="10" VPOS="472" HPOS="554"/>
							<String ID="string_80" HPOS="564" VPOS="472" WIDTH="104" HEIGHT="21" WC="0.96" CONTENT="stridande"/><SP WIDTH="16" VPOS="472" HPOS="668"/>
							<String ID="string_81" HPOS="684" VPOS="475" WIDTH="55" HEIGHT="19" WC="0.96" CONTENT="emot"/><SP WIDTH="13" VPOS="475" HPOS="739"/>
							<String ID="string_82" HPOS="752" VPOS="473" WIDTH="41" HEIGHT="21" WC="0.96" CONTENT="den"/><SP WIDTH="15" VPOS="473" HPOS="793"/>
							<String ID="string_83" HPOS="808" VPOS="472" WIDTH="87" HEIGHT="29" WC="0.95" CONTENT="princip,"/><SP WIDTH="16" VPOS="472" HPOS="895"/>
							<String ID="string_84" HPOS="911" VPOS="480" WIDTH="44" HEIGHT="14" WC="0.96" CONTENT="som"/>
						</TextLine>
						<TextLine ID="line_10" HPOS="214" VPOS="506" WIDTH="741" HEIGHT="29">
							<String ID="string_85" HPOS="214" VPOS="507" WIDTH="31" HEIGHT="21" WC="0.96" CONTENT="för"/><SP WIDTH="15" VPOS="507" HPOS="245"/>
							<String ID="string_86" HPOS="260" VPOS="507" WIDTH="25" HEIGHT="21" WC="0.96" CONTENT="de"/><SP WIDTH="15" VPOS="507" HPOS="285"/>
							<String ID="string_87" HPOS="300" VPOS="506" WIDTH="121" HEIGHT="29" WC="0.93" CONTENT="separerade"/><SP WIDTH="14" VPOS="506" HPOS="421"/>
							<String ID="string_88" HPOS="435" VPOS="506" WIDTH="96" HEIGHT="28" WC="0.91" CONTENT="asylerna"/><SP WIDTH="14" VPOS="506" HPOS="531"/>
							<String ID="string_89" HPOS="545" VPOS="506" WIDTH="112" HEIGHT="29" WC="0.88" CONTENT="åberopats."/><SP WIDTH="30" VPOS="506" HPOS="657"/>
							<String ID="string_90" HPOS="687" VPOS="506" WIDTH="109" HEIGHT="22" WC="0.95" CONTENT="Utskottet"/><SP WIDTH="21" VPOS="506" HPOS="796"/>
							<String ID="string_91" HPOS="817" VPOS="507" WIDTH="42" HEIGHT="20" WC="0.96" CONTENT="kan"/><SP WIDTH="16" VPOS="507" HPOS="859"/>
							<String ID="string_92" HPOS="875" VPOS="507" WIDTH="80" HEIGHT="21" WC="0.96" CONTENT="således"/>
						</TextLine>
						<TextLine ID="line_11" HPOS="214" VPOS="540" WIDTH="741" HEIGHT="28">
							<String ID="string_93" HPOS="214" VPOS="541" WIDTH="46" HEIGHT="21" WC="0.96" CONTENT="icke"/><SP WIDTH="14" VPOS="541" HPOS="260"/>
							<String ID="string_94" HPOS="274" VPOS="541" WIDTH="58" HEIGHT="20" WC="0.96" CONTENT="finna"/><SP WIDTH="13" VPOS="541" HPOS="332"/>
							<String ID="string_95" HPOS="345" VPOS="542" WIDTH="32" HEIGHT="20" WC="0.96" CONTENT="att"/><SP WIDTH="13" VPOS="542" HPOS="377"/>
							<String ID="string_96" HPOS="390" VPOS="548" WIDTH="27" HEIGHT="13" WC="0.96" CONTENT="en"/><SP WIDTH="13" VPOS="548" HPOS="417"/>
							<String ID="string_97" HPOS="430" VPOS="540" WIDTH="92" HEIGHT="28" WC="0.93" CONTENT="verkligt"/><SP WIDTH="14" VPOS="540" HPOS="522"/>
							<String ID="string_98" HPOS="536" VPOS="540" WIDTH="109" HEIGHT="28" WC="0.90" CONTENT="principiel"/><SP WIDTH="15" VPOS="540" HPOS="645"/>
							<String ID="string_99" HPOS="660" VPOS="542" WIDTH="85" HEIGHT="19" WC="0.96" CONTENT="motsats"/><SP WIDTH="15" VPOS="542" HPOS="745"/>
							<String ID="string_100" HPOS="760" VPOS="541" WIDTH="67" HEIGHT="20" WC="0.96" CONTENT="skulle"/><SP WIDTH="15" VPOS="541" HPOS="827"/>
							<String ID="string_101" HPOS="842" VPOS="540" WIDTH="49" HEIGHT="21" WC="0.93" CONTENT="råda"/><SP WIDTH="14" VPOS="540" HPOS="891"/>
							<String ID="string_102" HPOS="905" VPOS="541" WIDTH="50" HEIGHT="20" WC="0.92" CONTENT="mel-"/>
						</TextLine>
						<TextLine ID="line_12" HPOS="214" VPOS="574" WIDTH="741" HEIGHT="22">
							<String ID="string_103" HPOS="214" VPOS="575" WIDTH="35" HEIGHT="21" WC="0.96" CONTENT="lan"/><SP WIDTH="14" VPOS="575" HPOS="249"/>
							<String ID="string_104" HPOS="263" VPOS="575" WIDTH="35" HEIGHT="20" WC="0.96" CONTENT="det"/><SP WIDTH="15" VPOS="575" HPOS="298"/>
							<String ID="string_105" HPOS="313" VPOS="574" WIDTH="23" HEIGHT="21" WC="0.93" CONTENT="af"/><SP WIDTH="12" VPOS="574" HPOS="336"/>
							<String ID="string_106" HPOS="348" VPOS="574" WIDTH="117" HEIGHT="22" WC="0.92" CONTENT="Ständerna"/><SP WIDTH="15" VPOS="574" HPOS="465"/>
							<String ID="string_107" HPOS="480" VPOS="575" WIDTH="55" HEIGHT="20" WC="0.96" CONTENT="1872"/><SP WIDTH="15" VPOS="575" HPOS="535"/>
							<String ID="string_108" HPOS="550" VPOS="574" WIDTH="112" HEIGHT="21" WC="0.96" CONTENT="omfattade"/><SP WIDTH="15" VPOS="574" HPOS="662"/>
							<String ID="string_109" HPOS="677" VPOS="575" WIDTH="39" HEIGHT="20" WC="0.96" CONTENT="och"/><SP WIDTH="14" VPOS="575" HPOS="716"/>
							<String ID="string_110" HPOS="730" VPOS="575" WIDTH="36" HEIGHT="21" WC="0.96" CONTENT="det"/><SP WIDTH="14" VPOS="575" HPOS="766"/>
							<String ID="string_111" HPOS="780" VPOS="574" WIDTH="24" HEIGHT="21" WC="0.93" CONTENT="af"/><SP WIDTH="7" VPOS="574" HPOS="804"/>
							<String ID="string_112" HPOS="811" VPOS="574" WIDTH="92" HEIGHT="21" WC="0.92" CONTENT="komitén"/><SP WIDTH="13" VPOS="574" HPOS="903"/>
							<String ID="string_113" HPOS="916" VPOS="574" WIDTH="39" HEIGHT="21" WC="0.92" CONTENT="för-"/>
						</TextLine>
						<TextLine ID="line_13" HPOS="215" VPOS="608" WIDTH="192" HEIGHT="29">
							<String ID="string_114" HPOS="215" VPOS="608" WIDTH="75" HEIGHT="21" WC="0.91" CONTENT="ordade"/><SP WIDTH="14" VPOS="608" HPOS="290"/>
							<String ID="string_115" HPOS="304" VPOS="616" WIDTH="103" HEIGHT="21" WC="0.96" CONTENT="program."/>
						</TextLine>
					</TextBlock>
					<TextBlock ID="block_2" HPOS="214" VPOS="641" WIDTH="744" HEIGHT="502">
						<TextLine ID="line_14" HPOS="282" VPOS="641" WIDTH="674" HEIGHT="28">
							<String ID="string_116" HPOS="282" VPOS="642" WIDTH="109" HEIGHT="21" WC="0.96" CONTENT="Utskottet"/><SP WIDTH="19" VPOS="642" HPOS="391"/>
							<String ID="string_117" HPOS="410" VPOS="641" WIDTH="39" HEIGHT="21" WC="0.93" CONTENT="har"/><SP WIDTH="14" VPOS="641" HPOS="449"/>
							<String ID="string_118" HPOS="463" VPOS="641" WIDTH="100" HEIGHT="28" WC="0.91" CONTENT="derjemte"/><SP WIDTH="22" VPOS="641" HPOS="563"/>
							<String ID="string_119" HPOS="585" VPOS="641" WIDTH="46" HEIGHT="21" WC="0.93" CONTENT="icke"/><SP WIDTH="15" VPOS="641" HPOS="631"/>
							<String ID="string_120" HPOS="646" VPOS="641" WIDTH="81" HEIGHT="22" WC="0.96" CONTENT="kunnat"/><SP WIDTH="14" VPOS="641" HPOS="727"/>
							<String ID="string_121" HPOS="741" VPOS="641" WIDTH="69" HEIGHT="28" WC="0.96" CONTENT="undgå"/><SP WIDTH="17" VPOS="641" HPOS="810"/>
							<String ID="string_122" HPOS="827" VPOS="643" WIDTH="30" HEIGHT="20" WC="0.96" CONTENT="att"/><SP WIDTH="17" VPOS="643" HPOS="857"/>
							<String ID="string_123" HPOS="874" VPOS="642" WIDTH="82" HEIGHT="21" WC="0.96" CONTENT="ansluta"/>
						</TextLine>
						<TextLine ID="line_15" HPOS="215" VPOS="675" WIDTH="741" HEIGHT="29">
							<String ID="string_124" HPOS="215" VPOS="677" WIDTH="31" HEIGHT="27" WC="0.96" CONTENT="sig"/><SP WIDTH="13" VPOS="677" HPOS="246"/>
							<String ID="string_125" HPOS="259" VPOS="676" WIDTH="33" HEIGHT="21" WC="0.96" CONTENT="till"/><SP WIDTH="19" VPOS="676" HPOS="292"/>
							<String ID="string_126" HPOS="311" VPOS="676" WIDTH="41" HEIGHT="21" WC="0.93" CONTENT="den"/><SP WIDTH="19" VPOS="676" HPOS="352"/>
							<String ID="string_127" HPOS="371" VPOS="675" WIDTH="58" HEIGHT="29" WC="0.90" CONTENT="åsigt,"/><SP WIDTH="20" VPOS="675" HPOS="429"/>
							<String ID="string_128" HPOS="449" VPOS="677" WIDTH="31" HEIGHT="20" WC="0.96" CONTENT="att"/><SP WIDTH="19" VPOS="677" HPOS="480"/>
							<String ID="string_129" HPOS="499" VPOS="675" WIDTH="35" HEIGHT="22" WC="0.96" CONTENT="det"/><SP WIDTH="18" VPOS="675" HPOS="534"/>
							<String ID="string_130" HPOS="552" VPOS="683" WIDTH="29" HEIGHT="13" WC="0.96" CONTENT="nu"/><SP WIDTH="19" VPOS="683" HPOS="581"/>
							<String ID="string_131" HPOS="600" VPOS="675" WIDTH="115" HEIGHT="28" WC="0.93" CONTENT="föreslagna"/><SP WIDTH="19" VPOS="675" HPOS="715"/>
							<String ID="string_132" HPOS="734" VPOS="683" WIDTH="15" HEIGHT="13" WC="0.92" CONTENT="s."/><SP WIDTH="15" VPOS="683" HPOS="749"/>
							<String ID="string_133" HPOS="764" VPOS="676" WIDTH="21" HEIGHT="20" WC="0.92" CONTENT="k."/><SP WIDTH="15" VPOS="676" HPOS="785"/>
							<String ID="string_134" HPOS="800" VPOS="675" WIDTH="156" HEIGHT="22" WC="0.91" CONTENT="kolonisations-"/>
						</TextLine>
						<TextLine ID="line_16" HPOS="215" VPOS="709" WIDTH="740" HEIGHT="29">
							<String ID="string_135" HPOS="215" VPOS="711" WIDTH="51" HEIGHT="20" WC="0.91" CONTENT="eller"/><SP WIDTH="21" VPOS="711" HPOS="266"/>
							<String ID="string_136" HPOS="287" VPOS="709" WIDTH="154" HEIGHT="28" WC="0.91" CONTENT="farmsystemet"/><SP WIDTH="21" VPOS="709" HPOS="441"/>
							<String ID="string_137" HPOS="462" VPOS="717" WIDTH="48" HEIGHT="20" WC="0.93" CONTENT="eger"/><SP WIDTH="15" VPOS="717" HPOS="510"/>
							<String ID="string_138" HPOS="525" VPOS="709" WIDTH="129" HEIGHT="28" WC="0.92" CONTENT="obestridligt"/><SP WIDTH="18" VPOS="709" HPOS="654"/>
							<String ID="string_139" HPOS="672" VPOS="709" WIDTH="102" HEIGHT="22" WC="0.95" CONTENT="företräde"/><SP WIDTH="16" VPOS="709" HPOS="774"/>
							<String ID="string_140" HPOS="790" VPOS="709" WIDTH="85" HEIGHT="22" WC="0.95" CONTENT="framför"/><SP WIDTH="15" VPOS="709" HPOS="875"/>
							<String ID="string_141" HPOS="890" VPOS="709" WIDTH="65" HEIGHT="29" WC="0.96" CONTENT="öfriga"/>
						</TextLine>
						<TextLine ID="line_17" HPOS="215" VPOS="743" WIDTH="740" HEIGHT="30">
							<String ID="string_142" HPOS="215" VPOS="744" WIDTH="77" HEIGHT="29" WC="0.95" CONTENT="planer,"/><SP WIDTH="16" VPOS="744" HPOS="292"/>
							<String ID="string_143" HPOS="308" VPOS="751" WIDTH="45" HEIGHT="14" WC="0.96" CONTENT="som"/><SP WIDTH="14" VPOS="751" HPOS="353"/>
							<String ID="string_144" HPOS="367" VPOS="743" WIDTH="32" HEIGHT="22" WC="0.93" CONTENT="för"/><SP WIDTH="14" VPOS="743" HPOS="399"/>
							<String ID="string_145" HPOS="413" VPOS="743" WIDTH="236" HEIGHT="28" WC="0.92" CONTENT="dårvårdsinrättningar"/><SP WIDTH="13" VPOS="743" HPOS="649"/>
							<String ID="string_146" HPOS="662" VPOS="743" WIDTH="70" HEIGHT="22" WC="0.95" CONTENT="blifvit"/><SP WIDTH="14" VPOS="743" HPOS="732"/>
							<String ID="string_147" HPOS="746" VPOS="743" WIDTH="64" HEIGHT="28" WC="0.96" CONTENT="följda"/><SP WIDTH="10" VPOS="743" HPOS="810"/>
							<String ID="string_148" HPOS="820" VPOS="744" WIDTH="50" HEIGHT="20" WC="0.93" CONTENT="eller"/><SP WIDTH="12" VPOS="744" HPOS="870"/>
							<String ID="string_149" HPOS="882" VPOS="743" WIDTH="73" HEIGHT="29" WC="0.92" CONTENT="ifråga-"/>
						</TextLine>
						<TextLine ID="line_18" HPOS="215" VPOS="777" WIDTH="741" HEIGHT="29">
							<String ID="string_150" HPOS="215" VPOS="779" WIDTH="59" HEIGHT="20" WC="0.93" CONTENT="satta."/><SP WIDTH="30" VPOS="779" HPOS="274"/>
							<String ID="string_151" HPOS="304" VPOS="777" WIDTH="59" HEIGHT="21" WC="0.90" CONTENT="Emär"/><SP WIDTH="14" VPOS="777" HPOS="363"/>
							<String ID="string_152" HPOS="377" VPOS="777" WIDTH="56" HEIGHT="22" WC="0.96" CONTENT="detta"/><SP WIDTH="14" VPOS="777" HPOS="433"/>
							<String ID="string_153" HPOS="447" VPOS="777" WIDTH="103" HEIGHT="21" WC="0.96" CONTENT="företräde"/><SP WIDTH="14" VPOS="777" HPOS="550"/>
							<String ID="string_154" HPOS="564" VPOS="777" WIDTH="38" HEIGHT="21" WC="0.96" CONTENT="bör"/><SP WIDTH="13" VPOS="777" HPOS="602"/>
							<String ID="string_155" HPOS="615" VPOS="777" WIDTH="79" HEIGHT="28" WC="0.96" CONTENT="framgå"/><SP WIDTH="14" VPOS="777" HPOS="694"/>
							<String ID="string_156" HPOS="708" VPOS="777" WIDTH="24" HEIGHT="20" WC="0.96" CONTENT="af"/><SP WIDTH="11" VPOS="777" HPOS="732"/>
							<String ID="string_157" HPOS="743" VPOS="777" WIDTH="55" HEIGHT="21" WC="0.76" CONTENT="hvad"/><SP WIDTH="10" VPOS="777" HPOS="798"/>
							<String ID="string_158" HPOS="808" VPOS="777" WIDTH="8" HEIGHT="21" WC="0.76" CONTENT="i"/><SP WIDTH="10" VPOS="777" HPOS="816"/>
							<String ID="string_159" HPOS="826" VPOS="777" WIDTH="40" HEIGHT="21" WC="0.96" CONTENT="den"/><SP WIDTH="14" VPOS="777" HPOS="866"/>
							<String ID="string_160" HPOS="880" VPOS="777" WIDTH="76" HEIGHT="29" WC="0.95" CONTENT="nådiga"/>
						</TextLine>
						<TextLine ID="line_19" HPOS="214" VPOS="810" WIDTH="742" HEIGHT="29">
							<String ID="string_161" HPOS="214" VPOS="811" WIDTH="155" HEIGHT="28" WC="0.95" CONTENT="propositionen"/><SP WIDTH="10" VPOS="811" HPOS="369"/>
							<String ID="string_162" HPOS="379" VPOS="811" WIDTH="70" HEIGHT="21" WC="0.96" CONTENT="derom"/><SP WIDTH="15" VPOS="811" HPOS="449"/>
							<String ID="string_163" HPOS="464" VPOS="815" WIDTH="22" HEIGHT="16" WC="0.93" CONTENT="är"/><SP WIDTH="10" VPOS="815" HPOS="486"/>
							<String ID="string_164" HPOS="496" VPOS="810" WIDTH="79" HEIGHT="28" WC="0.90" CONTENT="yttradt"/><SP WIDTH="9" VPOS="810" HPOS="575"/>
							<String ID="string_165" HPOS="584" VPOS="811" WIDTH="39" HEIGHT="20" WC="0.96" CONTENT="och"/><SP WIDTH="10" VPOS="811" HPOS="623"/>
							<String ID="string_166" HPOS="633" VPOS="810" WIDTH="22" HEIGHT="21" WC="0.96" CONTENT="af"/><SP WIDTH="13" VPOS="810" HPOS="655"/>
							<String ID="string_167" HPOS="668" VPOS="810" WIDTH="35" HEIGHT="21" WC="0.96" CONTENT="det"/><SP WIDTH="14" VPOS="810" HPOS="703"/>
							<String ID="string_168" HPOS="717" VPOS="810" WIDTH="62" HEIGHT="22" WC="0.96" CONTENT="ofvan"/><SP WIDTH="14" VPOS="810" HPOS="779"/>
							<String ID="string_169" HPOS="793" VPOS="811" WIDTH="121" HEIGHT="22" WC="0.93" CONTENT="meddelade"/><SP WIDTH="10" VPOS="811" HPOS="914"/>
							<String ID="string_170" HPOS="924" VPOS="814" WIDTH="32" HEIGHT="19" WC="0.92" CONTENT="ut-"/>
						</TextLine>
						<TextLine ID="line_20" HPOS="217" VPOS="844" WIDTH="739" HEIGHT="30">
							<String ID="string_171" HPOS="217" VPOS="845" WIDTH="70" HEIGHT="29" WC="0.96" CONTENT="draget"/><SP WIDTH="8" VPOS="845" HPOS="287"/>
							<String ID="string_172" HPOS="295" VPOS="853" WIDTH="25" HEIGHT="14" WC="0.93" CONTENT="ur"/><SP WIDTH="6" VPOS="853" HPOS="320"/>
							<String ID="string_173" HPOS="326" VPOS="844" WIDTH="103" HEIGHT="23" WC="0.92" CONTENT="komiténs"/><SP WIDTH="8" VPOS="844" HPOS="429"/>
							<String ID="string_174" HPOS="437" VPOS="844" WIDTH="113" HEIGHT="26" WC="0.96" CONTENT="utlåtande,"/><SP WIDTH="10" VPOS="844" HPOS="550"/>
							<String ID="string_175" HPOS="560" VPOS="844" WIDTH="125" HEIGHT="22" WC="0.96" CONTENT="inskränker"/><SP WIDTH="12" VPOS="844" HPOS="685"/>
							<String ID="string_176" HPOS="697" VPOS="845" WIDTH="102" HEIGHT="22" WC="0.96" CONTENT="utskottet"/><SP WIDTH="11" VPOS="845" HPOS="799"/>
							<String ID="string_177" HPOS="810" VPOS="845" WIDTH="32" HEIGHT="29" WC="0.96" CONTENT="sig"/><SP WIDTH="14" VPOS="845" HPOS="842"/>
							<String ID="string_178" HPOS="856" VPOS="845" WIDTH="33" HEIGHT="22" WC="0.96" CONTENT="till"/><SP WIDTH="15" VPOS="845" HPOS="889"/>
							<String ID="string_179" HPOS="904" VPOS="848" WIDTH="30" HEIGHT="19" WC="0.96" CONTENT="att"/><SP WIDTH="14" VPOS="848" HPOS="934"/>
							<String ID="string_180" HPOS="948" VPOS="845" WIDTH="8" HEIGHT="22" WC="0.96" CONTENT="i"/>
						</TextLine>
						<TextLine ID="line_21" HPOS="215" VPOS="878" WIDTH="742" HEIGHT="30">
							<String ID="string_181" HPOS="215" VPOS="879" WIDTH="74" HEIGHT="22" WC="0.96" CONTENT="sådant"/><SP WIDTH="14" VPOS="879" HPOS="289"/>
							<String ID="string_182" HPOS="303" VPOS="879" WIDTH="96" HEIGHT="21" WC="0.96" CONTENT="afseende"/><SP WIDTH="15" VPOS="879" HPOS="399"/>
							<String ID="string_183" HPOS="414" VPOS="879" WIDTH="98" HEIGHT="21" WC="0.91" CONTENT="särskildt"/><SP WIDTH="14" VPOS="879" HPOS="512"/>
							<String ID="string_184" HPOS="526" VPOS="878" WIDTH="109" HEIGHT="22" WC="0.96" CONTENT="framhålla"/><SP WIDTH="9" VPOS="878" HPOS="635"/>
							<String ID="string_185" HPOS="644" VPOS="879" WIDTH="72" HEIGHT="21" WC="0.96" CONTENT="endast"/><SP WIDTH="10" VPOS="879" HPOS="716"/>
							<String ID="string_186" HPOS="726" VPOS="879" WIDTH="40" HEIGHT="21" WC="0.93" CONTENT="den"/><SP WIDTH="10" VPOS="879" HPOS="766"/>
							<String ID="string_187" HPOS="776" VPOS="880" WIDTH="129" HEIGHT="28" WC="0.91" CONTENT="väsendtliga"/><SP WIDTH="10" VPOS="880" HPOS="905"/>
							<String ID="string_188" HPOS="915" VPOS="887" WIDTH="42" HEIGHT="14" WC="0.91" CONTENT="om-"/>
						</TextLine>
						<TextLine ID="line_22" HPOS="215" VPOS="912" WIDTH="742" HEIGHT="30">
							<String ID="string_189" HPOS="215" VPOS="913" WIDTH="124" HEIGHT="28" WC="0.92" CONTENT="ständighet,"/><SP WIDTH="16" VPOS="913" HPOS="339"/>
							<String ID="string_190" HPOS="355" VPOS="915" WIDTH="30" HEIGHT="19" WC="0.96" CONTENT="att"/><SP WIDTH="14" VPOS="915" HPOS="385"/>
							<String ID="string_191" HPOS="399" VPOS="912" WIDTH="155" HEIGHT="29" WC="0.95" CONTENT="ifrågavarande"/><SP WIDTH="17" VPOS="912" HPOS="554"/>
							<String ID="string_192" HPOS="571" VPOS="914" WIDTH="78" HEIGHT="27" WC="0.93" CONTENT="system"/><SP WIDTH="15" VPOS="914" HPOS="649"/>
							<String ID="string_193" HPOS="664" VPOS="912" WIDTH="139" HEIGHT="23" WC="0.92" CONTENT="öfverhufvud"/><SP WIDTH="9" VPOS="912" HPOS="803"/>
							<String ID="string_194" HPOS="812" VPOS="914" WIDTH="81" HEIGHT="21" WC="0.92" CONTENT="lemnar"/><SP WIDTH="13" VPOS="914" HPOS="893"/>
							<String ID="string_195" HPOS="906" VPOS="914" WIDTH="51" HEIGHT="28" WC="0.92" CONTENT="möj-"/>
						</TextLine>
						<TextLine ID="line_23" HPOS="216" VPOS="947" WIDTH="741" HEIGHT="29">
							<String ID="string_196" HPOS="216" VPOS="948" WIDTH="65" HEIGHT="28" WC="0.96" CONTENT="lighet"/><SP WIDTH="14" VPOS="948" HPOS="281"/>
							<String ID="string_197" HPOS="295" VPOS="947" WIDTH="34" HEIGHT="22" WC="0.96" CONTENT="till"/><SP WIDTH="14" VPOS="947" HPOS="329"/>
							<String ID="string_198" HPOS="343" VPOS="947" WIDTH="36" HEIGHT="21" WC="0.96" CONTENT="det"/><SP WIDTH="13" VPOS="947" HPOS="379"/>
							<String ID="string_199" HPOS="392" VPOS="949" WIDTH="54" HEIGHT="19" WC="0.96" CONTENT="mest"/><SP WIDTH="10" VPOS="949" HPOS="446"/>
							<String ID="string_200" HPOS="456" VPOS="947" WIDTH="129" HEIGHT="28" WC="0.95" CONTENT="mångsidiga"/><SP WIDTH="14" VPOS="947" HPOS="585"/>
							<String ID="string_201" HPOS="599" VPOS="947" WIDTH="132" HEIGHT="28" WC="0.96" CONTENT="iakttagande"/><SP WIDTH="15" VPOS="947" HPOS="731"/>
							<String ID="string_202" HPOS="746" VPOS="947" WIDTH="23" HEIGHT="21" WC="0.96" CONTENT="af"/><SP WIDTH="12" VPOS="947" HPOS="769"/>
							<String ID="string_203" HPOS="781" VPOS="947" WIDTH="55" HEIGHT="22" WC="0.96" CONTENT="hvad"/><SP WIDTH="15" VPOS="947" HPOS="836"/>
							<String ID="string_204" HPOS="851" VPOS="947" WIDTH="36" HEIGHT="22" WC="0.96" CONTENT="vid"/><SP WIDTH="14" VPOS="947" HPOS="887"/>
							<String ID="string_205" HPOS="901" VPOS="947" WIDTH="56" HEIGHT="22" WC="0.96" CONTENT="olika"/>
						</TextLine>
						<TextLine ID="line_24" HPOS="216" VPOS="980" WIDTH="741" HEIGHT="29">
							<String ID="string_206" HPOS="216" VPOS="981" WIDTH="77" HEIGHT="22" WC="0.95" CONTENT="stadier"/><SP WIDTH="10" VPOS="981" HPOS="293"/>
							<String ID="string_207" HPOS="303" VPOS="981" WIDTH="23" HEIGHT="21" WC="0.93" CONTENT="af"/><SP WIDTH="7" VPOS="981" HPOS="326"/>
							<String ID="string_208" HPOS="333" VPOS="980" WIDTH="174" HEIGHT="29" WC="0.91" CONTENT="sinnesrubbning"/><SP WIDTH="9" VPOS="980" HPOS="507"/>
							<String ID="string_209" HPOS="516" VPOS="981" WIDTH="42" HEIGHT="20" WC="0.96" CONTENT="kan"/><SP WIDTH="10" VPOS="981" HPOS="558"/>
							<String ID="string_210" HPOS="568" VPOS="988" WIDTH="50" HEIGHT="14" WC="0.96" CONTENT="vara"/><SP WIDTH="13" VPOS="988" HPOS="618"/>
							<String ID="string_211" HPOS="631" VPOS="980" WIDTH="33" HEIGHT="21" WC="0.96" CONTENT="för"/><SP WIDTH="14" VPOS="980" HPOS="664"/>
							<String ID="string_212" HPOS="678" VPOS="981" WIDTH="25" HEIGHT="21" WC="0.92" CONTENT="de"/><SP WIDTH="15" VPOS="981" HPOS="703"/>
							<String ID="string_213" HPOS="718" VPOS="981" WIDTH="70" HEIGHT="28" WC="0.92" CONTENT="sjukes"/><SP WIDTH="16" VPOS="981" HPOS="788"/>
							<String ID="string_214" HPOS="804" VPOS="981" WIDTH="87" HEIGHT="22" WC="0.92" CONTENT="botande"/><SP WIDTH="15" VPOS="981" HPOS="891"/>
							<String ID="string_215" HPOS="906" VPOS="982" WIDTH="51" HEIGHT="21" WC="0.96" CONTENT="eller"/>
						</TextLine>
						<TextLine ID="line_25" HPOS="216" VPOS="1014" WIDTH="741" HEIGHT="30">
							<String ID="string_216" HPOS="216" VPOS="1015" WIDTH="51" HEIGHT="22" WC="0.93" CONTENT="vård"/><SP WIDTH="13" VPOS="1015" HPOS="267"/>
							<String ID="string_217" HPOS="280" VPOS="1015" WIDTH="106" HEIGHT="28" WC="0.90" CONTENT="gagneligt"/><SP WIDTH="15" VPOS="1015" HPOS="386"/>
							<String ID="string_218" HPOS="401" VPOS="1015" WIDTH="51" HEIGHT="21" WC="0.96" CONTENT="eller"/><SP WIDTH="13" VPOS="1015" HPOS="452"/>
							<String ID="string_219" HPOS="465" VPOS="1015" WIDTH="23" HEIGHT="20" WC="0.96" CONTENT="af"/><SP WIDTH="12" VPOS="1015" HPOS="488"/>
							<String ID="string_220" HPOS="500" VPOS="1015" WIDTH="74" HEIGHT="21" WC="0.96" CONTENT="nöden."/><SP WIDTH="31" VPOS="1015" HPOS="574"/>
							<String ID="string_221" HPOS="605" VPOS="1014" WIDTH="46" HEIGHT="22" WC="0.90" CONTENT="Och"/><SP WIDTH="14" VPOS="1014" HPOS="651"/>
							<String ID="string_222" HPOS="665" VPOS="1022" WIDTH="61" HEIGHT="13" WC="0.96" CONTENT="anser"/><SP WIDTH="14" VPOS="1022" HPOS="726"/>
							<String ID="string_223" HPOS="740" VPOS="1015" WIDTH="102" HEIGHT="22" WC="0.95" CONTENT="utskottet"/><SP WIDTH="9" VPOS="1015" HPOS="842"/>
							<String ID="string_224" HPOS="851" VPOS="1016" WIDTH="61" HEIGHT="21" WC="0.93" CONTENT="alltså"/><SP WIDTH="9" VPOS="1016" HPOS="912"/>
							<String ID="string_225" HPOS="921" VPOS="1016" WIDTH="36" HEIGHT="28" WC="0.92" CONTENT="gil-"/>
						</TextLine>
						<TextLine ID="line_26" HPOS="216" VPOS="1048" WIDTH="742" HEIGHT="29">
							<String ID="string_226" HPOS="216" VPOS="1049" WIDTH="31" HEIGHT="28" WC="0.96" CONTENT="tig"/><SP WIDTH="14" VPOS="1049" HPOS="247"/>
							<String ID="string_227" HPOS="261" VPOS="1048" WIDTH="112" HEIGHT="29" WC="0.93" CONTENT="anledning"/><SP WIDTH="22" VPOS="1048" HPOS="373"/>
							<String ID="string_228" HPOS="395" VPOS="1048" WIDTH="116" HEIGHT="26" WC="0.90" CONTENT="förefinnas,"/><SP WIDTH="21" VPOS="1048" HPOS="511"/>
							<String ID="string_229" HPOS="532" VPOS="1050" WIDTH="30" HEIGHT="20" WC="0.96" CONTENT="att"/><SP WIDTH="15" VPOS="1050" HPOS="562"/>
							<String ID="string_230" HPOS="577" VPOS="1048" WIDTH="36" HEIGHT="22" WC="0.93" CONTENT="vid"/><SP WIDTH="21" VPOS="1048" HPOS="613"/>
							<String ID="string_231" HPOS="634" VPOS="1049" WIDTH="189" HEIGHT="28" WC="0.91" CONTENT="reorganisationen"/><SP WIDTH="15" VPOS="1049" HPOS="823"/>
							<String ID="string_232" HPOS="838" VPOS="1049" WIDTH="23" HEIGHT="22" WC="0.93" CONTENT="af"/><SP WIDTH="16" VPOS="1049" HPOS="861"/>
							<String ID="string_233" HPOS="877" VPOS="1050" WIDTH="81" HEIGHT="22" WC="0.91" CONTENT="dårvår-"/>
						</TextLine>
						<TextLine ID="line_27" HPOS="216" VPOS="1082" WIDTH="742" HEIGHT="30">
							<String ID="string_234" HPOS="216" VPOS="1083" WIDTH="40" HEIGHT="20" WC="0.96" CONTENT="den"/><SP WIDTH="10" VPOS="1083" HPOS="256"/>
							<String ID="string_235" HPOS="266" VPOS="1083" WIDTH="8" HEIGHT="20" WC="0.96" CONTENT="i"/><SP WIDTH="9" VPOS="1083" HPOS="274"/>
							<String ID="string_236" HPOS="283" VPOS="1082" WIDTH="71" HEIGHT="21" WC="0.95" CONTENT="landet"/><SP WIDTH="9" VPOS="1082" HPOS="354"/>
							<String ID="string_237" HPOS="363" VPOS="1082" WIDTH="94" HEIGHT="28" WC="0.96" CONTENT="tillämpa"/><SP WIDTH="10" VPOS="1082" HPOS="457"/>
							<String ID="string_238" HPOS="467" VPOS="1082" WIDTH="35" HEIGHT="21" WC="0.95" CONTENT="det"/><SP WIDTH="10" VPOS="1082" HPOS="502"/>
							<String ID="string_239" HPOS="512" VPOS="1082" WIDTH="7" HEIGHT="21" WC="0.95" CONTENT="i"/><SP WIDTH="11" VPOS="1082" HPOS="519"/>
							<String ID="string_240" HPOS="530" VPOS="1083" WIDTH="39" HEIGHT="20" WC="0.96" CONTENT="den"/><SP WIDTH="16" VPOS="1083" HPOS="569"/>
							<String ID="string_241" HPOS="585" VPOS="1082" WIDTH="74" HEIGHT="27" WC="0.96" CONTENT="nådiga"/><SP WIDTH="14" VPOS="1082" HPOS="659"/>
							<String ID="string_242" HPOS="673" VPOS="1083" WIDTH="155" HEIGHT="28" WC="0.96" CONTENT="propositionen"/><SP WIDTH="14" VPOS="1083" HPOS="828"/>
							<String ID="string_243" HPOS="842" VPOS="1083" WIDTH="116" HEIGHT="29" WC="0.96" CONTENT="föreslagna"/>
						</TextLine>
						<TextLine ID="line_28" HPOS="216" VPOS="1117" WIDTH="84" HEIGHT="26">
							<String ID="string_244" HPOS="216" VPOS="1117" WIDTH="84" HEIGHT="26" WC="0.96" CONTENT="system."/>
						</TextLine>
					</TextBlock>
					<TextBlock ID="block_3" HPOS="217" VPOS="1149" WIDTH="740" HEIGHT="62">
						<TextLine ID="line_29" HPOS="284" VPOS="1149" WIDTH="673" HEIGHT="29">
							<String ID="string_245" HPOS="284" VPOS="1149" WIDTH="134" HEIGHT="21" WC="0.96" CONTENT="Beträffande"/><SP WIDTH="22" VPOS="1149" HPOS="418"/>
							<String ID="string_246" HPOS="440" VPOS="1150" WIDTH="63" HEIGHT="20" WC="0.96" CONTENT="sättet"/><SP WIDTH="21" VPOS="1150" HPOS="503"/>
							<String ID="string_247" HPOS="524" VPOS="1149" WIDTH="31" HEIGHT="21" WC="0.93" CONTENT="för"/><SP WIDTH="14" VPOS="1149" HPOS="555"/>
							<String ID="string_248" HPOS="569" VPOS="1149" WIDTH="199" HEIGHT="28" WC="0.91" CONTENT="reorganisationens"/><SP WIDTH="22" VPOS="1149" HPOS="768"/>
							<String ID="string_249" HPOS="790" VPOS="1150" WIDTH="167" HEIGHT="28" WC="0.96" CONTENT="genomförande,"/>
						</TextLine>
						<TextLine ID="line_30" HPOS="217" VPOS="1182" WIDTH="677" HEIGHT="29">
							<String ID="string_250" HPOS="217" VPOS="1190" WIDTH="61" HEIGHT="21" WC="0.96" CONTENT="synes"/><SP WIDTH="15" VPOS="1190" HPOS="278"/>
							<String ID="string_251" HPOS="293" VPOS="1182" WIDTH="90" HEIGHT="28" WC="0.96" CONTENT="följande"/><SP WIDTH="16" VPOS="1182" HPOS="383"/>
							<String ID="string_252" HPOS="399" VPOS="1183" WIDTH="175" HEIGHT="28" WC="0.96" CONTENT="omständigheter"/><SP WIDTH="14" VPOS="1183" HPOS="574"/>
							<String ID="string_253" HPOS="588" VPOS="1184" WIDTH="50" HEIGHT="20" WC="0.96" CONTENT="böra"/><SP WIDTH="14" VPOS="1184" HPOS="638"/>
							<String ID="string_254" HPOS="652" VPOS="1183" WIDTH="98" HEIGHT="22" WC="0.96" CONTENT="särskildt"/><SP WIDTH="14" VPOS="1183" HPOS="750"/>
							<String ID="string_255" HPOS="764" VPOS="1183" WIDTH="130" HEIGHT="22" WC="0.87" CONTENT="framhållas"/><SP WIDTH="-9" VPOS="1183" HPOS="894"/>
							<String ID="string_256" HPOS="885" VPOS="1178" WIDTH="13" HEIGHT="37" WC="0.87" CONTENT=":"/>
						</TextLine>
					</TextBlock>
					<TextBlock ID="block_4" HPOS="216" VPOS="1215" WIDTH="743" HEIGHT="129">
						<TextLine ID="line_31" HPOS="286" VPOS="1215" WIDTH="673" HEIGHT="30">
							<String ID="string_257" HPOS="286" VPOS="1217" WIDTH="39" HEIGHT="26" WC="0.91" CONTENT="1:0)"/><SP WIDTH="15" VPOS="1217" HPOS="325"/>
							<String ID="string_258" HPOS="340" VPOS="1216" WIDTH="44" HEIGHT="21" WC="0.96" CONTENT="Det"/><SP WIDTH="14" VPOS="1216" HPOS="384"/>
							<String ID="string_259" HPOS="398" VPOS="1215" WIDTH="85" HEIGHT="22" WC="0.96" CONTENT="föreslås"/><SP WIDTH="13" VPOS="1215" HPOS="483"/>
							<String ID="string_260" HPOS="496" VPOS="1218" WIDTH="32" HEIGHT="19" WC="0.96" CONTENT="att"/><SP WIDTH="14" VPOS="1218" HPOS="528"/>
							<String ID="string_261" HPOS="542" VPOS="1215" WIDTH="43" HEIGHT="22" WC="0.93" CONTENT="fem"/><SP WIDTH="19" VPOS="1215" HPOS="585"/>
							<String ID="string_262" HPOS="604" VPOS="1217" WIDTH="239" HEIGHT="28" WC="0.91" CONTENT="upptagningsanstalter"/><SP WIDTH="13" VPOS="1217" HPOS="843"/>
							<String ID="string_263" HPOS="856" VPOS="1217" WIDTH="59" HEIGHT="22" WC="0.93" CONTENT="skola"/><SP WIDTH="14" VPOS="1217" HPOS="915"/>
							<String ID="string_264" HPOS="929" VPOS="1217" WIDTH="30" HEIGHT="21" WC="0.91" CONTENT="in-"/>
						</TextLine>
						<TextLine ID="line_32" HPOS="216" VPOS="1245" WIDTH="743" HEIGHT="33">
							<String ID="string_265" HPOS="216" VPOS="1252" WIDTH="70" HEIGHT="22" WC="0.96" CONTENT="rättas,"/><SP WIDTH="22" VPOS="1252" HPOS="286"/>
							<String ID="string_266" HPOS="308" VPOS="1249" WIDTH="106" HEIGHT="27" WC="0.96" CONTENT="nämligen"/><SP WIDTH="15" VPOS="1249" HPOS="414"/>
							<String ID="string_267" HPOS="429" VPOS="1249" WIDTH="7" HEIGHT="20" WC="0.96" CONTENT="i"/><SP WIDTH="14" VPOS="1249" HPOS="436"/>
							<String ID="string_268" HPOS="450" VPOS="1249" WIDTH="110" HEIGHT="28" WC="0.93" CONTENT="Uleåborg,"/><SP WIDTH="20" VPOS="1249" HPOS="560"/>
							<String ID="string_269" HPOS="580" VPOS="1249" WIDTH="138" HEIGHT="26" WC="0.92" CONTENT="Nikolaistad,"/><SP WIDTH="18" VPOS="1249" HPOS="718"/>
							<String ID="string_270" HPOS="736" VPOS="1245" WIDTH="52" HEIGHT="30" WC="0.93" CONTENT="Åbo,"/><SP WIDTH="22" VPOS="1245" HPOS="788"/>
							<String ID="string_271" HPOS="810" VPOS="1251" WIDTH="89" HEIGHT="27" WC="0.91" CONTENT="Wiborg"/><SP WIDTH="21" VPOS="1251" HPOS="899"/>
							<String ID="string_272" HPOS="920" VPOS="1251" WIDTH="39" HEIGHT="20" WC="0.96" CONTENT="och"/>
						</TextLine>
						<TextLine ID="line_33" HPOS="218" VPOS="1282" WIDTH="739" HEIGHT="27">
							<String ID="string_273" HPOS="218" VPOS="1283" WIDTH="32" HEIGHT="20" WC="0.96" CONTENT="S:t"/><SP WIDTH="15" VPOS="1283" HPOS="250"/>
							<String ID="string_274" HPOS="265" VPOS="1282" WIDTH="79" HEIGHT="21" WC="0.95" CONTENT="Michel"/><SP WIDTH="14" VPOS="1282" HPOS="344"/>
							<String ID="string_275" HPOS="358" VPOS="1284" WIDTH="53" HEIGHT="19" WC="0.96" CONTENT="samt"/><SP WIDTH="21" VPOS="1284" HPOS="411"/>
							<String ID="string_276" HPOS="432" VPOS="1284" WIDTH="78" HEIGHT="19" WC="0.96" CONTENT="tvenne"/><SP WIDTH="14" VPOS="1284" HPOS="510"/>
							<String ID="string_277" HPOS="524" VPOS="1283" WIDTH="147" HEIGHT="21" WC="0.93" CONTENT="kombinerade"/><SP WIDTH="15" VPOS="1283" HPOS="671"/>
							<String ID="string_278" HPOS="686" VPOS="1283" WIDTH="48" HEIGHT="21" WC="0.92" CONTENT="kur-"/><SP WIDTH="14" VPOS="1283" HPOS="734"/>
							<String ID="string_279" HPOS="748" VPOS="1284" WIDTH="39" HEIGHT="20" WC="0.93" CONTENT="och"/><SP WIDTH="14" VPOS="1284" HPOS="787"/>
							<String ID="string_280" HPOS="801" VPOS="1283" WIDTH="156" HEIGHT="26" WC="0.92" CONTENT="vårdanstalter,"/>
						</TextLine>
						<TextLine ID="line_34" HPOS="217" VPOS="1315" WIDTH="374" HEIGHT="29">
							<String ID="string_281" HPOS="217" VPOS="1315" WIDTH="59" HEIGHT="22" WC="0.95" CONTENT="invid"/><SP WIDTH="14" VPOS="1315" HPOS="276"/>
							<String ID="string_282" HPOS="290" VPOS="1315" WIDTH="86" HEIGHT="29" WC="0.96" CONTENT="Kuopio"/><SP WIDTH="15" VPOS="1315" HPOS="376"/>
							<String ID="string_283" HPOS="391" VPOS="1316" WIDTH="39" HEIGHT="21" WC="0.96" CONTENT="och"/><SP WIDTH="15" VPOS="1316" HPOS="430"/>
							<String ID="string_284" HPOS="445" VPOS="1315" WIDTH="146" HEIGHT="23" WC="0.96" CONTENT="Tammerfors."/>
						</TextLine>
					</TextBlock>
					<TextBlock ID="block_5" HPOS="216" VPOS="1350" WIDTH="744" HEIGHT="133">
						<TextLine ID="line_35" HPOS="285" VPOS="1350" WIDTH="675" HEIGHT="30">
							<String ID="string_285" HPOS="285" VPOS="1350" WIDTH="77" HEIGHT="21" WC="0.96" CONTENT="Denna"/><SP WIDTH="21" VPOS="1350" HPOS="362"/>
							<String ID="string_286" HPOS="383" VPOS="1350" WIDTH="105" HEIGHT="28" WC="0.96" CONTENT="placering"/><SP WIDTH="21" VPOS="1350" HPOS="488"/>
							<String ID="string_287" HPOS="509" VPOS="1350" WIDTH="38" HEIGHT="21" WC="0.96" CONTENT="har"/><SP WIDTH="14" VPOS="1350" HPOS="547"/>
							<String ID="string_288" HPOS="561" VPOS="1351" WIDTH="102" HEIGHT="21" WC="0.96" CONTENT="utskottet"/><SP WIDTH="21" VPOS="1351" HPOS="663"/>
							<String ID="string_289" HPOS="684" VPOS="1351" WIDTH="70" HEIGHT="22" WC="0.96" CONTENT="funnit"/><SP WIDTH="21" VPOS="1351" HPOS="754"/>
							<String ID="string_290" HPOS="775" VPOS="1351" WIDTH="134" HEIGHT="29" WC="0.95" CONTENT="synnerligen"/><SP WIDTH="17" VPOS="1351" HPOS="909"/>
							<String ID="string_291" HPOS="926" VPOS="1353" WIDTH="34" HEIGHT="20" WC="0.96" CONTENT="väl"/>
						</TextLine>
						<TextLine ID="line_36" HPOS="217" VPOS="1383" WIDTH="742" HEIGHT="31">
							<String ID="string_292" HPOS="217" VPOS="1383" WIDTH="100" HEIGHT="30" WC="0.95" CONTENT="grundad."/><SP WIDTH="30" VPOS="1383" HPOS="317"/>
							<String ID="string_293" HPOS="347" VPOS="1383" WIDTH="34" HEIGHT="22" WC="0.96" CONTENT="De"/><SP WIDTH="24" VPOS="1383" HPOS="381"/>
							<String ID="string_294" HPOS="405" VPOS="1384" WIDTH="147" HEIGHT="21" WC="0.93" CONTENT="kombinerade"/><SP WIDTH="15" VPOS="1384" HPOS="552"/>
							<String ID="string_295" HPOS="567" VPOS="1384" WIDTH="103" HEIGHT="22" WC="0.92" CONTENT="dårhusen"/><SP WIDTH="22" VPOS="1384" HPOS="670"/>
							<String ID="string_296" HPOS="692" VPOS="1385" WIDTH="35" HEIGHT="22" WC="0.96" CONTENT="vid"/><SP WIDTH="14" VPOS="1385" HPOS="727"/>
							<String ID="string_297" HPOS="741" VPOS="1385" WIDTH="87" HEIGHT="29" WC="0.96" CONTENT="Kuopio"/><SP WIDTH="17" VPOS="1385" HPOS="828"/>
							<String ID="string_298" HPOS="845" VPOS="1386" WIDTH="39" HEIGHT="21" WC="0.93" CONTENT="och"/><SP WIDTH="15" VPOS="1386" HPOS="884"/>
							<String ID="string_299" HPOS="899" VPOS="1386" WIDTH="60" HEIGHT="21" WC="0.90" CONTENT="Tam-"/>
						</TextLine>
						<TextLine ID="line_37" HPOS="217" VPOS="1418" WIDTH="742" HEIGHT="30">
							<String ID="string_300" HPOS="217" VPOS="1418" WIDTH="86" HEIGHT="22" WC="0.92" CONTENT="merfors"/><SP WIDTH="10" VPOS="1418" HPOS="303"/>
							<String ID="string_301" HPOS="313" VPOS="1418" WIDTH="76" HEIGHT="22" WC="0.96" CONTENT="liksom"/><SP WIDTH="10" VPOS="1418" HPOS="389"/>
							<String ID="string_302" HPOS="399" VPOS="1418" WIDTH="38" HEIGHT="22" WC="0.93" CONTENT="ock"/><SP WIDTH="10" VPOS="1418" HPOS="437"/>
							<String ID="string_303" HPOS="447" VPOS="1418" WIDTH="108" HEIGHT="30" WC="0.91" CONTENT="Lappviks"/><SP WIDTH="15" VPOS="1418" HPOS="555"/>
							<String ID="string_304" HPOS="570" VPOS="1419" WIDTH="87" HEIGHT="29" WC="0.96" CONTENT="sjukhus"/><SP WIDTH="14" VPOS="1419" HPOS="657"/>
							<String ID="string_305" HPOS="671" VPOS="1419" WIDTH="59" HEIGHT="22" WC="0.96" CONTENT="invid"/><SP WIDTH="10" VPOS="1419" HPOS="730"/>
							<String ID="string_306" HPOS="740" VPOS="1419" WIDTH="132" HEIGHT="29" WC="0.95" CONTENT="Helsingfors"/><SP WIDTH="15" VPOS="1419" HPOS="872"/>
							<String ID="string_307" HPOS="887" VPOS="1420" WIDTH="72" HEIGHT="22" WC="0.96" CONTENT="kunna"/>
						</TextLine>
						<TextLine ID="line_38" HPOS="216" VPOS="1452" WIDTH="742" HEIGHT="31">
							<String ID="string_308" HPOS="216" VPOS="1452" WIDTH="133" HEIGHT="29" WC="0.96" CONTENT="naturligtvis"/><SP WIDTH="15" VPOS="1452" HPOS="349"/>
							<String ID="string_309" HPOS="364" VPOS="1452" WIDTH="31" HEIGHT="22" WC="0.96" CONTENT="för"/><SP WIDTH="19" VPOS="1452" HPOS="395"/>
							<String ID="string_310" HPOS="414" VPOS="1453" WIDTH="40" HEIGHT="21" WC="0.96" CONTENT="den"/><SP WIDTH="21" VPOS="1453" HPOS="454"/>
							<String ID="string_311" HPOS="475" VPOS="1458" WIDTH="94" HEIGHT="17" WC="0.93" CONTENT="närmare"/><SP WIDTH="23" VPOS="1458" HPOS="569"/>
							<String ID="string_312" HPOS="592" VPOS="1453" WIDTH="109" HEIGHT="29" WC="0.90" CONTENT="omnejden"/><SP WIDTH="22" VPOS="1453" HPOS="701"/>
							<String ID="string_313" HPOS="723" VPOS="1454" WIDTH="69" HEIGHT="22" WC="0.96" CONTENT="tillika"/><SP WIDTH="21" VPOS="1454" HPOS="792"/>
							<String ID="string_314" HPOS="813" VPOS="1454" WIDTH="56" HEIGHT="29" WC="0.95" CONTENT="tjena"/><SP WIDTH="22" VPOS="1454" HPOS="869"/>
							<String ID="string_315" HPOS="891" VPOS="1455" WIDTH="67" HEIGHT="22" WC="0.96" CONTENT="såsom"/>
						</TextLine>
					</TextBlock>
					<TextBlock ID="block_6" HPOS="285" VPOS="1492" WIDTH="658" HEIGHT="20">
						<TextLine ID="line_39" HPOS="285" VPOS="1492" WIDTH="658" HEIGHT="20">
							<String ID="string_316" HPOS="285" VPOS="1492" WIDTH="139" HEIGHT="18" WC="0.90" CONTENT="Sammansatta"/><SP WIDTH="12" VPOS="1492" HPOS="424"/>
							<String ID="string_317" HPOS="436" VPOS="1493" WIDTH="59" HEIGHT="18" WC="0.92" CONTENT="Stats-"/><SP WIDTH="13" VPOS="1493" HPOS="495"/>
							<String ID="string_318" HPOS="508" VPOS="1494" WIDTH="31" HEIGHT="17" WC="0.93" CONTENT="och"/><SP WIDTH="12" VPOS="1494" HPOS="539"/>
							<String ID="string_319" HPOS="551" VPOS="1493" WIDTH="195" HEIGHT="19" WC="0.89" CONTENT="Ekonomieutskottets"/><SP WIDTH="12" VPOS="1493" HPOS="746"/>
							<String ID="string_320" HPOS="758" VPOS="1494" WIDTH="109" HEIGHT="18" WC="0.96" CONTENT="betänkande"/><SP WIDTH="12" VPOS="1494" HPOS="867"/>
							<String ID="string_321" HPOS="879" VPOS="1494" WIDTH="36" HEIGHT="18" WC="0.94" CONTENT="N:o"/><SP WIDTH="12" VPOS="1494" HPOS="915"/>
							<String ID="string_322" HPOS="927" VPOS="1496" WIDTH="16" HEIGHT="16" WC="0.92" CONTENT="1."/>
						</TextLine>
					</TextBlock>
				</ComposedBlock>
			</PrintSpace>
		</Page>
	</Layout>
</alto>
