1070 1711
239 148 13 19 8
531 147 53 21 N:o
600 146 49 23 31.

209 220 49 15 rum
280 214 40 21 och
342 215 86 25 gvarter
450 214 34 21 för
502 214 199 27 lärarepersonalen
716 214 36 21 vid
768 215 26 20 de
810 214 70 21 skilda
895 214 68 21 afdel-

210 249 104 26 ningarne
341 250 56 19 samt
419 248 199 27 ekonomibyggnad
641 248 39 21 och
703 249 200 26 uthusbyggnader,
927 248 35 21 för

210 282 74 20 hvilka
299 282 119 21 kostnaden
434 282 18 26 ej
469 284 56 19 ännu
541 282 82 21 kunnat
638 282 113 26 beräknas,
768 283 30 20 ett
809 281 66 27 årligt
885 282 76 26 anslag

210 316 34 21 till
266 316 209 26 lärarepersonalens
491 316 100 26 aflöning,
607 316 126 21 konviktets
748 315 119 27 underhåll,
884 316 79 21 under-

210 350 194 26 visningsmateriel
419 356 28 15 m.
462 357 27 14 m.
506 351 23 21 af
543 351 78 25 24,300
636 350 68 21 mark.

281 386 40 19 4:0.
352 384 10 21 I
382 384 115 27 anledning
512 385 23 21 af
549 384 63 22 väckt
626 384 62 27 fråga
704 390 33 16 om
754 391 25 14 en
795 385 23 21 af
831 384 130 22 förändrade

210 419 192 21 tidsförhållanden
422 418 101 27 påkallad
541 419 121 26 förhöjning
680 419 7 20 i
703 419 259 21 folkskolläraresemina-

210 453 83 20 riernas
315 453 7 20 i
346 453 72 20 landet
440 452 113 27 aflönings-
573 453 38 20 och
626 453 153 26 utgiftsstater,
796 453 39 20 har
851 449 108 30 Öfversty-

210 487 70 20 relsen
298 486 33 21 för
351 487 157 26 skolväsendet,
525 487 67 27 enligt
607 487 123 21 densamma
746 487 93 21 lemnadt
854 487 106 27 uppdrag,

209 521 88 21 insändt
312 521 81 26 förslag
408 521 33 21 till
456 527 42 20 nya
514 523 67 20 stater
596 521 34 22 för
645 522 100 26 samtliga
763 521 125 22 seminarier
904 523 55 20 samt

210 556 81 20 anmält
309 557 37 24 att,
363 555 35 21 vid
413 556 149 26 uppgörandet
577 555 23 21 af
614 556 63 20 dessa
692 556 87 26 förslag,
795 556 83 26 hänsyn
893 556 67 26 tagits

212 590 71 20 dertill
305 591 33 19 att
360 590 197 26 lärarepersonalen
577 590 34 21 vid
631 590 154 21 seminarierna
799 590 39 21 har
853 596 32 19 en,
901 590 7 20 i
924 596 39 15 an-

211 624 77 21 seende
311 624 33 20 till
363 623 50 21 flere
432 624 253 27 undervisningstimmar
700 625 7 20 i
724 624 78 21 veckan
819 625 38 20 och
873 624 87 21 kortare

210 658 71 26 ferier,
302 658 165 26 arbetsdrygare
483 658 66 26 tjenst
564 661 27 18 än
606 658 98 22 lärarene
719 659 36 21 vid
770 659 83 20 landets
869 659 93 21 elemen-

210 693 140 25 tarläroverk,
373 692 73 21 hvilka
468 693 47 21 åter
533 699 75 21 genom
624 693 26 21 de
665 693 8 21 i
688 693 85 27 Nådiga
789 693 171 26 Skolordningen

210 727 40 21 den
270 728 12 19 8
301 727 91 26 Augusti
414 728 53 20 1872
483 726 123 22 fastställda
622 728 68 20 stater
705 727 87 21 erhållit
807 727 130 27 förbättring
952 727 7 21 i

210 762 46 20 sina
271 761 163 25 löneförmåner,
446 762 39 20 och
496 763 32 19 att
538 761 229 21 lefnadskostnaderna
783 762 104 26 betydligt
898 761 63 21 ökats

210 796 66 20 sedan
292 797 69 19 staten
377 795 33 21 för
426 796 123 20 seminariet
565 796 7 20 i
587 796 117 26 Jyväskylä
714 796 115 22 faststälts,
841 796 54 21 efter
906 796 53 20 hvil-

209 830 42 21 ken
274 831 95 19 staterna
391 829 33 21 för
447 830 85 20 Ekenäs
551 830 39 20 och
609 829 122 27 Nykarleby
748 830 125 21 seminarier
889 830 73 21 seder-

209 870 58 15 mera
283 864 70 20 blifvit
368 863 103 26 lämpade,
488 863 99 22 hvarföre
607 860 171 30 Öfverstyrelsen
795 866 70 19 ansett
881 871 25 14 en
917 864 44 21 till-

210 898 78 26 ökning
304 898 6 20 i
326 897 100 26 samtliga
450 898 200 21 seminarii-lärares
667 898 38 21 och
721 898 131 21 lärarinnors
868 899 92 21 löneför-

208 933 74 20 mäner
298 938 50 14 vara
364 931 68 26 skälig
449 932 38 20 och
502 932 71 26 nödig,
593 932 85 21 hvilken
696 932 115 27 tillökning
829 932 130 22 hufvudsak-

208 967 58 26 ligen
281 966 123 26 föreslagits
421 966 5 19 i
442 965 54 21 form
512 966 23 21 af
548 966 99 27 förhöjda
662 967 139 26 hyresmedel,
819 967 90 20 sålunda
928 969 32 19 att

209 1001 63 20 dessa
287 1000 33 21 för
335 1000 97 21 lärarene
447 1000 109 27 förhöjdes
571 1001 47 20 från
634 1002 41 19 400
692 1000 12 21 å
720 1002 40 19 500
776 1002 33 20 till
821 1002 41 19 800
873 1001 12 21 å
898 1002 62 26 1,000

208 1035 60 21 mark
292 1036 54 19 samt
369 1034 33 21 för
418 1034 149 22 lärarinnorna
581 1035 47 20 från
645 1036 41 20 200
702 1034 12 21 å
730 1036 40 19 250
786 1036 33 20 till
835 1036 41 20 500
891 1036 67 26 mark,

208 1069 39 21 allt
261 1069 68 20 under
343 1069 156 26 förutsättning
515 1071 32 19 att
561 1069 199 26 lärarepersonalen
777 1070 69 21 skulle
862 1070 96 21 bibehål-

207 1103 32 20 las
255 1104 36 19 vid
307 1103 25 20 de
347 1103 108 20 förmåner
469 1103 7 20 i
492 1103 100 21 afseende
608 1104 12 19 å
635 1103 172 27 löneförhöjning
823 1104 39 21 och
873 1105 85 26 pensio-

207 1137 75 26 nering
305 1137 122 20 densamma
446 1137 153 21 tillförsäkrats
616 1137 31 21 uti
662 1137 24 27 $$
702 1138 85 20 43—45
803 1138 23 21 af
839 1137 117 22 folkskole-

207 1170 160 26 förordningen;
387 1170 118 28 hvarjemte
522 1171 124 26 föreslagits
666 1172 18 26 ej
700 1172 83 20 mindre
799 1174 32 18 att
846 1178 25 14 en
888 1172 69 26 tredje

206 1205 150 26 lektorstjenst
378 1205 7 20 i
408 1205 92 21 svenska
519 1206 38 20 och
578 1204 69 22 finska
670 1206 92 26 språken
786 1206 39 21 och
848 1206 111 21 litteratur

206 1239 67 21 måtte
288 1239 35 21 vid
339 1239 124 21 seminariet
478 1240 5 19 i
500 1240 85 20 Ekenäs
601 1240 91 20 inrättas
708 1240 5 20 i
731 1240 73 20 stället
814 1240 33 20 för
858 1240 41 20 den
910 1240 47 20 der-

206 1272 72 20 städes
301 1272 144 26 provisoriskt
466 1272 107 21 anställda
600 1272 126 22 biträdande
753 1273 114 25 lärarinna,
894 1273 65 21 hvars

205 1306 121 27 befattning
348 1306 70 21 skulle
440 1306 108 26 indragas,
572 1309 27 19 än
622 1308 32 19 att
675 1313 26 15 en
716 1313 76 20 genom
808 1306 149 22 erfarenheten

204 1340 66 26 nödig
292 1340 108 22 befunnen
422 1340 115 28 tillökning
551 1341 7 21 i
574 1342 58 20 vissa
650 1341 24 21 af
688 1342 163 21 seminariernas
875 1342 82 26 anslag,

205 1374 71 21 såsom
300 1375 32 20 för
355 1374 153 28 kosthållning,
531 1375 33 21 till
584 1375 40 22 ved
640 1376 39 20 och
694 1376 42 27 ljus
753 1377 55 20 samt
824 1376 84 21 diverse
923 1378 34 19 ut-

201 1408 74 27 gifter,
291 1409 67 21 måtte
375 1409 94 27 beviljas.

276 1443 63 22 Såväl
362 1444 40 21 den
426 1445 115 26 tillökning
559 1445 8 21 i
587 1447 101 24 staterna,
708 1451 46 15 som
769 1445 65 21 redan
851 1447 36 25 egt
903 1451 54 21 rum,
