1039 1714
247 137 27 21 16

411 137 80 23 Ständ.
506 138 38 22 Sv.
560 150 25 4 —
601 138 70 27 Prop.
687 138 40 21 N:o
741 137 35 22 24.

287 198 71 28 blifvit
385 200 94 25 anstäld,
501 202 55 19 samt
578 200 73 27 öfriga
674 200 105 27 behöfliga
803 200 158 27 upplysningar

285 233 120 27 inhemtats,
421 234 63 20 saken
503 233 95 29 pröfvar
616 233 38 21 och
673 233 54 27 efter
748 233 212 27 omständigheterna

280 266 154 28 förordnande
449 268 47 21 deri
510 268 114 22 meddelar.

589 332 15 27 $
619 332 34 20 17.

357 370 57 28 Vilja
433 371 99 27 delegare
546 371 9 21 i
570 371 37 21 bro
623 372 13 20 å
652 372 104 27 landsväg
773 372 66 20 vinna
858 371 103 28 rättighet

285 408 33 18 att
332 405 30 27 af
372 406 53 26 dem,
440 405 73 21 hvilka
527 406 47 20 med
589 406 71 21 åkdon
670 406 81 27 färdas
766 406 60 26 öfver
840 406 59 26 bron,
909 413 54 21 upp-

286 439 54 21 bära
356 440 42 20 viss
409 440 187 28 penningeafgift,
611 442 33 19 att
659 440 94 27 tillfalla
765 440 40 22 den
816 441 52 20 eller
878 441 25 20 de
913 442 49 26 väg-

286 474 157 28 byggnadslag,
459 474 71 22 hvilka
549 475 8 20 i
577 474 165 28 brobyggnaden
763 475 93 28 deltaga,
872 475 37 21 och
925 482 37 14 an-

286 509 82 21 vändas
383 509 36 20 till
434 509 138 28 afbetalning
587 509 30 27 af
627 509 146 22 kostnaderna
783 509 40 26 för
838 510 64 21 brons
913 509 48 28 byg-

284 543 70 28 gande
369 543 53 21 eller
432 543 41 27 för
488 543 46 22 dess
549 543 122 27 underhåll,
683 544 56 21 skall
754 544 121 27 ansökning
889 544 72 21 derom

281 579 67 26 jemte
369 578 135 27 delegarenes
526 578 209 27 öfverenskommelse
758 585 32 14 om
809 578 95 21 vilkoren
924 579 38 20 och

284 613 64 20 sättet
364 611 44 28 för
428 611 107 28 afgiftens
556 612 141 28 uppbärande
718 613 105 21 inlemnas
839 613 36 21 till
889 620 74 21 guver-

284 648 66 19 nören
366 646 71 21 tillika
452 647 48 20 med
514 653 32 21 en,
560 647 72 21 såvidt
647 647 90 28 möjligt,
749 646 130 29 tillförlitlig
889 647 74 21 utred-

285 681 53 28 ning
353 687 33 14 om
401 680 145 23 kostnaderna
562 681 37 26 för
614 681 131 28 byggnaden.
777 681 138 22 Guvernören
929 683 33 20 in-

265 708 2 3 —
285 715 67 26 gände
374 715 93 27 derefter
489 715 160 29 handlingarne
669 719 55 18 samt
739 719 44 26 eget
798 717 114 20 utlätande
928 717 35 20 till

286 749 103 22 Senatens
404 749 267 29 Ekonomiedepartement,
683 757 44 14 som
733 751 155 27 förordnande
898 751 9 21 i
916 753 46 19 äm-

285 787 35 18 net
335 784 115 21 meddelar.
478 785 30 27 Ej
522 785 35 21 mä
572 785 8 20 i
591 784 71 29 fråga
677 785 78 21 komna
767 785 88 29 förmon
868 785 93 29 beviljas,

285 819 69 21 derest
365 819 21 27 ej
395 818 118 22 kostnaden
518 819 42 27 för
570 819 63 21 brons
643 819 140 28 uppförande
789 819 92 28 pröfvas
889 821 73 26 uppgä

286 853 34 21 till
335 854 65 20 minst
416 854 92 21 tiotusen
522 854 69 21 mark.

352 887 16 21 I
388 888 115 21 enahanda
526 889 92 27 ordning
641 889 34 20 mä
699 889 100 21 tillständ
819 889 92 21 ansökas
927 889 34 22 till

284 922 142 28 uppbärande
448 923 29 27 af
495 922 116 29 vägafgift,
631 923 29 21 dä
679 923 46 21 med
748 923 99 27 afseende
867 924 13 20 &
899 923 62 29 bygg-

284 957 120 21 nadssättet
426 957 133 29 betydligare
581 958 92 20 kostnad
695 958 53 21 derä
770 958 57 21 skall
844 958 118 28 nedläggas

284 992 52 20 eller
351 992 105 27 nedlagts.

584 1056 16 26 $
615 1056 34 20 18.
901 1068 6 4 -

352 1094 55 26 Den,
422 1101 44 14 som
481 1096 27 19 är
522 1095 77 20 utsedd
613 1097 33 18 att
661 1094 48 21 bro-
720 1095 52 20 eller
785 1095 114 28 vägafgift
909 1103 52 20 upp-

285 1128 53 21 bära
354 1128 37 21 och
406 1131 54 18 utan
475 1128 48 21 skäl
537 1128 127 28 uppehåller
678 1130 97 25 resande,
787 1130 51 20 eller
848 1130 29 24 af
886 1130 75 21 honom

278 1163 97 27 fordrar
389 1169 44 15 mer
448 1164 29 19 än
487 1162 119 28 faststäldt
621 1165 32 22 är,
666 1163 69 27 plikte
755 1164 59 20 ända
830 1164 35 20 till
875 1164 86 28 fyratio

284 1196 63 22 mark
362 1196 38 21 och
416 1198 78 19 ersätte
508 1196 91 22 skadan.

351 1230 103 27 Resande,
469 1238 51 18 som,
535 1230 67 22 ehuru
621 1231 89 21 erinrad
729 1234 32 18 att
781 1232 46 20 bro-
843 1232 51 20 eller
913 1234 49 26 väg-

284 1264 70 28 afgift
379 1265 99 26 erläggas
501 1264 43 26 bör,
569 1265 80 20 sådant
676 1265 122 20 uraktläter
820 1265 37 20 och
877 1266 85 26 färden

278 1298 124 27 fortsätter,
418 1298 70 26 plikte
508 1298 46 26 tolf
564 1298 69 20 mark.
665 1298 81 28 Bryter
761 1299 90 20 resande
865 1300 34 26 sig
913 1300 49 20 med

283 1332 50 22 våld
354 1338 76 22 genom
452 1331 102 29 slagbom,
569 1332 38 20 der
626 1332 70 21 sådan
707 1332 73 28 finnes
795 1332 105 28 uppförd,
917 1333 44 22 böte

284 1367 60 22 ända
366 1367 34 21 till
422 1366 123 22 tvåhundra
566 1367 63 20 mark
651 1367 38 21 och
707 1369 80 20 ersätte
805 1368 106 22 dessutom
929 1369 32 21 all

283 1402 76 22 skada.

351 1435 109 28 Föröfvas
475 1435 29 28 af
515 1437 90 20 resande
620 1436 132 21 misshandel
767 1437 14 21 å
796 1437 47 26 den,
854 1445 45 14 som
913 1437 46 22 bro-

284 1473 52 21 eller
355 1470 111 29 vägafgift
486 1470 90 28 uppbär,
592 1471 8 20 i
615 1470 39 21 och
667 1470 41 27 för
723 1471 55 21 hans
793 1471 122 29 befattning
931 1473 28 21 el-
