1081 1706
251 131 13 19 6
413 128 80 22 Ständ.
509 128 37 22 Sv.
563 140 27 4 —
605 128 71 27 Prop.
693 128 40 22 N:o
747 128 35 21 32.

291 199 32 18 att
343 196 35 21 vid
393 196 263 28 byggnadsritningarnas
673 196 140 27 uppgörande
827 196 100 26 iakttaga
941 196 33 20 all
988 213 2 27 i

289 230 78 28 möjlig
381 229 148 28 sparsamhet;
544 232 56 18 samt

359 284 32 18 att
413 281 30 27 af
463 281 25 21 de
512 281 54 21 båda
590 280 150 22 kombinerade
760 280 49 21 kur-
825 280 38 21 och
878 280 94 21 vårdan-

289 316 108 21 stalterna
418 316 48 24 den,
481 322 44 14 som
540 315 58 21 skall
612 315 95 21 inrättas
722 314 36 22 vid
773 314 86 28 Kuopio
874 314 56 25 stad,
947 315 26 20 ti-

290 350 75 28 digare
380 350 64 20 borde
459 349 84 21 komma
559 349 35 22 till
609 349 117 27 utförande
741 350 30 20 än
787 349 40 21 den
842 348 77 22 andra.

289 401 74 29 Enligt
377 401 26 21 de
424 401 8 21 i
447 401 40 21 den
502 400 75 30 nådiga
592 400 155 29 propositionen
763 400 86 22 anförda
863 400 109 22 beräknin-

220 443 37 21 gar
278 436 68 22 skulle
364 435 143 22 kostnaderna
522 435 32 22 för
568 435 194 22 åstadkommandet
777 434 22 22 af
812 434 95 29 samtliga
921 442 51 22 upp-
988 462 1 3 |

221 470 224 28 tagningsanstalterna
464 470 39 21 och
523 470 40 22 den
578 477 39 14 ena
632 468 24 22 af
667 470 26 21 de
707 469 149 22 kombinerade
871 469 48 21 kur-
933 469 39 21 och

220 503 180 23 värdanstalterna
416 504 54 28 stiga
485 503 33 22 till
533 504 91 24 845,000
638 503 66 22 mark.
728 503 58 22 Enär
801 504 59 21 dessa
874 503 98 28 kalkyler

221 538 52 22 dock
295 538 47 22 icke
364 542 35 18 äro
421 538 51 22 fullt
490 538 66 26 säkra,
575 538 60 21 äskas
652 537 32 22 för
702 538 158 28 ifrågavarande
875 538 96 21 ändamål

220 574 67 20 under
301 575 59 20 nästa
375 572 43 22 fem
432 572 34 22 års
481 572 71 28 period
568 574 30 20 ett
612 572 157 29 anslagsbelopp
784 572 23 21 af
819 572 153 28 sammanlagdt

221 607 92 26 900,000
335 606 66 26 mark,
425 606 51 22 eller
493 606 91 26 500,000
599 606 60 22 mark
674 606 83 22 utöfver
772 606 40 22 den
827 613 82 15 summa
923 606 48 28 ng

219 641 98 26 400,000,
341 648 45 14 som
403 640 25 22 af
439 642 70 20 senast
524 640 124 22 församlade
663 640 90 22 Ständer
767 640 32 22 för
813 640 109 22 enahanda
936 645 34 17 än-

220 674 69 22 damäl
302 674 103 29 beviljats,
421 682 48 14 men
485 674 23 22 af
520 674 62 23 ofvan
596 675 88 21 berörda
699 674 45 22 skäl
755 678 58 18 ännu
822 674 47 22 icke
879 674 90 22 kommit

219 708 8 22 i
242 708 139 29 användning.

287 742 36 22 Då
343 742 118 22 Ständerna
480 742 70 23 funnit
564 742 36 22 det
614 750 50 14 vara
678 742 25 22 af
715 742 206 29 omständigheterna
935 742 34 29 pä-

219 776 84 33 kalladt,
320 778 30 20 att
365 776 137 22 omförmälda
516 777 164 28 anslagssumma
690 776 98 30 uppföres
797 776 28 30 pä
835 777 40 21 den
886 776 12 22 &
909 776 59 23 Stän-

219 810 64 22 derna
305 811 152 21 ankommande
480 811 61 21 delen
562 811 23 21 af
605 811 188 28 statsregleringen,
814 810 21 22 fä
851 811 118 22 Ständerna

219 845 150 28 underdänigst
383 844 169 29 tillkännagifva:

355 899 33 19 att
403 896 124 22 Ständerna
536 896 41 27 för
587 896 25 21 de
623 896 35 21 till
669 896 134 22 därvärdens
810 896 157 27 förbättrande

287 931 8 19 i
309 930 153 27 ofvanstäende
476 932 66 20 mätto
557 930 81 28 nödiga
654 930 97 27 befunna
765 930 108 22 anstalter
887 930 38 21 och
936 931 32 20 in-

286 965 128 27 rättningar
435 965 75 21 anvisa
529 965 21 26 ej
567 965 84 21 mindre
666 964 41 21 den
721 971 83 15 summa
819 964 30 28 af
855 964 111 28 fyrahun-

286 998 103 21 dratusen
411 998 69 22 mark,
502 1005 45 14 som
564 1000 28 18 är
611 998 30 27 af
655 997 100 22 behällna
771 998 197 28 bevillningsmedel
989 1021 1 4 '

280 1032 42 27 för
339 1032 125 21 ändamålet
479 1032 131 26 reserverad,
626 1034 55 19 utan
696 1032 37 21 ock
748 1035 29 18 ett
791 1033 128 27 ytterligare
934 1032 33 21 be-

286 1066 49 27 lopp
351 1066 30 27 af
386 1065 198 27 femhundratusen
600 1065 67 25 mark,
684 1067 151 20 motsvarande
845 1069 29 18 ett
889 1067 78 27 anslag

285 1099 30 27 af
331 1101 92 24 100,000
438 1100 62 21 mark
509 1099 41 28 för
564 1100 76 27 hvarje
656 1100 30 24 af
697 1101 52 20 åren
765 1101 152 25 1878—1882,
933 1103 33 18 att

285 1134 52 27 utgå
353 1133 38 21 och
405 1134 110 21 redovisas
528 1135 32 26 pä
575 1134 36 21 det
625 1136 44 19 sätt
685 1133 37 22 och
737 1136 8 19 i
756 1135 40 21 den
811 1135 100 26 ordning,
921 1141 45 14 som

285 1167 30 26 af
328 1167 122 22 Ständerna
466 1168 70 21 under
550 1168 70 21 denna
636 1168 107 27 landtdag
753 1168 105 21 särskildt
868 1168 97 22 beslutes.

273 1217 103 22 Finlands
391 1218 91 23 Ständer
495 1218 119 23 framhärda
628 1221 38 19 etc.

273 1251 140 28 Helsingfors,
430 1253 40 20 den
485 1253 27 20 31
528 1252 42 28 Maj
588 1253 60 21 1877.

379 1463 124 23 Helsingfors,
516 1463 15 18 J.
544 1463 72 18 Simelii
628 1464 101 22 arfvingar,
741 1463 51 20 1877.
809 1455 34 2 n
