1045 1706
250 134 27 20 14
435 133 28 20 U.
478 135 29 17 13.
522 144 26 3 —
565 134 81 21 Prop.
662 130 46 21 N:o
723 134 35 17 25.

224 201 151 25 offerställena,
390 200 13 20 å
417 200 74 20 hvilka
506 198 213 26 varuomsättningen
734 198 34 20 till
783 204 27 15 en
824 198 75 27 början
915 200 48 20 huf-

224 234 141 26 vudsakligen
388 232 118 27 försiggick
531 232 39 20 och
588 230 77 22 hvaraf
678 230 63 22 äfven
756 231 73 27 följde,
844 233 33 20 att
891 232 73 22 städer

224 269 45 21 förr
292 268 53 22 eller
359 272 76 16 senare
457 266 5 22 &
477 266 49 21 dem
540 265 113 27 uppstodo.
683 264 34 22 Dä
732 265 93 21 handeln
840 266 71 22 tillika
926 273 38 15 var

225 304 40 20 den
289 302 83 26 näring,
394 307 46 15 som
455 300 55 21 först
524 300 93 26 begynte
628 300 32 20 att
674 298 156 28 yrkesmässigt
848 300 117 27 bedrifvas,

225 337 35 27 läg
276 336 37 21 det
327 336 8 20 i
350 335 77 21 sakens
443 336 69 24 natur,
528 335 33 19 att
577 334 123 20 densamma
715 332 90 28 tidigast
820 333 70 22 skulle
898 334 68 22 blifva

224 370 90 22 föremäl
336 370 33 20 för
391 367 192 28 reglementariska
607 366 142 22 föreskrifter.
775 367 70 21 Ocksä
860 368 106 22 förekom-

224 412 46 14 mer
285 404 67 22 redan
367 404 7 20 i
389 402 124 26 stadslagen
528 402 41 21 den
585 402 142 25 bestämning,
742 402 33 20 att
789 402 42 26 köp
847 402 70 22 skulle
928 404 40 21 ske

226 440 7 21 i
255 438 55 26 stad,
333 437 77 22 medan
429 436 37 21 det
480 436 71 21 tillika
567 442 37 15 var
618 435 111 21 landtman
744 435 111 27 förbjudet
869 438 33 20 att
916 437 52 22 idka

226 473 78 22 handel
320 472 70 21 säsom
405 471 83 26 näring.
518 470 66 21 Detta
594 469 79 21 förbud
689 469 61 22 torde
766 469 55 22 dock
836 470 64 22 hafva
911 472 57 21 varit

227 514 26 15 en
268 505 137 27 temmeligen
421 505 43 20 död
478 504 90 21 bokstaf
582 503 56 20 ända
653 503 32 21 till
702 503 78 22 Gustaf
794 504 76 21 Wasas
885 506 83 26 uppsti-

227 541 69 27 gande
318 539 29 27 pä
369 541 82 19 tronen.
480 538 75 21 Denne
570 538 94 25 konung,
680 543 45 15 som
741 537 6 20 i
763 537 117 22 allmänhet
894 539 76 22 visade

228 577 32 19 ett
282 575 55 20 stort
359 573 93 21 intresse
467 571 34 22 för
516 571 68 22 rikets
599 571 160 27 upphjelpande
774 571 48 21 frän
838 573 37 21 det
889 573 79 21 ekono-

226 609 70 21 miska
317 607 79 26 förfall,
412 606 60 21 hvari
488 605 124 26 detsamma,
628 605 36 20 vid
679 605 60 21 tiden
754 605 33 20 för
803 605 54 22 hans
872 606 97 23 tillträde

228 643 22 20 af
271 641 134 28 regeringen,
428 640 79 21 befann
532 640 39 25 sig,
593 639 128 21 utvecklade
741 645 25 14 en
782 639 95 22 särdeles
893 640 77 21 ifver
958 635 17 38 i

227 675 142 22 utfärdandet
391 673 22 22 af
431 673 135 22 föreskrifter
582 673 61 21 äfven
659 672 27 27 pä
701 673 269 28 handelslagstiftningens

228 709 94 22 område.
359 708 59 21 Ledd
441 708 22 21 af
486 707 41 21 den
542 706 194 22 merkantilistiska
751 707 68 26 läran,
839 709 32 20 att
886 708 85 22 rikedo-

228 749 49 16 men
298 742 77 21 bestod
398 741 7 21 i
427 741 97 21 förrädet
546 741 22 20 af
590 741 49 20 ädla
653 741 99 20 metaller
775 741 39 20 och
830 743 33 19 att
877 742 94 21 handeln

228 777 49 21 med
297 775 98 22 utlandet
418 775 84 21 säledes
517 780 37 15 var
570 776 33 19 ett
617 773 62 21 lands
695 774 158 27 indrägtigaste
868 775 103 21 förvärfs-

228 811 66 25 källa,
316 810 62 26 afsäg
400 809 54 20 hans
478 808 170 27 handelspolitik
667 809 33 20 att
715 808 27 26 pä
757 808 40 21 allt
811 810 44 19 sätt
870 809 102 22 befordra

229 844 134 23 sistnämnda
385 843 79 20 handel
479 843 39 20 och
534 843 32 20 att
582 843 95 20 deremot
692 841 33 21 till
741 842 36 21 det
791 843 80 21 minsta
885 843 89 28 möjliga

229 878 118 23 inskränka
369 876 181 26 inrikeshandeln,
576 876 87 21 hvilken
687 877 77 26 ansägs
786 877 47 21 icke
853 877 73 22 kunna
940 878 33 21 bi-

230 915 67 24 draga
318 912 34 21 till
375 911 284 26 nationalförmögenhetens
675 910 90 27 ökande,
781 912 51 20 enär
848 911 125 22 undersäta-

229 954 51 15 rene
303 946 76 21 dervid
404 945 76 21 endast
506 945 85 20 riktade
607 945 33 26 sig
654 944 28 27 pä
697 944 132 21 hvarandras
845 945 128 22 bekostnad.

231 981 73 22 Under
319 980 82 21 sädana
416 979 149 21 förhällanden
582 985 36 14 var
634 979 37 20 det
685 979 112 26 naturligt,
813 979 33 20 att
860 979 114 22 landthan-

231 1015 50 22 deln
296 1014 47 21 icke
358 1013 72 21 kunde
445 1019 34 14 ses
494 1013 48 20 med
557 1012 59 21 blida
631 1014 63 25 ögon,
710 1013 52 20 utan
777 1014 33 19 att
825 1012 41 21 den
882 1014 92 20 tvärtom

231 1048 113 27 skulle
319 1042 24 37 på
359 1047 40 22 allt
413 1049 44 19 sätt
471 1047 140 21 motarbetas.
641 1046 115 22 Förbuden
771 1047 98 21 häremot
877 1047 98 27 inskärp-

231 1087 33 18 tes
288 1083 39 21 ock
351 1088 76 20 genom
450 1081 33 21 tid
502 1081 54 21 efter
572 1087 70 14 annan
658 1081 115 20 utfärdade
788 1083 89 24 stränga
891 1081 84 22 förord-

232 1119 83 26 ningar,
339 1117 33 20 uti
395 1116 74 21 hvilka
491 1115 93 22 särskild
599 1115 190 26 uppmärksamhet
804 1116 94 26 egnades
913 1116 63 21 äfven

232 1153 23 21 ät
270 1153 42 20 den
327 1151 48 21 utaf
388 1151 64 26 ryske
467 1150 128 21 undersäter
609 1150 40 20 här
659 1150 8 20 i
676 1150 74 21 landet
760 1150 66 21 redan
838 1150 27 21 dä
876 1151 100 21 bedrifna

232 1185 197 28 gärdfarihandeln,
445 1183 87 22 hvilken
547 1184 116 25 konungen
677 1183 51 22 fann
744 1190 52 14 vara
811 1184 64 26 högst
883 1184 92 27 skadlig,

233 1220 23 22 af
278 1219 64 22 orsak
367 1220 32 19 att
423 1217 90 22 sälunda
538 1218 26 21 de
584 1218 62 21 bästa
661 1223 70 20 varor,
746 1224 45 15 som
807 1218 7 21 i
829 1218 74 21 landet
918 1218 58 27 falla,

233 1257 51 23 togo
309 1255 70 24 vägen
403 1252 34 20 till
452 1251 105 21 utlandet.
595 1251 79 20 Tillika
690 1252 62 20 sökte
767 1258 49 14 man
831 1252 56 21 dock
896 1253 34 20 att
944 1253 34 20 för

234 1287 106 26 allmogen
355 1285 124 20 underlätta
493 1285 139 26 möjligheten
648 1286 34 19 att
696 1285 60 20 förse
770 1285 34 26 sig
811 1285 48 22 med
871 1285 47 21 sina
925 1286 53 21 nöd-

234 1320 193 27 vändighetsvaror
449 1324 76 21 genom
548 1320 33 19 att
600 1317 71 22 tilläta
686 1318 27 21 de
728 1318 23 21 af
764 1318 60 22 älder
839 1319 87 27 vanliga
940 1319 38 21 fri-

234 1354 159 22 marknaderna
417 1353 46 21 dels
483 1353 8 20 i
513 1353 102 21 städerna
639 1352 46 22 dels
700 1353 28 27 pä
742 1353 156 28 landsbygden.
927 1354 50 21 Men

236 1389 90 21 oaktadt
341 1387 39 22 allt
395 1387 60 22 detta
469 1387 78 22 fortfor
562 1387 155 22 landthandeln
729 1389 32 20 att
776 1393 40 21 ega
830 1388 93 22 beständ
938 1389 40 22 och

235 1422 87 22 bedrefs
345 1421 58 22 säväl
428 1421 23 22 af
474 1427 54 22 egna
543 1421 113 22 landsmän
671 1427 46 16 som
733 1422 22 21 af
769 1422 167 28 ofvanantydda,
951 1423 27 27 pä

235 1457 62 28 ryskt
311 1456 87 22 omräde
416 1456 85 21 bosatte
515 1455 106 27 karelare,
646 1457 55 20 samt
716 1457 68 21 mäste
799 1457 75 21 tidtals
889 1457 34 21 till
938 1457 40 22 och

305 1503 124 17 Sammansatta
442 1503 36 22 Log
491 1502 29 19 och
532 1502 85 18 Ekonomi
629 1503 89 17 utskottets
731 1503 104 18 betänkande
847 1503 34 17 N:o
893 1503 17 17 3.
