<?xml version="1.0" encoding="UTF-8"?>
<alto xmlns="http://www.loc.gov/standards/alto/ns-v3#" xmlns:xlink="http://www.w3.org/1999/xlink" xmlns:xsi="http://www.w3.org/2001/XMLSchema-instance" xsi:schemaLocation="http://www.loc.gov/standards/alto/ns-v3# http://www.loc.gov/alto/v3/alto-3-0.xsd">
	<Description>
		<MeasurementUnit>pixel</MeasurementUnit>
		<sourceImageInformation>
			<fileName>/tmp/tess_g47xinty_input.PNG</fileName>
		</sourceImageInformation>
		<OCRProcessing ID="OCR_0">
			<ocrProcessingStep>
				<processingSoftware>
					<softwareName>tesseract 5.3.4</softwareName>
				</processingSoftware>
			</ocrProcessingStep>
		</OCRProcessing>
	</Description>
	<Layout>
		<Page WIDTH="1061" HEIGHT="1709" PHYSICAL_IMG_NR="0" ID="page_0">
			<PrintSpace HPOS="0" VPOS="0" WIDTH="1061" HEIGHT="1709">
				<ComposedBlock ID="cblock_0" HPOS="274" VPOS="130" WIDTH="545" HEIGHT="24">
					<TextBlock ID="block_0" HPOS="274" VPOS="130" WIDTH="545" HEIGHT="24">
						<TextLine ID="line_0" HPOS="274" VPOS="130" WIDTH="545" HEIGHT="24">
							<String ID="string_0" HPOS="274" VPOS="131" WIDTH="27" HEIGHT="19" WC="0.95" CONTENT="U."/><SP WIDTH="22" VPOS="131" HPOS="301"/>
							<String ID="string_1" HPOS="323" VPOS="131" WIDTH="26" HEIGHT="19" WC="0.85" CONTENT="B."/><SP WIDTH="18" VPOS="131" HPOS="349"/>
							<String ID="string_2" HPOS="367" VPOS="142" WIDTH="24" HEIGHT="3" WC="0.92" CONTENT="—"/><SP WIDTH="17" VPOS="142" HPOS="391"/>
							<String ID="string_3" HPOS="408" VPOS="132" WIDTH="80" HEIGHT="22" WC="0.96" CONTENT="Prop."/><SP WIDTH="17" VPOS="132" HPOS="488"/>
							<String ID="string_4" HPOS="505" VPOS="132" WIDTH="45" HEIGHT="18" WC="0.96" CONTENT="N:o"/><SP WIDTH="15" VPOS="132" HPOS="550"/>
							<String ID="string_5" HPOS="565" VPOS="134" WIDTH="28" HEIGHT="16" WC="0.96" CONTENT="30"/><SP WIDTH="16" VPOS="134" HPOS="593"/>
							<String ID="string_6" HPOS="609" VPOS="137" WIDTH="34" HEIGHT="14" WC="0.93" CONTENT="m."/><SP WIDTH="15" VPOS="137" HPOS="643"/>
							<String ID="string_7" HPOS="658" VPOS="132" WIDTH="26" HEIGHT="18" WC="0.88" CONTENT="fl."/><SP WIDTH="111" VPOS="132" HPOS="684"/>
							<String ID="string_8" HPOS="795" VPOS="130" WIDTH="24" HEIGHT="21" WC="0.96" CONTENT="41"/>
						</TextLine>
					</TextBlock>
				</ComposedBlock>
				<ComposedBlock ID="cblock_1" HPOS="107" VPOS="190" WIDTH="742" HEIGHT="183">
					<TextBlock ID="block_1" HPOS="107" VPOS="190" WIDTH="742" HEIGHT="183">
						<TextLine ID="line_1" HPOS="423" VPOS="190" WIDTH="116" HEIGHT="33">
							<String ID="string_9" HPOS="423" VPOS="190" WIDTH="30" HEIGHT="33" WC="0.96" CONTENT="År"/><SP WIDTH="18" VPOS="190" HPOS="453"/>
							<String ID="string_10" HPOS="471" VPOS="197" WIDTH="68" HEIGHT="26" WC="0.96" CONTENT="1882."/>
						</TextLine>
						<TextLine ID="line_2" HPOS="442" VPOS="244" WIDTH="76" HEIGHT="17">
							<String ID="string_11" HPOS="442" VPOS="244" WIDTH="76" HEIGHT="17" WC="0.91" CONTENT="Debet."/>
						</TextLine>
						<TextLine ID="line_3" HPOS="111" VPOS="277" WIDTH="738" HEIGHT="28">
							<String ID="string_12" HPOS="111" VPOS="277" WIDTH="129" HEIGHT="26" WC="0.92" CONTENT="Behällning"/><SP WIDTH="15" VPOS="277" HPOS="240"/>
							<String ID="string_13" HPOS="255" VPOS="277" WIDTH="48" HEIGHT="21" WC="0.96" CONTENT="från"/><SP WIDTH="15" VPOS="277" HPOS="303"/>
							<String ID="string_14" HPOS="318" VPOS="278" WIDTH="129" HEIGHT="26" WC="0.96" CONTENT="föregående"/><SP WIDTH="16" VPOS="278" HPOS="447"/>
							<String ID="string_15" HPOS="463" VPOS="279" WIDTH="24" HEIGHT="20" WC="0.92" CONTENT="år"/><SP WIDTH="29" VPOS="279" HPOS="487"/>
							<String ID="string_16" HPOS="516" VPOS="294" WIDTH="5" HEIGHT="4" WC="0.88" CONTENT="."/><SP WIDTH="30" VPOS="294" HPOS="521"/>
							<String ID="string_17" HPOS="551" VPOS="293" WIDTH="5" HEIGHT="6" WC="0.90" CONTENT="."/><SP WIDTH="29" VPOS="293" HPOS="556"/>
							<String ID="string_18" HPOS="585" VPOS="279" WIDTH="46" HEIGHT="26" WC="0.18" CONTENT="ac"/><SP WIDTH="46" VPOS="279" HPOS="631"/>
							<String ID="string_19" HPOS="677" VPOS="279" WIDTH="172" HEIGHT="26" WC="0.69" CONTENT="16,105,897:71."/>
						</TextLine>
						<TextLine ID="line_4" HPOS="107" VPOS="310" WIDTH="732" HEIGHT="29">
							<String ID="string_20" HPOS="107" VPOS="310" WIDTH="81" HEIGHT="27" WC="0.95" CONTENT="Bidrag"/><SP WIDTH="15" VPOS="310" HPOS="188"/>
							<String ID="string_21" HPOS="203" VPOS="311" WIDTH="23" HEIGHT="20" WC="0.88" CONTENT="af"/><SP WIDTH="5" VPOS="311" HPOS="226"/>
							<String ID="string_22" HPOS="231" VPOS="311" WIDTH="306" HEIGHT="27" WC="0.88" CONTENT="bränvinsbränningsskatten"/><SP WIDTH="50" VPOS="311" HPOS="537"/>
							<String ID="string_23" HPOS="587" VPOS="329" WIDTH="8" HEIGHT="10" WC="0.88" CONTENT=","/><SP WIDTH="92" VPOS="329" HPOS="595"/>
							<String ID="string_24" HPOS="687" VPOS="313" WIDTH="116" HEIGHT="26" WC="0.91" CONTENT="3,540,000:"/><SP WIDTH="13" VPOS="313" HPOS="803"/>
							<String ID="string_25" HPOS="816" VPOS="325" WIDTH="23" HEIGHT="2" WC="0.91" CONTENT="—"/>
						</TextLine>
						<TextLine ID="line_5" HPOS="108" VPOS="344" WIDTH="733" HEIGHT="29">
							<String ID="string_26" HPOS="108" VPOS="344" WIDTH="161" HEIGHT="23" WC="0.92" CONTENT="Nettoinkomst"/><SP WIDTH="14" VPOS="344" HPOS="269"/>
							<String ID="string_27" HPOS="283" VPOS="345" WIDTH="47" HEIGHT="21" WC="0.92" CONTENT="från"/><SP WIDTH="12" VPOS="345" HPOS="330"/>
							<String ID="string_28" HPOS="342" VPOS="345" WIDTH="142" HEIGHT="27" WC="0.92" CONTENT="jernvägarne"/><SP WIDTH="26" VPOS="345" HPOS="484"/>
							<String ID="string_29" HPOS="510" VPOS="361" WIDTH="4" HEIGHT="4" WC="0.85" CONTENT="."/><SP WIDTH="30" VPOS="361" HPOS="514"/>
							<String ID="string_30" HPOS="544" VPOS="363" WIDTH="4" HEIGHT="4" WC="0.90" CONTENT="."/><SP WIDTH="39" VPOS="363" HPOS="548"/>
							<String ID="string_31" HPOS="587" VPOS="362" WIDTH="11" HEIGHT="11" WC="0.74" CONTENT=","/><SP WIDTH="113" VPOS="362" HPOS="598"/>
							<String ID="string_32" HPOS="711" VPOS="347" WIDTH="96" HEIGHT="26" WC="0.91" CONTENT="500,000:"/><SP WIDTH="11" VPOS="347" HPOS="807"/>
							<String ID="string_33" HPOS="818" VPOS="359" WIDTH="23" HEIGHT="2" WC="0.92" CONTENT="—"/>
						</TextLine>
					</TextBlock>
				</ComposedBlock>
				<ComposedBlock ID="cblock_2" HPOS="164" VPOS="378" WIDTH="677" HEIGHT="29">
					<TextBlock ID="block_2" HPOS="164" VPOS="378" WIDTH="677" HEIGHT="29">
						<TextLine ID="line_6" HPOS="164" VPOS="378" WIDTH="677" HEIGHT="29">
							<String ID="string_34" HPOS="164" VPOS="378" WIDTH="39" HEIGHT="22" WC="0.87" CONTENT="D:o"/><SP WIDTH="72" VPOS="378" HPOS="203"/>
							<String ID="string_35" HPOS="275" VPOS="379" WIDTH="47" HEIGHT="22" WC="0.93" CONTENT="från"/><SP WIDTH="10" VPOS="379" HPOS="322"/>
							<String ID="string_36" HPOS="332" VPOS="379" WIDTH="146" HEIGHT="22" WC="0.91" CONTENT="Valkeakoski"/><SP WIDTH="9" VPOS="379" HPOS="478"/>
							<String ID="string_37" HPOS="487" VPOS="380" WIDTH="63" HEIGHT="22" WC="0.6" CONTENT="kanal"/><SP WIDTH="39" VPOS="380" HPOS="550"/>
							<String ID="string_38" HPOS="589" VPOS="396" WIDTH="11" HEIGHT="11" WC="0.52" CONTENT="=,"/><SP WIDTH="140" VPOS="396" HPOS="600"/>
							<String ID="string_39" HPOS="740" VPOS="381" WIDTH="67" HEIGHT="26" WC="0.89" CONTENT="1,000:"/><SP WIDTH="11" VPOS="381" HPOS="807"/>
							<String ID="string_40" HPOS="818" VPOS="393" WIDTH="23" HEIGHT="2" WC="0.89" CONTENT="—"/>
						</TextLine>
					</TextBlock>
				</ComposedBlock>
				<ComposedBlock ID="cblock_3" HPOS="661" VPOS="426" WIDTH="177" HEIGHT="27">
					<TextBlock ID="block_3" HPOS="661" VPOS="426" WIDTH="177" HEIGHT="27">
						<TextLine ID="line_7" HPOS="661" VPOS="426" WIDTH="177" HEIGHT="27">
							<String ID="string_41" HPOS="661" VPOS="426" WIDTH="132" HEIGHT="27" WC="0.88" CONTENT="20,146,897:"/><SP WIDTH="12" VPOS="426" HPOS="793"/>
							<String ID="string_42" HPOS="805" VPOS="427" WIDTH="33" HEIGHT="20" WC="0.96" CONTENT="71."/>
						</TextLine>
					</TextBlock>
				</ComposedBlock>
				<ComposedBlock ID="cblock_4" HPOS="106" VPOS="460" WIDTH="743" HEIGHT="95">
					<TextBlock ID="block_4" HPOS="106" VPOS="460" WIDTH="743" HEIGHT="95">
						<TextLine ID="line_8" HPOS="432" VPOS="460" WIDTH="89" HEIGHT="18">
							<String ID="string_43" HPOS="432" VPOS="460" WIDTH="89" HEIGHT="18" WC="0.91" CONTENT="Kredit."/>
						</TextLine>
						<TextLine ID="line_9" HPOS="106" VPOS="493" WIDTH="735" HEIGHT="29">
							<String ID="string_44" HPOS="106" VPOS="493" WIDTH="157" HEIGHT="23" WC="0.92" CONTENT="Annuiteterna"/><SP WIDTH="14" VPOS="493" HPOS="263"/>
							<String ID="string_45" HPOS="277" VPOS="494" WIDTH="14" HEIGHT="21" WC="0.92" CONTENT="&amp;"/><SP WIDTH="12" VPOS="494" HPOS="291"/>
							<String ID="string_46" HPOS="303" VPOS="493" WIDTH="166" HEIGHT="28" WC="0.91" CONTENT="jernvägslånen"/><SP WIDTH="40" VPOS="493" HPOS="469"/>
							<String ID="string_47" HPOS="509" VPOS="511" WIDTH="4" HEIGHT="3" WC="0.73" CONTENT="."/><SP WIDTH="30" VPOS="511" HPOS="513"/>
							<String ID="string_48" HPOS="543" VPOS="511" WIDTH="4" HEIGHT="4" WC="0.85" CONTENT="."/><SP WIDTH="44" VPOS="511" HPOS="547"/>
							<String ID="string_49" HPOS="591" VPOS="512" WIDTH="9" HEIGHT="10" WC="0.78" CONTENT=","/><SP WIDTH="89" VPOS="512" HPOS="600"/>
							<String ID="string_50" HPOS="689" VPOS="495" WIDTH="118" HEIGHT="27" WC="0.91" CONTENT="2,180,000:"/><SP WIDTH="11" VPOS="495" HPOS="807"/>
							<String ID="string_51" HPOS="818" VPOS="507" WIDTH="23" HEIGHT="3" WC="0.92" CONTENT="—"/>
						</TextLine>
						<TextLine ID="line_10" HPOS="106" VPOS="527" WIDTH="743" HEIGHT="28">
							<String ID="string_52" HPOS="106" VPOS="527" WIDTH="129" HEIGHT="28" WC="0.92" CONTENT="Behällning"/><SP WIDTH="14" VPOS="527" HPOS="235"/>
							<String ID="string_53" HPOS="249" VPOS="528" WIDTH="35" HEIGHT="21" WC="0.96" CONTENT="till"/><SP WIDTH="15" VPOS="528" HPOS="284"/>
							<String ID="string_54" HPOS="299" VPOS="527" WIDTH="25" HEIGHT="22" WC="0.96" CONTENT="är"/><SP WIDTH="16" VPOS="527" HPOS="324"/>
							<String ID="string_55" HPOS="340" VPOS="527" WIDTH="72" HEIGHT="22" WC="0.91" CONTENT="1883."/><SP WIDTH="30" VPOS="527" HPOS="412"/>
							<String ID="string_56" HPOS="442" VPOS="544" WIDTH="4" HEIGHT="5" WC="0.80" CONTENT="."/><SP WIDTH="31" VPOS="544" HPOS="446"/>
							<String ID="string_57" HPOS="477" VPOS="545" WIDTH="4" HEIGHT="4" WC="0.63" CONTENT="."/><SP WIDTH="31" VPOS="545" HPOS="481"/>
							<String ID="string_58" HPOS="512" VPOS="545" WIDTH="4" HEIGHT="4" WC="0.63" CONTENT="."/><SP WIDTH="30" VPOS="545" HPOS="516"/>
							<String ID="string_59" HPOS="546" VPOS="545" WIDTH="5" HEIGHT="5" WC="0.83" CONTENT="."/><SP WIDTH="43" VPOS="545" HPOS="551"/>
							<String ID="string_60" HPOS="594" VPOS="545" WIDTH="9" HEIGHT="10" WC="0.88" CONTENT="»"/><SP WIDTH="74" VPOS="545" HPOS="603"/>
							<String ID="string_61" HPOS="677" VPOS="529" WIDTH="130" HEIGHT="26" WC="0.91" CONTENT="17,966,897:"/><SP WIDTH="8" VPOS="529" HPOS="807"/>
							<String ID="string_62" HPOS="815" VPOS="529" WIDTH="34" HEIGHT="21" WC="0.96" CONTENT="71."/>
						</TextLine>
					</TextBlock>
				</ComposedBlock>
				<ComposedBlock ID="cblock_5" HPOS="104" VPOS="569" WIDTH="744" HEIGHT="342">
					<TextBlock ID="block_5" HPOS="674" VPOS="569" WIDTH="174" HEIGHT="26">
						<TextLine ID="line_11" HPOS="674" VPOS="569" WIDTH="174" HEIGHT="26">
							<String ID="string_63" HPOS="674" VPOS="569" WIDTH="131" HEIGHT="26" WC="0.79" CONTENT="20,146,897:"/><SP WIDTH="9" VPOS="569" HPOS="805"/>
							<String ID="string_64" HPOS="814" VPOS="570" WIDTH="34" HEIGHT="20" WC="0.96" CONTENT="71."/>
						</TextLine>
					</TextBlock>
					<TextBlock ID="block_6" HPOS="104" VPOS="607" WIDTH="741" HEIGHT="131">
						<TextLine ID="line_12" HPOS="173" VPOS="607" WIDTH="672" HEIGHT="29">
							<String ID="string_65" HPOS="173" VPOS="607" WIDTH="30" HEIGHT="22" WC="0.91" CONTENT="Af"/><SP WIDTH="18" VPOS="607" HPOS="203"/>
							<String ID="string_66" HPOS="221" VPOS="608" WIDTH="136" HEIGHT="22" WC="0.91" CONTENT="förestäende"/><SP WIDTH="23" VPOS="608" HPOS="357"/>
							<String ID="string_67" HPOS="380" VPOS="608" WIDTH="118" HEIGHT="27" WC="0.91" CONTENT="beräkning"/><SP WIDTH="22" VPOS="608" HPOS="498"/>
							<String ID="string_68" HPOS="520" VPOS="609" WIDTH="100" HEIGHT="26" WC="0.91" CONTENT="framgär,"/><SP WIDTH="16" VPOS="609" HPOS="620"/>
							<String ID="string_69" HPOS="636" VPOS="610" WIDTH="33" HEIGHT="20" WC="0.96" CONTENT="att"/><SP WIDTH="17" VPOS="610" HPOS="669"/>
							<String ID="string_70" HPOS="686" VPOS="609" WIDTH="34" HEIGHT="21" WC="0.93" CONTENT="till"/><SP WIDTH="13" VPOS="609" HPOS="720"/>
							<String ID="string_71" HPOS="733" VPOS="609" WIDTH="112" HEIGHT="27" WC="0.93" CONTENT="jernvägs-"/>
						</TextLine>
						<TextLine ID="line_13" HPOS="104" VPOS="642" WIDTH="738" HEIGHT="28">
							<String ID="string_72" HPOS="104" VPOS="642" WIDTH="125" HEIGHT="28" WC="0.91" CONTENT="byggnader"/><SP WIDTH="13" VPOS="642" HPOS="229"/>
							<String ID="string_73" HPOS="242" VPOS="642" WIDTH="43" HEIGHT="22" WC="0.96" CONTENT="kan"/><SP WIDTH="14" VPOS="642" HPOS="285"/>
							<String ID="string_74" HPOS="299" VPOS="642" WIDTH="34" HEIGHT="22" WC="0.95" CONTENT="för"/><SP WIDTH="16" VPOS="642" HPOS="333"/>
							<String ID="string_75" HPOS="349" VPOS="643" WIDTH="40" HEIGHT="22" WC="0.93" CONTENT="den"/><SP WIDTH="8" VPOS="643" HPOS="389"/>
							<String ID="string_76" HPOS="397" VPOS="643" WIDTH="127" HEIGHT="22" WC="0.92" CONTENT="kommande"/><SP WIDTH="10" VPOS="643" HPOS="524"/>
							<String ID="string_77" HPOS="534" VPOS="643" WIDTH="77" HEIGHT="22" WC="0.92" CONTENT="femärs"/><SP WIDTH="11" VPOS="643" HPOS="611"/>
							<String ID="string_78" HPOS="622" VPOS="643" WIDTH="103" HEIGHT="27" WC="0.92" CONTENT="perioden"/><SP WIDTH="8" VPOS="643" HPOS="725"/>
							<String ID="string_79" HPOS="733" VPOS="644" WIDTH="109" HEIGHT="21" WC="0.96" CONTENT="användas"/>
						</TextLine>
						<TextLine ID="line_14" HPOS="105" VPOS="677" WIDTH="740" HEIGHT="28">
							<String ID="string_80" HPOS="105" VPOS="677" WIDTH="37" HEIGHT="21" WC="0.92" CONTENT="det"/><SP WIDTH="14" VPOS="677" HPOS="142"/>
							<String ID="string_81" HPOS="156" VPOS="677" WIDTH="111" HEIGHT="27" WC="0.90" CONTENT="betydliga"/><SP WIDTH="13" VPOS="677" HPOS="267"/>
							<String ID="string_82" HPOS="280" VPOS="677" WIDTH="102" HEIGHT="27" WC="0.96" CONTENT="beloppet"/><SP WIDTH="14" VPOS="677" HPOS="382"/>
							<String ID="string_83" HPOS="396" VPOS="677" WIDTH="24" HEIGHT="21" WC="0.93" CONTENT="af"/><SP WIDTH="13" VPOS="677" HPOS="420"/>
							<String ID="string_84" HPOS="433" VPOS="679" WIDTH="98" HEIGHT="20" WC="0.92" CONTENT="närmare"/><SP WIDTH="16" VPOS="679" HPOS="531"/>
							<String ID="string_85" HPOS="547" VPOS="678" WIDTH="26" HEIGHT="21" WC="0.93" CONTENT="18"/><SP WIDTH="15" VPOS="678" HPOS="573"/>
							<String ID="string_86" HPOS="588" VPOS="677" WIDTH="106" HEIGHT="22" WC="0.92" CONTENT="millioner"/><SP WIDTH="15" VPOS="677" HPOS="694"/>
							<String ID="string_87" HPOS="709" VPOS="678" WIDTH="67" HEIGHT="27" WC="0.96" CONTENT="mark,"/><SP WIDTH="17" VPOS="678" HPOS="776"/>
							<String ID="string_88" HPOS="793" VPOS="679" WIDTH="52" HEIGHT="21" WC="0.96" CONTENT="utan"/>
						</TextLine>
						<TextLine ID="line_15" HPOS="105" VPOS="711" WIDTH="451" HEIGHT="27">
							<String ID="string_89" HPOS="105" VPOS="713" WIDTH="32" HEIGHT="20" WC="0.93" CONTENT="att"/><SP WIDTH="19" VPOS="713" HPOS="137"/>
							<String ID="string_90" HPOS="156" VPOS="711" WIDTH="116" HEIGHT="27" WC="0.93" CONTENT="läneutväg"/><SP WIDTH="14" VPOS="711" HPOS="272"/>
							<String ID="string_91" HPOS="286" VPOS="711" WIDTH="34" HEIGHT="22" WC="0.93" CONTENT="för"/><SP WIDTH="16" VPOS="711" HPOS="320"/>
							<String ID="string_92" HPOS="336" VPOS="711" WIDTH="121" HEIGHT="22" WC="0.92" CONTENT="ändamälet"/><SP WIDTH="15" VPOS="711" HPOS="457"/>
							<String ID="string_93" HPOS="472" VPOS="713" WIDTH="84" HEIGHT="20" WC="0.93" CONTENT="anlitas."/>
						</TextLine>
					</TextBlock>
					<TextBlock ID="block_7" HPOS="105" VPOS="745" WIDTH="743" HEIGHT="166">
						<TextLine ID="line_16" HPOS="172" VPOS="745" WIDTH="672" HEIGHT="29">
							<String ID="string_94" HPOS="172" VPOS="745" WIDTH="69" HEIGHT="22" WC="0.93" CONTENT="Sedan"/><SP WIDTH="15" VPOS="745" HPOS="241"/>
							<String ID="string_95" HPOS="256" VPOS="745" WIDTH="80" HEIGHT="28" WC="0.96" CONTENT="nådiga"/><SP WIDTH="14" VPOS="745" HPOS="336"/>
							<String ID="string_96" HPOS="350" VPOS="746" WIDTH="161" HEIGHT="27" WC="0.93" CONTENT="propositionen"/><SP WIDTH="16" VPOS="746" HPOS="511"/>
							<String ID="string_97" HPOS="527" VPOS="747" WIDTH="111" HEIGHT="27" WC="0.91" CONTENT="angående"/><SP WIDTH="9" VPOS="747" HPOS="638"/>
							<String ID="string_98" HPOS="647" VPOS="746" WIDTH="115" HEIGHT="27" WC="0.93" CONTENT="jernvägar"/><SP WIDTH="9" VPOS="746" HPOS="762"/>
							<String ID="string_99" HPOS="771" VPOS="746" WIDTH="73" HEIGHT="22" WC="0.96" CONTENT="blifvit"/>
						</TextLine>
						<TextLine ID="line_17" HPOS="105" VPOS="780" WIDTH="743" HEIGHT="26">
							<String ID="string_100" HPOS="105" VPOS="780" WIDTH="40" HEIGHT="21" WC="0.86" CONTENT="hos"/><SP WIDTH="25" VPOS="780" HPOS="145"/>
							<String ID="string_101" HPOS="170" VPOS="780" WIDTH="91" HEIGHT="22" WC="0.96" CONTENT="stånden"/><SP WIDTH="22" VPOS="780" HPOS="261"/>
							<String ID="string_102" HPOS="283" VPOS="780" WIDTH="129" HEIGHT="26" WC="0.93" CONTENT="behandlad,"/><SP WIDTH="25" VPOS="780" HPOS="412"/>
							<String ID="string_103" HPOS="437" VPOS="781" WIDTH="61" HEIGHT="21" WC="0.93" CONTENT="torde"/><SP WIDTH="16" VPOS="781" HPOS="498"/>
							<String ID="string_104" HPOS="514" VPOS="781" WIDTH="106" HEIGHT="21" WC="0.96" CONTENT="utskottet"/><SP WIDTH="22" VPOS="781" HPOS="620"/>
							<String ID="string_105" HPOS="642" VPOS="780" WIDTH="22" HEIGHT="22" WC="0.96" CONTENT="få"/><SP WIDTH="14" VPOS="780" HPOS="664"/>
							<String ID="string_106" HPOS="678" VPOS="781" WIDTH="108" HEIGHT="21" WC="0.96" CONTENT="inkomma"/><SP WIDTH="15" VPOS="781" HPOS="786"/>
							<String ID="string_107" HPOS="801" VPOS="782" WIDTH="47" HEIGHT="21" WC="0.96" CONTENT="med"/>
						</TextLine>
						<TextLine ID="line_18" HPOS="107" VPOS="814" WIDTH="741" HEIGHT="27">
							<String ID="string_108" HPOS="107" VPOS="814" WIDTH="85" HEIGHT="27" WC="0.96" CONTENT="slutligt"/><SP WIDTH="15" VPOS="814" HPOS="192"/>
							<String ID="string_109" HPOS="207" VPOS="814" WIDTH="136" HEIGHT="22" WC="0.96" CONTENT="betänkande"/><SP WIDTH="15" VPOS="814" HPOS="343"/>
							<String ID="string_110" HPOS="358" VPOS="815" WIDTH="6" HEIGHT="21" WC="0.96" CONTENT="i"/><SP WIDTH="16" VPOS="815" HPOS="364"/>
							<String ID="string_111" HPOS="380" VPOS="814" WIDTH="87" HEIGHT="27" WC="0.93" CONTENT="frågans"/><SP WIDTH="16" VPOS="814" HPOS="467"/>
							<String ID="string_112" HPOS="483" VPOS="814" WIDTH="112" HEIGHT="22" WC="0.92" CONTENT="finansiela"/><SP WIDTH="7" VPOS="814" HPOS="595"/>
							<String ID="string_113" HPOS="602" VPOS="815" WIDTH="42" HEIGHT="26" WC="0.95" CONTENT="del,"/><SP WIDTH="11" VPOS="815" HPOS="644"/>
							<String ID="string_114" HPOS="655" VPOS="815" WIDTH="77" HEIGHT="21" WC="0.96" CONTENT="liksom"/><SP WIDTH="8" VPOS="815" HPOS="732"/>
							<String ID="string_115" HPOS="740" VPOS="815" WIDTH="108" HEIGHT="21" WC="0.96" CONTENT="utskottet"/>
						</TextLine>
						<TextLine ID="line_19" HPOS="105" VPOS="848" WIDTH="742" HEIGHT="28">
							<String ID="string_116" HPOS="105" VPOS="848" WIDTH="40" HEIGHT="22" WC="0.96" CONTENT="här"/><SP WIDTH="24" VPOS="848" HPOS="145"/>
							<String ID="string_117" HPOS="169" VPOS="848" WIDTH="64" HEIGHT="22" WC="0.93" CONTENT="ofvan"/><SP WIDTH="25" VPOS="848" HPOS="233"/>
							<String ID="string_118" HPOS="258" VPOS="850" WIDTH="102" HEIGHT="21" WC="0.91" CONTENT="emotsett"/><SP WIDTH="24" VPOS="850" HPOS="360"/>
							<String ID="string_119" HPOS="384" VPOS="850" WIDTH="33" HEIGHT="21" WC="0.96" CONTENT="att"/><SP WIDTH="25" VPOS="850" HPOS="417"/>
							<String ID="string_120" HPOS="442" VPOS="849" WIDTH="96" HEIGHT="22" WC="0.96" CONTENT="definitiv"/><SP WIDTH="25" VPOS="849" HPOS="538"/>
							<String ID="string_121" HPOS="563" VPOS="849" WIDTH="198" HEIGHT="27" WC="0.96" CONTENT="sammanställning"/><SP WIDTH="16" VPOS="849" HPOS="761"/>
							<String ID="string_122" HPOS="777" VPOS="849" WIDTH="23" HEIGHT="22" WC="0.96" CONTENT="af"/><SP WIDTH="21" VPOS="849" HPOS="800"/>
							<String ID="string_123" HPOS="821" VPOS="849" WIDTH="26" HEIGHT="21" WC="0.95" CONTENT="de"/>
						</TextLine>
						<TextLine ID="line_20" HPOS="105" VPOS="882" WIDTH="631" HEIGHT="29">
							<String ID="string_124" HPOS="105" VPOS="882" WIDTH="70" HEIGHT="28" WC="0.93" CONTENT="öfriga"/><SP WIDTH="15" VPOS="882" HPOS="175"/>
							<String ID="string_125" HPOS="190" VPOS="883" WIDTH="188" HEIGHT="27" WC="0.90" CONTENT="anslagsfrågorna"/><SP WIDTH="14" VPOS="883" HPOS="378"/>
							<String ID="string_126" HPOS="392" VPOS="885" WIDTH="57" HEIGHT="20" WC="0.96" CONTENT="ännu"/><SP WIDTH="15" VPOS="885" HPOS="449"/>
							<String ID="string_127" HPOS="464" VPOS="883" WIDTH="42" HEIGHT="22" WC="0.93" CONTENT="kan"/><SP WIDTH="16" VPOS="883" HPOS="506"/>
							<String ID="string_128" HPOS="522" VPOS="884" WIDTH="66" HEIGHT="21" WC="0.91" CONTENT="varda"/><SP WIDTH="14" VPOS="884" HPOS="588"/>
							<String ID="string_129" HPOS="602" VPOS="883" WIDTH="134" HEIGHT="28" WC="0.95" CONTENT="erforderlig."/>
						</TextLine>
					</TextBlock>
				</ComposedBlock>
				<ComposedBlock ID="cblock_6" HPOS="171" VPOS="928" WIDTH="455" HEIGHT="28">
					<TextBlock ID="block_8" HPOS="171" VPOS="928" WIDTH="455" HEIGHT="28">
						<TextLine ID="line_21" HPOS="171" VPOS="928" WIDTH="455" HEIGHT="28">
							<String ID="string_130" HPOS="171" VPOS="928" WIDTH="146" HEIGHT="28" WC="0.96" CONTENT="Helsingfors,"/><SP WIDTH="16" VPOS="928" HPOS="317"/>
							<String ID="string_131" HPOS="333" VPOS="929" WIDTH="40" HEIGHT="21" WC="0.96" CONTENT="den"/><SP WIDTH="16" VPOS="929" HPOS="373"/>
							<String ID="string_132" HPOS="389" VPOS="930" WIDTH="27" HEIGHT="20" WC="0.96" CONTENT="12"/><SP WIDTH="14" VPOS="930" HPOS="416"/>
							<String ID="string_133" HPOS="430" VPOS="930" WIDTH="121" HEIGHT="21" WC="0.96" CONTENT="November"/><SP WIDTH="15" VPOS="930" HPOS="551"/>
							<String ID="string_134" HPOS="566" VPOS="929" WIDTH="60" HEIGHT="22" WC="0.96" CONTENT="1877."/>
						</TextLine>
					</TextBlock>
				</ComposedBlock>
				<ComposedBlock ID="cblock_7" HPOS="175" VPOS="1509" WIDTH="602" HEIGHT="23">
					<TextBlock ID="block_9" HPOS="175" VPOS="1509" WIDTH="602" HEIGHT="23">
						<TextLine ID="line_22" HPOS="175" VPOS="1509" WIDTH="602" HEIGHT="23">
							<String ID="string_135" HPOS="175" VPOS="1514" WIDTH="135" HEIGHT="18" WC="0.92" CONTENT="Statsutskottets"/><SP WIDTH="13" VPOS="1514" HPOS="310"/>
							<String ID="string_136" HPOS="323" VPOS="1512" WIDTH="102" HEIGHT="18" WC="0.94" CONTENT="betänkande"/><SP WIDTH="12" VPOS="1512" HPOS="425"/>
							<String ID="string_137" HPOS="437" VPOS="1512" WIDTH="33" HEIGHT="17" WC="0.96" CONTENT="N:o"/><SP WIDTH="14" VPOS="1512" HPOS="470"/>
							<String ID="string_138" HPOS="484" VPOS="1512" WIDTH="26" HEIGHT="17" WC="0.96" CONTENT="12."/><SP WIDTH="255" VPOS="1512" HPOS="510"/>
							<String ID="string_139" HPOS="765" VPOS="1509" WIDTH="12" HEIGHT="19" WC="0.97" CONTENT="4"/>
						</TextLine>
					</TextBlock>
				</ComposedBlock>
			</PrintSpace>
		</Page>
	</Layout>
</alto>
