1067 1709
332 147 26 18 U.
375 147 29 18 B.
422 156 23 4 —
461 148 83 22 Prop.
560 148 44 18 N:o
619 149 38 17 22.
826 147 14 20 3

120 210 72 22 komst
207 211 97 21 sträcker
319 212 33 26 sig
366 212 62 26 långt
441 212 93 21 tillbaka
548 212 7 21 i
570 213 66 21 tiden.
668 212 83 22 Samme
765 214 103 26 Konung,

120 244 37 22 det
180 251 38 15 var
240 251 46 15 som
308 246 82 20 bekant
411 246 92 26 Magnus
525 246 100 26 Ladulås,
648 246 88 22 hvilken
756 247 109 22 inrättade

118 278 212 27 frälserusttjensten
345 280 40 20 och
400 280 126 26 derigenom
540 280 98 21 befriade
653 286 27 15 en
687 280 60 26 hvar,
759 287 45 14 som
812 281 51 21 ville

118 311 60 27 tjena
199 311 115 28 konungen
336 313 34 21 till
392 313 55 26 häst,
463 313 49 21 från
527 313 29 21 all
571 320 78 20 annan,
664 319 51 16 vare
730 315 34 26 sig
778 320 89 21 person-

117 345 32 28 lig
157 346 53 22 eller
224 347 44 20 reel
284 347 59 21 skatt
358 347 39 21 och
412 349 74 26 tunga,
504 350 56 19 samt
574 348 92 21 sålunda
680 348 143 22 framkallade
834 350 32 19 ett

117 380 161 28 priviligieradt
300 381 132 27 adelsstånd,
454 381 88 27 förbjöd
564 382 63 21 äfven
648 382 8 21 i
672 389 25 14 en
712 382 78 27 stadga
805 382 23 21 af
841 382 26 21 år

104 415 69 21 1280
202 414 95 23 Riddare
321 415 40 22 och
377 415 95 22 Svenner
488 416 23 21 af
524 422 69 21 vapen
608 417 33 20 att
651 416 75 22 utöfva
734 416 131 27 sjelfhämnd

116 450 58 20 emot
192 449 125 22 hvarandra
332 449 66 22 innan
413 449 117 28 konungen
545 450 47 27 lagt
608 450 49 21 dem
672 450 98 21 emellan.
799 451 12 20 I
825 456 37 15 en-

116 483 70 26 lighet
199 483 90 22 härmed
304 483 142 22 förordnades
462 484 122 21 sedermera
599 484 7 21 i
615 484 142 22 förenämnda
765 484 99 22 Calmare

115 517 87 26 Recess,
220 518 33 20 att
266 517 80 26 Adeln,
361 517 88 22 hvilken
464 518 68 21 redan
547 518 69 27 enligt
630 517 62 22 äldre
707 517 155 28 författningar

115 551 55 26 egde
185 552 33 20 att
232 551 28 27 på
275 551 48 21 sina
337 551 113 32 följesmän
466 552 40 21 och
521 552 84 27 tjenare
619 552 59 21 inom
693 552 48 21 sina
756 552 53 21 slott
824 552 40 21 och

114 585 80 26 gårdar
216 585 98 27 tillämpa
336 585 132 28 Konungens
484 586 141 27 gårdsrätter,
649 586 8 21 i
679 585 71 27 saker,
766 592 46 15 som
826 592 38 15 an-

113 619 67 27 gingo
205 619 49 22 dess
276 619 150 22 medlemmars
448 620 124 27 personliga
594 620 67 21 heder
676 620 40 21 och
732 622 44 24 ära,
792 620 72 21 skulle

113 653 66 21 hafva
201 654 40 21 sitt
262 653 72 21 forum
349 653 57 22 inför
421 653 121 28 Konungen
558 654 41 21 och
614 654 76 21 Rådet.
720 654 67 21 Detta
802 654 59 21 stad-

114 687 76 27 gande,
213 687 85 22 hvilket
312 687 108 22 måhända
435 687 56 22 dock
505 687 108 22 hänförde
628 688 34 26 sig
677 687 77 22 endast
768 688 35 21 till
818 688 44 21 den

112 721 69 27 högre
196 722 70 26 adeln,
282 721 191 22 omformulerades
489 722 123 21 sedermera
626 722 7 21 i
648 722 73 21 Johan
730 721 42 22 den
780 721 82 27 tredjes

114 755 86 27 adeliga
214 755 125 28 privilegier
353 755 24 22 af
391 756 41 21 den
448 755 13 21 8
476 756 45 21 Juli
536 757 56 20 1569
608 756 88 26 derhän,
711 757 33 20 att
759 756 65 27 ingen
839 755 25 22 af

112 789 67 22 frälse
200 789 55 21 börd
277 789 59 27 finge
358 789 76 21 dömas
454 790 23 21 af
491 789 68 22 andra
574 791 27 20 än
618 789 73 22 dertill
706 789 106 22 särskildt
825 791 36 19 ut-

112 823 68 22 sedde
195 823 117 22 adelsmän.
342 823 46 21 Och
404 823 28 21 dä
447 824 41 21 den
503 823 70 22 första
587 823 117 22 Hofrätten
719 823 25 21 är
758 823 56 21 1614
828 823 34 21 in-

112 858 104 25 rättades,
239 857 87 28 gjordes
348 857 24 22 af
393 857 71 22 denna
485 857 162 28 Ridderskapet
661 857 41 21 och
716 857 72 22 Adeln
802 857 61 22 med-

112 891 60 28 gifna
186 893 46 20 rätt
246 893 33 20 att
294 892 96 21 dömmas
406 892 78 21 endast
498 891 24 22 af
535 891 47 22 sina
597 891 57 22 likar
662 891 41 22 den
713 891 146 28 tillämpning,

111 927 34 20 att
160 925 116 22 Hofrätten
292 925 47 22 blef
354 926 49 21 dess
418 925 71 22 forum
497 925 167 28 privilegiatum,
674 926 33 21 ett
714 925 144 27 förhällande,

111 965 46 16 som
180 959 120 27 undergick
315 959 93 27 ändring
422 959 56 22 först
493 959 93 22 medelst
600 959 123 27 Kejserliga
737 959 122 21 förordnin-

110 1000 43 21 gen
168 994 42 21 den
226 994 12 21 4
253 993 121 22 November
389 993 62 27 1867,
466 993 140 27 hvarigenom
616 993 118 21 Hofrätten
746 993 113 27 upphörde

111 1029 33 20 att
165 1034 53 15 vara
239 1027 171 28 Ridderskapets
430 1028 40 21 och
490 1027 82 22 Adelns
588 1026 109 23 särskilda
711 1027 79 26 forum,
804 1029 54 20 utan

110 1063 33 20 att
158 1062 61 21 detta
234 1062 56 21 dock
304 1061 127 22 föranledde
446 1062 34 21 till
495 1061 152 28 upphäfvande
671 1061 25 21 af
709 1061 42 21 den
765 1060 93 22 Ridder-

110 1096 78 27 skapet
210 1096 40 21 och
272 1096 72 21 Adeln
366 1098 56 19 samt
445 1096 37 21 det
505 1095 113 28 ypperliga
633 1095 77 21 frälset
724 1095 34 21 uti
772 1095 87 28 adeliga

108 1130 155 28 privilegierna
286 1129 110 28 medgifna
417 1130 103 21 befrielse
539 1129 49 22 frän
609 1129 121 26 utgörande
752 1129 24 20 af
789 1129 69 27 tings-

108 1165 109 27 gästning.

176 1198 92 27 Följden
298 1198 23 21 af
352 1197 164 27 ofvannämnda,
538 1197 160 27 Ridderskapet
722 1197 40 21 och
786 1197 72 22 Adeln

105 1233 68 28 jemte
195 1232 76 22 frälset
291 1234 56 20 samt
368 1233 168 20 medlemmarne
550 1232 23 21 af
586 1231 164 22 Presteständet
765 1231 40 21 och
820 1231 38 21 de-

108 1273 36 16 ras
167 1267 107 22 boställen
294 1266 164 22 tillkommande
472 1266 102 22 befrielse
590 1265 48 22 från
655 1265 152 28 skyldigheten
822 1267 35 20 att

108 1303 79 26 utgöra
201 1301 168 28 tingsgästning,
384 1301 40 21 har
438 1301 64 26 varit,
518 1302 33 20 att
566 1300 70 21 denna
648 1299 60 22 skatt
722 1299 135 22 hufvudsak-

106 1335 66 26 ligen,
192 1341 34 15 om
248 1335 41 21 ock
311 1335 48 21 icke
381 1335 90 20 alldeles
493 1334 145 26 uteslutande,
660 1333 94 21 drabbat
768 1333 48 21 dem
832 1333 25 21 af

107 1368 114 27 allmogen,
236 1374 46 15 som
298 1368 96 21 hvarken
408 1367 100 22 innehaft
515 1367 154 28 privilegierad
682 1366 51 27 jord
748 1366 54 21 eller
816 1372 38 15 an-

107 1409 51 15 nars
180 1403 57 21 varit
258 1403 14 20 å
286 1402 68 22 sådan
368 1402 80 21 bosatt.
477 1401 32 28 Ty
522 1401 64 21 äfven
611 1400 163 27 innebyggarne
800 1400 7 21 i
826 1400 28 21 de

106 1436 82 27 städer,
215 1436 74 22 hvilka
314 1436 121 28 underlyda
455 1436 139 26 Häradsrätt,
616 1435 65 21 hafva
707 1434 8 21 i
738 1434 62 22 detta
821 1433 33 22 af-

106 1471 80 22 seende
201 1471 91 27 åtnjutit
306 1477 26 15 en
348 1470 104 28 oförtjent
466 1470 108 22 befrielse.

174 1517 125 17 Sammansatta
313 1517 37 23 Lag
362 1517 30 17 och
404 1516 85 18 Ekonomi
502 1516 88 18 utskottets
602 1514 105 19 betänkande
720 1514 34 18 N:o
768 1514 15 17 1.
