1073 1703
325 139 29 18 U.
370 140 32 17 B.
421 149 23 3 —
461 139 86 24 Prop.
565 139 50 21 N:o
629 139 46 20 32.
817 139 26 22 21

125 204 36 20 ten
182 203 47 22 från
250 203 120 29 Jyväskylä
391 203 59 27 visat,
473 204 68 22 under
562 208 155 26 gemensamma
738 206 81 22 studier
833 207 39 21 och

124 236 122 23 förädlande
260 237 216 23 rekreationsstunder
490 239 44 21 lära
548 238 31 29 sig
591 240 31 20 att
631 239 92 28 högakta
733 239 98 29 gvinnan,
844 252 26 3 —

125 272 30 21 ett
169 271 113 28 ingalunda
297 271 88 29 ovigtigt
399 274 94 20 moment
507 272 7 21 i
529 280 102 14 mannens
645 272 101 29 bildning.
776 273 39 21 Ett
829 276 42 19 rätt

122 305 161 21 handhafvande
298 305 24 21 af
334 305 61 28 sagde
410 305 91 22 kontroll
516 306 103 21 erfordrar
633 306 52 21 dock
700 306 129 28 nödvändigt
838 309 32 20 att

124 339 34 21 det
177 338 106 22 blifvande
298 338 120 23 seminariet
437 339 65 22 förses
516 340 49 21 med
579 340 97 25 internat,
692 341 56 21 helst
762 340 26 21 de
802 340 67 22 farhä-

121 381 43 21 gor,
187 381 45 13 som
253 372 68 29 någon
342 373 54 28 gång
418 375 75 27 yttrats
516 376 55 19 emot
591 374 129 22 sistnämnda
741 374 125 27 institution,

121 408 46 21 bäst
181 407 70 22 blifvit
265 407 124 28 vederlagda
404 407 23 22 af
440 408 25 21 de
480 407 46 22 från
541 408 120 22 seminariet
675 409 8 21 i
697 409 120 28 Jyväskylä
837 411 31 20 ut-

121 442 82 29 gångna
218 441 102 22 eleverna.
350 442 68 22 Dessa
432 442 64 22 hafva
510 443 106 28 nemligen
631 443 54 22 varit
700 443 104 28 enhälliga
819 443 6 22 i
836 443 31 23 att

121 476 92 22 vitsorda
235 476 17 29 ej
275 477 53 21 blott
344 476 124 22 internatets
486 477 54 28 goda
557 477 39 21 och
611 477 124 28 välgörande
751 477 115 29 inflytande

119 511 27 29 på
168 511 59 21 deras
247 510 124 29 utbildning,
387 513 51 20 utan
460 511 62 22 äfven
545 511 40 22 den
602 511 64 22 frihet
683 512 41 25 det,
741 511 52 22 dock
807 512 58 22 inom

119 545 113 28 tillbörliga
250 545 38 21 och
307 545 38 21 alls
360 545 46 21 icke
422 545 73 28 trånga
509 550 90 24 gränsor,
615 546 81 21 lemnar
711 546 84 21 enhvar.
826 546 39 22 Ta-

119 587 35 20 ges
177 579 71 21 vidare
263 579 6 21 i
284 579 137 22 betraktande
441 579 35 22 det
496 582 55 19 stora
565 580 114 27 inflytande
694 580 128 22 folkskolans
837 581 28 21 lä-

119 621 45 14 rare
180 613 38 21 och
232 613 116 21 lärarinnor
362 613 84 21 komma
461 615 30 20 att
506 614 72 21 utöfva
593 613 26 29 på
634 614 25 21 de
677 615 140 27 uppväxande
831 622 33 21 ge-

117 647 151 26 nerationerna,
285 647 47 21 icke
346 647 53 22 blott
412 655 76 20 genom
503 647 32 22 sin
549 647 156 28 undervisning,
721 649 51 20 utan
783 648 80 21 kanske

118 686 26 17 än
165 689 57 13 mera
240 688 75 21 genom
334 681 40 21 den
392 681 89 28 ordning
499 682 39 20 och
556 681 41 21 den
611 681 78 29 sedliga
704 681 54 22 anda
773 682 24 21 de
814 690 49 20 upp-

117 714 99 24 rätthålla
234 716 8 21 i
256 716 33 21 sin
304 715 58 22 skola
382 715 39 21 och
436 715 35 22 det
486 716 95 28 exempel
597 715 26 21 de
636 715 58 29 gifva
708 716 8 20 i
731 715 36 22 sitt
781 716 80 26 hemlif,

116 750 97 22 framstår
234 750 68 22 såsom
324 758 26 14 en
364 749 142 29 ovedersäglig
526 749 119 29 skyldighet
666 750 32 21 för
713 750 149 21 seminarierna

116 786 30 20 att
160 784 65 28 jemte
243 784 40 21 den
298 784 113 22 teoretiska
425 783 95 29 bildning
538 784 25 21 de
578 784 101 25 meddela,
695 784 104 28 allvarligt
813 786 48 26 taga

116 827 34 13 om
168 819 56 21 hand
242 818 25 21 de
288 818 106 22 blifvande
412 818 105 21 lärarenes
532 818 38 21 och
585 818 152 22 lärarinnornas
753 818 107 29 praktiska

115 852 122 29 uppfostran
247 852 31 22 till
289 852 93 28 ordning,
394 851 109 29 renlighet,
514 852 68 22 tidens
598 854 53 19 rätta
661 851 118 29 fördelning
788 860 18 13 o.
815 860 15 13 s.
840 860 19 14 v.

116 888 38 20 och
169 887 67 21 såsom
251 886 68 22 denna
333 886 132 29 uppfostrans
479 886 124 21 förmedlare
617 886 38 21 har
670 886 114 22 internatet
797 886 8 21 i
816 890 44 18 när-

115 922 90 21 varande
220 920 31 22 tid
266 921 39 20 och
319 920 88 28 troligen
422 920 32 22 för
468 920 61 28 långa
543 920 55 21 tider
612 920 76 21 framåt
701 920 33 22 sin
749 920 110 28 vigtigaste

114 955 84 29 uppgift
212 955 38 21 och
265 954 36 22 sitt
316 954 124 28 ovilkorliga
454 954 149 28 berättigande.
636 954 43 21 För
694 954 165 22 lärarinnesemi-

114 989 97 22 narierna
233 993 22 17 är
276 988 123 28 visserligen
420 988 40 22 den
482 988 44 22 sida
541 988 23 22 af
583 988 118 26 internatet,
718 996 45 14 som
777 996 29 13 nu
821 988 38 22 här

114 1023 96 26 vidrörts,
231 1022 18 29 ej
270 1023 23 21 af
308 1023 23 21 så
345 1024 42 20 stor
401 1022 113 29 betydelse,
529 1029 45 14 som
588 1022 32 21 för
634 1022 223 26 lärareseminarierna,

113 1067 49 13 men
180 1057 24 22 af
222 1057 23 22 så
262 1058 86 28 mycket
367 1059 65 19 större
449 1057 45 28 vigt
512 1056 32 21 för
561 1057 41 20 den
620 1056 143 21 förstnämnda
777 1061 23 16 är
814 1057 44 21 der-

114 1095 55 19 emot
190 1092 114 21 internatet
325 1099 75 20 genom
422 1091 36 21 det
480 1091 67 28 skydd
565 1091 38 20 och
619 1090 34 21 det
667 1089 85 27 hemlif,
763 1098 45 14 som
823 1091 35 21 det

113 1127 97 28 erbjuder
224 1126 40 21 den
279 1133 56 21 unga
349 1125 93 28 gvinnan
456 1125 67 21 under
537 1125 80 21 hennes
632 1124 84 23 vistelse
730 1124 27 29 pä
771 1125 86 21 semina-

112 1161 92 22 riiorten.
236 1160 104 28 Slutligen
354 1160 38 21 bör
406 1159 143 27 ihägkommas
563 1161 31 19 att
608 1158 123 22 internatets
741 1159 116 27 inflytande

112 1195 92 22 sträcker
227 1194 31 28 sig
281 1194 17 28 ej
320 1194 53 21 blott
393 1193 32 22 till
448 1192 74 28 sjelfva
539 1192 126 27 internerna,
681 1194 51 20 utan
747 1192 61 22 äfven
824 1192 33 22 till

113 1232 124 18 externerna
252 1229 37 21 och
304 1227 99 22 inverkar
417 1226 87 22 sälunda
519 1226 156 22 bestämmande
690 1226 27 28 pä
727 1226 40 21 den
777 1226 80 28 sedliga

112 1263 68 21 andan
195 1262 57 22 inom
266 1262 48 22 hela
329 1262 109 21 anstalten.

180 1296 68 22 Dessa
269 1296 23 22 af
312 1295 213 28 Skolöfverstyrelsen
547 1295 7 21 i
574 1297 71 19 ämnet
665 1294 93 22 uttalade
779 1294 77 28 äsigter

110 1331 64 21 hafva
195 1333 58 26 synts
273 1330 109 21 Utskottet
399 1330 23 20 sä
440 1329 155 28 öfvertygande,
611 1331 31 19 att
656 1329 108 21 Utskottet
779 1328 18 28 ej
813 1330 43 19 tve-

110 1365 38 21 kat
162 1366 31 19 att
207 1366 56 27 yttra
278 1364 31 28 sig
323 1363 33 22 till
371 1363 81 21 förmån
467 1362 31 22 för
513 1363 124 20 internatets
655 1362 108 21 införande
776 1362 80 27 jemväl

110 1399 37 22 vid
169 1398 35 22 det
225 1406 42 21 nya
288 1397 126 26 seminariet,
429 1396 66 23 likväl
514 1397 7 21 i
535 1395 97 29 förening
646 1395 47 22 med
709 1397 30 20 ett
753 1397 101 24 externat,

110 1433 84 22 hvadan
208 1432 80 23 således
303 1432 108 22 Utskottet
426 1439 60 14 anser
501 1431 35 22 det
551 1438 41 22 nya
607 1429 120 24 seminariet
741 1430 50 21 böra
805 1437 51 14 vara

112 1471 30 19 ett
156 1467 22 23 så
192 1467 81 22 kalladt
287 1467 136 28 fullständigt.

182 1508 140 19 Sammansatta
334 1507 58 19 Stats-
404 1505 32 20 ock
447 1505 186 20 Ekonomiutskottets
645 1504 112 19 betänkande
768 1503 36 20 N:o
816 1504 16 18 2.
