1061 1703
431 123 54 23 N:o
501 123 44 22 VV.
783 125 27 20 11

99 191 34 19 att
147 189 105 27 undergå;
268 189 39 21 och
320 190 66 26 jemte
402 190 37 21 det
454 191 26 20 de
495 190 23 21 af
532 190 205 22 ofvanomförmälde
757 190 81 20 komit6

99 223 121 26 uppgjorda
241 222 81 28 förslag
344 224 39 20 och
407 223 82 27 afgifna
510 224 122 26 yttranden,
655 224 110 25 angäende
780 224 58 20 dom-

99 261 103 20 sagornas
224 256 108 26 reglering
346 256 7 20 i
369 256 40 21 och
428 256 34 21 för
484 257 178 25 genomförandet
680 256 24 21 af
716 262 29 14 nu
760 256 77 26 ifräga-

98 288 94 21 varande
206 288 110 26 reformer,
333 289 127 26 Ständerna,
475 290 7 20 i
497 289 101 22 afseende
613 290 13 20 &
639 289 126 25 kännedom,
781 288 57 21 med-

99 321 66 26 delas,
180 321 37 21 vill
240 322 60 21 Hans
323 322 122 27 Kejserliga
467 323 101 26 Majestät
582 323 34 20 till
632 322 131 21 Ständernas
779 323 59 19 anta-

98 355 71 26 gande
184 355 130 22 öfverlemna
329 355 106 26 följande:

97 416 101 33 Förslag
220 416 39 25 till
286 416 154 33 förordning,
468 417 124 32 angående
619 417 148 25 förändrade
793 417 43 25 be-

133 455 151 34 stämningar
302 464 38 17 om
359 456 144 33 häradsting
521 457 46 24 och
585 456 215 25 häradsrätternas

368 496 202 25 sammanträden.

166 557 41 20 För
222 559 32 20 att
269 557 148 21 åstadkomma
431 563 26 15 en
473 557 174 27 skyndsammare
669 557 137 26 lagskipning
825 557 13 20 &

98 591 74 21 landet
187 591 40 21 och
242 591 101 21 befordra
364 591 148 21 rättsvårdens
533 591 74 21 vidare
631 591 122 26 utveckling
775 590 63 21 hafve

97 625 35 21 Wi
147 625 7 20 i
170 625 67 21 nåder
258 625 59 21 velat
338 625 78 26 stadga
437 625 40 21 och
500 625 107 26 förordna,
626 627 32 19 att
673 624 165 22 nedannämnda

97 659 83 26 lagrum
196 659 61 21 skola
272 659 82 21 erhålla
369 659 96 26 följande
481 659 129 21 förändrade
624 659 90 27 lydelse:

339 710 262 37 Rättegängsbalken.

411 771 9 20 1
436 770 94 27 Kapitlet.

445 822 12 20 4
473 822 18 26 8.

166 855 140 21 Underrätt
297 850 13 37 i
325 855 48 21 stad
396 856 24 19 är
442 854 164 26 rädstufvurätt,
632 854 38 21 der
692 854 19 26 ej
733 854 105 27 Kejsaren

97 888 83 22 tillåter
194 890 34 19 att
242 888 48 22 stad
312 888 69 22 under
402 888 125 21 häradsrätt
548 888 51 26 lyda
620 888 41 20 mä.
690 888 11 20 I
715 886 123 22 rädstufvu-

97 923 44 19 rätt
156 924 41 24 äga
212 922 88 21 stadens
315 922 148 26 borgmästare
478 922 39 20 och
531 921 89 21 rädmän
636 921 68 21 döma.

408 979 12 20 2
436 978 95 26 Kapitlet.

446 1030 46 27 18.

165 1064 11 20 I
190 1063 74 26 hvarje
280 1063 95 27 tingslag
394 1063 61 21 skola
473 1063 80 26 årligen
570 1063 12 20 å
596 1064 72 19 rättan
683 1061 96 26 tingstad
793 1060 45 21 häl-

98 1097 32 21 las
146 1097 36 20 två
197 1097 53 26 ting,
261 1097 37 21 det
313 1103 46 20 ena,
371 1097 78 20 vinter-
465 1097 39 20 och
519 1097 113 26 vårtinget,
652 1095 89 21 emellan
757 1095 41 20 den
812 1094 27 20 31

98 1131 89 20 Januari
203 1130 39 21 och
258 1131 41 20 den
314 1131 26 20 24
355 1131 52 20 Juni
423 1131 39 20 och
477 1131 37 20 det
533 1130 73 25 andra,
628 1129 125 26 hösttinget,
777 1128 62 21 emel-

99 1164 35 21 lan
151 1164 40 21 den
207 1164 26 20 31
249 1164 94 26 Augusti
359 1165 39 20 och
414 1165 41 20 den
469 1164 26 20 21
512 1163 124 22 December.

165 1197 70 26 Utgör
258 1197 118 27 tingslaget
397 1197 34 21 för
451 1197 32 25 sig
505 1203 26 15 en
554 1196 108 26 domsaga,
680 1194 55 22 skall
751 1194 88 21 härads-

97 1232 72 20 rätten
189 1230 68 22 under
278 1230 80 21 vinter-
381 1231 39 20 och
444 1230 108 27 vårtinget
573 1230 59 20 hålla
654 1230 43 20 fem
717 1228 40 21 och
771 1228 69 21 under

98 1264 120 26 hösttinget
232 1266 34 19 tre
281 1264 110 20 allmänna
406 1264 179 25 sammanträden,
600 1263 75 21 hvilka
688 1262 73 26 börjas
773 1262 68 20 första

98 1297 94 27 helgfria
207 1298 41 26 dag
263 1298 7 20 i
285 1298 74 26 hvarje
373 1297 85 26 månad,
473 1297 36 21 vid
525 1298 36 21 det
576 1296 58 22 förra
648 1297 70 25 tinget
737 1295 48 21 från
800 1294 39 21 och

97 1332 49 20 med
161 1331 105 21 Februari
282 1332 33 19 till
331 1332 39 20 och
385 1332 49 19 med
449 1332 51 19 Juni
515 1333 55 19 samt
584 1330 36 20 vid
636 1331 36 19 det
694 1335 75 15 senare
792 1328 48 20 från

98 1365 39 20 och
154 1364 49 21 med
218 1364 125 26 September
359 1364 34 20 till
407 1364 41 20 och
462 1365 48 20 med
526 1363 120 21 November
660 1362 83 21 månad.

166 1393 43 26 Äro
225 1397 37 22 två
277 1397 94 27 tingslag
387 1397 33 21 till
436 1403 26 15 en
478 1398 100 25 domsaga
598 1396 108 25 förenade,
728 1395 57 21 hälle
804 1394 36 21 hä-

99 1433 121 23 radsrätten
242 1432 7 23 i
272 1432 106 21 hvardera
399 1432 118 27 tingslaget
538 1431 94 23 vexelvis
654 1430 108 22 allmänna
784 1434 57 15 sam-
