1059 1714
241 130 14 20 8
528 130 50 20 N:o
593 129 51 21 28.

215 197 134 21 boksräntan
365 196 154 21 företrädesvis
533 196 34 20 uti
582 196 41 21 den
639 195 159 26 förminskning
808 196 7 20 i
825 195 71 25 värde,
907 200 51 21 pen-

214 231 80 26 ningen
313 230 125 27 isynnerhet
458 230 55 20 efter
530 229 25 21 är
575 230 55 20 1853
644 229 123 26 undergätt,
784 230 56 19 emot
855 228 103 26 förslaget

217 264 34 21 till
260 264 118 21 förändrad
389 262 326 28 räntepersedle-undervisning
725 262 117 21 framställt
852 262 107 21 särskilda

216 298 173 26 anmärkningar,
413 297 128 21 hvaribland
561 296 155 26 förnämligast,
739 297 32 20 att
792 296 108 26 Komiten,
923 295 36 21 vid

213 332 125 27 jemförelse
356 331 23 21 af
392 331 148 26 grundräntan
557 330 54 22 efter
627 330 41 22 den
682 336 43 21 nya
739 330 39 21 och
795 330 26 21 de
836 330 70 26 gamla
921 336 38 15 un-

217 366 182 26 dervisningarne,
421 365 83 26 antagit
523 366 31 20 ett
573 364 74 22 alltför
661 364 46 26 lägt
722 364 66 21 värde
803 364 12 20 &
829 363 53 22 flera
896 364 23 20 af
934 364 25 21 de

215 400 8 21 i
241 400 132 21 sistnämnde
388 399 181 27 undervisningar
580 398 105 27 ingående
697 398 136 26 väsendtliga
842 398 117 26 persedlar,

216 433 70 22 säsom
301 434 34 23 hö,
351 433 64 27 halm,
431 434 79 26 humla,
526 435 46 19 torr
587 432 41 22 fisk
643 439 28 15 m.
685 439 36 20 m.;
737 434 32 20 att
783 432 69 27 priset
867 432 12 21 ä
889 433 27 21 de
926 432 34 22 till

215 468 108 27 betydligt
345 467 78 27 belopp
446 468 69 20 under
535 468 41 20 den
595 467 59 21 förra
673 467 148 26 grundräntan
836 466 124 22 beräknade

216 501 50 21 öke-
289 502 39 20 och
350 501 225 27 dränge-dagsverken
601 500 75 27 blifvit
692 503 51 19 utan
761 500 63 27 giltig
843 501 117 26 anledning

216 536 96 25 nedsatt;
321 537 56 20 samt
384 536 32 21 att
425 536 76 21 värdet
511 536 12 21 å
531 535 138 28 persedlarne
678 535 23 22 af
707 534 102 22 Komitén
818 535 79 22 utförts
906 535 54 22 efter

217 570 190 27 medelberäkning
423 570 22 21 af
459 569 216 28 markegångsprisen
690 569 33 21 för
739 569 50 21 åren
807 569 53 21 1853
876 569 34 21 till
921 569 38 21 och

217 604 48 21 med
281 604 61 25 1862,
359 603 68 22 ehuru
443 604 118 21 detsamma
575 603 116 28 rätteligen
706 603 65 21 bordt
786 604 88 26 utgöras
886 603 24 22 af
917 610 43 15 me-

217 638 105 27 delpriset
336 638 33 21 för
385 638 52 21 åren
452 639 55 20 1825
523 639 33 20 till
572 638 39 21 och
627 638 48 21 med
690 638 61 26 1839,
768 637 77 22 hvaraf
859 638 39 21 allt
913 638 47 27 följ-

218 672 41 21 den
278 672 78 26 blifvit,
377 673 32 20 att
429 673 139 26 persedlarne
588 672 40 21 och
645 672 106 21 kontanta
765 673 147 26 penningarne
928 672 32 21 uti

217 707 42 20 den
273 712 43 21 nya
330 706 161 27 undervisning,
507 707 101 21 Komitén
624 706 118 27 föreslagit,
758 706 91 27 uppgått
864 707 33 20 till
907 707 53 21 min-

218 741 38 20 dre
271 741 78 26 belopp
365 743 27 18 än
407 741 136 21 vederbordt.

285 774 31 21 På
331 775 70 26 grund
416 775 23 20 af
453 775 64 21 dessa
528 775 167 26 anmärkningar
706 775 40 21 och
757 775 27 21 då
794 775 73 20 härtill
877 777 84 19 komme

218 811 32 19 att
269 809 27 21 de
314 809 166 27 skattskyldige,
499 815 76 21 genom
595 809 40 22 den
657 809 112 26 samtidigt
787 809 48 22 med
851 810 109 26 ränteper-

218 843 230 26 sedle-omsättningen
473 843 123 22 anbefallda
618 843 344 28 medelmarkegångs-beräkning

218 876 13 21 å
245 877 43 20 alla
300 877 142 26 jordskatter,
460 877 87 22 beredts
566 883 27 15 en
611 877 65 26 högst
689 877 99 27 betydlig
802 877 124 27 minskning
940 877 24 21 af

219 910 179 27 skattebeloppet,
419 911 64 20 hafva
502 911 157 22 Kamrerarene
679 912 76 24 ansett,
778 911 45 21 dels
842 912 32 20 att
892 911 69 27 någon

219 943 126 28 förändring
360 944 23 22 af
396 951 29 14 nu
441 945 100 26 gällande
556 945 155 26 undervisning
727 945 48 21 icke
789 951 51 15 vore
855 945 107 21 erforder-

219 977 36 27 lig,
272 978 46 21 dels
334 980 33 19 att
381 978 76 27 frågan
473 979 73 21 derom
562 979 66 21 borde
644 979 81 21 lemnas
740 979 108 21 beroende
863 979 33 21 till
913 980 49 21 dess

220 1011 123 23 erfarenhet
357 1013 88 21 vunnits
461 1019 34 15 om
512 1013 40 22 den
564 1015 72 20 senast
647 1013 86 22 införda
742 1013 178 27 myntreformens
931 1014 31 21 in-

218 1046 95 26 flytande
336 1047 28 26 på
388 1047 126 26 varuprisen
535 1048 39 21 och
596 1048 40 20 den
655 1048 140 26 nedsättning
811 1047 21 22 af
848 1048 53 26 dem,
918 1054 44 15 som

220 1080 62 21 deraf
296 1086 50 15 vore
362 1082 33 19 att
409 1081 105 21 förvänta.

287 1113 94 21 Särskilt
401 1114 66 21 hafva
488 1115 155 21 Kamrerarene
667 1115 6 21 i
696 1115 87 21 Militie-
799 1116 40 20 och
853 1116 109 21 Kammar-

219 1147 176 26 expeditionerne
416 1148 112 27 föreslagit
544 1150 38 25 att,
598 1149 7 20 i
620 1149 104 21 händelse
745 1149 127 27 förändring
882 1150 23 20 af
919 1150 44 26 gäl-

219 1180 64 21 lande
305 1182 325 27 räntepersedle-undervisning
653 1188 28 16 nu
704 1182 104 24 befunnes
834 1183 72 26 nödig,
922 1184 41 20 den

219 1214 24 21 af
261 1215 100 21 Komitén
379 1216 122 26 uppgjorda
521 1217 154 25 undervisning
690 1216 66 22 måtte
771 1217 79 21 ändras
866 1217 96 26 sålunda,

220 1249 32 19 att
271 1248 119 20 artiklarne
409 1251 58 18 smör
486 1250 38 20 och
543 1251 46 25 talg
609 1250 70 20 deruti
694 1250 87 26 inginge
796 1250 35 21 till
846 1250 66 26 högre
929 1251 34 20 be-

219 1281 57 26 lopp,
291 1287 49 15 men
355 1282 106 21 kontanta
474 1283 147 26 penningarne
636 1283 111 21 nedsättas
763 1283 33 21 till
812 1283 56 21 hvad
883 1284 23 20 af
915 1284 48 21 dem

220 1314 149 27 ungefärligen
385 1315 76 27 skulle,
478 1316 68 26 enligt
561 1316 60 22 äldre
637 1316 185 28 undervisningar,
838 1317 77 27 belöpa
930 1318 33 26 sig

219 1347 28 28 på
262 1355 26 15 en
303 1348 140 23 skatterubel.
474 1350 45 22 Och
535 1351 64 21 hafva
613 1351 98 21 bemälde
725 1351 129 23 Kamrerare
865 1351 23 22 af
896 1352 67 22 sådan

221 1383 116 27 anledning
352 1384 106 27 tillstyrkt
469 1386 123 25 antagande
600 1386 22 20 af
629 1385 95 27 följande
733 1386 161 27 undervisning,
906 1393 57 15 nem-

219 1416 58 27 ligen
297 1417 34 21 för
349 1418 99 27 samtlige
469 1419 34 21 län
523 1420 58 21 utom
597 1420 101 27 Wiborgs
713 1420 46 22 län:
775 1420 12 21 4
803 1420 82 28 kappar
900 1427 62 21 span-
