1053 1709
312 126 30 18 U.
355 126 28 18 B.
395 136 23 3 —
429 126 78 23 Prop.
520 127 46 17 N:o
579 128 39 17 24.
788 130 25 20 17

91 191 156 30 myndigheter,
263 196 56 20 samt
333 196 33 20 att
384 195 104 27 utjordar,
504 197 49 25 torp
570 196 38 21 och
627 196 216 28 kronoskogsparker

91 228 48 21 åter
154 229 69 20 skulle
239 229 6 20 i
261 229 72 27 vanlig
348 230 91 26 ordning
455 230 7 20 i
476 230 81 20 mantal
572 230 130 26 uppskattas
713 231 67 26 enligt
790 231 52 21 fast-

90 262 81 21 ställda
190 262 273 27 skattläggningsgrunder,
482 264 101 26 antingen
602 266 82 24 genast,
702 264 27 21 då
745 265 41 20 den
801 271 42 20 nya

91 295 154 27 förordningen
267 296 76 21 trädde
366 297 7 20 i
395 297 100 26 gällande
513 297 65 26 kraft,
594 298 57 26 eller,
669 304 34 14 om
719 298 36 21 det
770 298 7 21 i
793 305 49 19 pro-

90 330 123 26 positionen
225 330 123 26 föreslagna
363 331 241 26 uppskattningssättet,
621 332 32 20 till
669 332 137 20 undvikande
822 332 22 20 af

90 364 101 26 uppskof,
214 364 33 20 till
271 370 25 14 en
319 364 76 27 början
417 364 56 27 finge
492 365 84 25 anlitas,
593 365 68 20 under
675 366 75 26 loppet
765 366 23 20 af
802 366 40 20 den

90 397 70 21 första
178 398 189 26 femårsperioden,
387 398 55 21 efter
460 399 64 21 hvars
540 399 82 26 utgång
637 399 76 21 endast
728 406 26 14 en
769 400 8 20 i
792 405 50 15 van-

89 432 30 26 lig
143 432 90 26 ordning
256 432 119 21 verkställd
398 432 161 27 skattläggning
578 432 55 27 finge
649 433 65 21 lända
728 433 34 21 till
778 433 63 21 efter-

89 466 96 21 rättelse.

161 500 124 22 Utskottets
307 500 71 22 flertal
399 501 39 21 har
462 501 17 27 ej
499 501 83 21 kunnat
596 500 57 22 finna
668 502 32 20 att
716 499 125 29 taxeringen

90 534 22 22 af
127 535 128 21 industriela
270 536 144 26 inrättningar
425 542 51 14 vore
487 536 32 20 till
530 536 33 20 sin
574 537 64 19 natur
649 536 107 21 olikartad
767 536 73 27 hvarje

89 575 69 15 annan
182 569 123 21 kommunal
328 569 66 21 sådan
417 569 40 21 och
480 576 62 15 anser
565 570 90 26 derföre,
676 571 38 25 att,
732 576 34 15 om
781 570 59 21 kom-

85 603 90 21 munala
197 603 148 27 myndigheter
369 604 61 20 skola
445 609 63 15 anses
521 603 82 27 jäfviga
618 605 33 19 att
665 604 119 21 verkställa
799 604 41 21 den

88 644 28 14 nu
131 638 7 20 i
154 637 62 26 fråga
231 638 94 20 varande
339 638 133 26 taxeringen,
485 638 25 20 de
519 638 27 26 på
555 644 81 14 samma
644 638 69 26 grund
723 638 39 20 ock
773 638 67 21 borde

88 678 52 14 vara
161 672 106 20 hindrade
289 673 32 19 att
344 672 117 20 verkställa
480 672 40 20 den
538 672 7 20 i
560 672 280 26 kommunalförfattningen

87 705 116 27 påbjudna.
234 706 63 20 Hvad
319 706 47 20 åter
386 706 183 26 uppskattningen
585 705 23 21 af
622 706 98 26 utjordar
736 706 39 21 och
790 708 48 25 torp

88 739 109 26 beträffar,
213 738 68 22 finner
296 739 108 21 utskottet
418 739 86 27 vanliga
515 740 267 26 skattläggningsgrunder
792 740 47 21 icke

87 780 52 15 vara
155 774 12 20 å
183 772 48 23 dem
239 774 134 26 tillämpliga,
385 774 100 21 hvarföre
499 774 106 21 utskottet
616 776 72 19 ansett
699 774 141 22 omförmälda

87 808 168 27 anmärkningar
270 808 47 22 icke
333 808 53 22 böra
401 808 33 21 till
449 808 67 27 något
527 808 185 27 ändringsförslag
720 808 118 22 föranleda.

159 843 80 22 Vidare
261 843 40 21 har
323 843 49 21 med
394 843 114 27 anledning
528 842 66 28 deraf,
614 844 32 21 att
661 843 107 22 utskottet
783 843 55 22 före-

85 878 67 27 slagit
168 878 129 26 tingslagets
313 878 161 21 bestämmande
490 878 71 21 såsom
576 878 262 26 vägbyggnadsdistrikt
829 874 14 35 i

87 912 74 22 stället
175 912 34 21 för
224 912 135 26 kommunen,
375 912 57 20 inom
440 912 108 21 utskottet
555 912 75 26 yrkats
639 913 32 19 att
679 918 59 15 mera
746 913 92 20 nämnda

85 947 100 25 taxering
207 946 68 21 borde
297 946 38 21 ske
357 952 76 20 genom
456 952 26 14 en
505 946 121 26 delegation
642 946 22 20 af
677 946 161 26 taxeringsmän

85 981 57 21 ifrån
159 980 100 26 samtliga
274 980 32 20 till
317 979 212 27 vägbyggnadslaget
540 980 95 20 hörande
643 979 133 27 kommuner,
786 982 51 18 enär

83 1015 61 21 olika
160 1014 93 27 grunder
265 1014 117 20 förmenats
395 1020 78 14 annars
481 1014 86 20 komma
575 1014 32 20 att
615 1013 63 27 följas
689 1014 57 20 inom
756 1020 81 14 samma

85 1048 137 28 vägdistrikt.
245 1060 29 3 —
295 1048 11 20 I
325 1048 141 21 förevarande
481 1048 38 20 fall
534 1048 68 26 gäller
618 1048 36 20 det
669 1048 119 20 emellertid
804 1049 32 19 att

83 1083 93 27 jemföra
199 1083 25 21 de
243 1082 150 26 inrättningar,
413 1088 46 14 som
475 1082 60 20 skola
550 1082 93 25 taxeras,
659 1082 49 20 med
724 1082 47 20 dem
787 1084 48 18 när-

86 1119 57 20 mast
157 1117 92 26 belägna
261 1116 209 27 jordpossessioner;
487 1116 39 20 och
541 1115 27 21 då
583 1115 146 21 kostnaderna
744 1115 33 21 för
785 1118 51 24 väg-

85 1152 106 26 byggnad,
205 1152 66 26 jemte
287 1151 26 21 de
328 1150 75 26 vilkor,
419 1150 68 29 under
500 1150 74 21 hvilka
589 1150 60 21 detta
657 1156 53 14 onus
723 1150 55 21 skall
786 1156 49 20 pre-

85 1188 77 24 steras,
178 1186 8 20 i
201 1186 117 20 allmänhet
332 1184 69 21 måste
417 1190 62 15 anses
495 1190 51 15 vara
560 1190 60 14 mera
635 1184 44 20 lika
687 1184 58 21 inom
754 1190 81 15 samma

85 1220 108 25 kommun,
210 1220 55 19 samt
280 1218 73 26 hvarje
369 1218 66 20 sådan
451 1218 62 20 torde
528 1224 52 14 vara
594 1223 60 15 mera
668 1217 126 27 kompetent
802 1220 32 19 att

84 1254 93 21 bedöma
192 1253 63 21 dessa
270 1252 150 21 förhållanden
435 1254 27 18 än
478 1251 128 27 delegerade
621 1250 47 21 från
676 1251 158 21 vidsträcktare

83 1288 94 25 kretsar,
200 1287 39 20 har
262 1286 107 21 utskottet
391 1287 73 19 ansett
486 1286 43 27 den
543 1284 123 26 föreslagna
685 1285 149 26 delegationen

85 1321 102 25 olämplig
203 1321 39 20 och
258 1320 24 20 så
296 1320 85 25 mycket
395 1325 59 15 mera
471 1318 84 26 onödig,
572 1324 46 15 som
633 1318 128 26 afgörandet
775 1319 7 20 i
783 1316 51 24 alla

84 1354 38 21 fall
138 1354 69 20 blefve
221 1353 62 26 lagdt
297 1353 8 21 i
320 1352 150 22 Guvernörens
486 1352 57 20 hand
559 1352 39 20 och
613 1351 102 21 befarade
724 1352 109 26 oformlig-

84 1389 61 21 heter
169 1388 122 26 derigenom
313 1386 73 21 kunna
412 1386 134 26 förebyggas.
577 1384 113 22 Utskottet
712 1385 121 27 tillstyrker

83 1423 87 22 derföre
185 1424 32 19 att
233 1421 147 27 stadgandena
395 1421 7 20 i
417 1421 13 20 4
446 1420 11 28 $
472 1420 132 27 godkännas.
634 1419 84 21 Endast
732 1420 7 20 i
755 1420 49 22 dess
820 1422 12 20 3

143 1462 125 18 Sammansatta
280 1461 45 23 Lag-
337 1460 31 18 och
379 1460 174 18 Ekonomiutskotteis
565 1459 106 17 betänkande
682 1459 34 17 N:o
728 1460 18 16 9.

730 1492 10 16 2
