1061 1709
238 133 27 21 38
376 136 26 18 U.
424 136 27 17 B.
469 146 24 2 —
509 136 81 22 Prop.
605 135 48 18 N:o
668 137 28 16 30
711 140 35 13 m.
762 135 26 18 fl.

212 202 73 26 loppet
307 201 24 21 af
354 202 68 20 denna
445 202 63 25 skatt,
531 207 45 15 som
599 201 65 27 enligt
679 202 25 20 50
720 201 12 27 &
747 201 6 21 i
768 201 93 21 nämnda
875 201 78 26 nådiga

215 234 126 28 förordning
364 235 53 21 skall
440 235 109 21 redovisas
566 236 8 20 i
589 235 152 27 sammanhang
756 235 49 21 med
820 235 85 21 skatten
920 234 33 22 för

212 269 272 27 bränvinstillverkningen,
508 269 42 22 kan
573 270 106 21 utskottet
702 269 47 22 icke
771 269 99 22 meddela
883 269 70 27 nägon

212 304 133 26 upplysning,
362 304 89 21 emedan
466 303 106 22 utskottet
586 304 48 21 icke
642 304 55 21 varit
706 304 8 20 i
724 303 83 21 tillfälle
819 305 31 19 att
860 303 93 27 granska

216 338 54 20 1876
285 338 35 20 ärs
335 338 146 27 räkenskaper
496 338 59 21 öfver
569 338 192 21 bränvinsmedlen.

282 372 11 21 I
315 372 144 21 innevarande
475 372 34 21 ärs
525 373 133 26 statsförslag
674 374 23 19 är
711 372 243 21 kommunikationsfon-

215 406 51 21 dens
282 406 63 21 andel
360 407 7 20 i
381 407 180 20 nettoinkomsten
576 407 47 20 frän
636 406 176 21 Riihimäki—S:t
824 406 131 27 Petersburg

212 440 90 26 jernväg
324 440 110 21 beräknad
456 441 33 20 till
510 441 46 26 ny
579 441 89 26 468,000
690 442 56 19 samt
764 441 155 26 nettorevenyn
933 439 24 22 af

214 468 68 27 Åbo—
295 464 139 41 Tammerfors
466 474 126 21 Tavastehus
604 474 90 27 jernväg
704 474 32 21 till
746 474 47 27 Za
804 475 89 25 300,000
904 475 51 20 eller

213 507 140 22 tillsammans
367 508 119 21 inkomster
496 508 47 21 från
549 509 142 26 jernvägarne
701 509 46 24 ry:
758 509 97 26 768,000.
880 509 75 21 Denna

212 548 82 15 summa
309 548 62 15 anser
388 542 53 21 dock
456 543 106 20 utskottet
578 543 18 26 ej
611 543 72 20 kunna
693 543 7 20 i
710 543 101 21 medeltal
822 543 49 21 med
882 543 71 22 säker-

211 576 36 21 het
261 576 115 26 päräknas.
408 576 35 21 Dä
461 576 89 21 fondens
565 577 95 21 inkomst
675 577 47 20 frän
737 577 147 21 förstnämnda
896 577 57 27 jern-

212 613 41 24 väg
271 611 68 20 under
354 611 26 20 de
396 611 48 26 fyra
459 611 52 21 ären
528 611 136 21 1872—1875
676 611 66 26 enligt
757 612 198 21 Finansrelationen

210 645 37 25 XI,
263 645 14 20 2
292 645 40 20 och
347 645 12 20 3
375 645 91 26 uppgått
480 645 7 20 i
506 646 100 20 medeltal
622 645 31 21 till
669 646 46 27 ye
730 646 92 26 272,000
832 646 40 21 och
882 646 7 20 i
901 646 53 21 1876

211 679 34 20 års
261 679 135 26 statsförslag
411 679 116 20 beräknats
542 679 31 21 till
590 679 46 26 Za
647 679 97 26 312,000,
762 679 24 21 sä
796 685 64 15 anser
871 679 82 21 utskot-

212 714 32 19 tet
259 713 36 20 det
310 719 52 14 vara
376 712 135 27 försigtigast
526 715 30 19 att
571 714 6 20 i
593 713 100 21 medeltal
709 713 145 29 ejuppskatta
862 713 90 22 fondens

210 747 63 20 andel
289 747 7 20 i
310 746 182 22 nettoinkomsten
507 747 47 21 från
570 747 31 22 S:t
610 747 275 28 Petersburg—-Riihimäki
893 748 58 27 jern-

211 782 41 25 väg
270 781 33 21 till
318 788 45 14 mer
378 783 26 19 än
415 781 91 27 ungefär
517 782 45 24 ry
573 782 91 26 300,000
674 788 25 20 pr
709 782 30 21 år.
770 776 51 28 Ärs-
832 783 122 22 inkomsten

211 815 48 21 från
284 810 381 27 Äbo—Tammerfors--Tavastehus
684 816 92 28 jernväg
801 818 68 26 torde,
885 818 70 22 sävidt

212 850 23 21 af
249 850 25 21 de
290 850 76 21 hittills
383 850 82 27 synliga
480 850 177 27 redogörelserna
671 850 33 22 för
715 851 93 22 trafiken
824 852 41 21 kan
881 852 73 27 slutas,

210 884 87 21 komma
311 885 32 20 att
359 884 72 27 uppgå
446 884 33 21 till
494 885 97 26 omkring
604 885 46 26 Za
665 886 108 25 200,000i
785 887 106 21 medeltal.
907 887 47 21 Den

212 924 82 15 summa
317 918 22 21 af
353 919 46 25 my
415 919 96 25 500,000,
548 919 106 21 utskottet
669 920 89 21 sålunda
773 927 63 14 anser
851 921 82 27 årligen
947 922 7 20 i

210 953 101 21 medeltal
335 953 53 21 böra
412 952 86 27 tillflyta
519 953 275 23 kommunikationsfonden
809 955 47 21 från
868 955 85 28 jernvä-

211 993 72 21 garne,
309 988 62 21 torde
386 987 46 23 icke
451 994 51 15 vara
518 988 33 21 för
566 988 52 26 högt
632 989 116 26 beräknad,
765 989 28 21 dä
807 996 49 15 man
870 992 61 25 tager
946 991 6 21 i

212 1023 142 21 betraktande
370 1025 32 19 att
416 1024 70 26 begge
499 1023 142 28 jernvägarne
657 1024 39 21 och
711 1024 7 21 i
729 1024 115 27 synnerhet
855 1025 41 22 den
906 1026 47 21 sist-

212 1057 93 22 berörda
327 1059 56 19 ännu
406 1059 36 19 äro
465 1064 41 21 nya
529 1059 39 20 och
589 1058 84 21 tillväxt
694 1059 7 20 i
722 1058 92 23 trafiken
832 1061 32 20 att
878 1061 76 26 motse,

209 1091 68 27 jemte
297 1092 36 21 det
347 1091 70 27 nägon
428 1092 137 27 nedsättning
580 1092 23 21 af
616 1092 211 24 trafikkostnaderna
842 1095 7 20 i
865 1094 53 27 följd
933 1095 23 22 af

212 1126 103 27 vidtagna
341 1126 197 27 ändamäsenligare
562 1127 144 27 anordningar
731 1127 63 22 äfven
821 1129 39 20 bör
882 1129 73 22 kunna

212 1161 118 22 förväntas.

280 1196 130 27 Ytterligare
424 1196 40 21 har
474 1195 275 22 kommunikationsfonden
761 1195 63 22 äfven
838 1196 48 22 frän
897 1197 56 22 Wal-

213 1230 103 21 keakoski
338 1230 63 21 kanal
423 1230 70 27 nägon
508 1231 99 25 inkomst,
624 1236 45 15 som
684 1230 6 20 i
706 1229 57 21 ärets
780 1231 135 27 statsförslag
930 1234 25 19 är

213 1266 108 24 upptagen
336 1263 32 21 till
384 1263 76 20 endast
474 1263 44 25 %w
535 1263 47 26 400,
597 1269 49 14 men
656 1269 51 20 som,
719 1263 28 21 dä
757 1264 197 23 Finansrelationen

213 1298 37 26 XI,
273 1299 12 19 3
310 1297 39 21 och
372 1298 12 20 4
406 1303 83 20 uppger
506 1296 180 22 nettoinkomsten
701 1297 34 21 för
749 1298 51 21 ären
817 1299 136 22 1873—1875

213 1333 33 22 till
268 1333 45 24 Fm
337 1331 110 27 3,337:61,
462 1331 62 21 torde
545 1330 73 22 kunna
637 1331 127 27 uppskattas
786 1332 7 21 i
808 1332 99 23 medeltal
922 1334 32 22 till

217 1368 53 21 1000
285 1366 62 22 mark
362 1366 89 26 ärligen.
792 1371 24 1 si

281 1401 64 22 Hvad
366 1400 46 22 åter
433 1399 102 22 beträffar
556 1400 286 23 kommunikationsfondens
858 1402 95 28 utgifter,

215 1438 24 21 sä
259 1438 88 25 utgöras
370 1435 63 21 dessa
455 1434 22 21 af
499 1434 147 21 annuiteterna
660 1434 67 28 jemte
742 1436 132 26 provisioner
887 1437 13 22 &
914 1438 39 20 Er-

215 1471 115 27 langerska
351 1470 62 20 lånen
435 1469 47 23 Fax
505 1469 109 26 1,107,000
636 1470 40 20 och
693 1470 13 20 &
727 1470 53 21 1874
796 1471 34 21 års
842 1472 110 26 jernvägs-

283 1516 137 18 Statsutskottets
432 1516 104 18 betänkande
548 1515 34 17 N:o
595 1515 27 18 12.
