1042 1709
196 152 13 21 6
384 152 63 21 Ständ.
467 152 30 21 Sv.
514 164 25 3 —
554 151 102 28 Prop.:N:o
670 151 32 21 25.

167 220 41 16 nen
230 214 141 28 uttryckligen
391 214 104 22 förklarat
512 214 31 26 sig
559 214 47 21 icke
620 213 50 27 vilja
684 212 103 28 medgifva
802 214 32 20 att
849 213 68 21 denna

168 247 58 27 afgift
248 248 67 21 skulle
334 248 34 22 för
381 248 112 22 framtiden
507 248 102 27 upphöra,
624 247 46 22 icke
685 246 56 22 velat
755 246 48 22 frän
816 246 101 28 förslaget

167 281 44 22 helt
227 282 38 22 och
280 282 66 22 hället
360 282 92 22 utesluta
467 282 127 25 densamma,
609 287 49 16 men
669 282 70 20 ansett
748 280 100 28 beloppet
859 280 60 23 deraf

167 316 53 22 böra
234 316 108 22 nedsättas
356 316 33 22 till
405 317 40 21 100
460 316 65 22 mark.
556 316 40 22 Om
610 315 110 27 nemligen,
736 316 70 20 säsom
822 315 95 27 proposi-

166 350 73 22 tionen
260 350 61 26 afser,
343 350 78 22 handel
443 350 32 22 till
497 349 172 27 sjelfförsörjning
682 350 13 20 &
709 349 72 21 landet
796 348 120 28 medgifves,

167 385 68 21 mäste
257 384 40 22 den
318 384 122 27 härigenom
463 384 168 28 uppkommande
649 383 159 21 konkurrensen
822 383 48 21 leda
885 383 32 22 till

168 424 25 16 en
215 418 120 27 minskning
356 418 31 22 uti
409 418 71 28 hvarje
499 418 82 22 enskild
595 417 171 22 landthandlares
782 417 134 27 omsättning,

167 452 97 22 hvarföre
279 459 26 15 en
320 452 65 27 högre
399 452 135 27 beskattning
549 454 27 19 än
591 452 40 21 den
646 452 140 21 nästnämnda
799 451 47 21 icke
856 457 61 22 synes

167 486 53 22 böra
235 487 61 21 dessa
310 486 120 22 handlande
445 486 111 22 ähvälfvas.

236 520 37 22 Uti
294 520 190 22 landthandlandes
505 520 129 27 näringsrätt
656 521 61 25 göres
740 519 7 21 i
764 519 11 27 &
791 520 25 20 21
834 519 39 22 den
887 520 31 20 in-

168 554 134 27 skränkning,
325 556 32 20 att
373 554 121 22 densamma
508 554 46 22 icke
568 554 32 21 fär
616 553 88 22 omfatta
718 553 122 27 försäljning
856 553 21 22 af
890 554 29 21 vi-

168 595 37 15 ner
221 588 50 22 eller
286 588 148 28 spritdrycker.
465 588 71 28 Enligt
551 588 128 22 Ständernas
694 588 54 26 äsigt
763 587 39 22 bör
817 588 17 26 ej
853 587 66 22 heller

168 622 122 28 försäljning
311 622 24 22 af
354 622 21 22 öl
390 622 39 22 och
444 625 72 25 porter
530 623 27 26 pä
571 622 73 22 landet
658 622 78 21 tillåtas
751 624 52 19 utan
817 621 100 22 vederbö-

167 657 66 21 rande
247 657 112 21 kommuns
374 657 150 27 medgifvande,
540 658 59 20 utom
613 656 7 21 i
636 656 35 22 det
685 656 43 26 fall,
744 658 32 19 att
790 662 64 15 varan
865 658 24 19 är
898 656 23 21 af

168 697 52 21 egen
242 691 140 27 tillverkning.
413 691 38 21 Ett
473 693 87 19 motsatt
581 690 132 22 förhällande
732 690 68 22 skulle
814 690 105 27 nemligen

168 725 153 27 otvifvelaktigt
343 725 47 22 leda
413 725 85 26 derhän,
514 727 32 19 att
561 731 26 15 en
601 724 45 22 vidt
660 724 104 27 utgrenad
778 724 79 21 handel
871 724 48 22 med

168 760 61 21 dessa
244 760 89 27 drycker
347 760 84 21 komme
447 762 31 19 att
493 759 104 22 bedrifvas
612 760 27 26 pä
651 759 68 27 grund
729 758 23 22 af
760 758 95 22 säkallad
865 758 54 28 sjelf-

167 794 186 27 försörjningsrätt.
383 794 74 22 Redan
479 801 28 15 nu
528 793 113 27 förspörjes
656 792 46 22 frän
718 799 25 15 en
759 793 77 27 mängd
850 792 69 22 lands-

168 830 57 20 orter
239 828 77 27 klagan
333 828 57 21 öfver
405 828 26 21 de
445 828 90 27 menliga
549 827 103 28 följderna
667 827 22 22 af
702 834 26 14 en
739 827 180 26 oreglementerad

168 862 103 22 ölhandel.
302 863 75 21 Denna
394 862 54 22 skall
463 862 120 22 flerestädes
598 861 62 22 hafva
675 862 81 26 antagit
771 868 41 20 nog
827 865 44 17 stor
886 863 33 19 ut-

167 897 120 27 sträckning
303 897 39 21 och
357 896 59 28 gifvit
431 896 112 27 anledning
557 896 33 22 till
604 896 141 28 uppkomsten
760 896 22 21 af
796 902 26 15 en
837 902 44 15 mer
891 896 28 22 el-

167 930 32 22 ler
220 931 81 21 mindre
317 932 64 26 öppet
395 930 108 22 bedrifven
517 930 147 26 utskänkning,
680 930 88 21 hvarvid
783 930 21 21 öl
818 930 46 21 icke
879 930 40 21 säl-

166 965 36 21 lan
216 965 87 21 förtärts
318 965 33 21 till
367 964 112 22 öfverdrift.
506 964 72 27 Enligt
592 964 128 22 Ständernas
736 964 64 21 tanke
812 970 52 15 vore
873 964 46 21 der-

166 999 45 22 före
227 999 127 27 oordningar
369 1000 32 20 att
415 998 78 28 befara,
510 1005 34 15 om
559 998 118 26 ölhandeln,
693 998 69 21 såsom
774 998 7 20 i
792 998 41 21 den
842 998 76 26 nådiga

167 1033 157 28 propositionen
347 1032 93 27 föreslås,
456 1033 67 21 blefve
537 1032 128 27 fullkomligt
679 1032 32 21 fri.
742 1032 38 21 Att
795 1032 64 21 likväl
873 1032 46 21 helt

167 1068 39 21 och
224 1068 67 21 hället
305 1067 98 27 förbjuda
417 1067 66 21 andra
497 1070 27 18 än
539 1066 121 22 tillverkare
675 1066 143 27 ölförsäljning
833 1066 27 27 på
874 1066 44 21 lan-

168 1102 41 26 det,
233 1101 70 21 dertill
318 1100 62 22 hafva
395 1101 118 21 Ständerna
527 1101 47 21 icke
587 1100 69 22 funnit
670 1100 46 22 skäl
731 1107 50 15 vara
795 1100 122 27 förbanden,

166 1138 51 19 utan
238 1142 61 20 synes
322 1135 36 21 det
379 1141 51 15 vara
451 1135 107 27 tillfyllest,
582 1136 32 20 att
628 1134 8 21 i
650 1134 76 22 sådant
740 1134 97 21 afseende
853 1133 66 22 öfver-

165 1169 70 22 lemna
249 1169 196 21 beslutanderätten
460 1170 23 20 åt
497 1169 152 21 kommunerna
661 1168 78 27 sjelfva.
765 1168 43 21 För
818 1170 32 19 att
860 1168 59 21 detta

167 1204 54 22 dock
242 1204 47 21 icke
311 1205 34 20 må
363 1203 55 27 gifva
433 1204 111 26 anledning
559 1203 32 21 till
606 1204 64 26 något
685 1202 143 27 köpslagande
844 1208 34 16 om
893 1208 25 16 en

167 1238 58 26 dylik
245 1238 178 25 försäljningsrätt
445 1237 51 21 eller
518 1240 31 18 ett
569 1237 109 26 gynnande
694 1236 22 22 af
729 1237 69 25 någon
812 1242 26 15 ur
853 1236 66 21 andra

167 1271 46 21 skäl
235 1273 27 19 än
281 1270 31 26 de,
328 1276 46 15 som
389 1270 43 21 afse
448 1270 142 26 befrämjande
604 1269 23 21 af
640 1270 41 26 god
697 1269 95 26 ordning,
808 1268 60 22 torde
885 1269 34 21 det

166 1304 54 22 böra
234 1300 55 31 gällä
305 1305 69 20 såsom
389 1310 26 14 en
431 1303 78 21 allmän
523 1303 139 27 bestämning,
678 1304 31 20 att
719 1302 91 22 särskild
820 1301 59 28 afgift
888 1302 33 21 för

168 1338 88 22 sålunda
270 1337 119 28 medgifven
404 1338 29 22 öl-
447 1338 39 21 och
496 1337 159 28 porter-handel
664 1337 46 22 icke
720 1336 33 22 får
762 1336 157 27 ifrågakomma.

168 1373 50 22 Med
232 1372 98 22 afseende
349 1373 46 21 åter
411 1372 56 26 derå,
484 1374 31 20 att
530 1372 17 27 ej
564 1372 66 22 heller
645 1372 83 27 handel,
745 1378 45 15 som
805 1371 7 21 i
827 1370 48 23 stad
889 1370 31 22 till

162 1407 179 28 fsjelfförsörjning
355 1406 110 28 bedrifves,
480 1407 94 27 skäligen
588 1406 40 22 bör
642 1406 20 22 få
678 1406 88 22 omfatta
778 1406 101 28 rättighet
888 1406 33 22 till

169 1442 120 27 örsäljning
311 1441 23 22 af
349 1441 58 23 viner
422 1442 40 21 och
477 1442 66 21 andra
558 1441 148 28 spritdrycker,
722 1441 87 27 hvilket,
825 1448 35 14 om
873 1447 48 21 pro-

162 1476 120 28 positionen
305 1476 127 22 oförändrad
454 1478 94 25 antoges,
570 1476 72 21 kunde
661 1475 65 22 blifva
740 1475 86 27 följden,
841 1475 38 21 har
894 1482 27 15 en
