1061 1703
436 129 53 23 N:o
506 129 43 23 79.
800 131 13 19 9

103 197 172 22 sammanträden
301 197 62 20 torde
390 197 129 21 åtminstone
546 197 33 20 för
603 197 37 20 det
666 197 133 21 närvarande
823 197 19 25 ej

104 231 53 20 böra
179 229 87 26 införas,
290 229 45 22 dels
358 229 89 21 emedan
470 229 116 27 allmogens
614 229 99 21 brådaste
737 229 106 21 arbetstid

103 262 86 21 infaller
204 262 67 21 under
286 263 45 20 Juli
350 263 39 20 och
408 263 93 26 Augusti
524 263 100 21 månader
648 263 38 20 och
706 262 137 27 julhögtiden

104 296 68 20 under
192 301 75 16 senare
288 295 82 21 hälften
392 295 23 21 af
436 295 117 22 December
573 296 77 21 månad
672 295 103 25 inträffar,
797 295 46 21 dels

104 329 23 20 af
141 328 63 21 orsak
220 329 32 20 att
266 329 69 20 under
353 329 89 20 Januari
463 329 76 21 månad
559 328 233 27 häradshöfdingarnes
811 328 32 20 tid

104 364 24 19 är
143 363 107 25 upptagen
268 361 23 21 af
309 361 173 27 expeditionerne
502 362 46 21 från
563 362 124 26 hösttingen
702 362 39 21 och
756 363 87 25 upprät-

103 394 66 22 tande
184 394 23 22 af
221 395 110 27 åtskilliga
345 394 168 28 förteckningar.

171 429 57 21 Enär
242 429 67 21 likväl
324 429 211 27 omständigheterna
550 430 73 20 kunna
638 430 93 26 påkalla,
747 430 33 20 att
789 428 8 21 i
807 428 36 21 nå-

104 464 37 26 got
162 462 94 28 tingslag
279 462 101 27 antingen
403 462 53 23 flera
478 463 171 21 sammanträden
669 469 50 15 vore
738 461 106 27 behöfliga

105 496 52 22 eller
173 498 30 20 ett
218 496 86 26 ringare
319 496 59 22 antal
393 497 124 25 önskvärdt,
533 497 39 21 har
588 496 111 27 Styrelsen
709 495 135 22 förbehållits

104 531 45 20 rätt
163 531 33 20 att
206 530 7 21 i
223 529 81 22 sådana
319 530 161 27 undantagsfall
494 530 99 22 meddela
608 530 129 22 förändrade
751 529 93 22 bestäm-

104 563 78 22 melser
197 570 33 15 om
245 564 197 21 sammanträdenas
459 565 65 20 antal.

172 597 10 22 I
204 597 100 27 tingslag,
326 597 38 21 der
385 604 29 15 nu
438 598 76 21 endast
536 599 31 20 ett
587 598 47 26 ting
656 603 34 15 om
708 597 47 22 året
768 597 76 25 hålles,

103 632 62 21 torde
181 631 75 22 dervid
271 631 52 22 böra
337 631 45 22 tills
394 632 74 21 vidare
484 631 101 22 förblifva
596 632 39 21 och
645 631 27 27 på
684 631 109 27 Styrelsen
807 637 36 15 an-

104 665 85 22 komma
203 667 33 19 att
251 665 72 21 derom
338 665 116 22 framdeles
473 666 133 21 annorlunda
625 665 107 21 förordna.
761 664 33 21 En
810 664 35 21 del

105 699 23 22 af
142 699 63 21 dessa
219 699 101 27 tingslag,
335 700 70 20 såsom
421 702 15 18 t.
452 706 32 14 ex.
500 700 27 20 de
541 700 7 20 i
563 698 160 28 Lappmarkens
737 698 107 26 domsaga,

105 735 37 19 äro
160 732 106 27 nemligen
285 734 57 20 ännu
360 733 24 21 så
399 733 56 27 glest
477 732 114 23 befolkade
612 732 39 21 och
665 731 64 22 hafva
744 730 24 22 så
783 731 62 21 svåra

105 766 214 26 kommunikationer,
330 768 32 19 att
374 766 26 21 de
420 766 107 21 ordinarie
542 767 86 25 tingens
644 765 59 21 antal
717 765 7 21 i
740 764 47 22 dem
802 764 43 21 må-

105 800 71 20 hända
198 799 54 21 först
274 800 6 20 i
304 806 24 15 en
337 800 105 26 aflägsen
461 799 87 22 framtid
563 800 73 20 kunna
651 799 57 21 ökas.
724 798 11 21 I
750 798 96 26 enlighet

104 833 49 21 med
173 833 63 21 dessa
258 834 94 25 grunder
373 833 65 21 hafva
452 834 13 20 1
481 834 39 20 och
534 834 14 20 2
563 834 24 26 88
602 834 14 20 2
630 833 48 25 kap.
694 832 23 21 R.
733 831 24 23 B.
773 831 73 22 blifvit

105 866 101 26 ändrade,
217 866 111 22 äfvensom
340 867 26 21 de
378 867 7 21 i
398 867 12 21 1
426 866 39 22 och
474 867 14 21 2
496 866 24 28 $$
529 867 13 21 9
549 866 49 27 kap.
609 872 81 16 samma
700 865 51 21 balk
764 866 82 20 utsatta

105 906 78 15 ansvar
191 900 34 21 för
233 900 98 22 domares
339 900 53 22 eller
400 900 153 22 nämndemans
561 900 133 21 förfallolösa
700 900 89 20 utevaro
797 898 49 21 från

105 934 70 26 tinget
190 933 117 27 tillämpats
322 934 13 20 å
349 933 149 22 uteblifvande
514 934 46 20 från
576 934 89 20 allmänt
682 932 163 22 sammanträde.

176 966 79 22 Vidare
278 967 65 21 hafva
365 967 68 26 några
447 966 23 22 af
484 968 41 20 den
547 966 121 26 föreslagna
690 966 106 21 reformen
811 964 36 26 på-

106 1000 85 21 kallade
206 1000 76 27 tillägg
297 1001 40 20 och
357 1000 116 26 ändringar
495 1000 72 21 blifvit
588 999 86 21 införda
689 1000 7 20 i
711 1000 12 20 1
739 999 40 21 och
793 999 14 20 2
822 998 24 26 88

107 1034 26 20 11
156 1033 55 27 kap,
233 1035 12 20 1
269 1035 12 26 &
304 1035 27 20 12
352 1033 56 27 kap.,
424 1033 12 21 8
452 1034 39 21 och
506 1034 26 21 31
547 1033 25 28 $$
587 1033 26 21 17
629 1032 55 27 kap.,
700 1033 13 21 2
728 1033 11 26 $
755 1032 28 21 18
797 1031 49 26 kap.

107 1067 39 21 och
162 1067 11 20 1
190 1067 11 27 $
216 1068 27 21 25
258 1067 49 26 kap.
322 1067 24 21 R.
362 1067 23 21 B.

174 1100 37 22 Uti
234 1101 43 20 alla
302 1101 27 20 de
344 1101 119 26 domsagor,
479 1107 45 15 som
538 1102 78 25 utgöra
631 1101 31 19 ett
676 1099 95 27 tingslag
786 1099 39 20 och
840 1098 7 20 i

107 1134 73 21 hvilka
202 1135 151 21 häradsrätten
375 1134 133 21 fördenskull
530 1134 83 21 komme
636 1135 32 19 att
689 1139 51 14 vara
755 1132 92 25 ständig,

106 1169 46 24 bör,
175 1168 27 27 pä
225 1169 43 20 sätt
283 1167 62 22 äfven
368 1167 121 22 Ständerna
506 1169 73 25 yttrat,
595 1166 122 28 tingstaden
732 1165 115 27 förläggas,

108 1202 23 20 sä
147 1202 46 20 vidt
207 1202 90 26 möjligt,
316 1202 3 20 i
335 1201 81 21 midten
432 1201 22 21 af
468 1202 123 25 domsagan.
620 1200 33 21 En
666 1200 45 20 lika
721 1198 126 27 oundviklig

97 1235 64 31 eföljd
176 1235 63 21 häraf
253 1237 23 19 är
293 1235 39 21 ock
347 1236 33 20 att
393 1234 198 27 häradshöfdingen
606 1235 23 20 är
639 1234 73 20 bosatt
722 1232 59 22 invid
792 1232 56 26 ting-

108 1270 83 21 staden.
221 1269 33 21 Då
270 1269 37 21 det
323 1268 119 22 emellertid
457 1268 48 22 icke
522 1268 41 22 kan
586 1267 112 27 päräknas,
713 1268 32 20 att
761 1265 88 27 lämplig

107 1303 79 21 bostad
201 1302 33 22 för
249 1302 197 27 häradshöfdingen
470 1302 44 21 stär
529 1303 32 19 att
576 1301 108 27 upphyras
695 1300 7 21 i
712 1299 135 27 tingstadens

109 1336 82 25 närhet,
214 1336 39 21 och
279 1336 37 20 det
338 1335 96 27 skäligen
450 1335 47 21 icke
512 1335 68 20 heller
594 1335 42 20 kan
652 1332 197 26 häradshöfdingen

109 1369 102 26 päläggas
235 1369 32 20 att
286 1367 50 27 sjelf
356 1367 92 27 uppföra
462 1368 23 21 ät
500 1367 32 26 sig
548 1367 140 25 erforderliga
702 1365 146 26 boningsrum,

109 1401 96 22 inträder
227 1401 187 27 nödvändigheten
437 1403 32 19 att
494 1400 221 26 häradshöfdingarne
737 1399 7 20 i
769 1399 80 21 sädana

111 1437 112 26 domsagor
248 1435 23 22 af
302 1435 186 28 tingslagsboerne
516 1435 68 22 förses
608 1434 50 21 med
682 1432 166 23 embetsbostad.
