1075 1717
444 122 54 22 N:o
512 121 50 23 32%.
833 123 12 19 3

121 192 39 28 det
174 190 111 23 säkallade
299 191 167 23 kolonisations-
484 192 52 23 eller
549 192 166 27 farmsystemet,
727 191 81 21 hvilket
819 190 55 21 först

121 226 120 26 tillämpats
264 225 7 21 i
293 225 121 21 Frankrike
433 226 35 20 vid
488 232 24 14 en
528 227 77 26 privat,
621 226 24 21 år
663 227 52 20 1847
733 225 77 26 anlagd
826 224 49 21 där-

122 259 193 28 värdsinrättning,
331 265 48 16 som
394 259 113 22 efterhand
523 260 70 21 ernätt
603 266 26 15 en
640 260 98 26 ansenlig
748 259 127 26 utvidgning

124 295 55 20 samt
195 295 68 26 tjenat
278 295 33 20 till
326 296 97 19 mönster
439 295 33 20 för
488 295 67 20 andra
569 294 45 21 lika
628 294 124 21 beskaffade
771 293 105 21 anstalter

122 329 7 21 i
145 328 119 22 Frankrike
280 329 39 21 och
335 329 92 21 sädanas
442 329 112 21 införande
567 329 79 26 jemväl
657 329 7 20 i
675 328 116 27 Tyskland.
810 327 66 21 Detta

120 365 83 26 system
225 363 58 22 afser
306 363 134 22 inrättandet
458 363 13 21 &
490 363 34 21 för
543 363 121 21 ändamälet
679 363 103 26 lämpliga
794 361 82 28 jordlä-

120 398 105 26 genheter
242 398 29 27 pä
289 397 73 22 landet
381 397 23 21 af
420 397 154 22 kombinerade
589 397 50 21 kur-
655 397 38 21 och
709 396 165 25 värdanstalter,

123 432 118 21 bestäende
263 432 74 26 hvarje
360 432 66 21 sädan
445 431 23 22 af
486 438 25 15 en
530 433 70 20 större
615 431 70 21 sluten
701 431 119 26 inrättning
836 430 39 21 och

122 467 105 20 särskildt
249 466 106 27 uppförda
378 468 56 19 samt
457 466 6 21 i
486 465 136 22 ekonomiskt
640 465 100 22 afseende
760 465 47 21 från
823 464 50 21 den-

123 507 81 15 samma
219 501 45 21 helt
279 501 40 20 och
334 501 66 20 hållet
416 500 77 26 skilda,
510 501 71 21 enkelt
596 499 157 22 konstruerade
764 499 109 25 bostäder,

122 536 32 20 uti
173 535 73 21 hvilka
265 535 133 21 sistnämnde
417 537 31 19 ett
467 536 69 20 större
552 535 52 21 eller
619 535 82 21 mindre
717 534 58 21 antal
792 533 81 21 sinnes-

122 570 62 27 sjuke
206 570 116 27 inrymmas
342 569 49 22 med
410 569 86 22 tillfälle
514 571 32 20 att
561 569 68 22 under
644 569 65 26 nödig
724 569 88 27 uppsigt
828 573 46 22 sys-

124 605 89 21 selsätta
229 605 32 26 sig
277 604 150 26 förnämligast
441 605 49 20 med
504 603 232 28 landtbruksgöromäl.
755 603 73 26 Något
838 603 36 20 be-

124 639 81 21 stämdt
220 639 129 27 åtskiljande
365 639 23 21 af
402 639 81 27 botlige
498 639 48 21 från
561 639 94 26 obotlige
671 638 61 27 sjuke
746 640 50 24 äger
807 637 67 26 enligt

124 674 59 21 detta
199 676 79 25 system
294 674 47 21 icke
357 680 53 20 rum,
426 675 53 20 utan
495 674 63 20 beror
574 674 36 20 det
625 673 23 21 af
662 672 138 28 sjukdomens
816 672 58 20 olika

122 709 108 27 yttringar
253 708 39 21 och
315 708 62 21 deraf
397 708 113 22 föranledd
529 708 81 21 olikhet
628 708 7 20 i
650 708 27 20 de
692 708 73 26 sjukes
780 706 94 21 behand-

123 744 52 26 ling,
191 749 33 15 om
241 743 26 21 de
282 743 61 21 skola
358 742 97 22 förvaras
470 743 7 21 i
493 743 41 21 den
549 744 72 20 slutna
637 742 113 26 anstalten,
767 741 53 21 eller
832 740 40 21 ock

121 778 84 21 erhålla
227 778 57 26 plats
307 778 6 20 i
333 778 26 20 de
377 778 93 20 nämnda
488 778 83 21 mindre
585 777 137 26 bostäderna,
739 776 27 21 de
782 776 38 20 der
835 777 37 19 äro

123 812 89 22 afsedda
234 812 34 21 för
289 818 60 15 mera
368 812 126 21 stillsamme
513 812 60 27 sjuke
591 812 40 21 och
650 811 86 26 sådane,
752 810 33 22 för
800 810 74 21 hvilka

124 849 69 19 större
216 846 55 22 mått
289 846 23 22 af
330 846 66 22 frihet
410 848 25 20 är
450 847 80 27 nyttigt
545 847 39 21 och
599 846 42 22 kan
657 846 125 27 medgifvas,
798 846 7 20 i
820 844 54 27 följd

121 882 78 20 hvaraf
215 881 66 22 också
300 882 111 20 derstädes
430 881 96 27 inrymde
542 881 67 27 sjuke,
625 882 7 20 i
648 881 102 21 händelse
766 880 26 21 de
808 879 66 21 blifva

124 916 83 27 oroliga
231 916 39 21 och
289 916 138 26 våldsamma,
446 916 107 27 förflyttas
569 916 32 21 till
617 916 41 21 den
674 916 72 21 slutna
761 914 113 26 anstalten,

122 951 93 21 likasom
230 950 61 28 sjuke
307 950 101 27 derifrån,
425 951 55 21 efter
496 950 216 27 omständigheterna,
728 949 62 22 äfven
800 949 74 21 kunna

123 985 120 22 öfverföras
258 986 34 20 till
308 986 25 20 de
349 986 83 20 mindre
448 986 135 21 bostäderna.
613 985 34 21 Då
661 984 120 22 emellertid
792 984 40 21 den
843 990 33 14 er-

124 1020 99 21 farenhet
240 1020 87 21 vunnits
347 1022 32 19 att
398 1020 26 21 de
440 1020 140 27 sinnessjuke,
594 1020 25 27 ju
633 1020 46 20 förr
695 1020 26 20 de
736 1019 86 21 komma
836 1024 39 14 un-

125 1055 38 20 der
185 1054 76 27 tjenlig
283 1054 60 26 vård,
362 1054 71 21 lemna
451 1056 31 19 ett
500 1055 60 20 desto
577 1056 70 19 större
661 1054 58 27 hopp
735 1060 34 15 om
784 1053 91 21 förbätt-

124 1089 54 26 ring,
201 1089 40 20 har
263 1095 49 14 man
335 1089 12 20 &
366 1088 70 21 skilda
455 1090 64 25 orter,
539 1089 98 26 vanligen
653 1088 35 21 vid
704 1089 26 20 de
746 1089 70 20 större
832 1088 43 19 stä-

125 1123 72 26 derne,
220 1123 91 20 inrättat
334 1124 81 19 smärre
433 1123 256 26 upptagningsanstalter,
709 1123 33 20 till
762 1121 72 22 hvilka
850 1121 26 20 de

125 1157 62 27 sjuke
209 1157 72 21 kunna
303 1157 47 21 från
374 1157 33 20 sin
429 1157 84 22 hemort
535 1157 108 27 hastigare
666 1156 107 27 förflyttas
792 1156 34 21 för
844 1157 32 20 att

122 1191 88 22 komma
225 1191 7 20 i
248 1191 126 27 åtnjutande
390 1191 23 21 af
427 1192 40 20 den
480 1191 56 22 först
545 1191 110 27 behöfliga
665 1191 80 21 vården
756 1191 39 21 och
806 1190 70 21 hvari-

123 1225 48 21 från
187 1225 26 21 de
229 1226 72 25 sedan,
319 1231 34 16 om
368 1225 26 21 de
410 1226 18 26 ej
444 1226 57 21 inom
517 1226 87 21 kortare
619 1226 32 21 tid
666 1225 124 26 tillfriskna,
805 1224 69 21 öfver-

125 1259 58 22 föras
199 1260 33 21 till
248 1260 70 27 någon
335 1260 49 21 kur-
400 1260 39 21 och
455 1260 140 21 vårdanstalt.

195 1294 50 21 Med
264 1294 136 28 tillämpning
418 1294 23 21 af
458 1295 60 21 detta
537 1297 79 24 system
634 1295 29 26 på
677 1295 91 20 Finland
784 1294 39 21 har
837 1293 39 21 ko-

124 1328 66 21 mitén
206 1328 122 26 föreslagit:

196 1363 33 19 att
244 1363 81 19 smärre
341 1362 251 26 upptagningsanstalter
607 1362 34 20 för
657 1361 135 27 sinnessjuke
806 1361 70 21 skulle

124 1395 104 27 uppföras
251 1395 47 21 med
318 1395 120 21 tillsvidare
456 1396 64 27 högst
535 1396 61 26 tjugu
612 1396 128 26 sjuksängar
755 1395 7 20 i
778 1395 52 21 eller
844 1395 33 20 in-

124 1430 37 21 vid
180 1430 102 21 städerna
300 1424 53 33 Åbo,
374 1430 96 27 Wiborg,
490 1430 137 22 Nikolaistad
642 1430 39 22 och
696 1429 110 27 Uleåborg
822 1430 56 21 samt

126 1465 48 21 med
190 1465 77 21 endast
282 1465 41 22 tolf
337 1467 79 25 sängar
430 1465 8 20 i
454 1465 32 22 S:t
500 1465 87 26 Michel;
603 1465 110 22 äfvensom
