1067 1717
232 164 14 21 2
348 160 80 23 Ständ.
444 160 53 22 Skr.
512 170 27 4 —
554 159 70 27 Prop.
639 159 40 21 N:o
694 158 29 22 30
738 165 31 15 m.
784 159 25 21 fl.

205 227 31 19 att
250 224 25 21 de
290 225 51 20 utan
355 222 68 28 någon
437 226 94 17 närmare
546 221 112 29 utredning
672 220 72 22 kunna
759 221 115 29 uppgifvas.
904 221 41 22 Hit

204 260 51 22 höra
270 258 25 22 de
310 258 66 21 under
390 256 216 22 sommarmånaderna
620 256 26 21 de
661 255 35 23 två
714 258 81 20 senaste
810 256 49 22 åren
874 256 71 22 anord-

204 294 54 22 nade
272 292 97 29 nattågen
385 291 88 22 emellan
489 290 131 29 Helsingfors
634 290 39 22 och
688 290 32 22 S:t
735 290 131 29 Petersburg,
882 291 41 21 den
938 292 8 20 i

205 329 49 21 våra
268 326 144 24 förhållanden
427 325 69 22 alltför
510 327 55 20 stora
581 325 163 29 farhastigheten
759 334 27 13 m.
803 334 27 13 m.
846 326 18 21 d.
895 326 49 22 Men

205 356 140 28 öfverhufvud
359 361 58 21 torde
432 360 72 21 kunna
522 361 90 27 antagas,
632 361 31 20 att
680 359 36 22 det
729 360 47 21 icke
791 360 73 22 endast
878 365 23 17 är
916 363 30 19 ett

204 398 51 21 eller
269 398 64 20 annat
347 395 91 28 misstag,
454 402 45 14 som
512 394 115 22 förorsakat
641 394 35 22 det
690 394 81 22 mindre
781 394 91 30 lyckliga
882 396 63 21 resul-

203 433 59 24 tatet,
278 432 51 21 utan
343 432 31 19 att
387 429 94 29 grunden
496 429 69 22 dertill
580 428 65 29 ligger
655 428 7 22 i
672 429 48 22 hela
730 429 34 22 det
774 429 95 28 gällande
882 432 64 27 syste-

205 468 43 20 met
269 465 32 22 för
320 463 257 30 jernvägsförvaltningen,
596 463 65 29 enligt
682 463 83 23 hvilket
782 463 137 29 jernvägarne
938 465 7 21 i

204 501 47 22 vårt
264 501 54 28 glest
332 499 94 28 bebygda
445 498 38 21 och
500 498 8 21 i
526 498 131 21 ekonomiskt
677 498 97 22 afseende
794 498 152 29 jemförelsevis
960 515 2 3 .

204 535 48 29 föga
266 533 124 24 utvecklade
404 533 50 22 land
468 535 77 20 ansetts
564 533 50 22 böra
628 531 86 30 erbjuda
728 540 79 15 samma
821 533 125 30 beqvämlig-

204 571 60 22 heter
285 570 38 21 och
345 569 43 28 lyx,
404 576 44 14 som
466 567 7 22 i
492 567 96 30 Europas
609 569 53 20 mest
684 567 109 22 befolkade
815 569 38 21 och
868 568 78 23 rikaste

203 601 79 37 länder.
740 624 2 2 .

272 638 117 24 Ständerna
406 638 43 22 afse
464 637 53 23 dock
531 637 47 22 icke
596 639 30 20 att
641 637 84 22 hvälfva
740 637 88 23 skulden
843 638 33 22 för
890 638 56 22 detta

203 675 8 22 i
226 674 128 23 Ständernas
370 673 64 22 tanke
450 672 88 29 oriktiga
557 674 77 27 system
649 672 132 22 uteslutande
796 673 50 21 eller
862 681 36 14 ens
914 677 32 18 vä-

204 709 116 28 sendtligen
335 707 27 30 pä
377 707 107 28 Styrelsen
500 707 50 21 eller
562 707 298 28 jernvägsadministrationen.
886 707 60 23 Stän-

204 744 64 21 derna
282 742 56 23 hälla
352 743 90 20 tvärtom
457 741 50 26 före,
524 743 30 20 att
568 741 151 22 allmänhetens
730 741 88 29 anspräk
829 742 7 21 i
846 742 41 29 hög
896 743 50 28 grad

203 777 123 23 medverkat
340 777 32 22 till
388 776 124 22 detsammas
529 775 115 26 införande,
660 775 7 22 i
682 776 35 22 det
732 777 147 26 allmänheten,
894 779 52 20 utan

202 815 31 20 att
247 817 95 16 närmare
357 815 49 24 göra
422 810 31 29 sig
467 811 49 21 reda
531 809 32 22 för
577 810 106 21 olikheten
698 811 76 21 mellan
790 811 46 22 värt
848 812 49 21 land
907 812 38 21 och

202 847 64 22 andra
288 847 69 21 rikare
379 845 78 26 länder,
476 845 53 28 tagit
550 845 26 22 de
594 845 128 22 sistnämnda
741 845 33 22 till
788 845 112 23 måttstock
914 846 32 22 för

202 883 46 22 sina
262 881 116 28 fordringar
395 880 27 29 pä
436 880 90 21 komfort
545 880 38 21 och
598 879 102 22 snabbhet
714 880 38 22 hos
766 880 50 23 vära
830 881 114 29 jernvägar.

203 917 119 28 Styrelsens
343 914 139 29 anordningar
502 915 9 21 i
532 914 98 22 afseende
649 915 12 21 &
678 914 187 29 jernvägstrafiken
883 916 63 23 hafva

202 951 92 26 sålunda,
310 950 67 29 enligt
392 949 127 23 Ständernas
538 949 69 26 tanke,
623 949 32 22 till
670 949 94 29 betydlig
778 950 34 22 del
829 950 37 23 sitt
880 951 66 22 motiv

202 986 39 21 och
256 985 31 22 sin
303 984 114 28 förklaring
431 983 8 22 i
454 984 150 22 allmänhetens
619 983 95 29 anspråk.

270 1019 50 22 Men
333 1018 25 29 ju
374 1019 128 21 allmännare
521 1018 68 21 denna
604 1017 90 30 oriktiga
708 1018 53 29 åsigt
776 1019 106 29 angående
897 1019 49 23 våra

200 1054 120 29 jernvägars
338 1053 82 28 uppgift
437 1052 8 21 i
460 1052 97 22 afseende
572 1052 12 22 å
598 1053 88 21 trafiken
705 1057 23 17 är
742 1053 8 21 i
764 1053 71 22 landet
850 1055 94 26 utbredd,

202 1089 58 22 desto
278 1087 130 28 allvarligare
426 1086 52 22 mått
498 1087 38 21 och
554 1088 45 26 steg
619 1087 49 21 böra
684 1086 61 22 äfven
761 1087 93 28 vidtagas
868 1088 32 21 för
915 1091 31 20 att

202 1125 74 19 utröna
294 1121 39 22 och
351 1121 109 21 framhålla
478 1121 35 21 det
527 1120 99 29 felaktiga
644 1121 8 20 i
666 1123 106 26 systemet.
802 1122 13 21 I
829 1121 74 23 sådant
918 1123 27 21 af-

201 1157 76 22 seende
299 1155 63 22 hafva
382 1155 117 22 Ständerna
520 1156 68 21 ansett
602 1155 32 28 sig
650 1155 51 22 böra
716 1155 88 27 anhålla,
821 1158 30 21 att
864 1156 81 23 Eders

202 1190 154 29 Kejserliga
374 1189 124 29 Majestät
516 1189 50 22 ville
585 1191 46 20 utse
651 1197 26 14 en
694 1190 78 22 komité
790 1190 32 22 för
836 1190 108 23 införskaf-

200 1225 62 22 fande
280 1224 24 22 af
319 1232 26 13 en
359 1223 9 22 i
382 1223 62 29 detalj
463 1223 79 28 gående
564 1223 112 29 utredning
694 1231 33 14 om
747 1224 197 29 jernvägstrafikens

200 1258 136 22 bedrifvande
350 1257 52 21 ifrån
418 1258 58 21 såväl
490 1258 68 20 affärs-
572 1265 44 14 som
631 1258 84 21 teknisk
725 1259 113 27 synpunkt.
861 1259 84 21 Härvid

200 1292 63 21 hafva
278 1290 117 23 Ständerna
416 1290 70 22 funnit
508 1290 34 22 det
564 1298 50 14 vara
635 1290 23 22 af
678 1291 106 29 synnerlig
802 1292 49 28 vigt,
870 1294 31 20 att
918 1293 26 21 de

201 1330 55 22 män,
275 1326 21 22 ät
317 1324 73 23 hvilka
412 1325 56 22 detta
487 1325 181 29 maktpäliggande
690 1326 94 29 uppdrag
802 1327 85 25 lemnas,
908 1331 35 17 äro

199 1361 70 23 dertill
283 1360 49 22 fullt
346 1359 150 29 gvalificerade.
521 1360 35 22 Dä
568 1360 147 28 jernvägarnes
730 1360 126 30 trafikering,
867 1361 27 29 pä
903 1364 41 20 sätt

200 1396 64 22 redan
278 1394 107 27 nämndes,
401 1395 37 21 bör
452 1394 127 23 undersökas
594 1395 56 22 säväl
666 1394 45 22 frän
726 1396 68 21 affärs-
804 1404 44 14 som
858 1397 86 22 teknisk

200 1430 113 30 synpunkt,
332 1430 70 25 borde,
422 1430 65 28 enligt
506 1429 127 23 Ständernas
652 1430 70 26 tanke,
738 1430 92 23 komiten
850 1432 58 22 bestå
922 1432 24 22 af

200 1465 81 23 erfarne
300 1465 111 22 affärsmän
429 1464 48 22 med
495 1464 64 29 insigt
575 1464 8 22 i
601 1464 135 22 bedrifvande
755 1465 23 22 af
794 1468 66 20 större
874 1467 69 22 affirs-

198 1501 80 28 företag
297 1502 54 20 samt
369 1498 23 22 af
407 1498 123 29 ingeniörer.
560 1499 44 22 Det
622 1499 52 29 goda
692 1500 108 23 resultatet
818 1501 23 21 af
856 1502 40 22 den
916 1502 26 30 pä
