1084 1723
250 158 12 20 4
428 160 26 19 U.
472 162 27 16 B.
517 170 23 3 —
558 160 82 23 Prop.
656 160 49 18 N:o
721 161 39 17 21.

219 227 87 20 lösören
328 226 35 25 (17
378 226 49 25 kap.
443 225 25 22 G.
484 226 42 25 B.),
543 225 7 21 i
565 226 100 24 giftorätt
681 225 55 21 efter
751 225 109 21 landsrätt
875 227 52 23 taga
941 232 27 14 en

219 260 109 26 tredjedel
343 260 23 20 af
379 259 29 21 all
421 260 69 20 under
504 259 131 27 äktenskpet
642 259 123 21 förvärfvad
776 259 43 21 fast
827 260 105 26 egendom
941 259 28 27 på

219 294 75 22 landet
300 295 56 21 samt
362 294 24 21 af
393 294 28 21 all
430 294 137 22 återstående
574 294 27 27 på
609 294 74 21 landet
691 294 53 21 eller
752 294 7 21 i
767 294 49 21 stad
822 294 99 26 befintlig
925 294 43 21 lös-

220 329 112 27 egendom,
348 328 89 21 hvartill
452 328 40 21 ock
500 328 79 22 räknas
591 328 29 21 all
628 328 56 26 årlig
691 330 63 19 ränta
762 328 40 21 och
810 328 61 21 afrad
879 328 24 21 af
909 334 60 16 man-

221 369 53 15 nens
282 363 63 21 ärfda
359 362 53 22 eller
427 362 46 22 före
488 362 143 27 äktenskapet
639 362 110 22 förvärfda
756 362 59 21 fasta
822 362 105 27 egendom
941 363 28 26 på

221 398 81 26 landet,
326 403 48 15 men
397 397 55 21 efter
476 397 105 21 stadsrätt
604 396 84 22 hälften
711 396 23 22 af
748 396 29 22 all
793 397 47 21 ärfd
856 397 53 21 eller
924 396 44 22 för-

221 432 63 21 värfd
306 431 104 26 fastighet
430 432 7 20 i
453 431 49 21 stad
518 431 25 27 (2
553 431 40 22 och
607 432 13 20 3
635 430 25 27 $$
677 432 27 19 10
718 431 49 26 kap.
784 430 25 22 G.
825 432 42 26 B.).
896 430 72 23 Hatfva

219 466 104 21 makarne
345 465 69 22 under
436 465 143 27 äktenskapet
595 465 24 21 af
632 465 71 27 nägon
718 465 127 27 skyldeman
859 465 35 22 till
909 472 60 15 man-

219 505 43 16 nen
285 499 126 22 tillhandlat
434 499 34 27 sig
490 499 68 21 sädan
579 499 106 26 fastighet
706 499 28 26 pä
752 499 82 26 landet,
850 505 46 16 som
911 500 58 21 varit

221 533 111 27 arfvejord
353 533 8 20 i
384 533 106 27 säljarens
505 533 58 22 hand
579 533 40 21 och
634 535 25 19 är
673 533 108 21 förbehäll
796 533 76 21 dervid
887 533 80 27 gjordt,

220 570 33 19 att
268 569 125 20 densamma
407 568 89 21 försälts
512 568 77 21 endast
605 568 22 21 ät
641 574 100 20 mannen,
757 567 53 22 eller
825 569 33 20 att
869 568 42 21 den
918 568 50 21 blif-

220 602 33 21 vit
274 602 44 21 löst
336 601 8 21 i
362 602 55 21 börd
440 602 13 21 &
467 602 54 21 hans
537 604 88 25 vägnar,
642 609 51 20 eger
707 602 93 21 hustrun
816 602 100 27 giftorätt
931 609 37 14 en-

220 637 50 20 dast
288 636 7 21 i
315 636 65 27 köpe-
400 636 54 21 eller
468 636 165 27 löseskillingen
649 636 87 27 (Kongl.
752 636 158 27 Förklaringen
926 637 41 20 den

219 672 27 21 23
269 671 59 20 Mars
347 671 72 27 1807).
440 683 23 2 —
480 671 97 21 Hustrur
591 671 36 21 till
642 673 55 24 män,
713 671 75 21 hvilka
802 671 54 21 höra
870 671 35 21 till
919 677 50 21 pre-

220 705 128 26 steständet,
366 705 62 27 njuta
448 705 99 22 deremot
561 705 64 22 alltid
639 705 102 27 giftorätt
755 705 34 22 till
804 705 84 21 hälften
903 705 8 21 i
925 705 42 21 lös-

220 741 52 20 ören
296 741 56 20 samt
372 740 7 20 i
400 739 165 28 stadsfastighet
580 740 41 21 och
633 740 51 27 jord
698 739 29 27 pä
741 739 81 26 landet,
837 745 46 15 som
899 740 69 20 under

220 773 144 27 äktenskapet
379 773 137 27 förvärfvats,
532 779 49 15 men
597 774 18 27 ej
636 774 3 21 i
655 779 104 16 mannens
775 773 63 22 ärfda
853 773 53 22 eller
921 773 46 22 före

219 807 145 27 äktenskapet
378 807 138 22 förvärfvade
531 808 104 27 fastighet
650 808 28 26 pä
693 808 75 21 landet
784 808 39 27 (13
838 807 11 27 $
865 808 7 21 i
882 808 86 21 Preste-

219 842 99 22 ständets
341 841 128 28 Privilegier
492 842 23 22 af
534 843 42 21 den
597 843 26 21 16
643 842 98 22 Oktober
761 843 55 21 1723
831 843 41 21 och
885 843 12 21 4
913 842 11 28 $
940 843 27 21 10

218 877 50 27 kap.
292 876 25 22 G.
340 876 35 26 B.))
400 888 23 3 —
440 877 76 21 Andra
530 877 8 21 i
552 878 49 20 stad
618 877 86 21 bosatte
719 877 143 21 ofrälsemäns
878 878 90 20 hustrur

219 912 63 26 njuta
304 911 56 21 efter
382 911 106 21 stadsrätt
511 911 101 27 giftorätt
629 912 35 20 till
679 912 84 21 hälften
778 912 7 20 i
801 912 170 26 stadsfastighet

220 947 56 19 samt
292 946 6 21 i
311 946 86 20 lösören
414 946 64 20 istad
489 946 53 21 eller
552 947 27 26 pä
587 946 80 26 landet,
676 952 48 16 men
733 946 54 22 efter
795 946 108 22 landsrätt
911 946 7 21 i
926 946 43 21 fast

220 980 104 26 egendom
340 980 27 27 pä
382 980 74 22 landet
471 981 49 21 med
536 981 74 21 dertill
628 981 96 21 hörande
743 981 83 26 boskap
849 981 40 21 och
908 980 61 22 äker-

220 1014 94 28 redskap
350 1015 22 27 (5
402 1015 40 21 och
471 1015 13 20 6
506 1015 24 27 $$
559 1016 27 20 10
610 1015 49 26 kap.
676 1015 25 21 G.
716 1015 42 27 B.).
774 1027 24 3 —
814 1014 156 28 Morgongäfva

220 1048 64 27 utgår
324 1048 56 21 efter
416 1048 108 21 landsrätt
558 1049 63 21 alltid
650 1050 41 19 när
719 1049 92 21 hustrun
841 1048 130 22 öfverlefver

220 1088 100 20 mannen,
349 1088 49 15 men
431 1082 56 22 efter
519 1083 105 21 stadsrätt
656 1083 77 21 endast
759 1089 33 15 om
816 1083 44 21 hon
885 1084 18 26 ej
929 1082 41 22 har

220 1116 55 20 barn
301 1116 55 21 efter
381 1116 85 21 honom.
505 1112 31 25 Är
560 1116 175 27 morgongäfvan,
761 1122 46 16 som
831 1118 39 20 bör
883 1118 87 26 uttagas

217 1150 25 21 af
254 1156 105 15 mannens
374 1150 100 20 enskilda
488 1150 42 21 lott
544 1151 7 20 i
567 1151 56 25 boet,
640 1150 69 21 utfäst
723 1150 47 21 före
785 1151 84 27 vigseln
885 1150 39 22 och
932 1151 37 21 be-

218 1184 73 21 stämd
313 1185 33 19 att
369 1184 52 26 utgä
442 1184 7 21 i
468 1184 111 27 fastighet,
602 1184 23 21 sä
640 1184 34 21 fär
689 1184 74 22 dertill
778 1185 111 21 användas
904 1185 65 27 högst

219 1224 27 15 en
268 1218 114 26 tredjedel,
401 1224 48 15 men
465 1224 35 15 om
515 1219 42 21 den
573 1221 24 19 är
611 1218 100 22 bestämd
726 1219 7 21 i
748 1218 87 22 lösören
861 1219 65 26 högst
941 1225 28 15 en

218 1252 112 21 tiondedel
346 1252 23 21 af
382 1259 104 14 mannens
501 1253 103 20 behällna
619 1252 42 21 lott
676 1253 8 20 i
697 1253 44 20 löst
757 1253 40 21 och
812 1253 52 25 fast;
880 1253 40 21 och
936 1253 32 21 åt-

218 1286 72 26 njutes
305 1285 155 27 morgongäfva
476 1286 7 20 i
498 1286 105 26 fastighet
619 1286 24 20 af
656 1286 79 20 hustru
744 1286 50 21 med
801 1286 116 26 nyttjorätt
928 1292 40 15 un-

218 1319 39 21 der
272 1318 81 22 hennes
369 1319 127 26 enkeständ,
512 1325 49 15 men
577 1319 67 21 sädan
660 1320 64 26 gäfva
739 1320 7 20 i
761 1320 87 21 lösören
862 1320 49 21 med
927 1320 41 21 full

216 1352 137 27 eganderätt.
382 1353 46 21 Har
442 1352 156 28 morgongäfva
613 1353 18 27 ej
648 1353 73 21 blifvit
735 1353 47 23 före
796 1354 84 26 vigseln
891 1354 76 26 utfäst,

218 1386 56 22 skall
290 1386 41 22 den
346 1387 67 21 likväl
429 1387 59 27 utgä,
503 1394 49 14 men
568 1387 27 21 dä
611 1388 56 21 efter
681 1394 104 16 mannens
801 1388 121 27 arfvingars
931 1388 37 22 be-

218 1420 135 22 stämmande
376 1421 8 21 i
403 1421 43 21 fast
466 1422 53 20 eller
534 1422 33 21 lös
583 1422 106 27 egendom
705 1425 56 19 samt
775 1423 58 21 blott
847 1423 49 21 med
912 1422 55 22 hälf-

217 1456 38 20 ten
277 1454 23 22 af
320 1455 146 27 nyssnämnda
488 1456 167 27 maximibelopp
679 1456 25 28 (9
719 1456 50 28 kap.
785 1456 26 22 G.
827 1456 40 27 B.).
883 1470 26 2 —
925 1456 42 22 Arf

215 1489 79 21 skiftas
314 1489 48 22 åter
376 1490 8 21 i
400 1490 117 22 allmänhet
532 1490 29 27 sä,
577 1492 34 20 att
625 1490 24 22 af
659 1491 139 28 jemnskyldä
812 1498 106 20 personer
934 1491 31 22 ef-

285 1542 129 22 Lagutskottets
428 1542 111 18 Betänkande
551 1542 34 18 N:o
599 1543 16 17 6.
