1059 1706
243 141 15 20 2
384 142 27 18 U.
426 142 30 17 B.
472 151 24 3 —
513 142 81 22 Prop.
608 140 47 20 N:o
670 142 28 16 30
712 146 35 12 m.
762 141 27 19 fi.

283 208 44 24 3:0)
350 206 128 21 Annuiteter
499 206 16 26 &
532 206 145 26 jernvägslän,
696 205 33 21 sä-

217 247 44 15 som
277 240 59 21 förut
375 256 5 5 .
410 256 6 4 .
446 256 4 4 .
654 255 5 4 +
689 254 4 4 +
724 255 4 5 .
744 240 46 25 Fang
806 239 150 26 1,800,000:—

283 274 42 26 4:0)
340 274 41 21 Till
395 256 125 44 fördelning
535 255 77 40 mellan
620 251 108 53 Kannan

216 314 66 16 nerna
297 308 53 21 d:0.
381 324 5 5 .
728 323 4 4 <
765 324 9 10 5
822 307 96 25 —400,000:
930 318 26 3 —

282 344 43 22 5:0)
334 342 42 21 Till
384 323 156 75 hashällnings-
552 323 40 39 och
599 322 138 40 landfbruks-

216 378 121 26 sällskapen
379 394 4 4 .
414 394 4 4 .
449 394 5 4 .
553 392 39 7 PI
763 394 9 9 ”
838 376 82 26 80,000:
932 388 22 3 —

698 416 86 22 Summa
799 417 120 26 3,140,000:
932 428 22 3 —

316 453 55 20 samt
386 452 109 21 dessutom

278 486 43 26 6:0)
328 486 127 25 Ersättning
462 485 34 20 till
504 485 140 22 innehafvare
654 485 23 21 af
684 487 54 19 säte-

216 520 42 21 rier
273 520 33 21 för
321 519 154 27 öfvertagande
483 519 23 21 af
512 519 226 27 hällskjutsnings-be-

216 555 78 24 sväret,
302 553 7 21 i
317 554 32 19 ett
356 553 34 20 för
397 553 39 21 allt
443 553 125 26 förslagsvis
578 553 98 26 636,885,
684 555 54 18 mot-

216 588 106 21 svarande
336 587 34 21 för
385 587 47 21 året
452 603 1 4 .
486 602 2 5 .
518 603 4 4 .
553 603 4 5 .
588 603 4 4 .
622 603 5 4 .
657 603 5 4 .
692 603 4 4 .
728 603 4 4 .
748 587 46 26 Fang
825 586 128 26 127,377:—

705 626 86 21 Summa
806 626 117 27 3,267,377:
932 639 26 4 —

216 661 108 21 hvarefter
339 660 143 21 öfverskottet
496 661 13 20 ä
523 660 165 27 ifrågavarande
703 661 167 21 skatteinkomst
884 660 73 21 skulle

216 695 50 27 ingä
281 695 33 21 till
328 695 282 21 kommunikationsfonden.

284 741 81 22 Genom
391 740 79 27 nådiga
494 740 162 27 propositionen
682 746 35 15 n:o
736 741 33 25 41,
792 746 32 15 om
840 740 117 21 anvisande

216 775 24 22 af
252 775 69 21 medel
337 774 33 21 till
386 773 140 22 bestridande
542 774 23 21 af
578 773 146 22 kostnaderna
739 774 33 21 för
788 774 78 21 allmän
883 776 73 19 värne-

216 809 66 28 pligts
303 808 113 21 införande
434 808 7 21 i
456 808 79 26 landet,
551 808 39 22 har
606 808 60 21 Hans
681 808 122 27 Kejserliga
818 808 102 27 Majestät
935 808 22 21 ät

218 843 120 22 Ständerna
359 841 141 22 öfverlemnat
521 843 32 20 att
579 842 70 21 säsom
672 842 94 21 tillskott
781 842 35 21 till
831 842 125 22 militiefon-

217 877 53 22 dens
285 876 117 27 tillgångar
417 876 61 21 anslå
492 876 33 21 för
541 876 61 21 detta
616 876 100 21 ändamål
733 889 25 2 —
773 877 113 26 5,000,000
898 875 61 22 mark

217 911 33 21 för
265 912 13 19 5
293 910 31 27 är,
340 910 52 21 eller
407 909 34 22 för
458 910 48 21 äret
523 910 119 26 1,000,000:
658 921 26 4 —

284 955 11 22 1
310 955 107 22 särskilda
432 955 148 26 underdäniga
594 955 116 27 petitioner
720 955 65 22 hafva
793 956 121 21 Ständerna
923 955 37 22 vid

218 989 70 22 denna
309 989 105 27 landtdag
437 989 39 21 hos
499 989 59 21 Hans
579 989 101 27 Majestät
696 989 92 22 anhällit
803 996 33 15 om
852 989 107 27 ätgärder,

218 1023 74 22 hvilka
312 1023 87 27 päkalla
420 1023 75 27 anslag
515 1023 23 21 af
552 1023 108 22 allmänna
675 1024 75 21 medel.
781 1024 50 21 Med
846 1024 112 27 undantag

219 1057 23 22 af
262 1058 37 21 det
320 1057 7 21 i
345 1057 146 27 petitionsväg
505 1058 101 21 beslutna
621 1058 98 26 anslaget
734 1057 23 21 af
774 1058 108 25 1,000,000
898 1057 61 22 mark

218 1092 34 21 till
270 1091 88 22 Hennes
373 1091 101 27 Majestät
489 1091 155 27 Kejsarinnans
660 1091 127 27 disposition
803 1092 70 21 säsom
884 1091 76 27 bidrag

219 1125 34 22 till
276 1125 79 22 värden
378 1131 34 15 om
433 1125 62 26 sjuka
517 1126 39 21 och
579 1125 77 21 särade
678 1126 7 21 i
704 1125 36 21 det
760 1125 111 27 pägäende
889 1125 71 27 kriget

219 1159 78 22 mellan
312 1159 72 27 Ryska
397 1159 58 22 riket
469 1159 40 22 och
524 1159 96 26 Turkiet,
634 1159 84 22 hvilket
733 1159 75 27 anslag
820 1159 56 22 skall
884 1165 76 21 genom

220 1193 93 22 särskild
327 1193 119 27 bevillning
460 1193 132 27 hopbringas
608 1193 39 22 och
663 1193 83 22 säledes
762 1194 47 21 icke
824 1194 39 21 bör
878 1194 7 20 i
900 1194 60 21 detta

220 1227 137 22 betänkande
372 1227 170 22 sammanställas
557 1227 49 22 med
621 1227 69 27 öfriga
704 1227 82 27 anslag,
801 1228 39 21 har
853 1227 109 22 utskottet

221 1262 39 21 här
280 1261 118 22 nedanföre
419 1261 8 20 i
442 1261 47 21 sina
504 1261 144 26 beräkningar
664 1261 56 26 tagit
734 1261 84 26 hänsyn
833 1261 34 21 till
882 1261 78 21 omför-

221 1295 71 21 mälda
313 1294 115 27 petitioner
443 1294 108 21 äfvensom
567 1295 34 20 till
616 1294 37 21 det
668 1296 57 19 ännu
740 1295 47 20 icke
802 1295 24 20 af
839 1295 43 21 alla
897 1294 64 21 ständ

221 1329 123 28 handlagda
365 1328 249 27 petitionsbetänkandet
636 1335 34 15 n:o
695 1329 27 21 20
743 1329 134 22 beträffande
894 1329 66 22 inrät-

222 1364 76 22 tandet
322 1363 23 22 af
364 1369 42 21 nya
427 1363 77 27 lyceer.
532 1363 60 22 Dock
614 1363 40 21 bör
676 1363 108 22 utskottet
798 1363 76 22 härvid
890 1363 72 22 erinra

223 1399 32 20 att
277 1397 131 23 Ständernas
430 1397 91 27 petition
543 1397 111 27 angående
663 1397 95 28 lindring
777 1398 4 20 i
796 1397 165 23 kommunernas

223 1432 225 27 ingvarteringstunga
462 1431 47 22 icke
524 1431 108 22 föranledt
646 1431 70 27 nägon
732 1431 206 28 anslagsberäkning
952 1433 8 20 i

224 1472 59 21 detta
304 1471 136 23 betänkande
455 1472 24 21 af
491 1471 48 22 skäl
553 1473 33 20 att
600 1471 107 22 utskottet
721 1473 46 20 tror
783 1471 33 27 sig
826 1472 52 21 böra
884 1473 77 21 beröra

290 1511 136 18 Statsutskottets
439 1511 103 18 betänkande
554 1511 34 18 N:o
602 1511 28 18 12.
