1056 1703
301 135 79 22 Ständ.
395 135 37 22 Sv.
448 147 27 4 —
489 135 70 28 Prop.
573 136 41 21 N:o
627 135 37 22 30.
800 137 25 20 17

182 205 59 20 terne
255 203 9 22 i
277 203 198 29 pröfningskomitén
497 208 37 24 äga
555 206 36 27 att,
611 204 26 22 då
655 204 25 21 de
694 204 47 22 icke
755 209 35 16 äro
804 204 8 21 i
826 205 27 20 lä-

183 237 191 22 neresidensstaden
392 238 84 26 bosatte,
492 237 143 29 tillgodonjuta
651 237 113 29 ersättning
777 237 32 22 för
824 246 29 13 re-

183 271 110 22 sekostnad
312 272 39 21 och
365 272 138 21 traktamente
517 271 8 22 i
539 271 60 29 sjette
613 272 82 21 klassen
710 272 25 21 af
745 273 108 27 reseregle-

182 307 86 20 mentet.

490 335 13 25 8
518 335 33 21 26.

250 374 49 21 Den
313 381 50 19 som,
378 374 27 28 pä
419 376 40 20 sätt
473 374 8 22 i
497 375 13 26 &
525 374 27 22 22
567 378 63 24 säges,
646 374 47 22 med
708 374 99 28 skriftligt
820 382 33 14 an-

183 408 103 29 dragande
307 408 33 22 till
358 408 198 29 pröfningskomit6n
575 408 116 26 inkommit,
711 408 94 22 meddele
819 408 35 22 ko-

183 443 65 22 miten
262 443 40 21 alla
317 443 25 21 de
356 443 149 29 upplysningar
519 443 76 22 honom
610 442 31 23 stä
655 443 33 22 till
702 443 52 21 buds
768 443 86 21 rörande

183 478 52 22 hans
253 477 123 23 inkomsters
394 478 93 28 verkliga
500 478 80 28 belopp.
610 474 81 26 Önskar
705 478 41 21 han
760 478 9 20 i
783 478 72 21 sådant

184 512 96 22 afseende
294 511 66 23 blifva
374 512 130 29 personligen
518 512 57 26 hörd,
591 520 49 14 vare
655 512 69 22 dertill
733 512 120 29 berättigad.

184 547 92 22 Sälunda
290 546 96 29 frivilligt
398 547 110 22 meddelad
522 546 82 30 uppgift
617 546 35 22 mä
665 546 47 22 icke
725 549 51 20 utan
785 547 70 22 besvä-

184 581 88 22 randens
291 581 126 28 uttryckliga
431 581 106 28 samtycke
551 581 8 21 i
573 581 102 22 komitöns
688 581 103 28 protokoll
805 581 50 22 inta-

184 623 36 21 gas
235 615 51 22 eller
300 614 24 23 af
335 614 67 29 någon
416 615 102 22 komitens
531 615 92 22 ledamot
637 617 58 20 utom
709 615 92 22 komitön
815 623 41 13 om-

184 649 58 26 talas,
258 649 38 22 och
311 649 53 22 skall
378 649 45 26 den,
439 649 63 22 sedan
512 649 71 28 frägan
593 657 34 14 om
637 657 78 14 samma
724 649 132 28 bevillnings-

185 682 105 30 skyldiges
312 682 60 30 afgift
392 682 69 22 blifvit
479 682 84 30 afgjord,
583 685 72 27 genast
668 683 33 21 till
715 683 76 21 honom
806 683 51 22 äter-

185 718 70 22 ställas
274 717 50 22 eller
342 717 115 29 bevisligen
471 717 96 22 förstöras
581 717 24 22 af
617 717 45 26 den,
678 725 44 14 som
737 718 119 21 densamma

186 751 113 29 emottagit.
328 752 57 21 Utan
404 752 74 21 hinder
496 752 23 22 af
531 751 101 23 uteblifna
647 752 50 21 eller
711 751 146 29 ofullständiga

186 786 104 29 uppgifter
300 786 53 22 skall
362 786 52 21 dock
424 786 198 29 pröfningskomiten
631 786 72 28 päföra
711 786 40 21 den
759 786 98 22 inkomst-

185 820 120 30 bevillning,
321 828 44 14 som
380 820 93 29 skäligen
487 828 60 14 anses
561 821 50 21 böra
619 820 24 22 af
649 820 209 29 bevillningsskyldig

187 858 89 26 utgöras.

492 884 14 26 8
521 884 33 21 27.

254 922 214 30 Pröfningskomit6ns
487 923 77 22 fattade
578 923 69 21 beslut
660 922 58 22 skola
732 922 8 22 i
755 922 45 22 dess
814 930 45 21 pro-

186 958 65 22 tokoll
272 958 112 22 antecknas
402 958 39 21 och
461 958 24 21 de
499 956 213 30 bevillningsafgifter,
728 964 45 14 som
787 957 7 21 i
808 956 51 29 följd

187 992 23 22 af
222 992 102 22 komitens
338 992 68 22 beslut
420 992 121 22 tillkommit
555 992 51 21 eller
620 990 69 23 blifvit
703 990 113 23 fastställde
827 991 33 22 till

188 1029 63 20 annat
264 1027 74 28 belopp
352 1031 26 16 än
388 1026 35 22 det
432 1025 217 29 bevillningskomiten
659 1025 73 28 päfört,
743 1025 58 22 skola
810 1033 50 20 upp-

188 1063 58 27 tagas
260 1061 8 21 i
282 1060 242 29 bevillningslängderna,
544 1060 48 21 med
611 1059 126 29 hänvisning
750 1059 8 22 i
773 1059 88 22 särskild

187 1095 87 22 kolumn
289 1095 33 22 till
336 1095 26 22 de
378 1096 27 26 88
421 1095 8 21 i
443 1095 128 28 protokollet,
588 1101 43 15 som
646 1093 105 22 innehålla
765 1094 95 21 besluten

187 1130 79 22 härom.
295 1129 192 28 Verkställigheten
504 1128 61 22 häraf
577 1128 127 22 tillkommer
719 1128 40 21 den
775 1135 44 14 som
833 1127 28 22 fö-

188 1172 34 14 rer
240 1164 135 30 protokollet;
391 1164 38 21 och
443 1164 37 21 bör
495 1162 136 23 ordföranden
646 1162 54 22 vaka
714 1161 59 23 öfver
787 1164 31 20 att
832 1161 29 23 sä-

189 1199 52 22 dant
254 1198 112 28 ordentligt
380 1198 105 28 fullgöres,
500 1200 53 20 samt
562 1197 225 28 bevillningslängdens
797 1196 65 22 öfver-

190 1233 154 23 ensstämmelse
366 1232 47 22 med
435 1232 124 29 protokollet
580 1231 88 22 medelst
686 1230 57 22 såväl
759 1230 104 22 ordföran-

190 1268 50 22 dens
255 1276 44 14 som
313 1266 222 30 protokollsförandens
550 1265 151 23 underskrifter
714 1265 115 28 bestyrkas.

257 1302 39 22 Uti
308 1301 195 30 pröfningskomit6s
512 1301 68 22 beslut
589 1300 42 22 kan
641 1299 88 29 ändring
738 1299 47 22 icke
796 1299 66 22 sökas.

498 1364 13 26 8
527 1363 34 22 28.

259 1403 34 24 De
318 1403 85 24 sålunda
427 1403 97 30 slutligen
547 1401 115 24 fastställda
685 1400 180 29 bevillningsläng-

193 1440 69 27 derna,
280 1440 65 29 jemte
365 1438 64 30 öfriga
449 1438 68 23 dertill
531 1437 92 23 hörande
637 1436 128 29 handlingar,
781 1436 49 21 böra
845 1435 22 22 af

192 1473 211 32 pröfningskomiténs
421 1473 122 22 ordförande
561 1473 44 22 före
624 1471 105 29 utgången
743 1471 24 22 af
778 1471 87 21 Decem-

787 1505 10 18 2
