<?xml version="1.0" encoding="UTF-8"?>
<alto xmlns="http://www.loc.gov/standards/alto/ns-v3#" xmlns:xlink="http://www.w3.org/1999/xlink" xmlns:xsi="http://www.w3.org/2001/XMLSchema-instance" xsi:schemaLocation="http://www.loc.gov/standards/alto/ns-v3# http://www.loc.gov/alto/v3/alto-3-0.xsd">
	<Description>
		<MeasurementUnit>pixel</MeasurementUnit>
		<sourceImageInformation>
			<fileName>/tmp/tess_6he15u_m_input.PNG</fileName>
		</sourceImageInformation>
		<OCRProcessing ID="OCR_0">
			<ocrProcessingStep>
				<processingSoftware>
					<softwareName>tesseract 5.3.4</softwareName>
				</processingSoftware>
			</ocrProcessingStep>
		</OCRProcessing>
	</Description>
	<Layout>
		<Page WIDTH="1045" HEIGHT="1706" PHYSICAL_IMG_NR="0" ID="page_0">
			<PrintSpace HPOS="0" VPOS="0" WIDTH="1045" HEIGHT="1706">
				<ComposedBlock ID="cblock_0" HPOS="392" VPOS="124" WIDTH="419" HEIGHT="23">
					<TextBlock ID="block_0" HPOS="392" VPOS="124" WIDTH="419" HEIGHT="23">
						<TextLine ID="line_0" HPOS="392" VPOS="124" WIDTH="419" HEIGHT="23">
							<String ID="string_0" HPOS="392" VPOS="124" WIDTH="53" HEIGHT="22" WC="0.95" CONTENT="N:o"/><SP WIDTH="16" VPOS="124" HPOS="445"/>
							<String ID="string_1" HPOS="461" VPOS="124" WIDTH="52" HEIGHT="23" WC="0.95" CONTENT="26."/><SP WIDTH="286" VPOS="124" HPOS="513"/>
							<String ID="string_2" HPOS="799" VPOS="126" WIDTH="12" HEIGHT="19" WC="0.95" CONTENT="5"/>
						</TextLine>
					</TextBlock>
				</ComposedBlock>
				<ComposedBlock ID="cblock_1" HPOS="86" VPOS="192" WIDTH="757" HEIGHT="1291">
					<TextBlock ID="block_1" HPOS="86" VPOS="192" WIDTH="757" HEIGHT="1291">
						<TextLine ID="line_1" HPOS="87" VPOS="192" WIDTH="754" HEIGHT="28">
							<String ID="string_3" HPOS="87" VPOS="193" WIDTH="18" HEIGHT="26" WC="0.96" CONTENT="ej"/><SP WIDTH="16" VPOS="193" HPOS="105"/>
							<String ID="string_4" HPOS="121" VPOS="193" WIDTH="73" HEIGHT="21" WC="0.93" CONTENT="kunde"/><SP WIDTH="17" VPOS="193" HPOS="194"/>
							<String ID="string_5" HPOS="211" VPOS="192" WIDTH="109" HEIGHT="28" WC="0.91" CONTENT="uppfånga"/><SP WIDTH="19" VPOS="192" HPOS="320"/>
							<String ID="string_6" HPOS="339" VPOS="193" WIDTH="70" HEIGHT="26" WC="0.93" CONTENT="någon"/><SP WIDTH="19" VPOS="193" HPOS="409"/>
							<String ID="string_7" HPOS="428" VPOS="193" WIDTH="134" HEIGHT="27" WC="0.91" CONTENT="betydligare"/><SP WIDTH="19" VPOS="193" HPOS="562"/>
							<String ID="string_8" HPOS="581" VPOS="193" WIDTH="64" HEIGHT="21" WC="0.96" CONTENT="trafik"/><SP WIDTH="18" VPOS="193" HPOS="645"/>
							<String ID="string_9" HPOS="663" VPOS="193" WIDTH="48" HEIGHT="21" WC="0.96" CONTENT="från"/><SP WIDTH="18" VPOS="193" HPOS="711"/>
							<String ID="string_10" HPOS="729" VPOS="193" WIDTH="112" HEIGHT="21" WC="0.95" CONTENT="trakterna"/>
						</TextLine>
						<TextLine ID="line_2" HPOS="87" VPOS="227" WIDTH="755" HEIGHT="26">
							<String ID="string_11" HPOS="87" VPOS="229" WIDTH="107" HEIGHT="19" WC="0.90" CONTENT="vesterom"/><SP WIDTH="19" VPOS="229" HPOS="194"/>
							<String ID="string_12" HPOS="213" VPOS="227" WIDTH="78" HEIGHT="25" WC="0.96" CONTENT="banan,"/><SP WIDTH="20" VPOS="227" HPOS="291"/>
							<String ID="string_13" HPOS="311" VPOS="227" WIDTH="89" HEIGHT="21" WC="0.96" CONTENT="emedan"/><SP WIDTH="22" VPOS="227" HPOS="400"/>
							<String ID="string_14" HPOS="422" VPOS="227" WIDTH="42" HEIGHT="20" WC="0.96" CONTENT="alla"/><SP WIDTH="20" VPOS="227" HPOS="464"/>
							<String ID="string_15" HPOS="484" VPOS="227" WIDTH="26" HEIGHT="21" WC="0.93" CONTENT="de"/><SP WIDTH="18" VPOS="227" HPOS="510"/>
							<String ID="string_16" HPOS="528" VPOS="227" WIDTH="150" HEIGHT="26" WC="0.89" CONTENT="innebyggare,"/><SP WIDTH="20" VPOS="227" HPOS="678"/>
							<String ID="string_17" HPOS="698" VPOS="227" WIDTH="74" HEIGHT="21" WC="0.96" CONTENT="hvilka"/><SP WIDTH="17" VPOS="227" HPOS="772"/>
							<String ID="string_18" HPOS="789" VPOS="233" WIDTH="53" HEIGHT="15" WC="0.95" CONTENT="vore"/>
						</TextLine>
						<TextLine ID="line_3" HPOS="87" VPOS="259" WIDTH="753" HEIGHT="27">
							<String ID="string_19" HPOS="87" VPOS="260" WIDTH="88" HEIGHT="21" WC="0.96" CONTENT="bosatta"/><SP WIDTH="19" VPOS="260" HPOS="175"/>
							<String ID="string_20" HPOS="194" VPOS="260" WIDTH="28" HEIGHT="26" WC="0.93" CONTENT="pä"/><SP WIDTH="17" VPOS="260" HPOS="222"/>
							<String ID="string_21" HPOS="239" VPOS="259" WIDTH="41" HEIGHT="27" WC="0.87" CONTENT="1&#39;/,"/><SP WIDTH="16" VPOS="259" HPOS="280"/>
							<String ID="string_22" HPOS="296" VPOS="259" WIDTH="12" HEIGHT="22" WC="0.91" CONTENT="å"/><SP WIDTH="15" VPOS="259" HPOS="308"/>
							<String ID="string_23" HPOS="323" VPOS="261" WIDTH="12" HEIGHT="20" WC="0.96" CONTENT="2"/><SP WIDTH="19" VPOS="261" HPOS="335"/>
							<String ID="string_24" HPOS="354" VPOS="260" WIDTH="48" HEIGHT="21" WC="0.92" CONTENT="mils"/><SP WIDTH="20" VPOS="260" HPOS="402"/>
							<String ID="string_25" HPOS="422" VPOS="260" WIDTH="86" HEIGHT="21" WC="0.92" CONTENT="afständ"/><SP WIDTH="20" VPOS="260" HPOS="508"/>
							<String ID="string_26" HPOS="528" VPOS="260" WIDTH="39" HEIGHT="21" WC="0.93" CONTENT="och"/><SP WIDTH="16" VPOS="260" HPOS="567"/>
							<String ID="string_27" HPOS="583" VPOS="260" WIDTH="123" HEIGHT="22" WC="0.92" CONTENT="derutöfver"/><SP WIDTH="15" VPOS="260" HPOS="706"/>
							<String ID="string_28" HPOS="721" VPOS="260" WIDTH="48" HEIGHT="21" WC="0.93" CONTENT="från"/><SP WIDTH="13" VPOS="260" HPOS="769"/>
							<String ID="string_29" HPOS="782" VPOS="260" WIDTH="58" HEIGHT="26" WC="0.92" CONTENT="jern-"/>
						</TextLine>
						<TextLine ID="line_4" HPOS="88" VPOS="294" WIDTH="753" HEIGHT="26">
							<String ID="string_30" HPOS="88" VPOS="296" WIDTH="75" HEIGHT="24" WC="0.96" CONTENT="vägen,"/><SP WIDTH="20" VPOS="296" HPOS="163"/>
							<String ID="string_31" HPOS="183" VPOS="294" WIDTH="70" HEIGHT="21" WC="0.93" CONTENT="skulle"/><SP WIDTH="21" VPOS="294" HPOS="253"/>
							<String ID="string_32" HPOS="274" VPOS="294" WIDTH="114" HEIGHT="26" WC="0.91" CONTENT="föredraga"/><SP WIDTH="23" VPOS="294" HPOS="388"/>
							<String ID="string_33" HPOS="411" VPOS="296" WIDTH="33" HEIGHT="19" WC="0.96" CONTENT="att"/><SP WIDTH="15" VPOS="296" HPOS="444"/>
							<String ID="string_34" HPOS="459" VPOS="294" WIDTH="71" HEIGHT="22" WC="0.96" CONTENT="såsom"/><SP WIDTH="20" VPOS="294" HPOS="530"/>
							<String ID="string_35" HPOS="550" VPOS="294" WIDTH="59" HEIGHT="21" WC="0.96" CONTENT="förut"/><SP WIDTH="17" VPOS="294" HPOS="609"/>
							<String ID="string_36" HPOS="626" VPOS="294" WIDTH="67" HEIGHT="22" WC="0.96" CONTENT="forsla"/><SP WIDTH="19" VPOS="294" HPOS="693"/>
							<String ID="string_37" HPOS="712" VPOS="295" WIDTH="46" HEIGHT="20" WC="0.96" CONTENT="sina"/><SP WIDTH="18" VPOS="295" HPOS="758"/>
							<String ID="string_38" HPOS="776" VPOS="300" WIDTH="65" HEIGHT="15" WC="0.93" CONTENT="varor"/>
						</TextLine>
						<TextLine ID="line_5" HPOS="88" VPOS="328" WIDTH="753" HEIGHT="28">
							<String ID="string_39" HPOS="88" VPOS="328" WIDTH="33" HEIGHT="21" WC="0.96" CONTENT="till"/><SP WIDTH="16" VPOS="328" HPOS="121"/>
							<String ID="string_40" HPOS="137" VPOS="328" WIDTH="84" HEIGHT="26" WC="0.95" CONTENT="kusten,"/><SP WIDTH="16" VPOS="328" HPOS="221"/>
							<String ID="string_41" HPOS="237" VPOS="328" WIDTH="34" HEIGHT="21" WC="0.96" CONTENT="för"/><SP WIDTH="19" VPOS="328" HPOS="271"/>
							<String ID="string_42" HPOS="290" VPOS="329" WIDTH="32" HEIGHT="20" WC="0.96" CONTENT="att"/><SP WIDTH="19" VPOS="329" HPOS="322"/>
							<String ID="string_43" HPOS="341" VPOS="328" WIDTH="66" HEIGHT="21" WC="0.96" CONTENT="sedan"/><SP WIDTH="17" VPOS="328" HPOS="407"/>
							<String ID="string_44" HPOS="424" VPOS="328" WIDTH="98" HEIGHT="28" WC="0.95" CONTENT="begagna"/><SP WIDTH="15" VPOS="328" HPOS="522"/>
							<String ID="string_45" HPOS="537" VPOS="328" WIDTH="33" HEIGHT="27" WC="0.96" CONTENT="sig"/><SP WIDTH="20" VPOS="328" HPOS="570"/>
							<String ID="string_46" HPOS="590" VPOS="328" WIDTH="23" HEIGHT="22" WC="0.96" CONTENT="af"/><SP WIDTH="14" VPOS="328" HPOS="613"/>
							<String ID="string_47" HPOS="627" VPOS="328" WIDTH="40" HEIGHT="21" WC="0.96" CONTENT="den"/><SP WIDTH="16" VPOS="328" HPOS="667"/>
							<String ID="string_48" HPOS="683" VPOS="328" WIDTH="99" HEIGHT="27" WC="0.93" CONTENT="billigare"/><SP WIDTH="17" VPOS="328" HPOS="782"/>
							<String ID="string_49" HPOS="799" VPOS="328" WIDTH="42" HEIGHT="26" WC="0.92" CONTENT="sjö-"/>
						</TextLine>
						<TextLine ID="line_6" HPOS="88" VPOS="362" WIDTH="751" HEIGHT="28">
							<String ID="string_50" HPOS="88" VPOS="362" WIDTH="213" HEIGHT="22" WC="0.93" CONTENT="kommunikationen"/><SP WIDTH="20" VPOS="362" HPOS="301"/>
							<String ID="string_51" HPOS="321" VPOS="362" WIDTH="32" HEIGHT="21" WC="0.93" CONTENT="till"/><SP WIDTH="17" VPOS="362" HPOS="353"/>
							<String ID="string_52" HPOS="370" VPOS="362" WIDTH="46" HEIGHT="21" WC="0.91" CONTENT="sina"/><SP WIDTH="20" VPOS="362" HPOS="416"/>
							<String ID="string_53" HPOS="436" VPOS="362" WIDTH="195" HEIGHT="28" WC="0.91" CONTENT="afsättningsorter."/><SP WIDTH="32" VPOS="362" HPOS="631"/>
							<String ID="string_54" HPOS="663" VPOS="363" WIDTH="32" HEIGHT="21" WC="0.96" CONTENT="De"/><SP WIDTH="16" VPOS="363" HPOS="695"/>
							<String ID="string_55" HPOS="711" VPOS="362" WIDTH="45" HEIGHT="22" WC="0.93" CONTENT="små"/><SP WIDTH="16" VPOS="362" HPOS="756"/>
							<String ID="string_56" HPOS="772" VPOS="364" WIDTH="67" HEIGHT="20" WC="0.92" CONTENT="öster-"/>
						</TextLine>
						<TextLine ID="line_7" HPOS="88" VPOS="396" WIDTH="752" HEIGHT="23">
							<String ID="string_57" HPOS="88" VPOS="396" WIDTH="111" HEIGHT="22" WC="0.92" CONTENT="bottniska"/><SP WIDTH="16" VPOS="396" HPOS="199"/>
							<String ID="string_58" HPOS="215" VPOS="397" WIDTH="153" HEIGHT="21" WC="0.91" CONTENT="kuststäderna"/><SP WIDTH="11" VPOS="397" HPOS="368"/>
							<String ID="string_59" HPOS="379" VPOS="398" WIDTH="47" HEIGHT="20" WC="0.95" CONTENT="åter"/><SP WIDTH="11" VPOS="398" HPOS="426"/>
							<String ID="string_60" HPOS="437" VPOS="397" WIDTH="70" HEIGHT="22" WC="0.96" CONTENT="skulle"/><SP WIDTH="10" VPOS="397" HPOS="507"/>
							<String ID="string_61" HPOS="517" VPOS="397" WIDTH="47" HEIGHT="21" WC="0.96" CONTENT="icke"/><SP WIDTH="11" VPOS="397" HPOS="564"/>
							<String ID="string_62" HPOS="575" VPOS="397" WIDTH="67" HEIGHT="22" WC="0.96" CONTENT="heller"/><SP WIDTH="11" VPOS="397" HPOS="642"/>
							<String ID="string_63" HPOS="653" VPOS="397" WIDTH="86" HEIGHT="21" WC="0.96" CONTENT="komma"/><SP WIDTH="10" VPOS="397" HPOS="739"/>
							<String ID="string_64" HPOS="749" VPOS="398" WIDTH="32" HEIGHT="20" WC="0.93" CONTENT="att"/><SP WIDTH="11" VPOS="398" HPOS="781"/>
							<String ID="string_65" HPOS="792" VPOS="397" WIDTH="48" HEIGHT="21" WC="0.90" CONTENT="dra-"/>
						</TextLine>
						<TextLine ID="line_8" HPOS="87" VPOS="431" WIDTH="754" HEIGHT="28">
							<String ID="string_66" HPOS="87" VPOS="438" WIDTH="28" HEIGHT="20" WC="0.96" CONTENT="ga"/><SP WIDTH="15" VPOS="438" HPOS="115"/>
							<String ID="string_67" HPOS="130" VPOS="431" WIDTH="70" HEIGHT="26" WC="0.96" CONTENT="någon"/><SP WIDTH="18" VPOS="431" HPOS="200"/>
							<String ID="string_68" HPOS="218" VPOS="431" WIDTH="69" HEIGHT="22" WC="0.96" CONTENT="fördel"/><SP WIDTH="19" VPOS="431" HPOS="287"/>
							<String ID="string_69" HPOS="306" VPOS="431" WIDTH="23" HEIGHT="21" WC="0.92" CONTENT="af"/><SP WIDTH="15" VPOS="431" HPOS="329"/>
							<String ID="string_70" HPOS="344" VPOS="431" WIDTH="125" HEIGHT="27" WC="0.91" CONTENT="jernvägen,"/><SP WIDTH="17" VPOS="431" HPOS="469"/>
							<String ID="string_71" HPOS="486" VPOS="432" WIDTH="24" HEIGHT="21" WC="0.93" CONTENT="så"/><SP WIDTH="20" VPOS="432" HPOS="510"/>
							<String ID="string_72" HPOS="530" VPOS="431" WIDTH="66" HEIGHT="22" WC="0.93" CONTENT="framt"/><SP WIDTH="18" VPOS="431" HPOS="596"/>
							<String ID="string_73" HPOS="614" VPOS="432" WIDTH="25" HEIGHT="21" WC="0.97" CONTENT="de"/><SP WIDTH="16" VPOS="432" HPOS="639"/>
							<String ID="string_74" HPOS="655" VPOS="432" WIDTH="19" HEIGHT="27" WC="0.93" CONTENT="ej"/><SP WIDTH="17" VPOS="432" HPOS="674"/>
							<String ID="string_75" HPOS="691" VPOS="431" WIDTH="81" HEIGHT="22" WC="0.92" CONTENT="erhölle"/><SP WIDTH="15" VPOS="431" HPOS="772"/>
							<String ID="string_76" HPOS="787" VPOS="432" WIDTH="54" HEIGHT="20" WC="0.96" CONTENT="hvar"/>
						</TextLine>
						<TextLine ID="line_9" HPOS="89" VPOS="465" WIDTH="751" HEIGHT="28">
							<String ID="string_77" HPOS="89" VPOS="466" WIDTH="33" HEIGHT="20" WC="0.96" CONTENT="sin"/><SP WIDTH="15" VPOS="466" HPOS="122"/>
							<String ID="string_78" HPOS="137" VPOS="465" WIDTH="85" HEIGHT="27" WC="0.93" CONTENT="bibana,"/><SP WIDTH="16" VPOS="465" HPOS="222"/>
							<String ID="string_79" HPOS="238" VPOS="466" WIDTH="82" HEIGHT="27" WC="0.89" CONTENT="hvarpå"/><SP WIDTH="16" VPOS="466" HPOS="320"/>
							<String ID="string_80" HPOS="336" VPOS="466" WIDTH="26" HEIGHT="20" WC="0.96" CONTENT="de"/><SP WIDTH="16" VPOS="466" HPOS="362"/>
							<String ID="string_81" HPOS="378" VPOS="466" WIDTH="54" HEIGHT="21" WC="0.96" CONTENT="dock"/><SP WIDTH="14" VPOS="466" HPOS="432"/>
							<String ID="string_82" HPOS="446" VPOS="465" WIDTH="51" HEIGHT="28" WC="0.96" CONTENT="föga"/><SP WIDTH="15" VPOS="465" HPOS="497"/>
							<String ID="string_83" HPOS="512" VPOS="466" WIDTH="71" HEIGHT="21" WC="0.96" CONTENT="kunde"/><SP WIDTH="15" VPOS="466" HPOS="583"/>
							<String ID="string_84" HPOS="598" VPOS="466" WIDTH="89" HEIGHT="27" WC="0.94" CONTENT="hoppas."/><SP WIDTH="26" VPOS="466" HPOS="687"/>
							<String ID="string_85" HPOS="713" VPOS="466" WIDTH="69" HEIGHT="21" WC="0.93" CONTENT="Dessa"/><SP WIDTH="15" VPOS="466" HPOS="782"/>
							<String ID="string_86" HPOS="797" VPOS="467" WIDTH="43" HEIGHT="19" WC="0.92" CONTENT="stä-"/>
						</TextLine>
						<TextLine ID="line_10" HPOS="89" VPOS="499" WIDTH="751" HEIGHT="28">
							<String ID="string_87" HPOS="89" VPOS="500" WIDTH="37" HEIGHT="21" WC="0.96" CONTENT="der"/><SP WIDTH="20" VPOS="500" HPOS="126"/>
							<String ID="string_88" HPOS="146" VPOS="499" WIDTH="69" HEIGHT="22" WC="0.93" CONTENT="skulle"/><SP WIDTH="18" VPOS="499" HPOS="215"/>
							<String ID="string_89" HPOS="233" VPOS="502" WIDTH="92" HEIGHT="19" WC="0.91" CONTENT="tvertom"/><SP WIDTH="21" VPOS="502" HPOS="325"/>
							<String ID="string_90" HPOS="346" VPOS="500" WIDTH="85" HEIGHT="21" WC="0.96" CONTENT="komma"/><SP WIDTH="18" VPOS="500" HPOS="431"/>
							<String ID="string_91" HPOS="449" VPOS="502" WIDTH="33" HEIGHT="19" WC="0.96" CONTENT="att"/><SP WIDTH="22" VPOS="502" HPOS="482"/>
							<String ID="string_92" HPOS="504" VPOS="501" WIDTH="44" HEIGHT="20" WC="0.88" CONTENT="lida"/><SP WIDTH="19" VPOS="501" HPOS="548"/>
							<String ID="string_93" HPOS="567" VPOS="500" WIDTH="23" HEIGHT="21" WC="0.93" CONTENT="af"/><SP WIDTH="18" VPOS="500" HPOS="590"/>
							<String ID="string_94" HPOS="608" VPOS="501" WIDTH="124" HEIGHT="26" WC="0.91" CONTENT="jernvägen,"/><SP WIDTH="20" VPOS="501" HPOS="732"/>
							<String ID="string_95" HPOS="752" VPOS="500" WIDTH="88" HEIGHT="21" WC="0.96" CONTENT="emedan"/>
						</TextLine>
						<TextLine ID="line_11" HPOS="87" VPOS="534" WIDTH="754" HEIGHT="26">
							<String ID="string_96" HPOS="87" VPOS="534" WIDTH="44" HEIGHT="21" WC="0.95" CONTENT="alla"/><SP WIDTH="15" VPOS="534" HPOS="131"/>
							<String ID="string_97" HPOS="146" VPOS="534" WIDTH="59" HEIGHT="21" WC="0.95" CONTENT="invid"/><SP WIDTH="19" VPOS="534" HPOS="205"/>
							<String ID="string_98" HPOS="224" VPOS="534" WIDTH="39" HEIGHT="21" WC="0.93" CONTENT="och"/><SP WIDTH="20" VPOS="534" HPOS="263"/>
							<String ID="string_99" HPOS="283" VPOS="536" WIDTH="94" HEIGHT="19" WC="0.92" CONTENT="österom"/><SP WIDTH="19" VPOS="536" HPOS="377"/>
							<String ID="string_100" HPOS="396" VPOS="535" WIDTH="124" HEIGHT="20" WC="0.94" CONTENT="densamma"/><SP WIDTH="21" VPOS="535" HPOS="520"/>
							<String ID="string_101" HPOS="541" VPOS="535" WIDTH="85" HEIGHT="21" WC="0.94" CONTENT="bosatte"/><SP WIDTH="15" VPOS="535" HPOS="626"/>
							<String ID="string_102" HPOS="641" VPOS="541" WIDTH="109" HEIGHT="19" WC="0.96" CONTENT="personer,"/><SP WIDTH="17" VPOS="541" HPOS="750"/>
							<String ID="string_103" HPOS="767" VPOS="534" WIDTH="74" HEIGHT="21" WC="0.95" CONTENT="hvilka"/>
						</TextLine>
						<TextLine ID="line_12" HPOS="87" VPOS="568" WIDTH="753" HEIGHT="27">
							<String ID="string_104" HPOS="87" VPOS="568" WIDTH="140" HEIGHT="21" WC="0.92" CONTENT="härförinnan"/><SP WIDTH="23" VPOS="568" HPOS="227"/>
							<String ID="string_105" HPOS="250" VPOS="569" WIDTH="67" HEIGHT="20" WC="0.92" CONTENT="afsatt"/><SP WIDTH="22" VPOS="569" HPOS="317"/>
							<String ID="string_106" HPOS="339" VPOS="568" WIDTH="46" HEIGHT="21" WC="0.96" CONTENT="sina"/><SP WIDTH="23" VPOS="568" HPOS="385"/>
							<String ID="string_107" HPOS="408" VPOS="575" WIDTH="64" HEIGHT="14" WC="0.96" CONTENT="varor"/><SP WIDTH="19" VPOS="575" HPOS="472"/>
							<String ID="string_108" HPOS="491" VPOS="569" WIDTH="39" HEIGHT="20" WC="0.96" CONTENT="och"/><SP WIDTH="22" VPOS="569" HPOS="530"/>
							<String ID="string_109" HPOS="552" VPOS="569" WIDTH="98" HEIGHT="26" WC="0.96" CONTENT="uppköpt"/><SP WIDTH="19" VPOS="569" HPOS="650"/>
							<String ID="string_110" HPOS="669" VPOS="569" WIDTH="47" HEIGHT="20" WC="0.93" CONTENT="sina"/><SP WIDTH="23" VPOS="569" HPOS="716"/>
							<String ID="string_111" HPOS="739" VPOS="568" WIDTH="101" HEIGHT="21" WC="0.91" CONTENT="behofver"/>
						</TextLine>
						<TextLine ID="line_13" HPOS="88" VPOS="601" WIDTH="753" HEIGHT="27">
							<String ID="string_112" HPOS="88" VPOS="601" WIDTH="47" HEIGHT="21" WC="0.96" CONTENT="från"/><SP WIDTH="16" VPOS="601" HPOS="135"/>
							<String ID="string_113" HPOS="151" VPOS="604" WIDTH="108" HEIGHT="19" WC="0.96" CONTENT="närmaste"/><SP WIDTH="20" VPOS="604" HPOS="259"/>
							<String ID="string_114" HPOS="279" VPOS="602" WIDTH="79" HEIGHT="26" WC="0.96" CONTENT="städer,"/><SP WIDTH="17" VPOS="602" HPOS="358"/>
							<String ID="string_115" HPOS="375" VPOS="602" WIDTH="92" HEIGHT="21" WC="0.96" CONTENT="derefter"/><SP WIDTH="21" VPOS="602" HPOS="467"/>
							<String ID="string_116" HPOS="488" VPOS="603" WIDTH="108" HEIGHT="20" WC="0.95" CONTENT="sannolikt"/><SP WIDTH="19" VPOS="603" HPOS="596"/>
							<String ID="string_117" HPOS="615" VPOS="603" WIDTH="84" HEIGHT="20" WC="0.96" CONTENT="komme"/><SP WIDTH="16" VPOS="603" HPOS="699"/>
							<String ID="string_118" HPOS="715" VPOS="603" WIDTH="31" HEIGHT="20" WC="0.96" CONTENT="att"/><SP WIDTH="16" VPOS="603" HPOS="746"/>
							<String ID="string_119" HPOS="762" VPOS="602" WIDTH="79" HEIGHT="21" WC="0.95" CONTENT="handla"/>
						</TextLine>
						<TextLine ID="line_14" HPOS="88" VPOS="636" WIDTH="751" HEIGHT="27">
							<String ID="string_120" HPOS="88" VPOS="636" WIDTH="27" HEIGHT="27" WC="0.96" CONTENT="på"/><SP WIDTH="16" VPOS="636" HPOS="115"/>
							<String ID="string_121" HPOS="131" VPOS="636" WIDTH="110" HEIGHT="26" WC="0.96" CONTENT="Uleåborg"/><SP WIDTH="16" VPOS="636" HPOS="241"/>
							<String ID="string_122" HPOS="257" VPOS="637" WIDTH="39" HEIGHT="20" WC="0.93" CONTENT="och"/><SP WIDTH="16" VPOS="637" HPOS="296"/>
							<String ID="string_123" HPOS="312" VPOS="636" WIDTH="142" HEIGHT="22" WC="0.91" CONTENT="Nikolaistad,"/><SP WIDTH="16" VPOS="636" HPOS="454"/>
							<String ID="string_124" HPOS="470" VPOS="637" WIDTH="73" HEIGHT="21" WC="0.96" CONTENT="hvilka"/><SP WIDTH="16" VPOS="637" HPOS="543"/>
							<String ID="string_125" HPOS="559" VPOS="637" WIDTH="69" HEIGHT="21" WC="0.96" CONTENT="skulle"/><SP WIDTH="16" VPOS="637" HPOS="628"/>
							<String ID="string_126" HPOS="644" VPOS="637" WIDTH="89" HEIGHT="20" WC="0.96" CONTENT="beröras"/><SP WIDTH="16" VPOS="637" HPOS="733"/>
							<String ID="string_127" HPOS="749" VPOS="636" WIDTH="23" HEIGHT="21" WC="0.93" CONTENT="af"/><SP WIDTH="9" VPOS="636" HPOS="772"/>
							<String ID="string_128" HPOS="781" VPOS="636" WIDTH="58" HEIGHT="27" WC="0.93" CONTENT="jern-"/>
						</TextLine>
						<TextLine ID="line_15" HPOS="88" VPOS="670" WIDTH="754" HEIGHT="27">
							<String ID="string_129" HPOS="88" VPOS="672" WIDTH="74" HEIGHT="25" WC="0.90" CONTENT="vägen."/><SP WIDTH="31" VPOS="672" HPOS="162"/>
							<String ID="string_130" HPOS="193" VPOS="670" WIDTH="104" HEIGHT="21" WC="0.90" CONTENT="Likalitet"/><SP WIDTH="20" VPOS="670" HPOS="297"/>
							<String ID="string_131" HPOS="317" VPOS="670" WIDTH="71" HEIGHT="21" WC="0.96" CONTENT="kunde"/><SP WIDTH="19" VPOS="670" HPOS="388"/>
							<String ID="string_132" HPOS="407" VPOS="671" WIDTH="69" HEIGHT="20" WC="0.93" CONTENT="denna"/><SP WIDTH="13" VPOS="671" HPOS="476"/>
							<String ID="string_133" HPOS="489" VPOS="671" WIDTH="90" HEIGHT="26" WC="0.91" CONTENT="jernväg"/><SP WIDTH="15" VPOS="671" HPOS="579"/>
							<String ID="string_134" HPOS="594" VPOS="670" WIDTH="96" HEIGHT="27" WC="0.92" CONTENT="päräkna"/><SP WIDTH="15" VPOS="670" HPOS="690"/>
							<String ID="string_135" HPOS="705" VPOS="670" WIDTH="70" HEIGHT="27" WC="0.93" CONTENT="någon"/><SP WIDTH="16" VPOS="670" HPOS="775"/>
							<String ID="string_136" HPOS="791" VPOS="676" WIDTH="51" HEIGHT="21" WC="0.92" CONTENT="syn-"/>
						</TextLine>
						<TextLine ID="line_16" HPOS="88" VPOS="704" WIDTH="751" HEIGHT="27">
							<String ID="string_137" HPOS="88" VPOS="705" WIDTH="68" HEIGHT="26" WC="0.91" CONTENT="nerlig"/><SP WIDTH="16" VPOS="705" HPOS="156"/>
							<String ID="string_138" HPOS="172" VPOS="705" WIDTH="94" HEIGHT="21" WC="0.96" CONTENT="inkomst"/><SP WIDTH="16" VPOS="705" HPOS="266"/>
							<String ID="string_139" HPOS="282" VPOS="704" WIDTH="22" HEIGHT="21" WC="0.96" CONTENT="af"/><SP WIDTH="9" VPOS="704" HPOS="304"/>
							<String ID="string_140" HPOS="313" VPOS="705" WIDTH="41" HEIGHT="21" WC="0.96" CONTENT="den"/><SP WIDTH="16" VPOS="705" HPOS="354"/>
							<String ID="string_141" HPOS="370" VPOS="705" WIDTH="107" HEIGHT="26" WC="0.93" CONTENT="egentliga"/><SP WIDTH="11" VPOS="705" HPOS="477"/>
							<String ID="string_142" HPOS="488" VPOS="705" WIDTH="150" HEIGHT="21" WC="0.96" CONTENT="lokaltrafiken"/><SP WIDTH="12" VPOS="705" HPOS="638"/>
							<String ID="string_143" HPOS="650" VPOS="705" WIDTH="90" HEIGHT="21" WC="0.95" CONTENT="emellan"/><SP WIDTH="12" VPOS="705" HPOS="740"/>
							<String ID="string_144" HPOS="752" VPOS="705" WIDTH="25" HEIGHT="20" WC="0.93" CONTENT="de"/><SP WIDTH="12" VPOS="705" HPOS="777"/>
							<String ID="string_145" HPOS="789" VPOS="704" WIDTH="50" HEIGHT="21" WC="0.93" CONTENT="skil-"/>
						</TextLine>
						<TextLine ID="line_17" HPOS="88" VPOS="738" WIDTH="752" HEIGHT="28">
							<String ID="string_146" HPOS="88" VPOS="739" WIDTH="27" HEIGHT="20" WC="0.96" CONTENT="da"/><SP WIDTH="16" VPOS="739" HPOS="115"/>
							<String ID="string_147" HPOS="131" VPOS="739" WIDTH="140" HEIGHT="26" WC="0.96" CONTENT="stationerna,"/><SP WIDTH="21" VPOS="739" HPOS="271"/>
							<String ID="string_148" HPOS="292" VPOS="739" WIDTH="88" HEIGHT="20" WC="0.96" CONTENT="emedan"/><SP WIDTH="20" VPOS="739" HPOS="380"/>
							<String ID="string_149" HPOS="400" VPOS="739" WIDTH="26" HEIGHT="20" WC="0.96" CONTENT="de"/><SP WIDTH="16" VPOS="739" HPOS="426"/>
							<String ID="string_150" HPOS="442" VPOS="739" WIDTH="22" HEIGHT="21" WC="0.93" CONTENT="af"/><SP WIDTH="12" VPOS="739" HPOS="464"/>
							<String ID="string_151" HPOS="476" VPOS="740" WIDTH="117" HEIGHT="26" WC="0.92" CONTENT="jernvägen"/><SP WIDTH="16" VPOS="740" HPOS="593"/>
							<String ID="string_152" HPOS="609" VPOS="739" WIDTH="157" HEIGHT="26" WC="0.91" CONTENT="genomskurna"/><SP WIDTH="15" VPOS="739" HPOS="766"/>
							<String ID="string_153" HPOS="781" VPOS="738" WIDTH="59" HEIGHT="21" WC="0.92" CONTENT="trak-"/>
						</TextLine>
						<TextLine ID="line_18" HPOS="87" VPOS="773" WIDTH="752" HEIGHT="26">
							<String ID="string_154" HPOS="87" VPOS="775" WIDTH="67" HEIGHT="24" WC="0.92" CONTENT="terna,"/><SP WIDTH="16" VPOS="775" HPOS="154"/>
							<String ID="string_155" HPOS="170" VPOS="773" WIDTH="49" HEIGHT="21" WC="0.92" CONTENT="med"/><SP WIDTH="19" VPOS="773" HPOS="219"/>
							<String ID="string_156" HPOS="238" VPOS="773" WIDTH="109" HEIGHT="26" WC="0.92" CONTENT="undantag"/><SP WIDTH="19" VPOS="773" HPOS="347"/>
							<String ID="string_157" HPOS="366" VPOS="773" WIDTH="23" HEIGHT="20" WC="0.96" CONTENT="af"/><SP WIDTH="14" VPOS="773" HPOS="389"/>
							<String ID="string_158" HPOS="403" VPOS="773" WIDTH="26" HEIGHT="21" WC="0.93" CONTENT="de"/><SP WIDTH="16" VPOS="773" HPOS="429"/>
							<String ID="string_159" HPOS="445" VPOS="775" WIDTH="42" HEIGHT="19" WC="0.91" CONTENT="tätt"/><SP WIDTH="16" VPOS="775" HPOS="487"/>
							<String ID="string_160" HPOS="503" VPOS="773" WIDTH="114" HEIGHT="21" WC="0.92" CONTENT="befolkade"/><SP WIDTH="17" VPOS="773" HPOS="617"/>
							<String ID="string_161" HPOS="634" VPOS="773" WIDTH="107" HEIGHT="26" WC="0.91" CONTENT="ädalarne,"/><SP WIDTH="16" VPOS="773" HPOS="741"/>
							<String ID="string_162" HPOS="757" VPOS="773" WIDTH="82" HEIGHT="26" WC="0.93" CONTENT="utgjor-"/>
						</TextLine>
						<TextLine ID="line_19" HPOS="88" VPOS="807" WIDTH="752" HEIGHT="26">
							<String ID="string_163" HPOS="88" VPOS="807" WIDTH="37" HEIGHT="21" WC="0.96" CONTENT="des"/><SP WIDTH="20" VPOS="807" HPOS="125"/>
							<String ID="string_164" HPOS="145" VPOS="807" WIDTH="23" HEIGHT="20" WC="0.92" CONTENT="af"/><SP WIDTH="16" VPOS="807" HPOS="168"/>
							<String ID="string_165" HPOS="184" VPOS="809" WIDTH="77" HEIGHT="19" WC="0.91" CONTENT="nästan"/><SP WIDTH="22" VPOS="809" HPOS="261"/>
							<String ID="string_166" HPOS="283" VPOS="807" WIDTH="112" HEIGHT="20" WC="0.92" CONTENT="obebodda"/><SP WIDTH="19" VPOS="807" HPOS="395"/>
							<String ID="string_167" HPOS="414" VPOS="807" WIDTH="126" HEIGHT="21" WC="0.92" CONTENT="ödemarker"/><SP WIDTH="20" VPOS="807" HPOS="540"/>
							<String ID="string_168" HPOS="560" VPOS="809" WIDTH="55" HEIGHT="18" WC="0.93" CONTENT="samt"/><SP WIDTH="20" VPOS="809" HPOS="615"/>
							<String ID="string_169" HPOS="635" VPOS="807" WIDTH="46" HEIGHT="21" WC="0.91" CONTENT="icke"/><SP WIDTH="21" VPOS="807" HPOS="681"/>
							<String ID="string_170" HPOS="702" VPOS="807" WIDTH="138" HEIGHT="26" WC="0.92" CONTENT="odlingsbara"/>
						</TextLine>
						<TextLine ID="line_20" HPOS="87" VPOS="841" WIDTH="753" HEIGHT="26">
							<String ID="string_171" HPOS="87" VPOS="847" WIDTH="90" HEIGHT="15" WC="0.95" CONTENT="mossar."/><SP WIDTH="31" VPOS="847" HPOS="177"/>
							<String ID="string_172" HPOS="208" VPOS="841" WIDTH="77" HEIGHT="26" WC="0.95" CONTENT="Någon"/><SP WIDTH="16" VPOS="841" HPOS="285"/>
							<String ID="string_173" HPOS="301" VPOS="841" WIDTH="127" HEIGHT="21" WC="0.96" CONTENT="samfärdsel"/><SP WIDTH="16" VPOS="841" HPOS="428"/>
							<String ID="string_174" HPOS="444" VPOS="841" WIDTH="90" HEIGHT="21" WC="0.96" CONTENT="emellan"/><SP WIDTH="16" VPOS="841" HPOS="534"/>
							<String ID="string_175" HPOS="550" VPOS="841" WIDTH="26" HEIGHT="20" WC="0.96" CONTENT="de"/><SP WIDTH="18" VPOS="841" HPOS="576"/>
							<String ID="string_176" HPOS="594" VPOS="842" WIDTH="24" HEIGHT="19" WC="0.96" CONTENT="12"/><SP WIDTH="15" VPOS="842" HPOS="618"/>
							<String ID="string_177" HPOS="633" VPOS="841" WIDTH="31" HEIGHT="20" WC="0.96" CONTENT="till"/><SP WIDTH="12" VPOS="841" HPOS="664"/>
							<String ID="string_178" HPOS="676" VPOS="841" WIDTH="26" HEIGHT="20" WC="0.93" CONTENT="28"/><SP WIDTH="16" VPOS="841" HPOS="702"/>
							<String ID="string_179" HPOS="718" VPOS="842" WIDTH="59" HEIGHT="19" WC="0.91" CONTENT="verst"/><SP WIDTH="15" VPOS="842" HPOS="777"/>
							<String ID="string_180" HPOS="792" VPOS="841" WIDTH="48" HEIGHT="20" WC="0.96" CONTENT="från"/>
						</TextLine>
						<TextLine ID="line_21" HPOS="87" VPOS="874" WIDTH="753" HEIGHT="27">
							<String ID="string_181" HPOS="87" VPOS="875" WIDTH="122" HEIGHT="21" WC="0.96" CONTENT="hvarandra"/><SP WIDTH="15" VPOS="875" HPOS="209"/>
							<String ID="string_182" HPOS="224" VPOS="875" WIDTH="91" HEIGHT="26" WC="0.93" CONTENT="belägna"/><SP WIDTH="15" VPOS="875" HPOS="315"/>
							<String ID="string_183" HPOS="330" VPOS="875" WIDTH="102" HEIGHT="20" WC="0.89" CONTENT="ädalarne"/><SP WIDTH="16" VPOS="875" HPOS="432"/>
							<String ID="string_184" HPOS="448" VPOS="875" WIDTH="55" HEIGHT="20" WC="0.93" CONTENT="hade"/><SP WIDTH="15" VPOS="875" HPOS="503"/>
							<String ID="string_185" HPOS="518" VPOS="874" WIDTH="108" HEIGHT="21" WC="0.91" CONTENT="härintills"/><SP WIDTH="16" VPOS="874" HPOS="626"/>
							<String ID="string_186" HPOS="642" VPOS="875" WIDTH="18" HEIGHT="26" WC="0.96" CONTENT="ej"/><SP WIDTH="15" VPOS="875" HPOS="660"/>
							<String ID="string_187" HPOS="675" VPOS="877" WIDTH="36" HEIGHT="23" WC="0.95" CONTENT="egt"/><SP WIDTH="10" VPOS="877" HPOS="711"/>
							<String ID="string_188" HPOS="721" VPOS="881" WIDTH="54" HEIGHT="19" WC="0.93" CONTENT="rum,"/><SP WIDTH="11" VPOS="881" HPOS="775"/>
							<String ID="string_189" HPOS="786" VPOS="874" WIDTH="54" HEIGHT="21" WC="0.82" CONTENT="hvil-"/>
						</TextLine>
						<TextLine ID="line_22" HPOS="87" VPOS="908" WIDTH="753" HEIGHT="27">
							<String ID="string_190" HPOS="87" VPOS="909" WIDTH="38" HEIGHT="21" WC="0.96" CONTENT="ket"/><SP WIDTH="15" VPOS="909" HPOS="125"/>
							<String ID="string_191" HPOS="140" VPOS="911" WIDTH="73" HEIGHT="24" WC="0.96" CONTENT="syntes"/><SP WIDTH="20" VPOS="911" HPOS="213"/>
							<String ID="string_192" HPOS="233" VPOS="908" WIDTH="61" HEIGHT="21" WC="0.96" CONTENT="deraf"/><SP WIDTH="18" VPOS="908" HPOS="294"/>
							<String ID="string_193" HPOS="312" VPOS="910" WIDTH="32" HEIGHT="19" WC="0.96" CONTENT="att"/><SP WIDTH="15" VPOS="910" HPOS="344"/>
							<String ID="string_194" HPOS="359" VPOS="908" WIDTH="51" HEIGHT="27" WC="0.93" CONTENT="inga"/><SP WIDTH="18" VPOS="908" HPOS="410"/>
							<String ID="string_195" HPOS="428" VPOS="911" WIDTH="66" HEIGHT="24" WC="0.96" CONTENT="vägar"/><SP WIDTH="17" VPOS="911" HPOS="494"/>
							<String ID="string_196" HPOS="511" VPOS="909" WIDTH="47" HEIGHT="21" WC="0.93" CONTENT="dem"/><SP WIDTH="19" VPOS="909" HPOS="558"/>
							<String ID="string_197" HPOS="577" VPOS="909" WIDTH="89" HEIGHT="20" WC="0.92" CONTENT="emellan"/><SP WIDTH="16" VPOS="909" HPOS="666"/>
							<String ID="string_198" HPOS="682" VPOS="915" WIDTH="51" HEIGHT="14" WC="0.96" CONTENT="vore"/><SP WIDTH="15" VPOS="915" HPOS="733"/>
							<String ID="string_199" HPOS="748" VPOS="909" WIDTH="92" HEIGHT="26" WC="0.96" CONTENT="byggda,"/>
						</TextLine>
						<TextLine ID="line_23" HPOS="88" VPOS="943" WIDTH="752" HEIGHT="26">
							<String ID="string_200" HPOS="88" VPOS="945" WIDTH="52" HEIGHT="20" WC="0.96" CONTENT="utan"/><SP WIDTH="16" VPOS="945" HPOS="140"/>
							<String ID="string_201" HPOS="156" VPOS="943" WIDTH="43" HEIGHT="21" WC="0.96" CONTENT="alla"/><SP WIDTH="18" VPOS="943" HPOS="199"/>
							<String ID="string_202" HPOS="217" VPOS="943" WIDTH="81" HEIGHT="21" WC="0.96" CONTENT="sådana"/><SP WIDTH="19" VPOS="943" HPOS="298"/>
							<String ID="string_203" HPOS="317" VPOS="943" WIDTH="66" HEIGHT="26" WC="0.93" CONTENT="följde"/><SP WIDTH="19" VPOS="943" HPOS="383"/>
							<String ID="string_204" HPOS="402" VPOS="943" WIDTH="100" HEIGHT="21" WC="0.92" CONTENT="ådalarne"/><SP WIDTH="20" VPOS="943" HPOS="502"/>
							<String ID="string_205" HPOS="522" VPOS="943" WIDTH="23" HEIGHT="21" WC="0.94" CONTENT="åt"/><SP WIDTH="18" VPOS="943" HPOS="545"/>
							<String ID="string_206" HPOS="563" VPOS="945" WIDTH="45" HEIGHT="19" WC="0.96" CONTENT="mot"/><SP WIDTH="19" VPOS="945" HPOS="608"/>
							<String ID="string_207" HPOS="627" VPOS="943" WIDTH="84" HEIGHT="26" WC="0.93" CONTENT="kusten,"/><SP WIDTH="17" VPOS="943" HPOS="711"/>
							<String ID="string_208" HPOS="728" VPOS="943" WIDTH="112" HEIGHT="21" WC="0.91" CONTENT="utvisande"/>
						</TextLine>
						<TextLine ID="line_24" HPOS="88" VPOS="976" WIDTH="752" HEIGHT="28">
							<String ID="string_209" HPOS="88" VPOS="978" WIDTH="41" HEIGHT="21" WC="0.93" CONTENT="den"/><SP WIDTH="16" VPOS="978" HPOS="129"/>
							<String ID="string_210" HPOS="145" VPOS="977" WIDTH="94" HEIGHT="27" WC="0.88" CONTENT="rigtning"/><SP WIDTH="16" VPOS="977" HPOS="239"/>
							<String ID="string_211" HPOS="255" VPOS="976" WIDTH="91" HEIGHT="22" WC="0.95" CONTENT="trafiken"/><SP WIDTH="15" VPOS="976" HPOS="346"/>
							<String ID="string_212" HPOS="361" VPOS="977" WIDTH="7" HEIGHT="20" WC="0.96" CONTENT="i"/><SP WIDTH="16" VPOS="977" HPOS="368"/>
							<String ID="string_213" HPOS="384" VPOS="977" WIDTH="64" HEIGHT="21" WC="0.95" CONTENT="dessa"/><SP WIDTH="16" VPOS="977" HPOS="448"/>
							<String ID="string_214" HPOS="464" VPOS="977" WIDTH="83" HEIGHT="21" WC="0.95" CONTENT="trakter"/><SP WIDTH="11" VPOS="977" HPOS="547"/>
							<String ID="string_215" HPOS="558" VPOS="977" WIDTH="55" HEIGHT="26" WC="0.96" CONTENT="tagit"/><SP WIDTH="10" VPOS="977" HPOS="613"/>
							<String ID="string_216" HPOS="623" VPOS="977" WIDTH="39" HEIGHT="20" WC="0.96" CONTENT="och"/><SP WIDTH="15" VPOS="977" HPOS="662"/>
							<String ID="string_217" HPOS="677" VPOS="977" WIDTH="93" HEIGHT="26" WC="0.93" CONTENT="troligen"/><SP WIDTH="10" VPOS="977" HPOS="770"/>
							<String ID="string_218" HPOS="780" VPOS="977" WIDTH="60" HEIGHT="21" WC="0.92" CONTENT="kom-"/>
						</TextLine>
						<TextLine ID="line_25" HPOS="87" VPOS="1011" WIDTH="754" HEIGHT="27">
							<String ID="string_219" HPOS="87" VPOS="1019" WIDTH="35" HEIGHT="14" WC="0.96" CONTENT="me"/><SP WIDTH="15" VPOS="1019" HPOS="122"/>
							<String ID="string_220" HPOS="137" VPOS="1013" WIDTH="33" HEIGHT="20" WC="0.96" CONTENT="att"/><SP WIDTH="13" VPOS="1013" HPOS="170"/>
							<String ID="string_221" HPOS="183" VPOS="1011" WIDTH="114" HEIGHT="22" WC="0.94" CONTENT="bibehålla."/><SP WIDTH="30" VPOS="1011" HPOS="297"/>
							<String ID="string_222" HPOS="327" VPOS="1011" WIDTH="75" HEIGHT="21" WC="0.93" CONTENT="Denna"/><SP WIDTH="15" VPOS="1011" HPOS="402"/>
							<String ID="string_223" HPOS="417" VPOS="1011" WIDTH="101" HEIGHT="27" WC="0.91" CONTENT="parailelt"/><SP WIDTH="14" VPOS="1011" HPOS="518"/>
							<String ID="string_224" HPOS="532" VPOS="1011" WIDTH="49" HEIGHT="21" WC="0.96" CONTENT="med"/><SP WIDTH="15" VPOS="1011" HPOS="581"/>
							<String ID="string_225" HPOS="596" VPOS="1011" WIDTH="77" HEIGHT="21" WC="0.96" CONTENT="kusten"/><SP WIDTH="16" VPOS="1011" HPOS="673"/>
							<String ID="string_226" HPOS="689" VPOS="1011" WIDTH="82" HEIGHT="27" WC="0.96" CONTENT="gående"/><SP WIDTH="14" VPOS="1011" HPOS="771"/>
							<String ID="string_227" HPOS="785" VPOS="1012" WIDTH="56" HEIGHT="20" WC="0.95" CONTENT="bana"/>
						</TextLine>
						<TextLine ID="line_26" HPOS="88" VPOS="1045" WIDTH="751" HEIGHT="27">
							<String ID="string_228" HPOS="88" VPOS="1047" WIDTH="69" HEIGHT="20" WC="0.95" CONTENT="skulle"/><SP WIDTH="18" VPOS="1047" HPOS="157"/>
							<String ID="string_229" HPOS="175" VPOS="1046" WIDTH="110" HEIGHT="21" WC="0.94" CONTENT="dessutom"/><SP WIDTH="21" VPOS="1046" HPOS="285"/>
							<String ID="string_230" HPOS="306" VPOS="1045" WIDTH="58" HEIGHT="21" WC="0.94" CONTENT="finna"/><SP WIDTH="15" VPOS="1045" HPOS="364"/>
							<String ID="string_231" HPOS="379" VPOS="1046" WIDTH="63" HEIGHT="20" WC="0.96" CONTENT="svåra"/><SP WIDTH="16" VPOS="1046" HPOS="442"/>
							<String ID="string_232" HPOS="458" VPOS="1046" WIDTH="156" HEIGHT="21" WC="0.96" CONTENT="konkurrenter"/><SP WIDTH="16" VPOS="1046" HPOS="614"/>
							<String ID="string_233" HPOS="630" VPOS="1046" WIDTH="7" HEIGHT="20" WC="0.93" CONTENT="i"/><SP WIDTH="16" VPOS="1046" HPOS="637"/>
							<String ID="string_234" HPOS="653" VPOS="1045" WIDTH="138" HEIGHT="27" WC="0.90" CONTENT="ångbåtarne,"/><SP WIDTH="18" VPOS="1045" HPOS="791"/>
							<String ID="string_235" HPOS="809" VPOS="1046" WIDTH="30" HEIGHT="20" WC="0.91" CONTENT="åt-"/>
						</TextLine>
						<TextLine ID="line_27" HPOS="88" VPOS="1079" WIDTH="752" HEIGHT="27">
							<String ID="string_236" HPOS="88" VPOS="1081" WIDTH="107" HEIGHT="21" WC="0.91" CONTENT="minstone"/><SP WIDTH="19" VPOS="1081" HPOS="195"/>
							<String ID="string_237" HPOS="214" VPOS="1080" WIDTH="133" HEIGHT="21" WC="0.96" CONTENT="beträffande"/><SP WIDTH="18" VPOS="1080" HPOS="347"/>
							<String ID="string_238" HPOS="365" VPOS="1079" WIDTH="155" HEIGHT="26" WC="0.96" CONTENT="godstrafiken;"/><SP WIDTH="21" VPOS="1079" HPOS="520"/>
							<String ID="string_239" HPOS="541" VPOS="1079" WIDTH="39" HEIGHT="21" WC="0.96" CONTENT="och"/><SP WIDTH="15" VPOS="1079" HPOS="580"/>
							<String ID="string_240" HPOS="595" VPOS="1080" WIDTH="55" HEIGHT="20" WC="0.96" CONTENT="hvad"/><SP WIDTH="20" VPOS="1080" HPOS="650"/>
							<String ID="string_241" HPOS="670" VPOS="1079" WIDTH="170" HEIGHT="27" WC="0.96" CONTENT="persontrafiken"/>
						</TextLine>
						<TextLine ID="line_28" HPOS="86" VPOS="1113" WIDTH="754" HEIGHT="27">
							<String ID="string_242" HPOS="86" VPOS="1115" WIDTH="129" HEIGHT="25" WC="0.92" CONTENT="vidkomme,"/><SP WIDTH="17" VPOS="1115" HPOS="215"/>
							<String ID="string_243" HPOS="232" VPOS="1114" WIDTH="23" HEIGHT="21" WC="0.93" CONTENT="så"/><SP WIDTH="19" VPOS="1114" HPOS="255"/>
							<String ID="string_244" HPOS="274" VPOS="1114" WIDTH="70" HEIGHT="21" WC="0.91" CONTENT="blefve"/><SP WIDTH="21" VPOS="1114" HPOS="344"/>
							<String ID="string_245" HPOS="365" VPOS="1114" WIDTH="68" HEIGHT="21" WC="0.96" CONTENT="denna"/><SP WIDTH="20" VPOS="1114" HPOS="433"/>
							<String ID="string_246" HPOS="453" VPOS="1114" WIDTH="23" HEIGHT="21" WC="0.96" CONTENT="af"/><SP WIDTH="16" VPOS="1114" HPOS="476"/>
							<String ID="string_247" HPOS="492" VPOS="1114" WIDTH="82" HEIGHT="21" WC="0.96" CONTENT="mindre"/><SP WIDTH="17" VPOS="1114" HPOS="574"/>
							<String ID="string_248" HPOS="591" VPOS="1114" WIDTH="135" HEIGHT="26" WC="0.93" CONTENT="betydenhet."/><SP WIDTH="30" VPOS="1114" HPOS="726"/>
							<String ID="string_249" HPOS="756" VPOS="1113" WIDTH="84" HEIGHT="22" WC="0.91" CONTENT="Annor-"/>
						</TextLine>
						<TextLine ID="line_29" HPOS="88" VPOS="1148" WIDTH="753" HEIGHT="22">
							<String ID="string_250" HPOS="88" VPOS="1149" WIDTH="65" HEIGHT="21" WC="0.91" CONTENT="lunda"/><SP WIDTH="18" VPOS="1149" HPOS="153"/>
							<String ID="string_251" HPOS="171" VPOS="1155" WIDTH="51" HEIGHT="15" WC="0.96" CONTENT="vore"/><SP WIDTH="19" VPOS="1155" HPOS="222"/>
							<String ID="string_252" HPOS="241" VPOS="1148" WIDTH="146" HEIGHT="21" WC="0.95" CONTENT="förhållandet"/><SP WIDTH="17" VPOS="1148" HPOS="387"/>
							<String ID="string_253" HPOS="404" VPOS="1149" WIDTH="49" HEIGHT="20" WC="0.96" CONTENT="med"/><SP WIDTH="22" VPOS="1149" HPOS="453"/>
							<String ID="string_254" HPOS="475" VPOS="1149" WIDTH="40" HEIGHT="20" WC="0.95" CONTENT="den"/><SP WIDTH="19" VPOS="1149" HPOS="515"/>
							<String ID="string_255" HPOS="534" VPOS="1149" WIDTH="110" HEIGHT="20" WC="0.95" CONTENT="mellersta"/><SP WIDTH="19" VPOS="1149" HPOS="644"/>
							<String ID="string_256" HPOS="663" VPOS="1149" WIDTH="39" HEIGHT="20" WC="0.96" CONTENT="och"/><SP WIDTH="19" VPOS="1149" HPOS="702"/>
							<String ID="string_257" HPOS="721" VPOS="1148" WIDTH="41" HEIGHT="21" WC="0.96" CONTENT="den"/><SP WIDTH="19" VPOS="1148" HPOS="762"/>
							<String ID="string_258" HPOS="781" VPOS="1150" WIDTH="60" HEIGHT="19" WC="0.96" CONTENT="östra"/>
						</TextLine>
						<TextLine ID="line_30" HPOS="88" VPOS="1182" WIDTH="752" HEIGHT="27">
							<String ID="string_259" HPOS="88" VPOS="1184" WIDTH="133" HEIGHT="25" WC="0.96" CONTENT="stambanan,"/><SP WIDTH="12" VPOS="1184" HPOS="221"/>
							<String ID="string_260" HPOS="233" VPOS="1183" WIDTH="72" HEIGHT="20" WC="0.96" CONTENT="hvilka"/><SP WIDTH="11" VPOS="1183" HPOS="305"/>
							<String ID="string_261" HPOS="316" VPOS="1183" WIDTH="84" HEIGHT="20" WC="0.96" CONTENT="komme"/><SP WIDTH="12" VPOS="1183" HPOS="400"/>
							<String ID="string_262" HPOS="412" VPOS="1184" WIDTH="33" HEIGHT="19" WC="0.96" CONTENT="att"/><SP WIDTH="16" VPOS="1184" HPOS="445"/>
							<String ID="string_263" HPOS="461" VPOS="1182" WIDTH="162" HEIGHT="21" WC="0.96" CONTENT="sammanbinda"/><SP WIDTH="15" VPOS="1182" HPOS="623"/>
							<String ID="string_264" HPOS="638" VPOS="1182" WIDTH="134" HEIGHT="21" WC="0.93" CONTENT="vidsträckta"/><SP WIDTH="9" VPOS="1182" HPOS="772"/>
							<String ID="string_265" HPOS="781" VPOS="1182" WIDTH="59" HEIGHT="21" WC="0.93" CONTENT="trak-"/>
						</TextLine>
						<TextLine ID="line_31" HPOS="87" VPOS="1216" WIDTH="754" HEIGHT="27">
							<String ID="string_266" HPOS="87" VPOS="1219" WIDTH="34" HEIGHT="20" WC="0.96" CONTENT="ter"/><SP WIDTH="15" VPOS="1219" HPOS="121"/>
							<String ID="string_267" HPOS="136" VPOS="1217" WIDTH="6" HEIGHT="21" WC="0.96" CONTENT="i"/><SP WIDTH="17" VPOS="1217" HPOS="142"/>
							<String ID="string_268" HPOS="159" VPOS="1217" WIDTH="37" HEIGHT="22" WC="0.96" CONTENT="det"/><SP WIDTH="15" VPOS="1217" HPOS="196"/>
							<String ID="string_269" HPOS="211" VPOS="1218" WIDTH="46" HEIGHT="20" WC="0.96" CONTENT="inre"/><SP WIDTH="16" VPOS="1218" HPOS="257"/>
							<String ID="string_270" HPOS="273" VPOS="1217" WIDTH="23" HEIGHT="21" WC="0.96" CONTENT="af"/><SP WIDTH="13" VPOS="1217" HPOS="296"/>
							<String ID="string_271" HPOS="309" VPOS="1217" WIDTH="73" HEIGHT="21" WC="0.96" CONTENT="landet"/><SP WIDTH="15" VPOS="1217" HPOS="382"/>
							<String ID="string_272" HPOS="397" VPOS="1217" WIDTH="49" HEIGHT="20" WC="0.96" CONTENT="med"/><SP WIDTH="15" VPOS="1217" HPOS="446"/>
							<String ID="string_273" HPOS="461" VPOS="1217" WIDTH="78" HEIGHT="21" WC="0.96" CONTENT="kusten"/><SP WIDTH="16" VPOS="1217" HPOS="539"/>
							<String ID="string_274" HPOS="555" VPOS="1217" WIDTH="39" HEIGHT="21" WC="0.93" CONTENT="och"/><SP WIDTH="14" VPOS="1217" HPOS="594"/>
							<String ID="string_275" HPOS="608" VPOS="1217" WIDTH="103" HEIGHT="26" WC="0.92" CONTENT="derjemte"/><SP WIDTH="10" VPOS="1217" HPOS="711"/>
							<String ID="string_276" HPOS="721" VPOS="1216" WIDTH="76" HEIGHT="21" WC="0.93" CONTENT="förena"/><SP WIDTH="10" VPOS="1216" HPOS="797"/>
							<String ID="string_277" HPOS="807" VPOS="1216" WIDTH="34" HEIGHT="21" WC="0.91" CONTENT="så-"/>
						</TextLine>
						<TextLine ID="line_32" HPOS="86" VPOS="1247" WIDTH="754" HEIGHT="26">
							<String ID="string_278" HPOS="86" VPOS="1252" WIDTH="35" HEIGHT="21" WC="0.96" CONTENT="väl"/><SP WIDTH="16" VPOS="1252" HPOS="121"/>
							<String ID="string_279" HPOS="137" VPOS="1257" WIDTH="65" HEIGHT="15" WC="0.96" CONTENT="norra"/><SP WIDTH="19" VPOS="1257" HPOS="202"/>
							<String ID="string_280" HPOS="221" VPOS="1257" WIDTH="46" HEIGHT="16" WC="0.95" CONTENT="som"/><SP WIDTH="16" VPOS="1257" HPOS="267"/>
							<String ID="string_281" HPOS="283" VPOS="1253" WIDTH="59" HEIGHT="20" WC="0.95" CONTENT="östra"/><SP WIDTH="16" VPOS="1253" HPOS="342"/>
							<String ID="string_282" HPOS="358" VPOS="1247" WIDTH="140" HEIGHT="25" WC="0.95" CONTENT="Österbotten"/><SP WIDTH="15" VPOS="1247" HPOS="498"/>
							<String ID="string_283" HPOS="513" VPOS="1251" WIDTH="49" HEIGHT="20" WC="0.96" CONTENT="med"/><SP WIDTH="14" VPOS="1251" HPOS="562"/>
							<String ID="string_284" HPOS="576" VPOS="1251" WIDTH="84" HEIGHT="21" WC="0.96" CONTENT="landets"/><SP WIDTH="16" VPOS="1251" HPOS="660"/>
							<String ID="string_285" HPOS="676" VPOS="1251" WIDTH="119" HEIGHT="21" WC="0.93" CONTENT="förnämsta"/><SP WIDTH="14" VPOS="1251" HPOS="795"/>
							<String ID="string_286" HPOS="809" VPOS="1251" WIDTH="31" HEIGHT="20" WC="0.92" CONTENT="af-"/>
						</TextLine>
						<TextLine ID="line_33" HPOS="87" VPOS="1285" WIDTH="754" HEIGHT="28">
							<String ID="string_287" HPOS="87" VPOS="1286" WIDTH="143" HEIGHT="27" WC="0.91" CONTENT="sättningsort"/><SP WIDTH="11" VPOS="1286" HPOS="230"/>
							<String ID="string_288" HPOS="241" VPOS="1298" WIDTH="27" HEIGHT="3" WC="0.90" CONTENT="—"/><SP WIDTH="9" VPOS="1298" HPOS="268"/>
							<String ID="string_289" HPOS="277" VPOS="1285" WIDTH="32" HEIGHT="22" WC="0.95" CONTENT="S:t"/><SP WIDTH="14" VPOS="1285" HPOS="309"/>
							<String ID="string_290" HPOS="323" VPOS="1285" WIDTH="137" HEIGHT="27" WC="0.96" CONTENT="Petersburg."/><SP WIDTH="31" VPOS="1285" HPOS="460"/>
							<String ID="string_291" HPOS="491" VPOS="1285" WIDTH="69" HEIGHT="21" WC="0.95" CONTENT="Dessa"/><SP WIDTH="20" VPOS="1285" HPOS="560"/>
							<String ID="string_292" HPOS="580" VPOS="1287" WIDTH="77" HEIGHT="19" WC="0.96" CONTENT="tvänne"/><SP WIDTH="16" VPOS="1287" HPOS="657"/>
							<String ID="string_293" HPOS="673" VPOS="1285" WIDTH="68" HEIGHT="20" WC="0.95" CONTENT="banor"/><SP WIDTH="15" VPOS="1285" HPOS="741"/>
							<String ID="string_294" HPOS="756" VPOS="1285" WIDTH="85" HEIGHT="21" WC="0.96" CONTENT="komme"/>
						</TextLine>
						<TextLine ID="line_34" HPOS="87" VPOS="1319" WIDTH="756" HEIGHT="27">
							<String ID="string_295" HPOS="87" VPOS="1321" WIDTH="63" HEIGHT="20" WC="0.96" CONTENT="äfven"/><SP WIDTH="16" VPOS="1321" HPOS="150"/>
							<String ID="string_296" HPOS="166" VPOS="1322" WIDTH="33" HEIGHT="19" WC="0.96" CONTENT="att"/><SP WIDTH="14" VPOS="1322" HPOS="199"/>
							<String ID="string_297" HPOS="213" VPOS="1320" WIDTH="67" HEIGHT="21" WC="0.96" CONTENT="blifva"/><SP WIDTH="15" VPOS="1320" HPOS="280"/>
							<String ID="string_298" HPOS="295" VPOS="1320" WIDTH="23" HEIGHT="21" WC="0.94" CONTENT="af"/><SP WIDTH="13" VPOS="1320" HPOS="318"/>
							<String ID="string_299" HPOS="331" VPOS="1320" WIDTH="46" HEIGHT="26" WC="0.96" CONTENT="vigt"/><SP WIDTH="15" VPOS="1320" HPOS="377"/>
							<String ID="string_300" HPOS="392" VPOS="1320" WIDTH="36" HEIGHT="20" WC="0.93" CONTENT="vid"/><SP WIDTH="15" VPOS="1320" HPOS="428"/>
							<String ID="string_301" HPOS="443" VPOS="1320" WIDTH="128" HEIGHT="21" WC="0.90" CONTENT="inträffande"/><SP WIDTH="15" VPOS="1320" HPOS="571"/>
							<String ID="string_302" HPOS="586" VPOS="1319" WIDTH="134" HEIGHT="22" WC="0.96" CONTENT="missväxtår."/><SP WIDTH="31" VPOS="1319" HPOS="720"/>
							<String ID="string_303" HPOS="751" VPOS="1320" WIDTH="44" HEIGHT="21" WC="0.96" CONTENT="För"/><SP WIDTH="13" VPOS="1320" HPOS="795"/>
							<String ID="string_304" HPOS="808" VPOS="1321" WIDTH="35" HEIGHT="19" WC="0.96" CONTENT="att"/>
						</TextLine>
						<TextLine ID="line_35" HPOS="87" VPOS="1353" WIDTH="754" HEIGHT="27">
							<String ID="string_305" HPOS="87" VPOS="1355" WIDTH="47" HEIGHT="20" WC="0.96" CONTENT="åter"/><SP WIDTH="16" VPOS="1355" HPOS="134"/>
							<String ID="string_306" HPOS="150" VPOS="1356" WIDTH="57" HEIGHT="19" WC="0.96" CONTENT="sätta"/><SP WIDTH="16" VPOS="1356" HPOS="207"/>
							<String ID="string_307" HPOS="223" VPOS="1354" WIDTH="26" HEIGHT="21" WC="0.97" CONTENT="de"/><SP WIDTH="15" VPOS="1354" HPOS="249"/>
							<String ID="string_308" HPOS="264" VPOS="1353" WIDTH="98" HEIGHT="27" WC="0.96" CONTENT="nordliga"/><SP WIDTH="16" VPOS="1353" HPOS="362"/>
							<String ID="string_309" HPOS="378" VPOS="1353" WIDTH="40" HEIGHT="21" WC="0.96" CONTENT="och"/><SP WIDTH="14" VPOS="1353" HPOS="418"/>
							<String ID="string_310" HPOS="432" VPOS="1354" WIDTH="110" HEIGHT="20" WC="0.93" CONTENT="mellersta"/><SP WIDTH="16" VPOS="1354" HPOS="542"/>
							<String ID="string_311" HPOS="558" VPOS="1353" WIDTH="87" HEIGHT="21" WC="0.91" CONTENT="delarne"/><SP WIDTH="16" VPOS="1353" HPOS="645"/>
							<String ID="string_312" HPOS="661" VPOS="1353" WIDTH="23" HEIGHT="20" WC="0.96" CONTENT="af"/><SP WIDTH="13" VPOS="1353" HPOS="684"/>
							<String ID="string_313" HPOS="697" VPOS="1353" WIDTH="73" HEIGHT="20" WC="0.94" CONTENT="landet"/><SP WIDTH="10" VPOS="1353" HPOS="770"/>
							<String ID="string_314" HPOS="780" VPOS="1353" WIDTH="7" HEIGHT="20" WC="0.93" CONTENT="i"/><SP WIDTH="10" VPOS="1353" HPOS="787"/>
							<String ID="string_315" HPOS="797" VPOS="1353" WIDTH="44" HEIGHT="20" WC="0.90" CONTENT="för-"/>
						</TextLine>
						<TextLine ID="line_36" HPOS="86" VPOS="1386" WIDTH="756" HEIGHT="26">
							<String ID="string_316" HPOS="86" VPOS="1388" WIDTH="99" HEIGHT="21" WC="0.92" CONTENT="bindelse"/><SP WIDTH="15" VPOS="1388" HPOS="185"/>
							<String ID="string_317" HPOS="200" VPOS="1388" WIDTH="49" HEIGHT="20" WC="0.96" CONTENT="med"/><SP WIDTH="15" VPOS="1388" HPOS="249"/>
							<String ID="string_318" HPOS="264" VPOS="1388" WIDTH="48" HEIGHT="21" WC="0.96" CONTENT="dess"/><SP WIDTH="17" VPOS="1388" HPOS="312"/>
							<String ID="string_319" HPOS="329" VPOS="1387" WIDTH="65" HEIGHT="21" WC="0.96" CONTENT="södra"/><SP WIDTH="10" VPOS="1387" HPOS="394"/>
							<String ID="string_320" HPOS="404" VPOS="1387" WIDTH="60" HEIGHT="20" WC="0.96" CONTENT="delar"/><SP WIDTH="12" VPOS="1387" HPOS="464"/>
							<String ID="string_321" HPOS="476" VPOS="1387" WIDTH="38" HEIGHT="20" WC="0.96" CONTENT="och"/><SP WIDTH="10" VPOS="1387" HPOS="514"/>
							<String ID="string_322" HPOS="524" VPOS="1387" WIDTH="78" HEIGHT="20" WC="0.91" CONTENT="främst"/><SP WIDTH="14" VPOS="1387" HPOS="602"/>
							<String ID="string_323" HPOS="616" VPOS="1386" WIDTH="166" HEIGHT="26" WC="0.91" CONTENT="hufvudstaden,"/><SP WIDTH="9" VPOS="1386" HPOS="782"/>
							<String ID="string_324" HPOS="791" VPOS="1387" WIDTH="51" HEIGHT="20" WC="0.91" CONTENT="bor-"/>
						</TextLine>
						<TextLine ID="line_37" HPOS="87" VPOS="1420" WIDTH="755" HEIGHT="27">
							<String ID="string_325" HPOS="87" VPOS="1423" WIDTH="26" HEIGHT="20" WC="0.93" CONTENT="de"/><SP WIDTH="20" VPOS="1423" HPOS="113"/>
							<String ID="string_326" HPOS="133" VPOS="1422" WIDTH="158" HEIGHT="21" WC="0.91" CONTENT="ofvanberörda"/><SP WIDTH="21" VPOS="1422" HPOS="291"/>
							<String ID="string_327" HPOS="312" VPOS="1421" WIDTH="280" HEIGHT="26" WC="0.90" CONTENT="sammanbindningsbanor"/><SP WIDTH="23" VPOS="1421" HPOS="592"/>
							<String ID="string_328" HPOS="615" VPOS="1421" WIDTH="109" HEIGHT="26" WC="0.92" CONTENT="anläggas,"/><SP WIDTH="19" VPOS="1421" HPOS="724"/>
							<String ID="string_329" HPOS="743" VPOS="1420" WIDTH="99" HEIGHT="27" WC="0.91" CONTENT="hvarige-"/>
						</TextLine>
						<TextLine ID="line_38" HPOS="88" VPOS="1455" WIDTH="755" HEIGHT="28">
							<String ID="string_330" HPOS="88" VPOS="1463" WIDTH="50" HEIGHT="15" WC="0.93" CONTENT="nom"/><SP WIDTH="15" VPOS="1463" HPOS="138"/>
							<String ID="string_331" HPOS="153" VPOS="1457" WIDTH="147" HEIGHT="26" WC="0.90" CONTENT="vägalängden"/><SP WIDTH="20" VPOS="1457" HPOS="300"/>
							<String ID="string_332" HPOS="320" VPOS="1457" WIDTH="34" HEIGHT="20" WC="0.96" CONTENT="till"/><SP WIDTH="18" VPOS="1457" HPOS="354"/>
							<String ID="string_333" HPOS="372" VPOS="1456" WIDTH="138" HEIGHT="27" WC="0.95" CONTENT="Helsingfors"/><SP WIDTH="15" VPOS="1456" HPOS="510"/>
							<String ID="string_334" HPOS="525" VPOS="1456" WIDTH="34" HEIGHT="21" WC="0.96" CONTENT="väl"/><SP WIDTH="17" VPOS="1456" HPOS="559"/>
							<String ID="string_335" HPOS="576" VPOS="1455" WIDTH="69" HEIGHT="22" WC="0.96" CONTENT="skulle"/><SP WIDTH="15" VPOS="1455" HPOS="645"/>
							<String ID="string_336" HPOS="660" VPOS="1455" WIDTH="53" HEIGHT="22" WC="0.96" CONTENT="ökas"/><SP WIDTH="15" VPOS="1455" HPOS="713"/>
							<String ID="string_337" HPOS="728" VPOS="1455" WIDTH="34" HEIGHT="22" WC="0.96" CONTENT="för"/><SP WIDTH="14" VPOS="1455" HPOS="762"/>
							<String ID="string_338" HPOS="776" VPOS="1461" WIDTH="67" HEIGHT="16" WC="0.96" CONTENT="norra"/>
						</TextLine>
					</TextBlock>
				</ComposedBlock>
			</PrintSpace>
		</Page>
	</Layout>
</alto>
