1045 1703
289 125 79 23 Ständ.
383 125 39 24 Sv.
436 138 27 4 —
478 126 70 29 Prop.
562 127 40 22 N:o
616 127 36 22 26.
789 128 24 22 1

104 188 23 21 af
144 190 69 20 ortens
228 188 124 29 skogsalster
366 197 75 20 genom
455 189 70 22 landet
538 190 33 21 till
586 190 59 21 södra
659 190 75 22 kusten
748 198 49 15 vore
811 191 33 22 be-

103 223 77 28 svärlig
201 223 39 21 och
261 222 127 23 tidsödande.
419 223 42 22 Till
480 224 120 22 vestkusten
619 224 69 22 kunde
703 225 45 22 åter
762 232 26 14 en
803 227 42 20 vat-

103 256 161 23 tenförbindelse
285 257 45 22 icke
345 257 83 22 komma
442 258 8 21 i
464 257 64 29 fråga,
543 258 87 21 emedan
645 259 40 21 den
699 259 86 26 landtås,
801 266 44 14 som

102 291 37 22 bär
154 293 86 20 namnet
255 291 150 22 Suomenselkä
420 292 37 21 och
472 293 58 27 löper
543 293 94 28 parallelt
646 293 48 21 med
705 293 82 25 kusten,
798 293 46 22 icke

102 325 68 21 skulle
192 325 67 21 tillåta
277 325 62 21 detta.
372 326 41 21 Om
433 333 49 14 man
496 326 49 21 ville
560 325 48 29 höja
623 327 96 28 odlingen
734 327 8 21 i
755 327 90 22 nämnde

103 359 57 21 delar
175 359 23 21 af
211 359 34 22 det
259 359 45 21 inre
324 359 76 25 landet,
424 359 57 28 gifva
505 360 125 22 dervarande
648 361 73 28 skogar
736 362 30 21 ett
780 362 65 21 större

102 393 63 22 värde
184 393 39 22 och
241 394 119 28 derigenom
374 393 69 22 tillika
457 394 99 28 befrämja
572 394 57 22 deras
643 395 66 21 bättre
724 394 56 26 vård,
795 398 50 24 göra

102 427 25 22 de
146 428 75 21 talrika
240 427 136 23 vattenfallen
391 428 7 21 i
413 435 79 15 samma
506 428 79 22 trakter
599 428 128 29 tillgängliga
741 428 32 22 för
787 428 58 22 indu-

102 461 51 23 strin
169 463 53 20 samt
236 461 146 30 odlingsfälten
396 469 58 14 mera
469 462 77 29 egnade
561 464 31 20 att
605 462 95 29 utvidgas
714 463 38 21 och
761 462 84 23 förbätt-

107 504 39 18 ras,
161 496 23 22 så
199 496 101 22 återstode
315 496 53 22 intet
390 498 63 20 annat
467 501 26 17 än
515 498 30 20 att
566 497 104 21 utsträcka
689 496 157 30 jernvägsnätet

105 530 61 23 äfven
185 530 33 22 till
237 530 59 22 dessa
310 530 83 29 bygder.
424 530 43 22 Det
481 531 38 21 har
533 531 106 22 anmärkts
653 530 46 23 icke
714 531 87 22 allenast
815 533 31 20 att

102 573 79 14 samma
195 565 79 29 bygder
288 572 49 15 vore
350 565 81 22 mindre
440 565 109 22 befolkade
559 565 38 22 och
607 565 90 22 saknade
708 565 75 29 odling,
795 565 51 23 hvil-

101 601 38 21 ket
153 599 52 22 dock
219 599 99 22 härrörde
328 599 79 22 kanske
418 607 44 14 mer
477 599 23 22 af
512 600 59 21 deras
586 599 97 29 isolering
694 604 26 17 än
731 599 22 22 af
761 608 85 21 svagare

103 633 103 29 naturliga
217 633 104 22 förmoner
332 633 8 22 i
352 633 64 22 andra
429 633 117 27 afseenden,
557 635 51 20 utan
619 634 38 21 ock
667 636 31 20 att
708 642 26 14 en
742 633 104 30 jernvägs-

102 669 57 25 linie,
182 669 76 27 dragen
280 675 75 21 genom
374 668 59 21 dessa
447 668 84 26 trakter,
547 668 69 21 skulle
635 670 91 20 närmast
744 668 102 22 öfverens-

103 705 89 19 stämma
206 702 48 22 med
269 702 35 22 det
318 701 60 30 syfte,
394 710 44 14 som
452 702 68 28 ingått
532 702 32 22 uti
574 702 39 22 den
628 702 36 22 vid
674 703 55 21 1872
739 702 33 22 års
781 702 66 22 landt-

105 737 38 28 dag
152 736 121 22 framstälda
283 736 75 29 planen
368 736 32 22 för
410 744 26 14 en
444 736 279 29 jernvägskommunikation
732 736 46 22 från
787 737 60 21 Tam-

103 771 86 22 merfors
211 772 74 20 norrut
305 770 33 22 till
357 770 110 29 Uleåborg,
482 770 135 30 hvarigenom
636 778 61 14 norra
714 767 132 26 Österbotten

102 806 84 21 komme
201 807 30 20 att
245 804 113 23 bibehållas
378 804 35 22 vid
432 805 46 22 dess
496 805 124 29 sekelgamla
634 805 213 23 handelsförbindelse

103 840 47 22 med
169 840 57 22 såväl
245 840 59 22 södra
320 835 131 27 Österbotten
466 847 45 14 som
525 839 108 29 sydvestra
647 840 97 26 Finland,
759 839 87 23 hvilken

103 874 124 23 förbindelse
243 874 98 26 deremot,
356 873 46 23 ifall
416 874 209 22 kommunikationen
634 874 46 22 från
690 874 104 29 Uleåborg
804 876 43 20 ute-

104 909 95 23 slutande
214 910 70 21 leddes
298 910 58 21 öfver
370 908 86 29 Kuopio
471 909 38 21 och
524 908 32 22 S:t
570 908 85 27 Michel,
670 908 68 22 skulle
753 909 94 23 väsendt-

103 944 56 28 ligen
174 944 107 26 försvåras,
298 951 33 14 om
345 943 47 22 icke
406 943 45 22 helt
465 943 39 21 och
517 943 65 21 hället
592 942 99 29 afbrytas.
715 943 83 22 Sådana
808 944 39 21 olä-

103 979 100 28 genheter
222 978 71 22 kunde
307 977 47 22 icke
368 982 105 24 uppvägas
488 977 24 21 af
524 978 40 21 den
578 976 71 27 fördel,
665 984 44 15 som
725 986 25 13 en
764 978 83 22 kortare

103 1012 222 29 jernvägsförbindelse
340 1012 89 21 emellan
439 1019 61 14 norra
510 1012 38 21 och
558 1011 95 29 sydöstra
663 1011 91 22 Finland
764 1012 83 28 erbjöde

104 1047 7 21 i
126 1046 97 22 afseende
237 1046 12 21 å
264 1046 88 22 trafiken
368 1045 27 29 på
408 1045 112 28 Ryssland.

173 1075 18 27 Ä
207 1088 26 13 en
247 1088 69 13 annan
328 1079 44 22 sida
381 1080 39 21 har
429 1079 36 22 vid
475 1079 71 29 frågan
556 1087 34 14 om
600 1079 120 29 riktningen
730 1080 23 21 af
760 1081 87 21 stamba-

107 1122 43 19 nor,
159 1115 36 22 der
203 1114 35 22 det
246 1114 18 29 ej
272 1114 64 29 gäller
346 1115 30 21 att
386 1113 27 29 på
422 1113 90 23 kortaste
522 1113 85 29 möjliga
615 1118 39 23 väg
661 1113 95 22 förbinda
763 1116 55 20 orter
828 1114 23 21 af

105 1149 89 29 mycken
205 1150 41 21 stor
256 1148 110 22 industriel
376 1149 50 20 eller
435 1147 133 22 kommersiel
577 1147 112 28 betydelse,
701 1147 53 29 åsigt
763 1149 85 22 uttalats

105 1186 31 20 att
142 1184 98 25 banorna,
248 1183 69 23 såvidt
324 1182 80 29 möjligt
412 1186 28 22 är,
448 1183 62 21 borde
518 1182 72 28 dragas
597 1190 74 21 genom
679 1182 76 22 sådana
762 1183 85 25 trakter,

106 1226 44 14 som
168 1218 31 22 stå
219 1217 78 22 relatift
310 1218 60 27 högst
384 1217 8 21 i
406 1216 126 29 befolkning,
555 1216 76 29 odling,
646 1217 77 21 handel
737 1217 38 21 och
790 1217 58 21 indu-

106 1252 37 23 stri
162 1254 53 20 samt
231 1251 84 29 erbjuda
330 1251 26 21 de
370 1254 153 25 gynsammaste
537 1250 94 23 vilkoren
646 1250 32 22 för
692 1258 27 14 en
733 1250 70 22 vidare
818 1252 31 21 ut-

105 1286 98 28 veckling
217 1286 8 21 i
240 1286 58 21 dessa
313 1284 112 22 afseenden
440 1284 106 23 äfvensom
556 1287 31 19 att
596 1285 154 23 stambanornas
760 1284 89 22 hufvud-

107 1320 116 28 riktningar
245 1319 72 22 dervid
336 1318 143 22 sammanfölle
498 1319 48 22 med
560 1318 8 22 i
581 1319 71 21 landet
666 1318 56 22 förut
736 1319 111 27 befintliga,

107 1353 88 22 erkändt
210 1352 77 28 vigtiga
297 1352 254 25 kommunikationsleder,
562 1352 62 21 bland
633 1352 78 25 hvilka,
721 1351 127 22 beträffande

106 1387 141 22 förbindelsen
269 1386 89 21 emellan
379 1393 61 14 norra
457 1386 38 20 och
512 1385 104 22 mellersta
635 1384 90 22 Finland
743 1385 26 21 de
783 1385 65 28 begge

108 1421 68 30 gamla
190 1420 127 29 landsvägar,
329 1427 44 15 som
382 1419 104 23 härintills
495 1419 175 29 hufvudsakligen
679 1419 110 22 förmedlat
799 1427 51 14 sam-

107 1455 91 24 färdseln
213 1455 77 22 mellan
304 1455 59 22 dessa
376 1455 123 26 landsdelar,
515 1455 39 22 den
570 1462 39 13 ena
623 1454 41 22 den
678 1453 103 23 såkallade
795 1456 54 21 stora
