<?xml version="1.0" encoding="UTF-8"?>
<alto xmlns="http://www.loc.gov/standards/alto/ns-v3#" xmlns:xlink="http://www.w3.org/1999/xlink" xmlns:xsi="http://www.w3.org/2001/XMLSchema-instance" xsi:schemaLocation="http://www.loc.gov/standards/alto/ns-v3# http://www.loc.gov/alto/v3/alto-3-0.xsd">
	<Description>
		<MeasurementUnit>pixel</MeasurementUnit>
		<sourceImageInformation>
			<fileName>/tmp/tess_v_zskkmj_input.PNG</fileName>
		</sourceImageInformation>
		<OCRProcessing ID="OCR_0">
			<ocrProcessingStep>
				<processingSoftware>
					<softwareName>tesseract 5.3.4</softwareName>
				</processingSoftware>
			</ocrProcessingStep>
		</OCRProcessing>
	</Description>
	<Layout>
		<Page WIDTH="1056" HEIGHT="1711" PHYSICAL_IMG_NR="0" ID="page_0">
			<PrintSpace HPOS="0" VPOS="0" WIDTH="1056" HEIGHT="1711">
				<ComposedBlock ID="cblock_0" HPOS="441" VPOS="126" WIDTH="377" HEIGHT="23">
					<TextBlock ID="block_0" HPOS="441" VPOS="126" WIDTH="377" HEIGHT="23">
						<TextLine ID="line_0" HPOS="441" VPOS="126" WIDTH="377" HEIGHT="23">
							<String ID="string_0" HPOS="441" VPOS="127" WIDTH="49" HEIGHT="22" WC="0.91" CONTENT="N:o"/><SP WIDTH="16" VPOS="127" HPOS="490"/>
							<String ID="string_1" HPOS="506" VPOS="126" WIDTH="46" HEIGHT="23" WC="0.4" CONTENT="8."/><SP WIDTH="240" VPOS="126" HPOS="552"/>
							<String ID="string_2" HPOS="792" VPOS="127" WIDTH="26" HEIGHT="20" WC="0.89" CONTENT="17"/>
						</TextLine>
					</TextBlock>
				</ComposedBlock>
				<ComposedBlock ID="cblock_1" HPOS="102" VPOS="193" WIDTH="748" HEIGHT="265">
					<TextBlock ID="block_1" HPOS="102" VPOS="193" WIDTH="748" HEIGHT="265">
						<TextLine ID="line_1" HPOS="104" VPOS="193" WIDTH="742" HEIGHT="28">
							<String ID="string_3" HPOS="104" VPOS="202" WIDTH="46" HEIGHT="15" WC="0.95" CONTENT="som"/><SP WIDTH="22" VPOS="202" HPOS="150"/>
							<String ID="string_4" HPOS="172" VPOS="195" WIDTH="24" HEIGHT="22" WC="0.96" CONTENT="af"/><SP WIDTH="19" VPOS="195" HPOS="196"/>
							<String ID="string_5" HPOS="215" VPOS="195" WIDTH="41" HEIGHT="21" WC="0.96" CONTENT="den"/><SP WIDTH="20" VPOS="195" HPOS="256"/>
							<String ID="string_6" HPOS="276" VPOS="194" WIDTH="37" HEIGHT="21" WC="0.93" CONTENT="vid"/><SP WIDTH="22" VPOS="194" HPOS="313"/>
							<String ID="string_7" HPOS="335" VPOS="195" WIDTH="104" HEIGHT="26" WC="0.91" CONTENT="årstjenst"/><SP WIDTH="20" VPOS="195" HPOS="439"/>
							<String ID="string_8" HPOS="459" VPOS="195" WIDTH="50" HEIGHT="20" WC="0.93" CONTENT="icke"/><SP WIDTH="15" VPOS="195" HPOS="509"/>
							<String ID="string_9" HPOS="524" VPOS="194" WIDTH="88" HEIGHT="21" WC="0.92" CONTENT="bundne"/><SP WIDTH="16" VPOS="194" HPOS="612"/>
							<String ID="string_10" HPOS="628" VPOS="195" WIDTH="114" HEIGHT="20" WC="0.96" CONTENT="arbetaren"/><SP WIDTH="15" VPOS="195" HPOS="742"/>
							<String ID="string_11" HPOS="757" VPOS="193" WIDTH="89" HEIGHT="22" WC="0.96" CONTENT="utföras."/>
						</TextLine>
						<TextLine ID="line_2" HPOS="102" VPOS="227" WIDTH="747" HEIGHT="24">
							<String ID="string_12" HPOS="102" VPOS="230" WIDTH="34" HEIGHT="20" WC="0.96" CONTENT="Då"/><SP WIDTH="16" VPOS="230" HPOS="136"/>
							<String ID="string_13" HPOS="152" VPOS="229" WIDTH="120" HEIGHT="22" WC="0.95" CONTENT="emellertid"/><SP WIDTH="15" VPOS="229" HPOS="272"/>
							<String ID="string_14" HPOS="287" VPOS="228" WIDTH="146" HEIGHT="22" WC="0.95" CONTENT="förhållandet"/><SP WIDTH="15" VPOS="228" HPOS="433"/>
							<String ID="string_15" HPOS="448" VPOS="229" WIDTH="48" HEIGHT="20" WC="0.93" CONTENT="med"/><SP WIDTH="17" VPOS="229" HPOS="496"/>
							<String ID="string_16" HPOS="513" VPOS="228" WIDTH="140" HEIGHT="21" WC="0.90" CONTENT="härförinnan"/><SP WIDTH="15" VPOS="228" HPOS="653"/>
							<String ID="string_17" HPOS="668" VPOS="227" WIDTH="111" HEIGHT="22" WC="0.93" CONTENT="fastställd"/><SP WIDTH="15" VPOS="227" HPOS="779"/>
							<String ID="string_18" HPOS="794" VPOS="234" WIDTH="55" HEIGHT="14" WC="0.90" CONTENT="mar-"/>
						</TextLine>
						<TextLine ID="line_3" HPOS="103" VPOS="261" WIDTH="745" HEIGHT="28">
							<String ID="string_19" HPOS="103" VPOS="263" WIDTH="85" HEIGHT="26" WC="0.91" CONTENT="kegång"/><SP WIDTH="19" VPOS="263" HPOS="188"/>
							<String ID="string_20" HPOS="207" VPOS="263" WIDTH="63" HEIGHT="20" WC="0.95" CONTENT="alltid"/><SP WIDTH="19" VPOS="263" HPOS="270"/>
							<String ID="string_21" HPOS="289" VPOS="262" WIDTH="57" HEIGHT="21" WC="0.96" CONTENT="varit"/><SP WIDTH="23" VPOS="262" HPOS="346"/>
							<String ID="string_22" HPOS="369" VPOS="262" WIDTH="86" HEIGHT="25" WC="0.96" CONTENT="sådant,"/><SP WIDTH="20" VPOS="262" HPOS="455"/>
							<String ID="string_23" HPOS="475" VPOS="264" WIDTH="33" HEIGHT="19" WC="0.95" CONTENT="att"/><SP WIDTH="19" VPOS="264" HPOS="508"/>
							<String ID="string_24" HPOS="527" VPOS="264" WIDTH="31" HEIGHT="19" WC="0.93" CONTENT="ett"/><SP WIDTH="20" VPOS="264" HPOS="558"/>
							<String ID="string_25" HPOS="578" VPOS="261" WIDTH="162" HEIGHT="27" WC="0.90" CONTENT="ökedagsverke"/><SP WIDTH="15" VPOS="261" HPOS="740"/>
							<String ID="string_26" HPOS="755" VPOS="264" WIDTH="93" HEIGHT="19" WC="0.91" CONTENT="motsva-"/>
						</TextLine>
						<TextLine ID="line_4" HPOS="102" VPOS="294" WIDTH="748" HEIGHT="28">
							<String ID="string_27" HPOS="102" VPOS="296" WIDTH="52" HEIGHT="21" WC="0.96" CONTENT="rade"/><SP WIDTH="15" VPOS="296" HPOS="154"/>
							<String ID="string_28" HPOS="169" VPOS="298" WIDTH="80" HEIGHT="18" WC="0.93" CONTENT="tvänne"/><SP WIDTH="16" VPOS="298" HPOS="249"/>
							<String ID="string_29" HPOS="265" VPOS="296" WIDTH="225" HEIGHT="26" WC="0.91" CONTENT="drängedagsverken,"/><SP WIDTH="16" VPOS="296" HPOS="490"/>
							<String ID="string_30" HPOS="506" VPOS="296" WIDTH="72" HEIGHT="20" WC="0.97" CONTENT="kunde"/><SP WIDTH="16" VPOS="296" HPOS="578"/>
							<String ID="string_31" HPOS="594" VPOS="296" WIDTH="42" HEIGHT="20" WC="0.92" CONTENT="den"/><SP WIDTH="15" VPOS="296" HPOS="636"/>
							<String ID="string_32" HPOS="651" VPOS="294" WIDTH="109" HEIGHT="22" WC="0.91" CONTENT="blifvande"/><SP WIDTH="11" VPOS="294" HPOS="760"/>
							<String ID="string_33" HPOS="771" VPOS="296" WIDTH="79" HEIGHT="20" WC="0.91" CONTENT="under-"/>
						</TextLine>
						<TextLine ID="line_5" HPOS="103" VPOS="329" WIDTH="747" HEIGHT="27">
							<String ID="string_34" HPOS="103" VPOS="330" WIDTH="113" HEIGHT="26" WC="0.92" CONTENT="vispingen"/><SP WIDTH="24" VPOS="330" HPOS="216"/>
							<String ID="string_35" HPOS="240" VPOS="329" WIDTH="108" HEIGHT="22" WC="0.93" CONTENT="förenklas"/><SP WIDTH="23" VPOS="329" HPOS="348"/>
							<String ID="string_36" HPOS="371" VPOS="330" WIDTH="131" HEIGHT="25" WC="0.92" CONTENT="derigenom,"/><SP WIDTH="24" VPOS="330" HPOS="502"/>
							<String ID="string_37" HPOS="526" VPOS="331" WIDTH="32" HEIGHT="19" WC="0.93" CONTENT="att"/><SP WIDTH="22" VPOS="331" HPOS="558"/>
							<String ID="string_38" HPOS="580" VPOS="329" WIDTH="192" HEIGHT="27" WC="0.92" CONTENT="ökedagsverkena"/><SP WIDTH="23" VPOS="329" HPOS="772"/>
							<String ID="string_39" HPOS="795" VPOS="329" WIDTH="55" HEIGHT="21" WC="0.96" CONTENT="efter"/>
						</TextLine>
						<TextLine ID="line_6" HPOS="103" VPOS="363" WIDTH="747" HEIGHT="27">
							<String ID="string_40" HPOS="103" VPOS="364" WIDTH="91" HEIGHT="20" WC="0.95" CONTENT="nämnde"/><SP WIDTH="20" VPOS="364" HPOS="194"/>
							<String ID="string_41" HPOS="214" VPOS="364" WIDTH="70" HEIGHT="26" WC="0.95" CONTENT="grund"/><SP WIDTH="19" VPOS="364" HPOS="284"/>
							<String ID="string_42" HPOS="303" VPOS="363" WIDTH="152" HEIGHT="21" WC="0.94" CONTENT="förvandlades"/><SP WIDTH="21" VPOS="363" HPOS="455"/>
							<String ID="string_43" HPOS="476" VPOS="364" WIDTH="35" HEIGHT="20" WC="0.93" CONTENT="till"/><SP WIDTH="22" VPOS="364" HPOS="511"/>
							<String ID="string_44" HPOS="533" VPOS="363" WIDTH="225" HEIGHT="27" WC="0.90" CONTENT="drängedagsverken,"/><SP WIDTH="21" VPOS="363" HPOS="758"/>
							<String ID="string_45" HPOS="779" VPOS="363" WIDTH="23" HEIGHT="21" WC="0.96" CONTENT="så"/><SP WIDTH="15" VPOS="363" HPOS="802"/>
							<String ID="string_46" HPOS="817" VPOS="364" WIDTH="33" HEIGHT="20" WC="0.96" CONTENT="att"/>
						</TextLine>
						<TextLine ID="line_7" HPOS="103" VPOS="397" WIDTH="746" HEIGHT="27">
							<String ID="string_47" HPOS="103" VPOS="398" WIDTH="77" HEIGHT="20" WC="0.96" CONTENT="endast"/><SP WIDTH="23" VPOS="398" HPOS="180"/>
							<String ID="string_48" HPOS="203" VPOS="398" WIDTH="134" HEIGHT="26" WC="0.96" CONTENT="dagsverken"/><SP WIDTH="21" VPOS="398" HPOS="337"/>
							<String ID="string_49" HPOS="358" VPOS="397" WIDTH="23" HEIGHT="21" WC="0.96" CONTENT="af"/><SP WIDTH="18" VPOS="397" HPOS="381"/>
							<String ID="string_50" HPOS="399" VPOS="397" WIDTH="134" HEIGHT="21" WC="0.96" CONTENT="sistnämnda"/><SP WIDTH="19" VPOS="397" HPOS="533"/>
							<String ID="string_51" HPOS="552" VPOS="398" WIDTH="46" HEIGHT="26" WC="0.95" CONTENT="slag"/><SP WIDTH="23" VPOS="398" HPOS="598"/>
							<String ID="string_52" HPOS="621" VPOS="397" WIDTH="83" HEIGHT="21" WC="0.96" CONTENT="komme"/><SP WIDTH="20" VPOS="397" HPOS="704"/>
							<String ID="string_53" HPOS="724" VPOS="399" WIDTH="33" HEIGHT="19" WC="0.96" CONTENT="att"/><SP WIDTH="19" VPOS="399" HPOS="757"/>
							<String ID="string_54" HPOS="776" VPOS="398" WIDTH="6" HEIGHT="20" WC="0.93" CONTENT="i"/><SP WIDTH="16" VPOS="398" HPOS="782"/>
							<String ID="string_55" HPOS="798" VPOS="397" WIDTH="51" HEIGHT="20" WC="0.91" CONTENT="den-"/>
						</TextLine>
						<TextLine ID="line_8" HPOS="104" VPOS="432" WIDTH="153" HEIGHT="26">
							<String ID="string_56" HPOS="104" VPOS="438" WIDTH="81" HEIGHT="15" WC="0.96" CONTENT="samma"/><SP WIDTH="16" VPOS="438" HPOS="185"/>
							<String ID="string_57" HPOS="201" VPOS="432" WIDTH="56" HEIGHT="26" WC="0.95" CONTENT="ingå."/>
						</TextLine>
					</TextBlock>
				</ComposedBlock>
				<ComposedBlock ID="cblock_2" HPOS="103" VPOS="478" WIDTH="747" HEIGHT="163">
					<TextBlock ID="block_2" HPOS="103" VPOS="478" WIDTH="747" HEIGHT="163">
						<TextLine ID="line_9" HPOS="171" VPOS="478" WIDTH="677" HEIGHT="27">
							<String ID="string_58" HPOS="171" VPOS="478" WIDTH="32" HEIGHT="21" WC="0.96" CONTENT="De"/><SP WIDTH="16" VPOS="478" HPOS="203"/>
							<String ID="string_59" HPOS="219" VPOS="478" WIDTH="97" HEIGHT="23" WC="0.96" CONTENT="artiklar,"/><SP WIDTH="15" VPOS="478" HPOS="316"/>
							<String ID="string_60" HPOS="331" VPOS="484" WIDTH="46" HEIGHT="15" WC="0.96" CONTENT="som"/><SP WIDTH="16" VPOS="484" HPOS="377"/>
							<String ID="string_61" HPOS="393" VPOS="478" WIDTH="69" HEIGHT="26" WC="0.93" CONTENT="enligt"/><SP WIDTH="22" VPOS="478" HPOS="462"/>
							<String ID="string_62" HPOS="484" VPOS="478" WIDTH="151" HEIGHT="21" WC="0.92" CONTENT="Komiterades"/><SP WIDTH="19" VPOS="478" HPOS="635"/>
							<String ID="string_63" HPOS="654" VPOS="478" WIDTH="56" HEIGHT="27" WC="0.92" CONTENT="åsigt"/><SP WIDTH="16" VPOS="478" HPOS="710"/>
							<String ID="string_64" HPOS="726" VPOS="478" WIDTH="66" HEIGHT="22" WC="0.93" CONTENT="borde"/><SP WIDTH="18" VPOS="478" HPOS="792"/>
							<String ID="string_65" HPOS="810" VPOS="485" WIDTH="38" HEIGHT="15" WC="0.91" CONTENT="un-"/>
						</TextLine>
						<TextLine ID="line_10" HPOS="104" VPOS="512" WIDTH="744" HEIGHT="28">
							<String ID="string_66" HPOS="104" VPOS="513" WIDTH="38" HEIGHT="21" WC="0.93" CONTENT="der"/><SP WIDTH="16" VPOS="513" HPOS="142"/>
							<String ID="string_67" HPOS="158" VPOS="512" WIDTH="148" HEIGHT="27" WC="0.92" CONTENT="grundräntan"/><SP WIDTH="16" VPOS="512" HPOS="306"/>
							<String ID="string_68" HPOS="322" VPOS="512" WIDTH="117" HEIGHT="25" WC="0.96" CONTENT="beräknas,"/><SP WIDTH="16" VPOS="512" HPOS="439"/>
							<String ID="string_69" HPOS="455" VPOS="512" WIDTH="72" HEIGHT="21" WC="0.96" CONTENT="skulle"/><SP WIDTH="16" VPOS="512" HPOS="527"/>
							<String ID="string_70" HPOS="543" VPOS="512" WIDTH="84" HEIGHT="22" WC="0.96" CONTENT="således"/><SP WIDTH="17" VPOS="512" HPOS="627"/>
							<String ID="string_71" HPOS="644" VPOS="514" WIDTH="89" HEIGHT="25" WC="0.96" CONTENT="utgöras"/><SP WIDTH="16" VPOS="514" HPOS="733"/>
							<String ID="string_72" HPOS="749" VPOS="512" WIDTH="23" HEIGHT="21" WC="0.93" CONTENT="af"/><SP WIDTH="14" VPOS="512" HPOS="772"/>
							<String ID="string_73" HPOS="786" VPOS="518" WIDTH="62" HEIGHT="22" WC="0.91" CONTENT="span-"/>
						</TextLine>
						<TextLine ID="line_11" HPOS="103" VPOS="546" WIDTH="747" HEIGHT="27">
							<String ID="string_74" HPOS="103" VPOS="546" WIDTH="49" HEIGHT="26" WC="0.95" CONTENT="mål,"/><SP WIDTH="26" VPOS="546" HPOS="152"/>
							<String ID="string_75" HPOS="178" VPOS="548" WIDTH="64" HEIGHT="24" WC="0.95" CONTENT="smör,"/><SP WIDTH="26" VPOS="548" HPOS="242"/>
							<String ID="string_76" HPOS="268" VPOS="546" WIDTH="35" HEIGHT="26" WC="0.93" CONTENT="hö,"/><SP WIDTH="28" VPOS="546" HPOS="303"/>
							<String ID="string_77" HPOS="331" VPOS="546" WIDTH="218" HEIGHT="26" WC="0.92" CONTENT="drängedagsverken"/><SP WIDTH="28" VPOS="546" HPOS="549"/>
							<String ID="string_78" HPOS="577" VPOS="546" WIDTH="40" HEIGHT="21" WC="0.96" CONTENT="och"/><SP WIDTH="20" VPOS="546" HPOS="617"/>
							<String ID="string_79" HPOS="637" VPOS="546" WIDTH="114" HEIGHT="24" WC="0.78" CONTENT="kontanta,"/><SP WIDTH="10" VPOS="546" HPOS="751"/>
							<String ID="string_80" HPOS="761" VPOS="546" WIDTH="89" HEIGHT="27" WC="0.91" CONTENT="pennin-"/>
						</TextLine>
						<TextLine ID="line_12" HPOS="104" VPOS="575" WIDTH="745" HEIGHT="32">
							<String ID="string_81" HPOS="104" VPOS="586" WIDTH="39" HEIGHT="21" WC="0.96" CONTENT="gar"/><SP WIDTH="20" VPOS="586" HPOS="143"/>
							<String ID="string_82" HPOS="163" VPOS="581" WIDTH="6" HEIGHT="20" WC="0.96" CONTENT="i"/><SP WIDTH="16" VPOS="581" HPOS="169"/>
							<String ID="string_83" HPOS="185" VPOS="580" WIDTH="102" HEIGHT="26" WC="0.96" CONTENT="samtliga"/><SP WIDTH="14" VPOS="580" HPOS="287"/>
							<String ID="string_84" HPOS="301" VPOS="580" WIDTH="71" HEIGHT="26" WC="0.96" CONTENT="länen,"/><SP WIDTH="16" VPOS="580" HPOS="372"/>
							<String ID="string_85" HPOS="388" VPOS="581" WIDTH="56" HEIGHT="20" WC="0.96" CONTENT="samt"/><SP WIDTH="15" VPOS="581" HPOS="444"/>
							<String ID="string_86" HPOS="459" VPOS="580" WIDTH="109" HEIGHT="21" WC="0.93" CONTENT="dessutom"/><SP WIDTH="16" VPOS="580" HPOS="568"/>
							<String ID="string_87" HPOS="584" VPOS="579" WIDTH="61" HEIGHT="22" WC="0.92" CONTENT="hafre"/><SP WIDTH="15" VPOS="579" HPOS="645"/>
							<String ID="string_88" HPOS="660" VPOS="581" WIDTH="7" HEIGHT="20" WC="0.96" CONTENT="i"/><SP WIDTH="16" VPOS="581" HPOS="667"/>
							<String ID="string_89" HPOS="683" VPOS="580" WIDTH="103" HEIGHT="27" WC="0.96" CONTENT="Nylands,"/><SP WIDTH="16" VPOS="580" HPOS="786"/>
							<String ID="string_90" HPOS="802" VPOS="575" WIDTH="47" HEIGHT="27" WC="0.96" CONTENT="Åbo"/>
						</TextLine>
						<TextLine ID="line_13" HPOS="106" VPOS="614" WIDTH="478" HEIGHT="27">
							<String ID="string_91" HPOS="106" VPOS="615" WIDTH="39" HEIGHT="20" WC="0.96" CONTENT="och"/><SP WIDTH="15" VPOS="615" HPOS="145"/>
							<String ID="string_92" HPOS="160" VPOS="614" WIDTH="148" HEIGHT="27" WC="0.96" CONTENT="Björneborgs"/><SP WIDTH="15" VPOS="614" HPOS="308"/>
							<String ID="string_93" HPOS="323" VPOS="615" WIDTH="56" HEIGHT="20" WC="0.95" CONTENT="samt"/><SP WIDTH="14" VPOS="615" HPOS="379"/>
							<String ID="string_94" HPOS="393" VPOS="614" WIDTH="134" HEIGHT="21" WC="0.96" CONTENT="Tavastehus"/><SP WIDTH="16" VPOS="614" HPOS="527"/>
							<String ID="string_95" HPOS="543" VPOS="614" WIDTH="41" HEIGHT="21" WC="0.96" CONTENT="län."/>
						</TextLine>
					</TextBlock>
				</ComposedBlock>
				<ComposedBlock ID="cblock_3" HPOS="104" VPOS="660" WIDTH="749" HEIGHT="502">
					<TextBlock ID="block_3" HPOS="104" VPOS="660" WIDTH="749" HEIGHT="502">
						<TextLine ID="line_14" HPOS="172" VPOS="660" WIDTH="678" HEIGHT="27">
							<String ID="string_96" HPOS="172" VPOS="660" WIDTH="131" HEIGHT="27" WC="0.96" CONTENT="Härigenom"/><SP WIDTH="16" VPOS="660" HPOS="303"/>
							<String ID="string_97" HPOS="319" VPOS="660" WIDTH="84" HEIGHT="22" WC="0.96" CONTENT="komme"/><SP WIDTH="15" VPOS="660" HPOS="403"/>
							<String ID="string_98" HPOS="418" VPOS="660" WIDTH="128" HEIGHT="27" WC="0.96" CONTENT="visserligen"/><SP WIDTH="15" VPOS="660" HPOS="546"/>
							<String ID="string_99" HPOS="561" VPOS="661" WIDTH="33" HEIGHT="20" WC="0.93" CONTENT="uti"/><SP WIDTH="15" VPOS="661" HPOS="594"/>
							<String ID="string_100" HPOS="609" VPOS="661" WIDTH="143" HEIGHT="22" WC="0.87" CONTENT="nästnämnda"/><SP WIDTH="15" VPOS="661" HPOS="752"/>
							<String ID="string_101" HPOS="767" VPOS="664" WIDTH="33" HEIGHT="19" WC="0.96" CONTENT="tre"/><SP WIDTH="15" VPOS="664" HPOS="800"/>
							<String ID="string_102" HPOS="815" VPOS="662" WIDTH="35" HEIGHT="21" WC="0.97" CONTENT="län"/>
						</TextLine>
						<TextLine ID="line_15" HPOS="104" VPOS="694" WIDTH="746" HEIGHT="27">
							<String ID="string_103" HPOS="104" VPOS="697" WIDTH="78" HEIGHT="18" WC="0.95" CONTENT="räntan"/><SP WIDTH="20" VPOS="697" HPOS="182"/>
							<String ID="string_104" HPOS="202" VPOS="696" WIDTH="32" HEIGHT="19" WC="0.96" CONTENT="att"/><SP WIDTH="22" VPOS="696" HPOS="234"/>
							<String ID="string_105" HPOS="256" VPOS="694" WIDTH="53" HEIGHT="27" WC="0.95" CONTENT="utgå"/><SP WIDTH="19" VPOS="694" HPOS="309"/>
							<String ID="string_106" HPOS="328" VPOS="695" WIDTH="49" HEIGHT="20" WC="0.96" CONTENT="med"/><SP WIDTH="15" VPOS="695" HPOS="377"/>
							<String ID="string_107" HPOS="392" VPOS="700" WIDTH="26" HEIGHT="15" WC="0.93" CONTENT="en"/><SP WIDTH="15" VPOS="700" HPOS="418"/>
							<String ID="string_108" HPOS="433" VPOS="695" WIDTH="100" HEIGHT="26" WC="0.90" CONTENT="persedel"/><SP WIDTH="15" VPOS="695" HPOS="533"/>
							<String ID="string_109" HPOS="548" VPOS="701" WIDTH="46" HEIGHT="14" WC="0.96" CONTENT="mer"/><SP WIDTH="16" VPOS="701" HPOS="594"/>
							<String ID="string_110" HPOS="610" VPOS="697" WIDTH="25" HEIGHT="18" WC="0.96" CONTENT="än"/><SP WIDTH="17" VPOS="697" HPOS="635"/>
							<String ID="string_111" HPOS="652" VPOS="701" WIDTH="29" HEIGHT="14" WC="0.96" CONTENT="nu"/><SP WIDTH="15" VPOS="701" HPOS="681"/>
							<String ID="string_112" HPOS="696" VPOS="695" WIDTH="100" HEIGHT="26" WC="0.93" CONTENT="gällande"/><SP WIDTH="16" VPOS="695" HPOS="796"/>
							<String ID="string_113" HPOS="812" VPOS="702" WIDTH="38" HEIGHT="15" WC="0.92" CONTENT="un-"/>
						</TextLine>
						<TextLine ID="line_16" HPOS="104" VPOS="727" WIDTH="746" HEIGHT="28">
							<String ID="string_114" HPOS="104" VPOS="729" WIDTH="126" HEIGHT="26" WC="0.91" CONTENT="dervisning"/><SP WIDTH="20" VPOS="729" HPOS="230"/>
							<String ID="string_115" HPOS="250" VPOS="729" WIDTH="112" HEIGHT="26" WC="0.92" CONTENT="upptager,"/><SP WIDTH="16" VPOS="729" HPOS="362"/>
							<String ID="string_116" HPOS="378" VPOS="734" WIDTH="48" HEIGHT="15" WC="0.96" CONTENT="men"/><SP WIDTH="15" VPOS="734" HPOS="426"/>
							<String ID="string_117" HPOS="441" VPOS="727" WIDTH="71" HEIGHT="28" WC="0.96" CONTENT="någon"/><SP WIDTH="15" VPOS="727" HPOS="512"/>
							<String ID="string_118" HPOS="527" VPOS="728" WIDTH="116" HEIGHT="27" WC="0.96" CONTENT="olägenhet"/><SP WIDTH="15" VPOS="728" HPOS="643"/>
							<String ID="string_119" HPOS="658" VPOS="729" WIDTH="67" HEIGHT="26" WC="0.96" CONTENT="deraf,"/><SP WIDTH="15" VPOS="729" HPOS="725"/>
							<String ID="string_120" HPOS="740" VPOS="729" WIDTH="110" HEIGHT="22" WC="0.96" CONTENT="äfvensom"/>
						</TextLine>
						<TextLine ID="line_17" HPOS="104" VPOS="762" WIDTH="746" HEIGHT="27">
							<String ID="string_121" HPOS="104" VPOS="764" WIDTH="33" HEIGHT="20" WC="0.93" CONTENT="att"/><SP WIDTH="19" VPOS="764" HPOS="137"/>
							<String ID="string_122" HPOS="156" VPOS="762" WIDTH="119" HEIGHT="21" WC="0.91" CONTENT="artiklarne"/><SP WIDTH="15" VPOS="762" HPOS="275"/>
							<String ID="string_123" HPOS="290" VPOS="762" WIDTH="28" HEIGHT="21" WC="0.96" CONTENT="hö"/><SP WIDTH="16" VPOS="762" HPOS="318"/>
							<String ID="string_124" HPOS="334" VPOS="762" WIDTH="40" HEIGHT="21" WC="0.97" CONTENT="och"/><SP WIDTH="16" VPOS="762" HPOS="374"/>
							<String ID="string_125" HPOS="390" VPOS="762" WIDTH="136" HEIGHT="27" WC="0.95" CONTENT="dagsverken"/><SP WIDTH="15" VPOS="762" HPOS="526"/>
							<String ID="string_126" HPOS="541" VPOS="762" WIDTH="127" HEIGHT="21" WC="0.96" CONTENT="tillkommit"/><SP WIDTH="14" VPOS="762" HPOS="668"/>
							<String ID="string_127" HPOS="682" VPOS="763" WIDTH="7" HEIGHT="20" WC="0.96" CONTENT="i"/><SP WIDTH="15" VPOS="763" HPOS="689"/>
							<String ID="string_128" HPOS="704" VPOS="763" WIDTH="101" HEIGHT="26" WC="0.93" CONTENT="samtliga"/><SP WIDTH="14" VPOS="763" HPOS="805"/>
							<String ID="string_129" HPOS="819" VPOS="763" WIDTH="31" HEIGHT="21" WC="0.91" CONTENT="lä-"/>
						</TextLine>
						<TextLine ID="line_18" HPOS="105" VPOS="796" WIDTH="745" HEIGHT="27">
							<String ID="string_130" HPOS="105" VPOS="803" WIDTH="54" HEIGHT="15" WC="0.92" CONTENT="nens"/><SP WIDTH="15" VPOS="803" HPOS="159"/>
							<String ID="string_131" HPOS="174" VPOS="797" WIDTH="187" HEIGHT="26" WC="0.91" CONTENT="undervisningar,"/><SP WIDTH="16" VPOS="797" HPOS="361"/>
							<String ID="string_132" HPOS="377" VPOS="802" WIDTH="51" HEIGHT="15" WC="0.96" CONTENT="vore"/><SP WIDTH="17" VPOS="802" HPOS="428"/>
							<String ID="string_133" HPOS="445" VPOS="796" WIDTH="17" HEIGHT="27" WC="0.96" CONTENT="ej"/><SP WIDTH="18" VPOS="796" HPOS="462"/>
							<String ID="string_134" HPOS="480" VPOS="798" WIDTH="32" HEIGHT="19" WC="0.96" CONTENT="att"/><SP WIDTH="9" VPOS="798" HPOS="512"/>
							<String ID="string_135" HPOS="521" VPOS="796" WIDTH="81" HEIGHT="26" WC="0.96" CONTENT="befara,"/><SP WIDTH="9" VPOS="796" HPOS="602"/>
							<String ID="string_136" HPOS="611" VPOS="797" WIDTH="89" HEIGHT="21" WC="0.96" CONTENT="emedan"/><SP WIDTH="9" VPOS="797" HPOS="700"/>
							<String ID="string_137" HPOS="709" VPOS="797" WIDTH="77" HEIGHT="21" WC="0.96" CONTENT="värdet"/><SP WIDTH="8" VPOS="797" HPOS="786"/>
							<String ID="string_138" HPOS="794" VPOS="797" WIDTH="23" HEIGHT="20" WC="0.96" CONTENT="af"/><SP WIDTH="7" VPOS="797" HPOS="817"/>
							<String ID="string_139" HPOS="824" VPOS="797" WIDTH="26" HEIGHT="21" WC="0.96" CONTENT="de"/>
						</TextLine>
						<TextLine ID="line_19" HPOS="106" VPOS="830" WIDTH="744" HEIGHT="27">
							<String ID="string_140" HPOS="106" VPOS="831" WIDTH="91" HEIGHT="21" WC="0.96" CONTENT="sålunda"/><SP WIDTH="15" VPOS="831" HPOS="197"/>
							<String ID="string_141" HPOS="212" VPOS="831" WIDTH="115" HEIGHT="20" WC="0.96" CONTENT="tillkomna"/><SP WIDTH="14" VPOS="831" HPOS="327"/>
							<String ID="string_142" HPOS="341" VPOS="837" WIDTH="42" HEIGHT="20" WC="0.93" CONTENT="nya"/><SP WIDTH="15" VPOS="837" HPOS="383"/>
							<String ID="string_143" HPOS="398" VPOS="830" WIDTH="125" HEIGHT="26" WC="0.90" CONTENT="artiklarne,"/><SP WIDTH="16" VPOS="830" HPOS="523"/>
							<String ID="string_144" HPOS="539" VPOS="831" WIDTH="75" HEIGHT="20" WC="0.96" CONTENT="hvilka"/><SP WIDTH="15" VPOS="831" HPOS="614"/>
							<String ID="string_145" HPOS="629" VPOS="831" WIDTH="62" HEIGHT="21" WC="0.95" CONTENT="alltid"/><SP WIDTH="15" VPOS="831" HPOS="691"/>
							<String ID="string_146" HPOS="706" VPOS="831" WIDTH="67" HEIGHT="21" WC="0.93" CONTENT="borde"/><SP WIDTH="15" VPOS="831" HPOS="773"/>
							<String ID="string_147" HPOS="788" VPOS="833" WIDTH="62" HEIGHT="24" WC="0.92" CONTENT="utgö-"/>
						</TextLine>
						<TextLine ID="line_20" HPOS="104" VPOS="864" WIDTH="748" HEIGHT="27">
							<String ID="string_148" HPOS="104" VPOS="871" WIDTH="36" HEIGHT="15" WC="0.96" CONTENT="ras"/><SP WIDTH="19" VPOS="871" HPOS="140"/>
							<String ID="string_149" HPOS="159" VPOS="866" WIDTH="7" HEIGHT="20" WC="0.96" CONTENT="i"/><SP WIDTH="23" VPOS="866" HPOS="166"/>
							<String ID="string_150" HPOS="189" VPOS="865" WIDTH="127" HEIGHT="26" WC="0.96" CONTENT="penningar,"/><SP WIDTH="20" VPOS="865" HPOS="316"/>
							<String ID="string_151" HPOS="336" VPOS="864" WIDTH="45" HEIGHT="21" WC="0.96" CONTENT="lika"/><SP WIDTH="19" VPOS="864" HPOS="381"/>
							<String ID="string_152" HPOS="400" VPOS="864" WIDTH="41" HEIGHT="21" WC="0.86" CONTENT="lätt"/><SP WIDTH="17" VPOS="864" HPOS="441"/>
							<String ID="string_153" HPOS="458" VPOS="869" WIDTH="47" HEIGHT="16" WC="0.86" CONTENT="som"/><SP WIDTH="22" VPOS="869" HPOS="505"/>
							<String ID="string_154" HPOS="527" VPOS="864" WIDTH="76" HEIGHT="21" WC="0.95" CONTENT="värdet"/><SP WIDTH="15" VPOS="864" HPOS="603"/>
							<String ID="string_155" HPOS="618" VPOS="864" WIDTH="23" HEIGHT="21" WC="0.96" CONTENT="af"/><SP WIDTH="14" VPOS="864" HPOS="641"/>
							<String ID="string_156" HPOS="655" VPOS="864" WIDTH="26" HEIGHT="21" WC="0.96" CONTENT="de"/><SP WIDTH="15" VPOS="864" HPOS="681"/>
							<String ID="string_157" HPOS="696" VPOS="865" WIDTH="28" HEIGHT="26" WC="0.96" CONTENT="på"/><SP WIDTH="14" VPOS="865" HPOS="724"/>
							<String ID="string_158" HPOS="738" VPOS="864" WIDTH="114" HEIGHT="22" WC="0.95" CONTENT="enahanda"/>
						</TextLine>
						<TextLine ID="line_21" HPOS="106" VPOS="898" WIDTH="745" HEIGHT="27">
							<String ID="string_159" HPOS="106" VPOS="900" WIDTH="45" HEIGHT="20" WC="0.96" CONTENT="sätt"/><SP WIDTH="18" VPOS="900" HPOS="151"/>
							<String ID="string_160" HPOS="169" VPOS="904" WIDTH="30" HEIGHT="15" WC="0.95" CONTENT="nu"/><SP WIDTH="15" VPOS="904" HPOS="199"/>
							<String ID="string_161" HPOS="214" VPOS="898" WIDTH="108" HEIGHT="27" WC="0.93" CONTENT="utgående"/><SP WIDTH="15" VPOS="898" HPOS="322"/>
							<String ID="string_162" HPOS="337" VPOS="898" WIDTH="147" HEIGHT="26" WC="0.91" CONTENT="persedlarne,"/><SP WIDTH="16" VPOS="898" HPOS="484"/>
							<String ID="string_163" HPOS="500" VPOS="898" WIDTH="72" HEIGHT="22" WC="0.93" CONTENT="kunde"/><SP WIDTH="15" VPOS="898" HPOS="572"/>
							<String ID="string_164" HPOS="587" VPOS="898" WIDTH="105" HEIGHT="21" WC="0.93" CONTENT="uträknas"/><SP WIDTH="15" VPOS="898" HPOS="692"/>
							<String ID="string_165" HPOS="707" VPOS="898" WIDTH="34" HEIGHT="21" WC="0.93" CONTENT="för"/><SP WIDTH="14" VPOS="898" HPOS="741"/>
							<String ID="string_166" HPOS="755" VPOS="898" WIDTH="96" HEIGHT="22" WC="0.92" CONTENT="rubelta-"/>
						</TextLine>
						<TextLine ID="line_22" HPOS="105" VPOS="928" WIDTH="747" HEIGHT="30">
							<String ID="string_167" HPOS="105" VPOS="932" WIDTH="31" HEIGHT="21" WC="0.96" CONTENT="let"/><SP WIDTH="22" VPOS="932" HPOS="136"/>
							<String ID="string_168" HPOS="158" VPOS="934" WIDTH="56" HEIGHT="19" WC="0.95" CONTENT="samt"/><SP WIDTH="19" VPOS="934" HPOS="214"/>
							<String ID="string_169" HPOS="233" VPOS="932" WIDTH="94" HEIGHT="21" WC="0.93" CONTENT="derefter"/><SP WIDTH="20" VPOS="932" HPOS="327"/>
							<String ID="string_170" HPOS="347" VPOS="932" WIDTH="107" HEIGHT="26" WC="0.92" CONTENT="uppbäras"/><SP WIDTH="15" VPOS="932" HPOS="454"/>
							<String ID="string_171" HPOS="469" VPOS="928" WIDTH="43" HEIGHT="24" WC="0.95" CONTENT="och"/><SP WIDTH="19" VPOS="928" HPOS="512"/>
							<String ID="string_172" HPOS="531" VPOS="932" WIDTH="120" HEIGHT="21" WC="0.95" CONTENT="redovisas."/><SP WIDTH="33" VPOS="932" HPOS="651"/>
							<String ID="string_173" HPOS="684" VPOS="932" WIDTH="63" HEIGHT="21" WC="0.96" CONTENT="Hvad"/><SP WIDTH="16" VPOS="932" HPOS="747"/>
							<String ID="string_174" HPOS="763" VPOS="932" WIDTH="89" HEIGHT="22" WC="0.96" CONTENT="särskilt"/>
						</TextLine>
						<TextLine ID="line_23" HPOS="105" VPOS="965" WIDTH="746" HEIGHT="28">
							<String ID="string_175" HPOS="105" VPOS="966" WIDTH="93" HEIGHT="27" WC="0.89" CONTENT="anginge"/><SP WIDTH="14" VPOS="966" HPOS="198"/>
							<String ID="string_176" HPOS="212" VPOS="966" WIDTH="40" HEIGHT="21" WC="0.96" CONTENT="den"/><SP WIDTH="9" VPOS="966" HPOS="252"/>
							<String ID="string_177" HPOS="261" VPOS="965" WIDTH="195" HEIGHT="27" WC="0.96" CONTENT="omständigheten,"/><SP WIDTH="10" VPOS="965" HPOS="456"/>
							<String ID="string_178" HPOS="466" VPOS="967" WIDTH="32" HEIGHT="20" WC="0.92" CONTENT="att"/><SP WIDTH="8" VPOS="967" HPOS="498"/>
							<String ID="string_179" HPOS="506" VPOS="966" WIDTH="209" HEIGHT="26" WC="0.92" CONTENT="undervisningarne"/><SP WIDTH="7" VPOS="966" HPOS="715"/>
							<String ID="string_180" HPOS="722" VPOS="966" WIDTH="48" HEIGHT="22" WC="0.96" CONTENT="icke"/><SP WIDTH="11" VPOS="966" HPOS="770"/>
							<String ID="string_181" HPOS="781" VPOS="966" WIDTH="70" HEIGHT="21" WC="0.95" CONTENT="skulle"/>
						</TextLine>
						<TextLine ID="line_24" HPOS="106" VPOS="999" WIDTH="745" HEIGHT="27">
							<String ID="string_182" HPOS="106" VPOS="1000" WIDTH="122" HEIGHT="26" WC="0.89" CONTENT="framdeles,"/><SP WIDTH="16" VPOS="1000" HPOS="228"/>
							<String ID="string_183" HPOS="244" VPOS="1000" WIDTH="71" HEIGHT="21" WC="0.96" CONTENT="såsom"/><SP WIDTH="15" VPOS="1000" HPOS="315"/>
							<String ID="string_184" HPOS="330" VPOS="999" WIDTH="34" HEIGHT="21" WC="0.96" CONTENT="för"/><SP WIDTH="15" VPOS="999" HPOS="364"/>
							<String ID="string_185" HPOS="379" VPOS="1000" WIDTH="134" HEIGHT="20" WC="0.96" CONTENT="närvarande"/><SP WIDTH="16" VPOS="1000" HPOS="513"/>
							<String ID="string_186" HPOS="529" VPOS="1002" WIDTH="24" HEIGHT="18" WC="0.96" CONTENT="är"/><SP WIDTH="14" VPOS="1002" HPOS="553"/>
							<String ID="string_187" HPOS="567" VPOS="999" WIDTH="68" HEIGHT="26" WC="0.93" CONTENT="fallet,"/><SP WIDTH="16" VPOS="999" HPOS="635"/>
							<String ID="string_188" HPOS="651" VPOS="1001" WIDTH="95" HEIGHT="25" WC="0.92" CONTENT="upptaga"/><SP WIDTH="15" VPOS="1001" HPOS="746"/>
							<String ID="string_189" HPOS="761" VPOS="1000" WIDTH="90" HEIGHT="21" WC="0.96" CONTENT="alldeles"/>
						</TextLine>
						<TextLine ID="line_25" HPOS="106" VPOS="1033" WIDTH="747" HEIGHT="27">
							<String ID="string_190" HPOS="106" VPOS="1034" WIDTH="45" HEIGHT="20" WC="0.92" CONTENT="lika"/><SP WIDTH="22" VPOS="1034" HPOS="151"/>
							<String ID="string_191" HPOS="173" VPOS="1034" WIDTH="112" HEIGHT="26" WC="0.91" CONTENT="persedlar"/><SP WIDTH="24" VPOS="1034" HPOS="285"/>
							<String ID="string_192" HPOS="309" VPOS="1033" WIDTH="34" HEIGHT="21" WC="0.96" CONTENT="för"/><SP WIDTH="18" VPOS="1033" HPOS="343"/>
							<String ID="string_193" HPOS="361" VPOS="1034" WIDTH="43" HEIGHT="20" WC="0.94" CONTENT="alla"/><SP WIDTH="19" VPOS="1034" HPOS="404"/>
							<String ID="string_194" HPOS="423" VPOS="1033" WIDTH="42" HEIGHT="26" WC="0.96" CONTENT="län,"/><SP WIDTH="21" VPOS="1033" HPOS="465"/>
							<String ID="string_195" HPOS="486" VPOS="1034" WIDTH="23" HEIGHT="20" WC="0.96" CONTENT="så"/><SP WIDTH="21" VPOS="1034" HPOS="509"/>
							<String ID="string_196" HPOS="530" VPOS="1034" WIDTH="56" HEIGHT="20" WC="0.96" CONTENT="hade"/><SP WIDTH="16" VPOS="1034" HPOS="586"/>
							<String ID="string_197" HPOS="602" VPOS="1033" WIDTH="78" HEIGHT="21" WC="0.93" CONTENT="sådant"/><SP WIDTH="15" VPOS="1033" HPOS="680"/>
							<String ID="string_198" HPOS="695" VPOS="1033" WIDTH="119" HEIGHT="21" WC="0.91" CONTENT="föranledts"/><SP WIDTH="16" VPOS="1033" HPOS="814"/>
							<String ID="string_199" HPOS="830" VPOS="1033" WIDTH="23" HEIGHT="21" WC="0.96" CONTENT="af"/>
						</TextLine>
						<TextLine ID="line_26" HPOS="106" VPOS="1066" WIDTH="746" HEIGHT="28">
							<String ID="string_200" HPOS="106" VPOS="1067" WIDTH="190" HEIGHT="27" WC="0.96" CONTENT="nödvändigheten"/><SP WIDTH="21" VPOS="1067" HPOS="296"/>
							<String ID="string_201" HPOS="317" VPOS="1068" WIDTH="32" HEIGHT="20" WC="0.93" CONTENT="att"/><SP WIDTH="21" VPOS="1068" HPOS="349"/>
							<String ID="string_202" HPOS="370" VPOS="1067" WIDTH="86" HEIGHT="27" WC="0.92" CONTENT="afpassa"/><SP WIDTH="15" VPOS="1067" HPOS="456"/>
							<String ID="string_203" HPOS="471" VPOS="1067" WIDTH="183" HEIGHT="26" WC="0.95" CONTENT="undervisningen"/><SP WIDTH="20" VPOS="1067" HPOS="654"/>
							<String ID="string_204" HPOS="674" VPOS="1066" WIDTH="30" HEIGHT="27" WC="0.96" CONTENT="så,"/><SP WIDTH="16" VPOS="1066" HPOS="704"/>
							<String ID="string_205" HPOS="720" VPOS="1068" WIDTH="33" HEIGHT="20" WC="0.96" CONTENT="att"/><SP WIDTH="15" VPOS="1068" HPOS="753"/>
							<String ID="string_206" HPOS="768" VPOS="1067" WIDTH="26" HEIGHT="21" WC="0.96" CONTENT="de"/><SP WIDTH="15" VPOS="1067" HPOS="794"/>
							<String ID="string_207" HPOS="809" VPOS="1073" WIDTH="43" HEIGHT="20" WC="0.96" CONTENT="nya"/>
						</TextLine>
						<TextLine ID="line_27" HPOS="106" VPOS="1100" WIDTH="746" HEIGHT="28">
							<String ID="string_208" HPOS="106" VPOS="1101" WIDTH="139" HEIGHT="27" WC="0.90" CONTENT="persedlarne"/><SP WIDTH="23" VPOS="1101" HPOS="245"/>
							<String ID="string_209" HPOS="268" VPOS="1101" WIDTH="70" HEIGHT="22" WC="0.96" CONTENT="skulle"/><SP WIDTH="21" VPOS="1101" HPOS="338"/>
							<String ID="string_210" HPOS="359" VPOS="1101" WIDTH="6" HEIGHT="22" WC="0.96" CONTENT="i"/><SP WIDTH="19" VPOS="1101" HPOS="365"/>
							<String ID="string_211" HPOS="384" VPOS="1101" WIDTH="121" HEIGHT="26" WC="0.96" CONTENT="möjligaste"/><SP WIDTH="24" VPOS="1101" HPOS="505"/>
							<String ID="string_212" HPOS="529" VPOS="1101" WIDTH="67" HEIGHT="21" WC="0.93" CONTENT="måtto"/><SP WIDTH="20" VPOS="1101" HPOS="596"/>
							<String ID="string_213" HPOS="616" VPOS="1101" WIDTH="70" HEIGHT="26" WC="0.90" CONTENT="jemnt"/><SP WIDTH="14" VPOS="1101" HPOS="686"/>
							<String ID="string_214" HPOS="700" VPOS="1102" WIDTH="110" HEIGHT="20" WC="0.96" CONTENT="motsvara"/><SP WIDTH="16" VPOS="1102" HPOS="810"/>
							<String ID="string_215" HPOS="826" VPOS="1100" WIDTH="26" HEIGHT="21" WC="0.95" CONTENT="de"/>
						</TextLine>
						<TextLine ID="line_28" HPOS="106" VPOS="1134" WIDTH="724" HEIGHT="28">
							<String ID="string_216" HPOS="106" VPOS="1136" WIDTH="77" HEIGHT="26" WC="0.96" CONTENT="gamla,"/><SP WIDTH="15" VPOS="1136" HPOS="183"/>
							<String ID="string_217" HPOS="198" VPOS="1135" WIDTH="75" HEIGHT="21" WC="0.96" CONTENT="hvilka"/><SP WIDTH="14" VPOS="1135" HPOS="273"/>
							<String ID="string_218" HPOS="287" VPOS="1136" WIDTH="58" HEIGHT="20" WC="0.95" CONTENT="inom"/><SP WIDTH="15" VPOS="1136" HPOS="345"/>
							<String ID="string_219" HPOS="360" VPOS="1136" WIDTH="63" HEIGHT="20" WC="0.96" CONTENT="länen"/><SP WIDTH="15" VPOS="1136" HPOS="423"/>
							<String ID="string_220" HPOS="438" VPOS="1135" WIDTH="73" HEIGHT="26" WC="0.96" CONTENT="utgått"/><SP WIDTH="14" VPOS="1135" HPOS="511"/>
							<String ID="string_221" HPOS="525" VPOS="1135" WIDTH="34" HEIGHT="21" WC="0.96" CONTENT="till"/><SP WIDTH="16" VPOS="1135" HPOS="559"/>
							<String ID="string_222" HPOS="575" VPOS="1134" WIDTH="83" HEIGHT="27" WC="0.96" CONTENT="ganska"/><SP WIDTH="14" VPOS="1134" HPOS="658"/>
							<String ID="string_223" HPOS="672" VPOS="1135" WIDTH="59" HEIGHT="21" WC="0.96" CONTENT="olika"/><SP WIDTH="14" VPOS="1135" HPOS="731"/>
							<String ID="string_224" HPOS="745" VPOS="1135" WIDTH="85" HEIGHT="26" WC="0.96" CONTENT="belopp."/>
						</TextLine>
					</TextBlock>
				</ComposedBlock>
				<ComposedBlock ID="cblock_4" HPOS="107" VPOS="1179" WIDTH="746" HEIGHT="286">
					<TextBlock ID="block_4" HPOS="107" VPOS="1179" WIDTH="746" HEIGHT="265">
						<TextLine ID="line_29" HPOS="176" VPOS="1179" WIDTH="675" HEIGHT="28">
							<String ID="string_225" HPOS="176" VPOS="1181" WIDTH="75" HEIGHT="25" WC="0.96" CONTENT="Enligt"/><SP WIDTH="20" VPOS="1181" HPOS="251"/>
							<String ID="string_226" HPOS="271" VPOS="1181" WIDTH="27" HEIGHT="21" WC="0.96" CONTENT="de"/><SP WIDTH="19" VPOS="1181" HPOS="298"/>
							<String ID="string_227" HPOS="317" VPOS="1181" WIDTH="40" HEIGHT="20" WC="0.96" CONTENT="här"/><SP WIDTH="15" VPOS="1181" HPOS="357"/>
							<String ID="string_228" HPOS="372" VPOS="1181" WIDTH="64" HEIGHT="21" WC="0.93" CONTENT="ofvan"/><SP WIDTH="16" VPOS="1181" HPOS="436"/>
							<String ID="string_229" HPOS="452" VPOS="1181" WIDTH="96" HEIGHT="26" WC="0.91" CONTENT="antydda"/><SP WIDTH="15" VPOS="1181" HPOS="548"/>
							<String ID="string_230" HPOS="563" VPOS="1180" WIDTH="124" HEIGHT="26" WC="0.96" CONTENT="grunderna"/><SP WIDTH="14" VPOS="1180" HPOS="687"/>
							<String ID="string_231" HPOS="701" VPOS="1179" WIDTH="65" HEIGHT="21" WC="0.93" CONTENT="hafva"/><SP WIDTH="14" VPOS="1179" HPOS="766"/>
							<String ID="string_232" HPOS="780" VPOS="1179" WIDTH="71" HEIGHT="21" WC="0.91" CONTENT="förbe-"/>
						</TextLine>
						<TextLine ID="line_30" HPOS="107" VPOS="1212" WIDTH="745" HEIGHT="28">
							<String ID="string_233" HPOS="107" VPOS="1214" WIDTH="70" HEIGHT="23" WC="0.89" CONTENT="mälde"/><SP WIDTH="20" VPOS="1214" HPOS="177"/>
							<String ID="string_234" HPOS="197" VPOS="1215" WIDTH="24" HEIGHT="21" WC="0.96" CONTENT="år"/><SP WIDTH="19" VPOS="1215" HPOS="221"/>
							<String ID="string_235" HPOS="240" VPOS="1214" WIDTH="55" HEIGHT="22" WC="0.93" CONTENT="1868"/><SP WIDTH="16" VPOS="1214" HPOS="295"/>
							<String ID="string_236" HPOS="311" VPOS="1214" WIDTH="173" HEIGHT="22" WC="0.90" CONTENT="sammankomne"/><SP WIDTH="15" VPOS="1214" HPOS="484"/>
							<String ID="string_237" HPOS="499" VPOS="1213" WIDTH="140" HEIGHT="23" WC="0.92" CONTENT="Komiterade"/><SP WIDTH="15" VPOS="1213" HPOS="639"/>
							<String ID="string_238" HPOS="654" VPOS="1212" WIDTH="102" HEIGHT="28" WC="0.96" CONTENT="uppgjort"/><SP WIDTH="15" VPOS="1212" HPOS="756"/>
							<String ID="string_239" HPOS="771" VPOS="1212" WIDTH="81" HEIGHT="26" WC="0.95" CONTENT="förslag"/>
						</TextLine>
						<TextLine ID="line_31" HPOS="107" VPOS="1246" WIDTH="745" HEIGHT="28">
							<String ID="string_240" HPOS="107" VPOS="1248" WIDTH="34" HEIGHT="21" WC="0.95" CONTENT="till"/><SP WIDTH="21" VPOS="1248" HPOS="141"/>
							<String ID="string_241" HPOS="162" VPOS="1248" WIDTH="118" HEIGHT="22" WC="0.96" CONTENT="förändrad"/><SP WIDTH="21" VPOS="1248" HPOS="280"/>
							<String ID="string_242" HPOS="301" VPOS="1248" WIDTH="155" HEIGHT="26" WC="0.96" CONTENT="undervisning"/><SP WIDTH="11" VPOS="1248" HPOS="456"/>
							<String ID="string_243" HPOS="467" VPOS="1248" WIDTH="34" HEIGHT="20" WC="0.93" CONTENT="för"/><SP WIDTH="14" VPOS="1248" HPOS="501"/>
							<String ID="string_244" HPOS="515" VPOS="1248" WIDTH="161" HEIGHT="26" WC="0.91" CONTENT="grundräntans"/><SP WIDTH="15" VPOS="1248" HPOS="676"/>
							<String ID="string_245" HPOS="691" VPOS="1246" WIDTH="139" HEIGHT="22" WC="0.96" CONTENT="beräknande"/><SP WIDTH="15" VPOS="1246" HPOS="830"/>
							<String ID="string_246" HPOS="845" VPOS="1246" WIDTH="7" HEIGHT="20" WC="0.96" CONTENT="i"/>
						</TextLine>
						<TextLine ID="line_32" HPOS="107" VPOS="1280" WIDTH="745" HEIGHT="28">
							<String ID="string_247" HPOS="107" VPOS="1282" WIDTH="27" HEIGHT="21" WC="0.91" CONTENT="de"/><SP WIDTH="15" VPOS="1282" HPOS="134"/>
							<String ID="string_248" HPOS="149" VPOS="1282" WIDTH="104" HEIGHT="21" WC="0.91" CONTENT="särskilta"/><SP WIDTH="21" VPOS="1282" HPOS="253"/>
							<String ID="string_249" HPOS="274" VPOS="1282" WIDTH="69" HEIGHT="26" WC="0.96" CONTENT="länen,"/><SP WIDTH="16" VPOS="1282" HPOS="343"/>
							<String ID="string_250" HPOS="359" VPOS="1282" WIDTH="90" HEIGHT="21" WC="0.96" CONTENT="hvarvid"/><SP WIDTH="15" VPOS="1282" HPOS="449"/>
							<String ID="string_251" HPOS="464" VPOS="1281" WIDTH="114" HEIGHT="27" WC="0.95" CONTENT="iakttagits"/><SP WIDTH="15" VPOS="1281" HPOS="578"/>
							<String ID="string_252" HPOS="593" VPOS="1282" WIDTH="39" HEIGHT="24" WC="0.96" CONTENT="att,"/><SP WIDTH="12" VPOS="1282" HPOS="632"/>
							<String ID="string_253" HPOS="644" VPOS="1280" WIDTH="38" HEIGHT="21" WC="0.96" CONTENT="der"/><SP WIDTH="10" VPOS="1280" HPOS="682"/>
							<String ID="string_254" HPOS="692" VPOS="1280" WIDTH="70" HEIGHT="26" WC="0.96" CONTENT="någon"/><SP WIDTH="11" VPOS="1280" HPOS="762"/>
							<String ID="string_255" HPOS="773" VPOS="1280" WIDTH="23" HEIGHT="20" WC="0.92" CONTENT="af"/><SP WIDTH="9" VPOS="1280" HPOS="796"/>
							<String ID="string_256" HPOS="805" VPOS="1286" WIDTH="47" HEIGHT="20" WC="0.92" CONTENT="per-"/>
						</TextLine>
						<TextLine ID="line_33" HPOS="108" VPOS="1312" WIDTH="745" HEIGHT="30">
							<String ID="string_257" HPOS="108" VPOS="1316" WIDTH="100" HEIGHT="21" WC="0.92" CONTENT="sedlarne"/><SP WIDTH="22" VPOS="1316" HPOS="208"/>
							<String ID="string_258" HPOS="230" VPOS="1316" WIDTH="82" HEIGHT="20" WC="0.96" CONTENT="utfallit"/><SP WIDTH="19" VPOS="1316" HPOS="312"/>
							<String ID="string_259" HPOS="331" VPOS="1316" WIDTH="7" HEIGHT="20" WC="0.96" CONTENT="i"/><SP WIDTH="21" VPOS="1316" HPOS="338"/>
							<String ID="string_260" HPOS="359" VPOS="1315" WIDTH="112" HEIGHT="27" WC="0.96" CONTENT="olämpligt"/><SP WIDTH="18" VPOS="1315" HPOS="471"/>
							<String ID="string_261" HPOS="489" VPOS="1316" WIDTH="74" HEIGHT="20" WC="0.96" CONTENT="brutet"/><SP WIDTH="19" VPOS="1316" HPOS="563"/>
							<String ID="string_262" HPOS="582" VPOS="1314" WIDTH="38" HEIGHT="26" WC="0.96" CONTENT="tal,"/><SP WIDTH="16" VPOS="1314" HPOS="620"/>
							<String ID="string_263" HPOS="636" VPOS="1314" WIDTH="61" HEIGHT="20" WC="0.92" CONTENT="detta"/><SP WIDTH="13" VPOS="1314" HPOS="697"/>
							<String ID="string_264" HPOS="710" VPOS="1313" WIDTH="94" HEIGHT="27" WC="0.92" CONTENT="jemkats"/><SP WIDTH="14" VPOS="1313" HPOS="804"/>
							<String ID="string_265" HPOS="818" VPOS="1312" WIDTH="35" HEIGHT="22" WC="0.96" CONTENT="till"/>
						</TextLine>
						<TextLine ID="line_34" HPOS="108" VPOS="1346" WIDTH="744" HEIGHT="29">
							<String ID="string_266" HPOS="108" VPOS="1350" WIDTH="110" HEIGHT="20" WC="0.95" CONTENT="närmaste"/><SP WIDTH="19" VPOS="1350" HPOS="218"/>
							<String ID="string_267" HPOS="237" VPOS="1349" WIDTH="109" HEIGHT="26" WC="0.96" CONTENT="lämpliga,"/><SP WIDTH="19" VPOS="1349" HPOS="346"/>
							<String ID="string_268" HPOS="365" VPOS="1348" WIDTH="67" HEIGHT="21" WC="0.96" CONTENT="likväl"/><SP WIDTH="21" VPOS="1348" HPOS="432"/>
							<String ID="string_269" HPOS="453" VPOS="1350" WIDTH="53" HEIGHT="18" WC="0.96" CONTENT="utan"/><SP WIDTH="19" VPOS="1350" HPOS="506"/>
							<String ID="string_270" HPOS="525" VPOS="1349" WIDTH="33" HEIGHT="19" WC="0.93" CONTENT="att"/><SP WIDTH="15" VPOS="1349" HPOS="558"/>
							<String ID="string_271" HPOS="573" VPOS="1347" WIDTH="136" HEIGHT="21" WC="0.91" CONTENT="öfverskrida"/><SP WIDTH="15" VPOS="1347" HPOS="709"/>
							<String ID="string_272" HPOS="724" VPOS="1346" WIDTH="42" HEIGHT="21" WC="0.96" CONTENT="den"/><SP WIDTH="15" VPOS="1346" HPOS="766"/>
							<String ID="string_273" HPOS="781" VPOS="1348" WIDTH="71" HEIGHT="24" WC="0.96" CONTENT="gräns,"/>
						</TextLine>
						<TextLine ID="line_35" HPOS="108" VPOS="1380" WIDTH="744" HEIGHT="29">
							<String ID="string_274" HPOS="108" VPOS="1388" WIDTH="47" HEIGHT="16" WC="0.93" CONTENT="som"/><SP WIDTH="14" VPOS="1388" HPOS="155"/>
							<String ID="string_275" HPOS="169" VPOS="1383" WIDTH="112" HEIGHT="26" WC="0.92" CONTENT="betingats"/><SP WIDTH="16" VPOS="1383" HPOS="281"/>
							<String ID="string_276" HPOS="297" VPOS="1382" WIDTH="23" HEIGHT="21" WC="0.93" CONTENT="af"/><SP WIDTH="13" VPOS="1382" HPOS="320"/>
							<String ID="string_277" HPOS="333" VPOS="1382" WIDTH="150" HEIGHT="26" WC="0.92" CONTENT="persedlarnes"/><SP WIDTH="10" VPOS="1382" HPOS="483"/>
							<String ID="string_278" HPOS="493" VPOS="1382" WIDTH="58" HEIGHT="20" WC="0.96" CONTENT="olika"/><SP WIDTH="7" VPOS="1382" HPOS="551"/>
							<String ID="string_279" HPOS="558" VPOS="1380" WIDTH="136" HEIGHT="27" WC="0.96" CONTENT="benägenhet"/><SP WIDTH="11" VPOS="1380" HPOS="694"/>
							<String ID="string_280" HPOS="705" VPOS="1380" WIDTH="33" HEIGHT="20" WC="0.93" CONTENT="för"/><SP WIDTH="11" VPOS="1380" HPOS="738"/>
							<String ID="string_281" HPOS="749" VPOS="1380" WIDTH="103" HEIGHT="26" WC="0.91" CONTENT="prissteg-"/>
						</TextLine>
						<TextLine ID="line_36" HPOS="108" VPOS="1414" WIDTH="580" HEIGHT="30">
							<String ID="string_282" HPOS="108" VPOS="1417" WIDTH="58" HEIGHT="27" WC="0.96" CONTENT="ring;"/><SP WIDTH="16" VPOS="1417" HPOS="166"/>
							<String ID="string_283" HPOS="182" VPOS="1416" WIDTH="40" HEIGHT="22" WC="0.95" CONTENT="och"/><SP WIDTH="16" VPOS="1416" HPOS="222"/>
							<String ID="string_284" HPOS="238" VPOS="1418" WIDTH="23" HEIGHT="19" WC="0.96" CONTENT="är"/><SP WIDTH="16" VPOS="1418" HPOS="261"/>
							<String ID="string_285" HPOS="277" VPOS="1416" WIDTH="60" HEIGHT="21" WC="0.96" CONTENT="detta"/><SP WIDTH="15" VPOS="1416" HPOS="337"/>
							<String ID="string_286" HPOS="352" VPOS="1416" WIDTH="81" HEIGHT="27" WC="0.96" CONTENT="förslag"/><SP WIDTH="15" VPOS="1416" HPOS="433"/>
							<String ID="string_287" HPOS="448" VPOS="1415" WIDTH="23" HEIGHT="21" WC="0.96" CONTENT="af"/><SP WIDTH="14" VPOS="1415" HPOS="471"/>
							<String ID="string_288" HPOS="485" VPOS="1414" WIDTH="94" HEIGHT="29" WC="0.95" CONTENT="följande"/><SP WIDTH="15" VPOS="1414" HPOS="579"/>
							<String ID="string_289" HPOS="594" VPOS="1414" WIDTH="94" HEIGHT="27" WC="0.96" CONTENT="lydelse:"/>
						</TextLine>
					</TextBlock>
					<TextBlock ID="block_5" HPOS="718" VPOS="1449" WIDTH="11" HEIGHT="16">
						<TextLine ID="line_37" HPOS="718" VPOS="1449" WIDTH="11" HEIGHT="16">
							<String ID="string_290" HPOS="718" VPOS="1449" WIDTH="11" HEIGHT="16" WC="0.96" CONTENT="2"/>
						</TextLine>
					</TextBlock>
				</ComposedBlock>
			</PrintSpace>
		</Page>
	</Layout>
</alto>
