1042 1709
239 130 27 21 30

420 131 62 21 Ständ.
499 130 30 21 Sv.
545 142 25 4 —
587 130 52 28 Prop.
655 130 32 21 N:o
702 130 32 21 25.

627 194 16 24 $
658 192 35 21 45.

440 232 72 24 Böter,
527 232 84 21 hvartill
627 233 69 27 nägon
712 232 62 28 enligt
790 232 68 21 denna
868 232 83 28 förord-

370 266 50 27 ning
436 266 66 25 blifvit
514 266 54 28 fäld,
584 266 57 21 skola
655 266 29 28 gå
699 266 31 21 till
744 266 100 27 treskiftes
855 266 41 26 och,
917 267 35 21 vid

370 300 105 22 bristande
491 300 209 28 betalningstillgäng,
712 300 127 30 förvandlas
856 300 33 22 till
902 300 49 28 fän-

369 334 52 28 gelse
436 335 36 20 vid
486 338 68 18 vatten
569 335 36 21 och
620 334 58 27 bröd,
689 335 146 21 motsvarande
845 342 24 14 en
879 335 72 29 tredje-

370 369 33 21 del
419 368 27 27 af
458 369 152 29 bötesbeloppet.

616 466 53 22 Kap.
685 466 17 17 6.

493 511 142 23 Särskilda
654 512 173 27 stadganden.

624 571 16 25 $
655 569 36 21 46.

438 609 113 28 Klagomål
567 610 92 20 rörande
672 609 90 28 odugligt
773 610 68 21 arbete
851 609 47 22 eller
903 610 47 30 för-

364 644 62 27 felad
438 643 129 29 tillverkning
575 644 36 20 och
619 644 116 28 derigenom
741 644 131 28 förorsakad
882 644 67 22 skada

368 678 36 20 veh
425 678 80 27 förlust,
523 678 62 28 jemte
604 678 69 20 andra
690 679 69 20 tvister
774 677 85 22 emellan
873 678 77 30 köpare

369 713 33 20 och
422 712 131 28 yrkesidkare
571 714 104 25 äfvensom
689 712 43 22 alla
748 713 45 21 åtal
809 714 91 20 rörande
915 713 34 29 öf-

368 746 125 22 verträdelse
508 747 27 28 af
548 748 67 20 denna
627 747 134 28 förordning,
773 748 80 27 utföras
864 748 35 21 vid
910 747 40 21 all-

368 784 50 17 män
433 781 94 24 domstol,
543 782 38 20 der
595 781 61 21 saken
672 782 19 26 ej
706 781 63 29 enligt
783 781 105 21 särskilda
904 781 45 23 för-

364 816 124 27 jattningar
509 815 37 21 hör
570 816 30 20 till
619 815 169 28 poliskammares
805 816 143 28 upptagande.

626 880 15 24 $
656 878 33 21 47.

436 918 79 22 Denna
529 919 128 27 förordning
672 918 52 21 skall
735 926 36 20 ega
779 918 100 28 gällande
892 919 57 26 kraft

365 954 52 26 frän
432 952 35 22 och
482 953 47 21 med

437 1014 78 22 Genom
530 1016 119 20 densamma
665 1015 121 29 upphäfvas
796 1016 15 21 2
823 1015 35 21 och
868 1015 15 21 3
893 1016 55 29 kap.,

366 1051 20 23 1,
402 1051 22 24 2,
439 1050 15 20 3
468 1049 38 21 och
522 1050 13 21 5
550 1049 31 29 $$
595 1049 14 21 4
625 1050 55 28 kap.,
692 1050 14 21 5
717 1050 46 28 kap.
776 1050 36 21 och
822 1050 13 20 1
846 1050 15 28 $
872 1049 15 22 6
898 1050 49 29 kap.

367 1084 27 21 H.
417 1084 35 26 B.,
474 1084 130 21 sistnämnda
626 1084 82 28 lagrum
722 1084 49 22 med
786 1084 65 29 ofvan
866 1084 8 21 i
887 1084 17 28 $
918 1085 29 21 10

366 1118 99 21 bestämdt
480 1119 117 27 undantag,
614 1118 77 28 Kongl.
701 1118 155 28 förordningen
867 1118 40 22 den
917 1119 31 21 28

365 1152 64 29 April
448 1152 62 26 1681,
533 1152 164 28 skräordningen
711 1152 39 21 den
765 1152 30 21 27
809 1152 57 22 Juni
879 1152 68 27 1720,

364 1186 199 28 handelsordningen
578 1187 39 21 den
628 1185 30 22 19
669 1186 116 22 December
795 1186 64 26 1734,
871 1186 75 29 Kongl.

365 1221 77 28 brefvet
464 1222 40 21 den
525 1221 32 21 23
578 1220 93 22 Januari
684 1220 63 26 1770,
768 1220 117 30 Kejserliga
896 1220 50 30 för-

364 1255 144 27 ordningarne
523 1256 40 20 den
578 1254 29 21 19
623 1254 115 21 December
752 1255 69 26 1859,
837 1256 110 26 angäende

365 1288 151 22 handelsbodar
527 1290 32 26 pä
574 1288 79 24 landet,
669 1288 38 21 den
722 1288 30 21 24
764 1287 105 23 Februari
878 1288 68 28 1868,

364 1323 91 21 rörande
470 1322 73 22 handei
559 1320 36 24 och
611 1322 110 28 näringar,
735 1326 56 18 samt
806 1322 37 21 den
856 1321 32 22 20
898 1325 48 18 Au-

362 1358 57 28 gusti
440 1358 64 26 1873,
525 1357 147 29 innefattande
687 1357 120 29 ändringar
822 1356 35 22 och
873 1356 73 30 tillägg

364 1392 75 26 dertill,
458 1392 109 22 hvarutom
583 1392 160 29 tillämpningen
759 1392 25 28 af
796 1391 150 29 manufaktur-

364 1428 35 20 och
414 1426 293 30 handtverkeriprivilegierna
723 1427 39 21 den
777 1426 34 22 29
822 1426 47 30 Maj
878 1426 67 27 1739,

363 1462 158 28 hallordningen
537 1462 40 21 den
592 1462 15 20 2
624 1461 65 29 April
705 1460 54 22 1770
775 1464 52 18 samt
843 1461 21 25 6,
880 1460 15 23 9
909 1461 36 22 och
