1070 1711
240 148 13 19 8
523 147 55 22 N:o
599 147 52 22 22.

212 214 126 20 bemedlade
354 215 213 20 samhällsklasserne
583 215 75 20 endast
673 215 7 20 i
695 215 82 20 mindre
792 215 49 20 män
857 215 102 26 deltaga
948 210 16 35 i

211 247 197 27 tingsgästningens
430 249 126 26 utgörande,
575 248 39 21 har
629 248 81 27 förslag
725 249 7 20 i
748 249 63 21 dessa
826 249 70 26 syften
911 249 48 20 blif-

211 281 31 21 vit
257 282 123 26 uppgjordt,
394 282 61 21 hvari
469 283 78 25 jemväl
563 283 26 20 de
604 283 111 25 olikheter,
727 288 45 15 som
783 283 34 20 för
827 283 132 20 närvarande

211 315 132 21 förekomma
358 316 7 20 i
381 316 100 21 afseende
497 316 12 21 å
524 316 186 26 tingsgästningen
726 316 59 21 såväl
795 316 48 21 från
854 316 105 27 bergverk

212 350 41 20 och
275 356 121 20 masugnar,
417 356 45 15 som
478 350 48 21 från
542 351 26 20 de
583 350 60 21 delar
658 350 22 21 af
694 350 121 27 Uleåborgs
830 350 41 26 län,
888 350 72 21 hvilka

211 384 107 21 tillförene
334 384 88 21 räknats
439 384 32 21 till
487 385 165 25 Westerbotten,
664 384 71 21 blifvit
745 384 128 27 utjemnade.
896 384 63 22 Lika-

212 418 58 21 ledes
290 418 39 20 har
344 419 98 20 närmare
458 418 110 21 föreskrift
583 419 119 20 meddelats
718 418 109 27 angående
843 419 116 26 tingsgäst-

211 452 62 26 nings
289 451 119 27 utgörande
422 451 48 22 från
486 452 81 21 sådana
582 453 78 25 städer,
677 452 72 21 hvilka
764 455 37 18 äro
813 453 52 20 eller
875 453 85 20 komma

212 487 32 19 att
258 485 66 21 blifva
339 486 134 21 häradsrätts
487 487 140 25 jurisdiktion
642 487 137 26 underlagde.

282 519 31 21 På
330 520 64 21 dessa
409 520 46 20 skäl
471 520 38 21 har
526 520 59 21 Hans
600 520 122 27 Kejserliga
736 520 103 27 Majestät
854 521 57 20 velat
926 521 33 20 till

212 553 130 21 Ständernas
358 554 119 25 antagande
492 554 111 26 förelägga
618 554 102 26 följande:

224 650 112 26 Förslag
351 650 43 20 till
409 650 163 26 förordning,
587 648 136 28 angående
738 650 208 27 tingsgästning.

284 712 49 20 Med
353 712 149 26 upphäfvande
521 712 22 20 af
560 712 17 26 ej
598 712 82 21 mindre
696 714 12 19 3
724 718 63 15 mom.
802 712 7 20 i
825 713 78 26 nådiga
918 713 42 21 för-

212 745 118 26 ordningen
346 745 40 21 den
401 746 27 20 22
444 745 59 20 Mars
520 746 60 25 1854,
597 746 90 20 rörande
703 746 106 26 lagmans-
823 746 39 21 och
872 746 89 21 härads-

212 779 299 26 höfdingetingsgästningens
531 780 118 26 utgörande
668 779 34 21 för
723 780 111 27 bergverk,
851 780 56 21 bruk
922 780 39 22 och

212 819 120 20 masugnar,
356 815 27 19 än
406 813 38 21 ock
467 814 39 20 den
526 816 44 18 rätt
589 814 32 20 till
637 814 94 26 lindring
746 814 32 20 uti
794 814 52 21 eller
861 814 100 21 befrielse

212 846 55 21 ifrån
284 847 128 26 erläggande
428 846 22 21 af
464 848 164 25 tingsgästning,
645 853 45 14 som
706 854 76 19 genom
798 848 107 21 särskilda
918 848 42 21 för-

212 880 118 27 fattningar
346 881 39 20 och
399 881 124 26 privilegier
538 881 122 26 medgifvits
676 881 145 26 inbyggarene
838 882 31 20 uti
885 888 26 15 en
927 883 34 20 del

213 915 22 20 af
249 914 120 27 Uleåborgs
384 915 35 20 län
436 916 55 19 samt
506 915 107 26 åtskillige
625 915 131 26 lägenheter,
767 921 103 20 personer
881 916 39 21 och
930 917 31 20 in-

212 948 126 27 rättningar,
358 947 109 22 äfvensom
486 948 69 27 öfriga
569 949 48 20 med
633 949 69 20 denna
717 949 126 26 förordning
859 950 17 25 ej
893 950 68 21 öfver-

213 982 171 21 ensstämmande
400 982 132 26 stadganden
548 983 110 26 angående
669 983 67 26 sagda
747 983 68 26 afgift,
827 984 77 20 varder
914 984 48 20 här-

212 1017 90 20 medelst
317 1016 132 26 förordnadt,
465 1017 28 25 på
509 1018 42 19 sätt
567 1017 68 20 nedan
652 1017 144 20 omförmäles:

565 1085 11 26 8
595 1086 17 19 1.

315 1130 167 26 Tingsgästning
498 1130 55 20 skall
569 1130 81 26 ärligen
666 1131 107 25 erläggas:

284 1166 24 22 a)
327 1164 49 20 med
393 1164 48 26 fyra
459 1164 82 26 kappar
557 1164 103 27 spanmäl,
676 1164 82 21 hälften
773 1164 38 26 råg
828 1164 39 22 och
882 1164 81 22 hälften

213 1198 60 25 korn,
290 1198 46 20 icke
352 1198 92 20 allenast
459 1198 47 21 frän
521 1198 74 26 hvarje
610 1198 99 20 hemman
724 1198 39 21 och
779 1204 70 15 annan
864 1199 13 20 &
891 1199 73 21 landet

212 1232 96 26 belägen,
328 1231 168 27 sjelfbestäende
513 1232 151 26 jordlägenhet
680 1233 56 19 samt
750 1232 49 21 med
815 1232 93 21 särskild
923 1233 40 21 äbo

213 1264 88 22 försedd
317 1265 33 20 del
366 1264 66 27 deraf,
450 1265 119 21 oberoende
586 1265 23 20 af
622 1265 138 26 lägenhetens
775 1268 65 18 natur
856 1267 52 20 eller
922 1267 42 20 dis-

214 1298 100 26 position,
337 1299 52 19 utan
411 1298 40 20 ock
473 1298 23 20 af
514 1298 65 21 äboer
594 1298 13 20 å
622 1298 83 26 krono-,
719 1299 59 26 jord-
794 1300 39 20 och
849 1299 114 27 fiskartorp

214 1334 56 20 samt
285 1332 110 22 dessutom
411 1332 23 21 af
447 1332 94 27 följande
557 1333 66 21 andre
637 1333 29 27 pä
676 1333 73 21 landet
759 1334 86 21 bosatte
855 1340 108 21 personer,

213 1366 79 26 hvilka,
313 1367 92 21 änskönt
424 1366 25 22 de
467 1367 47 21 icke
533 1367 79 21 besitta
625 1367 56 27 jord,
698 1368 65 21 likväl
778 1368 64 22 hafva
857 1375 54 21 egen
925 1369 40 21 rök

214 1402 52 20 eller
285 1403 48 24 eget
351 1401 91 26 hushåll,
462 1402 117 26 nämligen:
599 1401 187 28 fastighetsägare,
807 1403 48 26 alla,
872 1410 45 15 som
933 1403 31 21 åt-

214 1435 61 27 njuta
297 1435 35 22 lön
356 1435 52 22 eller
430 1441 69 16 annan
519 1435 94 22 inkomst
632 1435 23 22 af
668 1436 89 27 kronan,
773 1437 74 27 kyrka,
863 1437 101 22 kommun

215 1470 53 20 eller
286 1470 78 21 allmän
384 1470 129 27 inrättning;
535 1473 70 24 ägare,
625 1471 150 22 arrendatorer
795 1472 38 21 och
849 1472 115 21 förvaltare
