1056 1706
325 88 22 24 U.
365 88 22 22 B.
404 100 26 3 —
448 88 64 28 Prop.
530 88 38 22 N:o
583 88 38 22 30.
788 90 25 19 13

92 153 68 21 under
182 152 57 22 årets
261 154 50 26 lopp
334 153 80 21 försåld
436 154 36 21 lek
494 160 25 15 en
544 155 58 20 extra
616 153 115 27 bevillning
753 152 21 22 af
795 159 47 15 sex-

91 187 30 21 tio
136 187 71 27 penni.
236 188 105 21 Fabriken
356 189 63 25 utgör
434 188 120 26 underpant
568 187 33 22 för
616 189 60 20 extra
690 187 151 27 bevillningens

93 222 126 26 utgörande.

444 250 46 28 88.

162 285 262 31 Ölbryggeriinnehafvare
445 292 56 19 samt
515 290 204 27 porterfabrikanter
734 290 61 21 skola
810 290 33 20 år-

93 323 63 27 ligen,
172 323 92 21 förutom
280 324 77 21 allmän
371 324 214 27 inkomstbevillning,
602 324 86 26 erlägga
698 330 27 15 en
735 326 60 20 extra
805 324 37 21 be-

93 358 88 26 villning
196 358 22 21 af
230 358 42 21 fem
286 359 65 26 penni
365 358 33 22 för
412 359 73 27 hvarje
495 358 46 22 frän
551 359 121 27 bryggeriet
682 358 81 22 försäld
772 359 71 21 kanna

94 392 21 21 öl
138 392 52 22 eller
211 394 79 25 porter.
320 393 126 27 Bryggeriet
467 393 51 21 eller
533 393 97 22 fabriken
645 394 63 26 utgör
723 393 121 27 underpant

93 425 33 22 för
142 427 59 20 extra
216 426 126 27 bevillnings
358 427 125 26 utgörande.

386 535 122 28 Kapitlet
522 535 32 22 IL

178 580 74 23 Sättet
264 580 39 23 för
318 580 264 29 inkomstbevillningens
597 580 167 24 fastställande.

315 641 18 18 1.
363 638 261 28 Bevillningskomitöerna.

448 701 10 28 8
475 704 17 19 9.

164 741 106 27 Beloppet
292 741 59 21 säväl
369 741 22 21 af
405 741 41 22 den
461 741 99 26 inkomst,
577 741 85 22 hvarför
676 741 115 27 bevillning
805 741 40 21 bör

96 776 104 27 erläggas,
218 782 46 15 som
280 775 22 22 af
316 775 74 28 sjelfva
405 775 217 28 bevillningsafgiften
636 775 33 22 för
683 776 73 27 hvarje
771 775 74 22 bevill-

95 811 148 26 ningsskyldig
264 809 120 22 fastställes
408 810 22 21 af
451 810 237 27 bevillningskomit&er,
711 810 92 22 uisedde
825 809 23 22 af

96 847 55 25 dem,
166 845 73 22 hvilka
262 845 66 27 enligt
346 845 70 22 denna
431 845 77 27 stadga
523 848 36 19 äro
576 845 96 28 skyldige
688 846 32 20 att
735 845 66 21 sädan
817 844 29 22 af-

97 880 39 27 gift
159 880 93 27 erlägga.
281 880 11 21 I
310 880 116 21 allmänhet
445 881 64 26 utgör
523 880 74 27 hvarje
612 880 49 22 stad
676 880 40 21 och
730 880 29 27 pä
773 879 74 22 landet

96 915 73 27 hvarje
185 915 79 21 socken
280 916 32 20 ett
327 915 103 21 särskildt
444 915 224 27 bevillningsdistrikt;
684 921 55 20 men,
754 915 38 21 der
803 914 43 21 Gu-

96 950 104 21 vernören
222 948 86 28 pröfvar
330 948 77 22 sädant
430 949 104 27 lämpligt,
557 949 35 21 mä
614 950 69 20 större
706 949 73 21 städer
795 948 52 22 eller

97 984 91 21 socknar
210 982 93 22 fördelas
326 983 7 21 i
352 983 58 27 flere,
430 984 40 20 och
489 984 97 21 deremot
604 983 58 21 invid
675 983 119 21 hvarandra
809 983 37 21 be-

97 1018 65 26 lägna
176 1019 81 19 smärre
272 1018 120 20 kommuner
412 1018 140 21 sammansläs
567 1018 33 20 till
616 1019 31 20 ett
663 1018 132 26 gemensamt
809 1017 38 21 be-

97 1052 192 26 villningsdistrikt.
319 1052 79 26 Hvarje
421 1052 87 21 distrikt
528 1052 40 21 har
590 1051 32 21 sin
642 1058 54 20 egen
710 1051 137 27 bevillnings-

97 1086 87 26 komit6,
207 1086 85 21 hvilken
314 1086 39 21 bör
374 1086 59 21 hälla
451 1086 47 21 sina
513 1086 171 21 sammanträden
699 1086 57 21 inom
771 1086 77 20 staden

98 1121 53 21 eller
166 1120 119 26 distriktet;
302 1120 55 22 dock
372 1120 34 21 mä
422 1120 33 22 för
469 1120 73 22 landet
552 1120 78 22 utsedd
640 1119 207 27 bevillningskomite

99 1154 61 23 äfven
176 1154 158 22 sammanträda
348 1154 7 22 i
370 1157 52 19 nära
437 1154 55 22 intill
507 1155 90 27 belägen
613 1154 55 22 stad.

448 1217 10 27 8
476 1219 31 19 10.

167 1257 61 21 Efter
250 1257 71 21 dertill
343 1256 23 22 af
386 1257 112 21 städernas
520 1257 138 27 Magistrater
676 1256 40 22 och
732 1256 116 27 Ordnings-

99 1293 69 20 rätter
190 1293 56 19 samt
264 1291 177 27 Kronofogdarne
457 1291 39 21 och
511 1290 203 22 Häradsskrifvarne
729 1290 120 27 uppgjorda

99 1326 86 26 förslag,
208 1332 46 14 som
276 1326 46 20 före
341 1326 102 20 Februari
462 1326 88 20 månads
566 1326 81 25 utgång
661 1325 73 25 hvarje
750 1325 24 19 år
789 1324 61 21 skola

100 1365 51 15 vara
168 1359 34 20 till
224 1358 139 21 Guvernören
379 1358 97 26 insända,
492 1358 130 21 bestämmer
638 1358 137 21 Guvernören
791 1357 59 21 tiden

100 1392 33 22 för
152 1392 271 27 bevillningskomitéernas
447 1392 177 26 sammanträden,
640 1391 88 23 hvarvid
742 1391 107 27 iakttages

570 1432 11 7 =

168 1436 206 23 Bevillningsutskottets
388 1436 114 17 betänkande
517 1435 35 18 N:o
568 1438 19 16 5.
