1061 1709
330 116 31 20 U.
378 116 30 20 B.
425 127 27 3 —
468 117 85 23 Prop.
570 117 49 19 N:o
635 116 47 20 27.
823 116 26 21 21

198 182 132 27 lagsboerne,
346 183 39 20 och
400 184 8 20 i
423 183 118 21 kostnaden
557 182 76 28 derför
648 184 94 27 deltaga,
753 183 57 28 efter
820 191 60 14 man-

198 216 57 25 talet,
272 216 20 27 ej
306 217 85 20 mindre
406 217 32 21 all
453 218 9 20 i
476 218 84 20 mantal
575 220 43 18 satt
623 218 61 27 jord,
695 220 58 18 utom
764 220 67 18 sätes-
842 218 37 20 och

198 250 142 27 ladugårdar,
362 250 89 28 afhysta
472 252 35 19 rä-
523 251 38 21 och
576 251 148 21 rörshemman
740 254 56 18 samt
808 254 71 24 prest-

197 282 37 21 och
249 284 141 24 klockarebol,
406 286 29 18 än
452 285 36 20 ock
502 285 127 26 skattlagda
645 287 47 25 torp
711 285 39 20 och
767 285 109 27 utjordar,

197 316 60 26 bruk,
268 317 109 26 fabriker,
388 318 74 27 sågar,
474 318 198 28 tullmjölgvarnar,
682 318 146 28 ölbryggerier
838 318 40 21 och

197 350 235 22 bränvinsbrännerier.

236 384 59 28 Vilja
312 386 183 27 tingslagsboerne
510 386 8 21 i
532 386 81 21 sädant
628 387 102 27 tingslag,
743 393 45 15 som
794 386 40 28 för
844 387 34 27 sig

196 421 63 25 utgör
282 426 25 14 en
329 419 109 28 domsaga,
454 421 8 19 i
478 420 124 28 tingshusen
618 421 53 20 eller
684 420 112 21 särskilda
812 420 67 28 bygg-

196 453 70 20 nader
287 454 61 20 invid
371 454 123 28 tingstaden
517 455 107 27 inrymma
644 454 88 28 ständig
756 454 78 28 boning
855 455 23 20 ät

196 487 213 28 häradshöfdingen:
431 488 61 21 skola
513 488 154 28 byggnaderna
682 488 96 28 derefter
793 489 85 27 lämpas

196 521 38 21 och
244 522 54 27 jord
314 522 29 27 af
352 522 66 21 minst
428 522 56 28 fyra
496 523 120 21 tunneland
627 523 80 27 åtfölja
719 523 107 25 bostaden,
838 523 39 21 der

196 555 41 21 den
253 556 19 27 ej
287 558 27 18 är
328 556 9 20 i
352 556 50 21 stad
417 556 93 28 belägen.
539 556 49 22 Den
603 557 134 27 tillökning
731 551 12 38 i
752 557 125 26 kostnaden,

196 596 44 14 som
255 590 31 26 af
296 590 70 21 sådan
388 590 76 22 bostad
484 592 51 20 eller
551 592 47 20 dess
613 591 117 21 underhåll
739 591 137 27 föranledes,

195 624 58 20 skall
268 624 14 20 å
297 624 130 28 domsagans
446 624 125 22 kommuner
591 625 56 27 efter
657 625 159 27 folkmängden
830 624 46 26 för-

196 658 59 20 delas
270 658 39 21 och
323 658 58 21 inom
396 659 47 21 dem
459 659 54 27 efter
527 659 110 21 skattören
656 661 95 26 utgöras.
781 659 47 21 Der
842 660 35 20 så-

195 692 44 21 dan
255 692 75 21 bostad
344 695 27 18 är
385 694 24 20 åt
428 693 200 28 häradshöfdingen
647 694 93 27 inrumd,
756 694 35 20 må
808 694 68 27 tings-

195 726 67 21 husen
276 733 54 14 vara
340 727 66 26 färre
422 727 38 21 och
474 728 89 25 mindre,
580 730 29 18 än
623 728 9 20 i
647 730 68 18 annat
731 728 101 27 tingslag.

230 754 21 26 Å
267 760 117 28 Kejsarens
404 761 245 28 befallningshafvande
664 762 109 21 ankomme
791 764 38 23 att,
846 761 30 28 ef-

196 796 32 19 ter
243 795 35 21 det
294 795 183 28 tingslagsboerne
493 796 35 21 och
539 796 200 27 häradshöfdingen
750 796 65 21 hörde
826 795 50 27 blif-

194 829 36 25 vit,
251 829 114 21 bestämma
385 830 19 27 ej
424 830 84 20 mindre
522 830 55 20 hvar
591 830 124 28 tingstaden
730 830 38 20 och
783 830 94 20 härads-

194 863 130 28 höfdingens
340 864 89 21 boställe
439 864 119 28 förläggas
573 865 68 25 skola,
657 866 70 20 såsom
742 864 34 22 det
782 864 41 28 för
833 865 43 20 all-

194 904 76 21 mogen
293 898 103 27 lägligast
417 900 32 24 är,
465 900 29 19 än
510 898 37 22 ock
563 898 164 29 byggnadernas
742 898 80 22 storlek
838 898 37 22 och

195 931 151 27 beskaffenhet.

234 966 113 27 Upphyras
363 966 99 28 tingshus
477 967 52 20 eller
545 966 137 22 boställsrum
695 966 38 27 för
743 966 132 28 häradshöf-

195 1000 93 27 dingen;
307 1000 78 27 pröfve
408 1000 118 28 Kejsarens
549 1001 241 27 befallningshafvande
810 1001 65 21 deras

194 1034 134 27 lämplighet,
345 1034 29 21 dä
389 1034 71 21 sädan
472 1035 108 27 pröfning
591 1035 111 27 päkallas.

229 1068 45 20 För
289 1068 126 28 skattlagda
431 1071 47 25 torp
494 1069 37 21 och
545 1069 104 28 utjordar
663 1072 55 18 samt
724 1069 151 27 förenämnda

193 1102 153 27 inrättningar
360 1103 58 27 gälle
434 1103 33 21 det
482 1104 90 25 mantal,
589 1104 46 20 dem
646 1103 41 27 för
703 1106 69 18 annat
782 1104 93 20 allmänt

194 1136 73 21 besvär
282 1137 58 20 äsatt
355 1138 85 20 varder.

228 1222 16 20 I
255 1222 157 28 sammanhang
427 1223 90 21 härmed
532 1224 78 21 varder
624 1224 75 20 vidare
712 1224 114 27 päbjudet:

229 1256 32 21 1:o
276 1256 74 29 Enligt
364 1257 161 29 propositionen.

228 1291 33 20 2:0
276 1290 119 22 Likaledes.

228 1325 34 20 3:o
276 1320 99 26 Äfvensä.

150 1428 7 8 .
192 1410 12 21 I
221 1410 64 22 slutet
306 1410 24 22 af
350 1410 39 22 den
411 1410 75 29 nådiga
508 1410 155 30 propositionen
685 1410 138 26 omförmäles,
843 1411 31 21 att

124 1444 118 22 Ständerna
264 1444 36 22 vid
319 1445 53 21 1867
391 1444 34 22 års
440 1445 98 28 landtdag
552 1445 32 22 uti
600 1444 59 22 deras
675 1444 22 22 af
709 1445 62 21 Hans
786 1444 86 29 Kejser-

191 1484 139 24 Lagutskottets
343 1484 112 18 betänkande
467 1485 36 19 N:o
515 1486 26 18 12.
