1042 1709
304 105 29 23 U.
348 106 29 22 B.
392 119 28 3 —
434 107 75 27 Prop.
523 106 46 23 N:o
585 106 36 23 26.
799 108 11 20 7

89 175 47 26 ken,
152 182 45 14 som
213 174 61 22 torde
289 174 92 22 behöfva
395 176 63 27 tagas
472 175 8 21 i
495 175 160 28 öfvervägande,
671 176 106 27 nemligen
787 176 52 21 nöd-

89 209 143 28 vändigheten
246 210 33 21 att
293 209 103 22 trafikera
410 210 44 22 alla
468 209 66 23 redan
549 209 112 23 tillkomna
675 209 52 23 eller
738 210 101 22 framtida

86 244 116 27 jernvägar
224 244 49 21 med
296 242 67 23 sådan
385 243 142 29 hushållning,
547 250 46 15 som
614 246 120 20 motsvarar
755 244 84 22 landets

88 277 138 22 ekonomiska
244 278 74 26 vilkor,
338 278 40 21 och
396 280 33 19 att
446 278 146 27 följakteligen
610 278 54 21 söka
677 279 104 21 reducera
795 278 44 21 alla

88 311 151 22 omkostnader
257 311 34 22 för
310 311 52 22 drift
380 312 40 21 och
434 311 87 28 slitning
537 311 32 22 till
585 314 30 19 ett
629 311 78 22 sådant
721 312 117 26 minimum,

87 353 47 15 som
148 346 117 28 lämpligen
279 346 43 21 kan
337 346 85 22 komma
436 347 8 20 i
458 345 62 29 fråga
533 348 53 20 utan
601 348 32 20 att
648 347 27 21 de
689 347 95 28 verkliga
798 347 41 22 och

87 381 35 21 för
136 380 74 22 landet
224 387 60 14 mera
298 380 163 28 betydelsefulla
475 380 122 22 fördelarne
611 381 100 22 minskas.

155 415 102 22 Finlands
279 415 80 28 fysiska
380 417 65 20 natur
466 415 74 22 ställer
558 415 47 22 icke
627 416 136 27 synnerligen
781 417 59 20 stora

87 449 133 28 svårigheter
238 451 57 20 emot
310 449 265 29 jernvägsanläggningar,
593 457 49 14 men
661 450 96 22 deremot
771 450 68 22 finnes

87 485 37 21 det
138 484 69 22 andra
222 484 189 28 omständigheter,
426 491 47 15 som
487 483 132 29 väsentligen
633 483 97 23 försvåra
745 485 41 21 och
795 485 44 22 för-

87 520 54 27 dyra
156 519 62 22 deras
233 518 147 29 begagnande.
396 517 83 24 Sådant
493 519 65 22 beror
571 519 195 22 kanske
655 513 8 38 i
672 519 94 22 främsta
780 527 58 14 rum-

86 556 44 20 met
145 553 67 26 deraf,
228 555 32 20 att
275 553 89 22 marken
378 553 200 28 öfverhufvudtaget
593 555 24 20 är
631 553 121 22 stenfrusen
762 553 77 22 åtmin-

87 591 61 20 stone
169 588 69 22 under
260 595 38 15 sex
319 586 104 23 månader
441 588 25 22 af
482 587 52 23 året.
567 587 34 22 Då
619 595 49 15 man
687 588 102 22 besinnar
807 590 32 20 att

86 623 128 28 underlaget
232 621 91 24 sålunda
340 623 69 21 under
424 623 72 22 halfva
511 621 46 24 året
573 622 80 23 saknar
666 623 67 27 nödig
747 623 92 22 elastici-

86 660 37 24 tet,
142 658 40 21 och
202 657 104 28 derjemte
325 659 61 26 tager
404 657 8 20 i
430 657 141 22 betraktande
589 658 33 21 att
643 657 42 22 den
703 657 135 23 förstörande

85 692 87 27 verkan,
188 699 45 14 som
248 691 74 28 hvarje
334 691 81 28 bantåg
429 692 86 22 utöfvar
528 691 29 28 på
572 690 59 23 såväl
645 692 72 22 banan
733 699 46 15 som
793 699 45 15 ma-

85 727 95 26 terielen,
197 726 54 22 efter
266 726 90 22 allmänt
370 728 94 27 antagen
478 727 68 22 ehuru
560 726 47 21 icke
622 726 49 21 fullt
686 727 65 21 exakt
761 726 78 22 beräk-

85 760 140 29 ningsgrund,
244 762 25 20 är
286 760 148 29 proportionel
452 762 58 21 emot
523 759 135 23 materielens
673 760 44 28 vigt
733 761 40 22 och
788 768 51 20 gva-

86 797 76 21 draten
181 795 24 22 af
221 795 142 28 hastigheten,
382 794 26 23 sä
426 796 43 21 kan
487 802 50 16 man
551 795 42 22 lätt
607 795 58 22 finna
679 797 33 20 att
726 797 112 21 remonten

85 831 33 21 till
133 831 53 28 följd
206 831 23 21 af
246 838 26 14 en
290 830 108 22 snabbare
415 830 44 22 fart
474 830 54 22 skall
542 830 39 22 hos
597 837 34 15 oss
645 829 112 23 föranleda
772 830 66 27 ojem-

85 865 75 29 förligt
177 866 69 21 större
264 865 95 28 utgifter,
378 866 29 21 än
425 865 60 22 fallet
503 866 24 21 är
545 865 32 21 uti
592 865 69 22 andra
674 864 82 27 länder,
771 865 67 22 bland

86 901 72 22 hvilka
179 900 93 22 flertalet
294 901 41 21 och
356 900 89 21 särskilt
466 900 61 22 äfven
545 900 93 28 Norrige
656 899 51 22 eller
726 900 37 21 det
780 900 57 27 land,

85 935 103 22 hvarmed
203 933 52 24 vära
270 933 150 23 förhällanden
434 935 7 20 i
456 934 52 22 flere
522 934 114 22 afseenden
647 934 72 22 kunna
726 933 111 28 jemföras,

85 970 47 21 icke
151 969 44 21 lida
213 968 71 29 nägon
302 969 208 27 anmärkningsvärd
527 969 114 27 olägenhet
659 968 24 22 af
695 968 51 21 käla
760 969 7 20 i
782 968 56 23 före-

86 1005 51 26 ning
152 1003 49 22 med
220 1003 43 22 alla
282 1003 26 22 de
328 1003 161 26 ”frostknölar,”
504 1011 46 14 som
565 1003 39 22 hos
619 1009 35 16 oss
669 1003 47 21 icke
730 1003 63 28 ringa
807 1003 31 22 bi-

86 1038 68 28 draga
169 1037 32 22 till
217 1038 26 21 de
258 1037 136 22 förstörande
408 1038 160 27 verkningarne.

154 1072 134 27 Handlingar
311 1072 40 21 och
374 1071 132 27 berättelser,
528 1072 71 28 bygda
618 1071 29 28 pä
664 1072 67 22 redan
753 1079 85 15 vunnen

86 1107 123 22 erfarenhet
227 1106 101 22 bekräfta
344 1106 145 28 nyssnämnda
504 1105 155 23 förhällanden.
689 1107 85 28 Lägger
788 1114 50 15 man

85 1141 79 26 dertill,
183 1141 69 22 andra
270 1140 182 29 omständigheter
473 1141 142 26 oberäknade,
637 1142 32 21 att
691 1141 82 22 antalet
794 1141 43 28 täg,

85 1184 47 14 som
146 1176 35 21 för
196 1175 112 28 publikens
323 1176 70 21 större
407 1175 158 28 begvämlighet
580 1175 99 28 dagligen
693 1175 71 22 blifvit
775 1180 63 23 expe-

87 1211 87 22 dierade
193 1211 40 21 och
252 1210 72 21 hvilka
341 1210 135 27 naturligtvis
494 1210 94 28 bidragit
602 1209 33 22 till
650 1212 33 20 att
697 1210 42 21 öka
753 1210 85 28 utgifts-

85 1248 71 19 staten
171 1245 7 21 i
197 1245 208 27 anmärkningsvärd
424 1245 60 27 grad,
503 1244 46 22 icke
569 1244 73 29 tyckes
660 1244 65 22 hafva
738 1243 53 23 stätt
806 1245 32 21 uti

86 1283 32 19 ett
131 1279 99 28 lämpligt
244 1278 135 23 förhällande
397 1279 34 22 till
444 1279 107 22 rörelsens
565 1279 86 27 storlek,
666 1279 43 22 kan
724 1287 50 14 man
789 1279 49 22 med

86 1315 48 22 skäl
148 1314 117 23 förutsätta
280 1315 32 21 att
327 1321 26 14 en
368 1313 66 28 nägot
448 1314 117 22 förändrad
580 1313 119 28 anordning
715 1313 24 22 af
747 1313 91 23 trafiken

86 1348 55 22 skall
155 1346 70 23 förmå
240 1347 50 28 höja
306 1347 41 22 den
362 1353 52 15 rena
428 1347 150 28 behållningen
593 1347 63 22 deraf
668 1347 33 21 till
711 1349 31 19 ett
751 1347 86 28 belopp,

87 1389 45 15 som
150 1381 105 29 betydligt
277 1381 125 28 öfverstiger
421 1381 41 22 den
484 1381 84 21 härtills
587 1379 96 23 erhällna
701 1381 88 28 ringare
806 1383 32 20 in-

86 1418 104 21 komsten.
210 1428 26 4 —
254 1416 34 22 En
307 1416 57 28 dylik
382 1415 126 29 förändring
527 1417 24 20 är
570 1415 24 22 sä
612 1416 84 28 mycket
710 1423 61 15 mera
785 1417 54 21 nöd-

156 1459 89 21 Jernvägs-
250 1457 87 18 Utskottets
349 1457 109 18 betänkande.
