1053 1720
312 124 27 19 U.
353 124 30 18 B.
395 133 23 5 —
428 124 80 23 Prop.
520 124 43 19 N:o
576 125 42 19 24.
783 125 28 21 23

88 193 175 27 kronolänsman,
280 195 90 21 emedan
385 195 37 21 det
436 201 63 21 synes
514 195 108 22 utskottet
636 193 74 24 alltför
719 193 80 28 vägadt
809 195 32 21 att

91 228 71 21 tillåta
183 228 124 27 brofogdar,
330 229 73 22 hvilka
424 229 48 22 icke
494 230 68 21 sällan
581 229 62 22 torde
658 229 92 21 förrätta
765 231 76 25 vägsy-

89 268 76 20 nerna,
180 264 76 25 uttaga
271 263 151 26 ersättningen
436 263 7 21 i
458 263 68 26 fråga.
549 263 116 22 Dessutom
683 269 63 15 anser
756 263 85 21 utskot-

92 297 31 20 tet
145 297 41 20 den
209 297 38 26 tid,
271 297 57 21 inom
343 297 87 21 hvilken
446 297 217 26 ersättningsskyldig
679 297 61 26 skall,
756 297 37 21 vid
808 298 33 19 ut-

91 331 214 27 mätningsäfventyr,
315 331 72 21 betala
402 331 141 22 omförmälda
557 331 125 26 kostnader,
698 337 51 15 vara
760 331 39 20 allt
808 331 33 21 för

91 365 51 22 kort
165 365 39 22 och
219 365 58 27 förty
292 366 54 21 böra
361 365 123 22 utsträckas
500 367 34 20 till
544 365 59 29 fyra
619 365 56 28 dygn
691 365 54 22 efter
760 365 81 26 kungö-

91 400 57 21 relse
163 399 7 22 i
185 400 70 27 kyrka
270 400 52 21 eller
337 400 91 27 bevislig
443 400 125 27 tillsägelse.

163 434 138 22 Beträffande
312 434 76 27 frågan
400 440 34 15 om
446 434 53 22 hvar
509 434 219 27 väglagningsämnen
738 434 35 20 må
781 435 60 25 tagas
851 433 14 29 6
880 432 33 24 11.

90 468 98 21 innehål-
203 468 32 22 ler
247 468 11 28 $
272 470 32 25 11,
317 470 32 20 att
358 468 77 22 sådant
441 468 35 22 må
485 468 38 22 ske
532 469 12 21 å
552 469 54 26 skog
614 469 39 22 och
661 469 93 25 utmark,
763 468 39 21 der
808 468 35 21 så-

92 502 54 22 dant
153 505 100 19 närmast
256 502 79 28 finnes,
345 503 76 21 endast
428 503 49 22 med
486 503 42 22 den
536 504 162 26 inskränkning,
708 504 32 20 att
748 503 37 21 det
794 502 49 22 sker

90 537 10 21 i
111 537 41 21 den
165 537 91 27 ordning
271 539 32 20 att
318 544 80 20 gropar
413 538 18 26 ej
446 538 29 26 på
490 537 51 22 flere
557 538 77 21 ställen
650 540 88 25 öppnas,
755 537 88 26 sålänge

93 578 26 15 en
135 572 66 21 redan
216 573 110 25 upptagen
341 572 82 21 lemnar
437 572 65 27 nödig
513 572 97 27 tillgång,
620 572 47 21 icke
678 572 68 21 heller
756 571 25 21 så
790 573 53 19 nära

91 608 70 25 vägen
184 607 33 20 att
233 606 87 27 olyckor
335 606 63 21 deraf
411 606 73 21 kunna
498 606 137 27 uppkomma.
665 607 71 20 Dessa
750 606 93 21 bestäm-

92 640 80 21 melser
191 646 64 21 synas
275 640 108 21 utskottet
397 640 47 22 icke
459 641 138 26 tillräckliga.
627 641 41 20 Till
684 640 159 27 förebyggande

93 674 24 21 af
137 676 33 19 att
192 675 217 26 väglagningsämnen
432 677 62 24 tagas
509 675 135 27 godtyckligt
657 675 54 20 hvar
726 680 46 15 som
787 674 57 21 helst

93 709 40 21 och
147 709 29 27 på
191 708 33 22 för
237 709 116 27 jordegare
369 709 114 28 olämpliga
496 709 81 26 ställen
592 715 63 16 anser
669 709 120 21 utskottets
805 710 37 20 nö-

94 743 47 27 digt
160 745 33 19 att
208 744 37 21 det
259 750 76 21 genom
352 744 92 27 ojäfvige
462 750 103 21 personer
580 744 130 21 bestämmes
725 743 54 22 hvar
793 745 51 25 väg-

93 778 163 27 lagningsämne
279 779 61 26 tagas
358 779 35 20 må
416 779 39 21 och
477 779 40 21 har
540 778 84 22 derföre
646 777 67 22 infört
736 779 32 20 ett
786 778 58 21 stad-

92 813 71 26 gande
178 812 75 22 härom
268 813 8 21 i
291 813 70 21 denna
375 813 18 27 8.

165 847 38 21 Uti
226 847 67 21 andra
314 848 113 26 meningen
450 847 22 22 af
494 848 108 27 samma
588 843 17 37 8
621 832 61 37 heter
698 848 42 25 det,
756 848 39 24 att,
811 853 34 14 om

90 882 140 26 vägbyggare
245 881 81 22 önskar
341 883 51 25 taga
400 882 203 27 väglagningsämne
613 881 48 22 från
671 887 82 16 annans
763 881 81 26 inegor,

88 916 134 26 jordegaren
236 916 40 21 bör
292 916 99 21 deröfver
405 916 59 22 förut
479 916 65 21 höras
559 916 39 22 och
614 916 94 26 ärendet,
727 916 5 20 i
743 915 102 21 händelse

95 950 23 21 af
131 952 81 24 vägran
227 950 13 20 å
254 950 54 21 hans
324 950 53 26 sida,
393 950 130 28 hänskjutas
533 950 34 21 till
577 950 161 22 vederbörande
748 950 96 20 Härads-

94 986 56 20 rätts
168 984 107 27 pröfning.
306 984 97 22 Emedan
422 984 60 22 detta
498 984 130 27 stadgandes
645 984 135 27 ordalydelse
795 983 50 21 lem-

93 1024 42 16 nar
157 1025 48 15 rum
220 1018 33 22 för
269 1018 67 22 sådan
351 1019 95 27 tydning,
463 1020 32 20 att
508 1019 128 27 jordegaren
652 1018 67 21 borde
734 1018 66 21 höras
814 1018 32 20 in-

95 1053 34 22 för
151 1052 70 28 någon
244 1053 96 27 offentlig
362 1053 130 27 myndighet,
508 1056 16 19 t.
540 1060 32 15 ex.
588 1053 118 27 Guvernör,
723 1053 40 21 och
778 1052 68 22 denne

96 1088 100 27 derefter,
212 1088 8 21 i
235 1088 37 22 det
286 1088 118 22 förutsatta
421 1088 67 27 fallet,
504 1088 116 28 hänskjuta
635 1088 89 21 ärendet
739 1088 33 21 till
788 1087 59 21 dom-

95 1123 50 27 stol,
160 1122 40 22 har
214 1122 109 22 utskottet
338 1123 75 21 tillåtit
428 1123 34 27 sig
477 1123 58 27 gifva
550 1123 68 21 andra
632 1123 114 26 meningen
760 1122 8 21 i
778 1122 70 21 denna

95 1157 12 28 8
131 1164 26 14 en
179 1156 66 28 något
267 1157 117 22 förändrad
406 1158 88 26 lydelse,
516 1158 34 21 för
570 1159 32 19 att
620 1157 119 27 undanröja
754 1156 41 22 den
811 1162 37 15 an-

96 1192 87 21 märkta
201 1192 171 26 tvetydigheten;
389 1192 39 22 och
443 1198 46 15 som
505 1192 37 21 det
556 1192 42 21 kan
614 1192 76 26 hända,
708 1192 32 20 att
754 1191 93 27 vägbyg-

97 1232 51 20 gare
170 1226 103 21 behöfver
295 1226 97 27 begagna
411 1232 69 15 annan
496 1232 60 16 mans
573 1226 97 21 enskilda
685 1227 41 25 väg
742 1225 52 21 eller
808 1225 39 21 bro

97 1260 35 21 vid
148 1260 139 22 anskaffande
303 1260 22 21 af
339 1260 209 27 väglagningsämne,
564 1260 40 21 har
617 1260 108 21 utskottet
735 1260 73 20 ansett
818 1260 31 20 ett

98 1293 120 28 stadgande
240 1294 53 21 böra
315 1294 81 21 införas
412 1294 7 21 i
435 1294 66 21 slutet
516 1293 24 22 af
554 1294 34 27 8:n
604 1293 22 22 af
639 1293 102 26 innehåll,
758 1294 32 19 att
805 1292 44 21 Hä-

99 1328 97 21 radsrätt
218 1328 40 25 må,
282 1329 73 20 derest
377 1328 131 27 sakegarene
528 1328 18 27 ej
563 1329 72 20 kunna
651 1327 73 22 derom
739 1327 64 21 träffa
818 1327 31 20 öf-

97 1361 202 27 verenskommelse,
307 1362 82 26 pröfva,
405 1368 34 15 om
455 1362 77 21 sådant
548 1362 78 21 honom
641 1362 88 25 medges
744 1361 35 21 må
795 1362 55 20 samt

97 1396 121 21 bestämma
233 1396 40 22 den
289 1396 126 27 ersättning,
431 1402 47 16 som
492 1396 34 21 för
541 1396 151 26 begagnandet
702 1394 98 27 skäligen
810 1394 40 21 bör

96 1430 108 28 erläggas.

157 1470 128 18 Sammansatta
296 1470 45 23 Lag-
354 1470 30 18 och
395 1470 176 18 Ekonomiutskottets
583 1469 107 19 betänkande
701 1469 34 18 N:o
747 1469 18 18 9.
