1042 1709
212 135 29 21 26

401 136 63 21 Ständ.
481 136 31 21 Sv.
529 148 23 4 —
569 136 53 28 Prop.
637 136 32 20 N:o
685 135 31 21 25.

353 199 72 26 umgås
447 198 46 21 med
514 199 67 19 andra
597 197 93 22 arbetare
704 197 37 21 och
756 198 77 26 tjenare
847 201 53 17 samt
915 198 18 27 ej

354 231 127 21 misshandla
502 232 136 27 minderärige
653 231 92 21 arbetare
761 231 47 21 eller
822 230 109 28 lärlingar.

422 266 118 28 Lärlingar
549 266 37 21 och
595 266 70 20 andra
676 265 94 22 arbetare
779 265 28 28 af
811 265 58 21 såväl
875 273 58 13 man-

353 306 42 14 som
412 301 90 27 qvinkön
516 304 43 21 äro,
577 300 32 21 till
623 300 45 21 dess
677 300 24 22 de
708 300 49 28 fylt,
771 300 25 21 de
807 300 58 26 förre
875 300 59 22 ader-

355 338 34 17 ton
404 335 36 21 och
456 335 24 21 de
490 342 70 14 senare
566 335 82 28 fjorton
659 336 37 20 års
704 334 67 25 ålder,
781 334 154 22 underkastade

354 369 82 28 måttlig
451 376 40 21 aga
506 370 25 26 af
541 369 145 28 yrkesidkaren
701 368 50 22 eller
766 369 41 21 den
817 369 52 21 hans
877 368 58 21 ställe

348 404 133 28 företräder;
504 404 52 20 dock
578 404 34 20 må
633 403 67 21 sådan
723 402 87 22 tilldelas
832 404 72 20 endast
926 403 9 20 i

354 440 92 18 närvaro
468 438 26 27 af
512 438 108 27 omyndigs
640 437 101 21 målsman
756 436 47 22 eller
819 436 116 22 tillkalladt

355 471 67 22 vittne.

424 506 49 21 Har
487 506 132 28 yrkesidkare
633 506 9 20 i
656 506 47 20 lära
719 505 50 22 eller
785 506 57 28 tjenst
857 506 36 20 hos
905 505 30 29 sig

354 541 94 27 upplagit
460 541 75 27 fattigt
549 540 58 24 barn,
627 540 70 21 hvilket
713 540 42 21 icke
771 540 39 21 har
824 540 110 26 målsman,

355 582 33 20 ege
404 574 40 21 han
460 575 56 27 öfver
530 575 75 21 sådant
620 574 52 21 barn
685 574 156 29 föräldrarätt,
852 574 30 21 till
891 574 44 22 dess

354 610 33 20 det
404 610 87 27 uppnått
507 610 84 27 myndig
607 608 65 22 ålder.

612 674 15 24 $
641 672 37 21 35.

429 711 134 22 Yrkesidkare
583 715 25 17 är
625 712 77 28 skyldig
717 715 31 17 att
763 711 31 21 till
808 712 45 20 sina
868 712 67 20 biträ-

357 747 45 25 den,
419 746 95 22 arbetare
524 746 34 21 och
569 746 103 28 lärlingar
681 745 88 22 utbetala
780 746 38 21 den
829 745 107 29 betingade

352 780 164 28 penningelönen
535 781 8 19 i
560 780 81 22 landets
661 779 94 29 gällande
770 783 63 25 mynt,
848 780 37 21 och
901 781 35 19 må

356 815 139 27 anvisningar
510 816 12 18 å
534 816 121 26 penningar
670 814 49 22 eller
735 821 61 14 varor
806 815 8 19 i
824 814 44 21 dess
878 814 59 21 ställe

355 848 42 21 icke
420 849 106 27 begagnas.
564 848 50 21 Han
636 852 25 17 är
683 849 60 27 äfven
762 848 122 28 förbunden
907 851 30 18 att

356 882 30 21 till
407 882 39 22 den
470 884 25 28 af
508 883 51 26 dem,
574 890 44 14 som
633 883 76 20 sådant
723 883 108 25 åstundar,
849 882 87 28 utfärda

356 918 78 20 vitsord
448 921 56 17 öfver
515 917 122 29 ådagalagd
646 916 182 29 arbetsskicklighet
838 917 35 21 och
883 924 53 22 upp-

354 952 89 27 förande
458 955 60 23 samt,
537 952 28 20 då
580 952 26 21 de
618 952 52 27 från
685 951 152 28 anställningen
853 952 34 20 hos
903 951 34 21 ho-

356 993 49 13 nom
427 986 55 28 afgå,
506 985 30 21 till
557 987 47 20 dem
623 986 81 27 utgifva
719 985 123 29 skiljobetyg,
858 988 78 26 uppta-

354 1020 69 27 gande
446 1020 17 28 ej
486 1020 79 21 mindre
588 1020 56 21 dessa
662 1020 84 26 vitsord,
763 1023 28 17 än
807 1020 54 20 huru
877 1020 60 27 länge

356 1054 24 21 de
396 1054 34 21 hos
446 1054 75 21 honom
537 1054 85 22 arbetat.

613 1118 15 24 $
643 1116 36 22 36.

430 1156 135 22 Yrkesidkare
587 1160 26 17 är
635 1156 115 28 berättigad
770 1159 30 18 att
815 1160 52 18 utan
880 1157 57 27 före-

355 1192 82 26 gången
459 1192 132 26 uppsägning
611 1194 72 24 genast
697 1190 62 27 skilja
775 1190 86 28 biträde,
877 1190 60 22 arbe-

356 1228 44 18 tare
414 1224 38 21 och
467 1224 82 29 lärling,
565 1225 28 21 då
608 1224 74 21 denne:

424 1259 33 20 1:o
479 1262 38 22 gör
538 1259 31 27 sig
583 1258 80 28 skyldig
679 1258 33 20 till
725 1258 88 28 tjufnad,
829 1259 109 27 bedrägeri

357 1292 46 20 eller
425 1299 71 13 annan
518 1291 105 28 oärlighet,
645 1292 118 27 uppträder
785 1292 125 27 öfverlastad
924 1294 13 19 å

356 1325 138 26 arbetsstället,
509 1326 45 21 eller
569 1326 31 20 dit
615 1326 79 28 medför
708 1326 70 20 starka
793 1326 97 28 drycker;

424 1361 36 21 2:0
480 1362 55 20 visar
555 1360 113 29 upprepad
682 1360 92 29 olydnad
788 1364 41 18 mot
843 1361 94 28 yrkesid-

356 1396 63 21 karen
440 1395 47 23 eller
503 1396 36 21 den
555 1395 50 22 hans
619 1395 58 22 ställe
689 1396 125 28 företräder,
830 1395 48 22 eller
893 1396 44 21 till-

356 1431 52 21 låter
427 1431 30 27 sig
472 1430 167 29 handgriplighet
655 1430 48 22 eller
716 1430 54 30 grof
778 1430 159 30 förolämpning

356 1470 42 16 mot
414 1466 47 21 dem
476 1465 47 22 eller
537 1464 86 23 medlem
639 1466 25 28 af
677 1465 60 21 deras
749 1465 106 29 familjer
846 1460 12 38 ;
