1056 1711
224 100 13 20 2
423 99 22 24 U.
464 99 22 24 B.
500 111 30 4 —
546 99 64 29 Prop.
628 101 38 22 N:o
682 101 37 22 30.

194 163 67 28 giften
275 164 115 22 beräknats
407 165 81 27 ärligen
502 165 80 27 inflyta,
594 172 26 15 en
631 172 81 16 summa
721 167 23 21 af
750 167 95 27 omkring
854 169 92 25 900,000

193 199 60 21 mark
269 205 34 15 om
319 199 47 20 äret
380 199 123 27 ytterligare
518 200 69 21 skulle
604 199 114 28 erfordras,
736 201 40 21 och
786 202 69 26 jemte
864 202 37 21 det
908 202 37 21 be-

192 233 72 20 mälda
285 233 90 21 Utskott
389 233 56 28 förty
460 233 40 22 och
514 234 29 27 pä
558 234 68 27 grund
642 234 22 21 af
677 234 11 28 $
704 237 26 19 36
746 235 7 21 i
768 235 177 28 Landtdagsord-

192 267 78 27 ningen
292 267 103 22 hemstält
417 262 33 27 att
476 269 70 20 denna
560 275 82 14 summa
658 269 70 21 skulle
744 276 76 20 genom
836 270 109 27 bevillning

193 302 188 26 sammanbringas,
397 302 39 22 har
450 302 114 22 Utskottet
578 302 68 22 tillika
661 302 69 22 funnit
744 304 32 27 sig
784 304 115 22 föranlätet
907 311 38 15 an-

191 336 56 26 gifva
262 338 68 20 sättet
344 336 33 22 för
391 337 153 27 bevillningens
555 338 119 26 utgörande
686 338 40 22 och
741 338 94 22 isädant
843 338 102 23 afseende

191 370 112 28 föreslagit
326 372 32 20 att
380 371 124 22 densamma
525 372 67 21 mätte
614 372 54 27 utgä
684 372 67 26 ,efter
766 373 179 27 hufvudsakligen

192 406 111 21 enahanda
318 406 98 27 grunder,
433 412 46 16 som
495 406 66 27 enligt
575 413 29 15 nu
620 407 98 27 gällande
726 408 216 27 bevillningsstadga*

191 440 19 22 d.
228 442 18 20 &.
262 446 76 22 genom
353 440 139 28 beskattning
507 440 23 22 af
543 441 41 21 den
599 447 53 15 rena
666 442 129 22 inkomsten.

257 475 111 21 Erkännas
394 475 69 21 måste
491 475 40 21 ock
554 476 32 20 att
607 482 26 14 ur
655 476 105 22 teoretisk
782 477 108 27 synpunkt
911 477 33 21 in-

189 510 158 21 komstskatten
362 509 152 23 företrädesvis
530 512 24 19 är
567 510 69 26 egnad
652 512 32 20 att
698 511 97 27 uppfylla
807 512 26 20 de
841 512 100 27 anspräk,

189 550 46 16 som
256 545 29 26 pä
300 551 26 15 en
341 545 75 21 rättvis
435 545 137 27 beskattning
587 545 53 21 böra
656 546 82 26 ställas,
754 548 24 25 ty
793 546 64 27 ingen
873 553 70 15 annan

188 579 204 27 beskattningsform
407 585 62 21 synes
484 579 72 21 kunna
570 579 7 21 i
592 585 81 16 samma
680 580 49 21 män
739 586 46 15 som
794 581 70 21 denna
871 581 73 27 lämpa

187 613 103 27 pälagans
314 613 81 22 storlek
416 613 7 22 i
445 613 131 22 förhällande
600 614 32 21 till
656 614 41 21 den
714 615 170 27 skattskyldiges
899 615 43 22 för-

187 649 63 26 mäga
265 650 33 20 att
312 649 53 20 bära
380 649 128 20 densamma.
538 649 72 21 Ocksä
626 649 77 27 afsägs,
720 649 28 22 dä
761 649 182 22 inkomstskatten

187 689 76 21 genom
287 683 131 22 Ständernas
441 683 71 22 beslut
533 683 36 22 vid
594 685 140 20 1863—1864
758 684 34 21 ärs
816 684 104 27 landtdag
935 685 6 20 i

186 718 90 21 Finland
290 717 100 27 infördes,
408 718 87 21 dermed
511 718 37 21 det
563 718 80 22 dubbla
659 719 121 21 ändamålet
789 721 32 19 att
829 719 48 22 icke
885 719 58 22 blott

186 752 96 22 anskaffa
304 753 37 21 det
359 752 33 22 för
407 752 93 22 tillfället
515 752 139 27 erforderliga
670 753 116 22 tillskottet
801 753 32 22 till
849 756 91 19 statsut-

186 787 102 28 gifternas
303 787 145 26 bestridande,
464 789 52 20 utan
532 787 40 22 ock
587 789 38 24 att,
634 788 67 21 sedan
710 788 61 21 detta
778 788 162 27 beskattnings-

185 824 45 19 sätt
251 822 75 21 vunnit
347 822 71 26 insteg
440 821 7 21 i
468 821 202 27 folkmedvetandet,
686 829 76 20 genom
778 829 27 14 en
825 822 117 22 efterhand

185 856 94 22 skeende
294 856 120 26 förhöjning
430 855 23 21 af
465 856 188 26 inkomstskatten,
668 856 115 22 framdeles
798 856 74 22 kunna
887 858 54 25 göra

184 890 120 27 umbärliga
320 890 40 21 och
378 889 72 28 aflyfta
465 890 65 21 andra
544 889 128 28 förefintliga
686 890 94 27 pålagor,
797 897 46 15 som
859 891 81 27 ojemnt

184 926 74 27 trycka
274 925 26 21 de
316 924 175 27 skattdragande.

251 960 33 21 De
299 959 172 27 förhoppningar,
488 965 46 15 som
549 959 91 21 sålunda
654 959 82 21 stäldes
752 960 29 26 pä
799 959 42 22 den
848 966 42 21 nya
897 960 39 21 be-

183 994 143 27 skattningen,
341 993 63 22 hafva
420 994 124 26 emellertid,
561 994 66 26 enligt
641 994 57 21 hvad
714 994 150 22 erfarenheten
871 995 64 26 visat,

182 1029 130 21 åtminstone
333 1028 106 21 härintills
461 1028 48 22 icke
531 1028 69 22 blifvit
621 1028 138 27 realiserade,
780 1029 8 21 i
804 1029 37 21 det
856 1030 33 20 att
902 1029 32 21 in-

180 1063 215 27 komstbevillningen
410 1062 94 23 hvarken
518 1063 107 27 inbringat
638 1063 124 27 påräknade
772 1063 121 22 inkomster
903 1064 31 21 el-

180 1099 32 21 ler
226 1099 8 20 i
250 1098 107 21 önskvärd
371 1097 49 22 mån
435 1097 83 28 uppfylt
531 1097 148 30 fordringarna
693 1099 28 26 på
735 1099 92 20 rättvisa
843 1099 42 21 och
893 1099 40 21 bil-

179 1133 74 27 lighet,
276 1135 23 25 ty
318 1133 7 20 i
340 1132 76 28 sjelfva
431 1132 74 22 verket
519 1132 39 21 har
573 1132 123 21 densamma
712 1133 93 21 drabbat
821 1133 26 21 de
863 1133 69 21 skatt-

180 1167 96 28 skyldige
292 1167 81 27 ganska
388 1166 85 28 ojemnt.

247 1202 58 22 Utan
326 1202 33 20 att
380 1201 8 21 i
406 1201 66 27 något
486 1201 101 22 afseende
603 1201 63 21 ställa
680 1201 100 28 kalkylen
794 1201 45 27 hög
853 1202 78 21 beräk-

178 1237 66 21 nades
264 1236 41 22 den
320 1236 36 21 vid
372 1237 140 20 1863—1864
528 1236 60 21 årens
604 1236 104 26 landtdag
724 1236 80 26 åtagna
819 1236 112 22 bevillnin-

178 1277 41 21 gen
233 1270 54 21 böra
300 1269 99 27 inbringa
414 1275 26 15 en
454 1269 155 21 nettoinkomst
620 1269 23 21 af
649 1269 97 27 omkring
754 1276 26 14 en
788 1270 73 21 millon
869 1270 61 21 mark

178 1312 34 14 om
235 1304 51 22 året.
316 1303 182 27 Räkenskaperna
513 1303 57 22 öfver
592 1303 211 27 bevillningsmedlen
824 1304 105 27 uppdebi-

176 1342 48 19 tera
246 1339 55 22 dock
322 1338 34 22 för
376 1338 50 22 åren
447 1339 139 20 1865—1872
601 1338 73 22 brutto
690 1338 77 22 endast
781 1338 94 28 följande
891 1339 37 22 be-

175 1375 61 27 lopp:

242 1453 203 23 Bevillningsutskottets
460 1452 113 18 betänkande
588 1451 35 19 N:o
638 1450 20 20 3.
