1059 1703
295 130 80 23 Ständ.
390 131 38 23 Sv.
443 144 27 4 —
485 132 70 27 Prop.
571 132 46 22 N:o:
626 131 38 22 30.
799 131 25 21 21

425 200 128 29 Kapitlet
566 200 40 23 IV.

388 240 104 21 Särskilda
508 240 138 21 föreskrifter.

488 297 14 25 8
517 296 34 21 35.

247 335 139 28 Bevillnings-
407 336 39 21 och
468 335 244 29 pröfningskomit6ernas
732 334 122 23 ordförande

181 369 39 22 och
241 369 115 22 ledamöter
374 369 80 29 åtnjuta
468 370 8 21 i
490 370 39 21 och
548 369 32 22 för
593 369 123 29 utöfningen
731 369 23 22 af
766 369 45 21 sina
825 377 31 13 er-

181 403 70 22 hållna
266 403 93 29 uppdrag
374 404 108 21 enahanda
496 404 68 28 skydd
574 405 38 21 och
622 403 102 33 säkerhet,
735 411 44 14 som
788 403 66 22 landt-

182 437 97 29 dagsmän
294 443 34 16 äro
342 437 158 23 tillförsäkrade.

488 502 14 25 8
516 502 34 21 36.

248 540 34 22 Af
292 540 203 29 bevillningskomit6
504 540 117 22 behandlad
630 540 182 29 bevillningsfräga
821 540 35 22 mä

181 574 47 22 icke
242 574 8 22 i
264 574 52 29 följd
338 574 23 22 af
380 574 59 29 gjord
457 575 139 28 anmärkning
614 575 50 21 eller
684 574 85 22 anförda
782 575 74 21 besvär

184 609 50 21 eller
248 609 22 21 af
281 608 68 29 nägon
359 609 117 28 anledning,
487 609 132 22 äterförvisas
627 609 33 22 till
670 609 87 28 förnyad
767 608 89 22 behand-

182 642 44 29 ling
245 642 36 22 vid
299 643 98 21 komiten.
427 642 26 29 Ej
472 643 66 22 heller
552 643 32 21 får
598 642 67 29 någon
679 642 177 29 förklaringsskyl-

184 676 71 29 dighet
268 677 96 22 bemälde
379 677 77 22 komité
472 678 22 21 af
506 677 200 29 pröfningskomit6n
720 677 87 29 åläggas.

490 741 14 26 8
519 741 34 21 37.

251 779 161 23 Guvernörerne
432 788 37 20 ega
488 780 22 22 af
523 780 32 22 till
570 780 100 22 ränteriet
684 780 88 22 influtna
785 779 71 22 bevill-

182 814 130 28 ningsmedel
326 814 116 21 utanordna
457 814 18 29 ej
491 815 82 21 mindre
588 815 37 21 här
639 814 106 22 ofvanföre
760 814 96 28 stadgade

183 848 143 28 ersättningar,
342 848 64 21 sedan
420 848 32 21 för
466 848 72 29 hvarje
554 849 77 21 komitö
640 856 120 21 gemensam
770 848 88 29 räkning

182 890 75 21 genom
271 882 165 22 kronoombudet
450 883 117 25 inkommit,
583 887 26 18 än
623 882 61 22 äfven
699 882 114 22 kostnaden
826 882 32 21 för

182 916 112 29 tryckning
314 917 23 20 af
358 917 24 20 de
406 917 117 22 blanketter
541 917 33 21 till
594 916 210 29 bevillningslängder
818 917 39 21 och

182 951 144 28 sammandrag
345 950 62 26 deraf,
428 951 100 21 hvarmed
544 951 153 22 vederbörande
712 951 58 22 skola
783 958 75 21 genom

184 985 171 22 Guvernörernes
369 985 78 29 försorg
461 985 70 22 förses.

492 1049 14 25 8
521 1048 34 22 38.

250 1087 73 22 Under
333 1087 244 29 kronoräkenskapernes
587 1087 127 29 granskning
724 1087 35 21 må
766 1087 93 21 anmärk-

183 1121 74 28 ningar
271 1121 47 22 icke
332 1125 60 25 göras
405 1123 44 20 mot
460 1121 24 22 de
494 1122 133 28 bevillnings-
638 1121 38 22 och
686 1121 173 29 inkomstbelopp,

184 1163 45 14 som
244 1155 132 28 bevillnings-
390 1156 38 21 och
442 1155 237 30 pröfningskomitéerna
693 1155 103 26 fastställt,
810 1155 51 21 eller

184 1192 56 20 emot
256 1190 25 21 de
296 1189 24 22 af
331 1190 95 21 bemälde
440 1190 101 23 komitéer
556 1190 32 21 för
602 1189 62 30 öfrigt
678 1190 98 27 vidtagna
786 1190 73 21 beslut.

493 1253 14 27 8
522 1253 34 22 39.

252 1292 98 30 Uppstår,
366 1293 32 22 till
412 1292 52 29 följd
478 1293 23 22 af
513 1293 114 22 uraktlåtet
641 1292 130 29 fullgörande
786 1292 23 22 af
818 1291 44 23 de
850 1287 15 39 i

184 1327 70 22 denna
272 1327 122 28 författning
412 1327 121 22 meddelade.
548 1327 130 21 föreskrifter
692 1327 51 21 eller
757 1327 23 21 af
792 1335 69 13 annan

184 1361 67 25 orsak,
270 1361 58 28 fråga
343 1368 34 14 om
391 1361 133 28 tillämpning
538 1361 24 21 af
574 1361 69 21 deruti
657 1361 97 27 stadgade
769 1361 93 21 bötesan-

185 1403 53 18 svar,
254 1395 53 21 skall
322 1394 23 22 af
357 1394 154 22 vederbörande
525 1394 79 22 komité
614 1394 97 22 anmälan
721 1394 71 22 derom
801 1398 60 24 göras

185 1430 38 22 hos
237 1430 156 28 länestyrelsen,
409 1437 44 14 som
468 1430 52 22 efter
535 1429 97 29 pröfning
646 1429 23 22 af
676 1429 76 23 härvid
761 1429 102 22 förekom-

186 1465 75 22 mande
280 1464 149 26 förhållanden,
448 1464 107 22 förordnar
570 1472 34 14 om
617 1464 122 29 uttagandet
754 1464 23 21 af
790 1464 24 21 de
829 1464 33 21 bö-
