<?xml version="1.0" encoding="UTF-8"?>
<alto xmlns="http://www.loc.gov/standards/alto/ns-v3#" xmlns:xlink="http://www.w3.org/1999/xlink" xmlns:xsi="http://www.w3.org/2001/XMLSchema-instance" xsi:schemaLocation="http://www.loc.gov/standards/alto/ns-v3# http://www.loc.gov/alto/v3/alto-3-0.xsd">
	<Description>
		<MeasurementUnit>pixel</MeasurementUnit>
		<sourceImageInformation>
			<fileName>/tmp/tess_ck757x2b_input.PNG</fileName>
		</sourceImageInformation>
		<OCRProcessing ID="OCR_0">
			<ocrProcessingStep>
				<processingSoftware>
					<softwareName>tesseract 5.3.4</softwareName>
				</processingSoftware>
			</ocrProcessingStep>
		</OCRProcessing>
	</Description>
	<Layout>
		<Page WIDTH="1039" HEIGHT="1714" PHYSICAL_IMG_NR="0" ID="page_0">
			<PrintSpace HPOS="0" VPOS="0" WIDTH="1039" HEIGHT="1714">
				<ComposedBlock ID="cblock_0" HPOS="264" VPOS="136" WIDTH="504" HEIGHT="28">
					<TextBlock ID="block_0" HPOS="264" VPOS="136" WIDTH="504" HEIGHT="28">
						<TextLine ID="line_0" HPOS="264" VPOS="136" WIDTH="504" HEIGHT="28">
							<String ID="string_0" HPOS="264" VPOS="136" WIDTH="25" HEIGHT="20" WC="0.96" CONTENT="12"/><SP WIDTH="162" VPOS="136" HPOS="289"/>
							<String ID="string_1" HPOS="451" VPOS="136" WIDTH="29" HEIGHT="22" WC="0.93" CONTENT="U."/><SP WIDTH="15" VPOS="136" HPOS="480"/>
							<String ID="string_2" HPOS="495" VPOS="136" WIDTH="29" HEIGHT="22" WC="0.92" CONTENT="B."/><SP WIDTH="15" VPOS="136" HPOS="524"/>
							<String ID="string_3" HPOS="539" VPOS="150" WIDTH="27" HEIGHT="4" WC="0.92" CONTENT="—"/><SP WIDTH="15" VPOS="150" HPOS="566"/>
							<String ID="string_4" HPOS="581" VPOS="137" WIDTH="74" HEIGHT="27" WC="0.96" CONTENT="Prop."/><SP WIDTH="15" VPOS="137" HPOS="655"/>
							<String ID="string_5" HPOS="670" VPOS="136" WIDTH="46" HEIGHT="22" WC="0.96" CONTENT="N:o"/><SP WIDTH="16" VPOS="136" HPOS="716"/>
							<String ID="string_6" HPOS="732" VPOS="136" WIDTH="36" HEIGHT="22" WC="0.96" CONTENT="26."/>
						</TextLine>
					</TextBlock>
				</ComposedBlock>
				<ComposedBlock ID="cblock_1" HPOS="228" VPOS="202" WIDTH="756" HEIGHT="720">
					<TextBlock ID="block_1" HPOS="232" VPOS="202" WIDTH="749" HEIGHT="271">
						<TextLine ID="line_1" HPOS="233" VPOS="202" WIDTH="747" HEIGHT="30">
							<String ID="string_7" HPOS="233" VPOS="204" WIDTH="33" HEIGHT="21" WC="0.96" CONTENT="för"/><SP WIDTH="19" VPOS="204" HPOS="266"/>
							<String ID="string_8" HPOS="285" VPOS="204" WIDTH="69" HEIGHT="22" WC="0.92" CONTENT="denna"/><SP WIDTH="17" VPOS="204" HPOS="354"/>
							<String ID="string_9" HPOS="371" VPOS="204" WIDTH="78" HEIGHT="22" WC="0.92" CONTENT="bandel"/><SP WIDTH="20" VPOS="204" HPOS="449"/>
							<String ID="string_10" HPOS="469" VPOS="212" WIDTH="25" HEIGHT="14" WC="0.93" CONTENT="en"/><SP WIDTH="16" VPOS="212" HPOS="494"/>
							<String ID="string_11" HPOS="510" VPOS="204" WIDTH="123" HEIGHT="28" WC="0.92" CONTENT="folkmängd"/><SP WIDTH="15" VPOS="204" HPOS="633"/>
							<String ID="string_12" HPOS="648" VPOS="204" WIDTH="24" HEIGHT="22" WC="0.97" CONTENT="af"/><SP WIDTH="14" VPOS="204" HPOS="672"/>
							<String ID="string_13" HPOS="686" VPOS="206" WIDTH="45" HEIGHT="24" WC="0.96" CONTENT="17,9"/><SP WIDTH="15" VPOS="206" HPOS="731"/>
							<String ID="string_14" HPOS="746" VPOS="210" WIDTH="103" HEIGHT="21" WC="0.96" CONTENT="personer"/><SP WIDTH="15" VPOS="210" HPOS="849"/>
							<String ID="string_15" HPOS="864" VPOS="202" WIDTH="29" HEIGHT="28" WC="0.92" CONTENT="pä"/><SP WIDTH="15" VPOS="202" HPOS="893"/>
							<String ID="string_16" HPOS="908" VPOS="203" WIDTH="72" HEIGHT="27" WC="0.91" CONTENT="hvarje"/>
						</TextLine>
						<TextLine ID="line_2" HPOS="232" VPOS="238" WIDTH="748" HEIGHT="28">
							<String ID="string_17" HPOS="232" VPOS="238" WIDTH="90" HEIGHT="27" WC="0.91" CONTENT="gvadrat"/><SP WIDTH="15" VPOS="238" HPOS="322"/>
							<String ID="string_18" HPOS="337" VPOS="240" WIDTH="55" HEIGHT="20" WC="0.93" CONTENT="verst"/><SP WIDTH="14" VPOS="240" HPOS="392"/>
							<String ID="string_19" HPOS="406" VPOS="239" WIDTH="8" HEIGHT="21" WC="0.93" CONTENT="i"/><SP WIDTH="16" VPOS="239" HPOS="414"/>
							<String ID="string_20" HPOS="430" VPOS="239" WIDTH="73" HEIGHT="21" WC="0.92" CONTENT="stället"/><SP WIDTH="15" VPOS="239" HPOS="503"/>
							<String ID="string_21" HPOS="518" VPOS="239" WIDTH="34" HEIGHT="21" WC="0.96" CONTENT="för"/><SP WIDTH="16" VPOS="239" HPOS="552"/>
							<String ID="string_22" HPOS="568" VPOS="240" WIDTH="44" HEIGHT="24" WC="0.95" CONTENT="13,7"/><SP WIDTH="16" VPOS="240" HPOS="612"/>
							<String ID="string_23" HPOS="628" VPOS="246" WIDTH="108" HEIGHT="20" WC="0.93" CONTENT="personer,"/><SP WIDTH="16" VPOS="246" HPOS="736"/>
							<String ID="string_24" HPOS="752" VPOS="238" WIDTH="72" HEIGHT="22" WC="0.93" CONTENT="hvilka"/><SP WIDTH="15" VPOS="238" HPOS="824"/>
							<String ID="string_25" HPOS="839" VPOS="238" WIDTH="93" HEIGHT="21" WC="0.92" CONTENT="tabellen"/><SP WIDTH="12" VPOS="238" HPOS="932"/>
							<String ID="string_26" HPOS="944" VPOS="244" WIDTH="36" HEIGHT="14" WC="0.93" CONTENT="an-"/>
						</TextLine>
						<TextLine ID="line_3" HPOS="233" VPOS="272" WIDTH="747" HEIGHT="29">
							<String ID="string_27" HPOS="233" VPOS="272" WIDTH="74" HEIGHT="28" WC="0.92" CONTENT="gifver."/><SP WIDTH="33" VPOS="272" HPOS="307"/>
							<String ID="string_28" HPOS="340" VPOS="272" WIDTH="33" HEIGHT="22" WC="0.94" CONTENT="En"/><SP WIDTH="21" VPOS="272" HPOS="373"/>
							<String ID="string_29" HPOS="394" VPOS="274" WIDTH="92" HEIGHT="21" WC="0.93" CONTENT="särskild"/><SP WIDTH="22" VPOS="274" HPOS="486"/>
							<String ID="string_30" HPOS="508" VPOS="274" WIDTH="163" HEIGHT="27" WC="0.92" CONTENT="omständighet,"/><SP WIDTH="23" VPOS="274" HPOS="671"/>
							<String ID="string_31" HPOS="694" VPOS="280" WIDTH="45" HEIGHT="14" WC="0.96" CONTENT="som"/><SP WIDTH="23" VPOS="280" HPOS="739"/>
							<String ID="string_32" HPOS="762" VPOS="273" WIDTH="40" HEIGHT="21" WC="0.92" CONTENT="här"/><SP WIDTH="22" VPOS="273" HPOS="802"/>
							<String ID="string_33" HPOS="824" VPOS="272" WIDTH="100" HEIGHT="28" WC="0.92" CONTENT="slutligen"/><SP WIDTH="17" VPOS="272" HPOS="924"/>
							<String ID="string_34" HPOS="941" VPOS="272" WIDTH="39" HEIGHT="21" WC="0.96" CONTENT="bör"/>
						</TextLine>
						<TextLine ID="line_4" HPOS="233" VPOS="306" WIDTH="748" HEIGHT="29">
							<String ID="string_35" HPOS="233" VPOS="306" WIDTH="130" HEIGHT="27" WC="0.89" CONTENT="framhällas,"/><SP WIDTH="12" VPOS="306" HPOS="363"/>
							<String ID="string_36" HPOS="375" VPOS="309" WIDTH="24" HEIGHT="20" WC="0.96" CONTENT="är"/><SP WIDTH="10" VPOS="309" HPOS="399"/>
							<String ID="string_37" HPOS="409" VPOS="310" WIDTH="33" HEIGHT="19" WC="0.93" CONTENT="att"/><SP WIDTH="10" VPOS="310" HPOS="442"/>
							<String ID="string_38" HPOS="452" VPOS="308" WIDTH="64" HEIGHT="22" WC="0.92" CONTENT="linien"/><SP WIDTH="8" VPOS="308" HPOS="516"/>
							<String ID="string_39" HPOS="524" VPOS="306" WIDTH="302" HEIGHT="29" WC="0.89" CONTENT="T:fors-Välimaa-Uleäborg,"/><SP WIDTH="8" VPOS="306" HPOS="826"/>
							<String ID="string_40" HPOS="834" VPOS="306" WIDTH="93" HEIGHT="22" WC="0.92" CONTENT="räknadt"/><SP WIDTH="6" VPOS="306" HPOS="927"/>
							<String ID="string_41" HPOS="933" VPOS="306" WIDTH="48" HEIGHT="21" WC="0.93" CONTENT="frän"/>
						</TextLine>
						<TextLine ID="line_5" HPOS="233" VPOS="340" WIDTH="748" HEIGHT="29">
							<String ID="string_42" HPOS="233" VPOS="342" WIDTH="153" HEIGHT="27" WC="0.93" CONTENT="Kankaanpää,"/><SP WIDTH="15" VPOS="342" HPOS="386"/>
							<String ID="string_43" HPOS="401" VPOS="342" WIDTH="61" HEIGHT="27" WC="0.96" CONTENT="löper"/><SP WIDTH="14" VPOS="342" HPOS="462"/>
							<String ID="string_44" HPOS="476" VPOS="342" WIDTH="43" HEIGHT="21" WC="0.96" CONTENT="fem"/><SP WIDTH="15" VPOS="342" HPOS="519"/>
							<String ID="string_45" HPOS="534" VPOS="342" WIDTH="37" HEIGHT="21" WC="0.96" CONTENT="mil"/><SP WIDTH="14" VPOS="342" HPOS="571"/>
							<String ID="string_46" HPOS="585" VPOS="343" WIDTH="54" HEIGHT="20" WC="0.96" CONTENT="nära"/><SP WIDTH="14" VPOS="343" HPOS="639"/>
							<String ID="string_47" HPOS="653" VPOS="342" WIDTH="83" HEIGHT="26" WC="0.96" CONTENT="kusten,"/><SP WIDTH="16" VPOS="342" HPOS="736"/>
							<String ID="string_48" HPOS="752" VPOS="342" WIDTH="40" HEIGHT="21" WC="0.97" CONTENT="och"/><SP WIDTH="15" VPOS="342" HPOS="792"/>
							<String ID="string_49" HPOS="807" VPOS="343" WIDTH="33" HEIGHT="19" WC="0.93" CONTENT="att"/><SP WIDTH="14" VPOS="343" HPOS="840"/>
							<String ID="string_50" HPOS="854" VPOS="340" WIDTH="82" HEIGHT="22" WC="0.93" CONTENT="således"/><SP WIDTH="14" VPOS="340" HPOS="936"/>
							<String ID="string_51" HPOS="950" VPOS="340" WIDTH="31" HEIGHT="22" WC="0.82" CONTENT="äf-"/>
						</TextLine>
						<TextLine ID="line_6" HPOS="232" VPOS="375" WIDTH="749" HEIGHT="29">
							<String ID="string_52" HPOS="232" VPOS="383" WIDTH="39" HEIGHT="14" WC="0.96" CONTENT="ven"/><SP WIDTH="18" VPOS="383" HPOS="271"/>
							<String ID="string_53" HPOS="289" VPOS="376" WIDTH="50" HEIGHT="21" WC="0.93" CONTENT="hela"/><SP WIDTH="17" VPOS="376" HPOS="339"/>
							<String ID="string_54" HPOS="356" VPOS="376" WIDTH="207" HEIGHT="28" WC="0.91" CONTENT="kustbefolkningen,"/><SP WIDTH="20" VPOS="376" HPOS="563"/>
							<String ID="string_55" HPOS="583" VPOS="384" WIDTH="46" HEIGHT="14" WC="0.96" CONTENT="som"/><SP WIDTH="18" VPOS="384" HPOS="629"/>
							<String ID="string_56" HPOS="647" VPOS="376" WIDTH="86" HEIGHT="21" WC="0.96" CONTENT="relativt"/><SP WIDTH="14" VPOS="376" HPOS="733"/>
							<String ID="string_57" HPOS="747" VPOS="377" WIDTH="25" HEIGHT="20" WC="0.96" CONTENT="är"/><SP WIDTH="19" VPOS="377" HPOS="772"/>
							<String ID="string_58" HPOS="791" VPOS="375" WIDTH="41" HEIGHT="22" WC="0.93" CONTENT="den"/><SP WIDTH="14" VPOS="375" HPOS="832"/>
							<String ID="string_59" HPOS="846" VPOS="377" WIDTH="80" HEIGHT="19" WC="0.93" CONTENT="tätaste"/><SP WIDTH="15" VPOS="377" HPOS="926"/>
							<String ID="string_60" HPOS="941" VPOS="375" WIDTH="40" HEIGHT="21" WC="0.97" CONTENT="och"/>
						</TextLine>
						<TextLine ID="line_7" HPOS="233" VPOS="409" WIDTH="747" HEIGHT="29">
							<String ID="string_61" HPOS="233" VPOS="413" WIDTH="51" HEIGHT="19" WC="0.92" CONTENT="utan"/><SP WIDTH="19" VPOS="413" HPOS="284"/>
							<String ID="string_62" HPOS="303" VPOS="410" WIDTH="71" HEIGHT="22" WC="0.92" CONTENT="tvifvel"/><SP WIDTH="17" VPOS="410" HPOS="374"/>
							<String ID="string_63" HPOS="391" VPOS="410" WIDTH="8" HEIGHT="21" WC="0.96" CONTENT="i"/><SP WIDTH="18" VPOS="410" HPOS="399"/>
							<String ID="string_64" HPOS="417" VPOS="411" WIDTH="83" HEIGHT="21" WC="0.96" CONTENT="mindre"/><SP WIDTH="15" VPOS="411" HPOS="500"/>
							<String ID="string_65" HPOS="515" VPOS="410" WIDTH="53" HEIGHT="28" WC="0.96" CONTENT="grad"/><SP WIDTH="16" VPOS="410" HPOS="568"/>
							<String ID="string_66" HPOS="584" VPOS="410" WIDTH="67" HEIGHT="22" WC="0.96" CONTENT="skulle"/><SP WIDTH="15" VPOS="410" HPOS="651"/>
							<String ID="string_67" HPOS="666" VPOS="410" WIDTH="85" HEIGHT="22" WC="0.96" CONTENT="komma"/><SP WIDTH="15" VPOS="410" HPOS="751"/>
							<String ID="string_68" HPOS="766" VPOS="412" WIDTH="32" HEIGHT="19" WC="0.93" CONTENT="att"/><SP WIDTH="14" VPOS="412" HPOS="798"/>
							<String ID="string_69" HPOS="812" VPOS="410" WIDTH="98" HEIGHT="27" WC="0.92" CONTENT="begagna"/><SP WIDTH="12" VPOS="410" HPOS="910"/>
							<String ID="string_70" HPOS="922" VPOS="409" WIDTH="58" HEIGHT="28" WC="0.93" CONTENT="jern-"/>
						</TextLine>
						<TextLine ID="line_8" HPOS="232" VPOS="444" WIDTH="706" HEIGHT="29">
							<String ID="string_71" HPOS="232" VPOS="446" WIDTH="74" HEIGHT="27" WC="0.96" CONTENT="vägen,"/><SP WIDTH="16" VPOS="446" HPOS="306"/>
							<String ID="string_72" HPOS="322" VPOS="444" WIDTH="54" HEIGHT="22" WC="0.96" CONTENT="efter"/><SP WIDTH="14" VPOS="444" HPOS="376"/>
							<String ID="string_73" HPOS="390" VPOS="445" WIDTH="41" HEIGHT="21" WC="0.97" CONTENT="den"/><SP WIDTH="15" VPOS="445" HPOS="431"/>
							<String ID="string_74" HPOS="446" VPOS="445" WIDTH="108" HEIGHT="22" WC="0.96" CONTENT="allmänna"/><SP WIDTH="15" VPOS="445" HPOS="554"/>
							<String ID="string_75" HPOS="569" VPOS="445" WIDTH="79" HEIGHT="28" WC="0.93" CONTENT="planen"/><SP WIDTH="14" VPOS="445" HPOS="648"/>
							<String ID="string_76" HPOS="662" VPOS="444" WIDTH="114" HEIGHT="28" WC="0.92" CONTENT="medtagits"/><SP WIDTH="15" VPOS="444" HPOS="776"/>
							<String ID="string_77" HPOS="791" VPOS="444" WIDTH="8" HEIGHT="21" WC="0.93" CONTENT="i"/><SP WIDTH="14" VPOS="444" HPOS="799"/>
							<String ID="string_78" HPOS="813" VPOS="444" WIDTH="125" HEIGHT="28" WC="0.92" CONTENT="beräkning."/>
						</TextLine>
					</TextBlock>
					<TextBlock ID="block_2" HPOS="228" VPOS="478" WIDTH="756" HEIGHT="444">
						<TextLine ID="line_9" HPOS="299" VPOS="478" WIDTH="683" HEIGHT="30">
							<String ID="string_79" HPOS="299" VPOS="479" WIDTH="44" HEIGHT="22" WC="0.96" CONTENT="För"/><SP WIDTH="18" VPOS="479" HPOS="343"/>
							<String ID="string_80" HPOS="361" VPOS="481" WIDTH="31" HEIGHT="20" WC="0.96" CONTENT="att"/><SP WIDTH="18" VPOS="481" HPOS="392"/>
							<String ID="string_81" HPOS="410" VPOS="480" WIDTH="73" HEIGHT="21" WC="0.96" CONTENT="kunna"/><SP WIDTH="17" VPOS="480" HPOS="483"/>
							<String ID="string_82" HPOS="500" VPOS="478" WIDTH="29" HEIGHT="29" WC="0.93" CONTENT="pä"/><SP WIDTH="17" VPOS="478" HPOS="529"/>
							<String ID="string_83" HPOS="546" VPOS="478" WIDTH="67" HEIGHT="30" WC="0.92" CONTENT="nägot"/><SP WIDTH="18" VPOS="478" HPOS="613"/>
							<String ID="string_84" HPOS="631" VPOS="480" WIDTH="43" HEIGHT="20" WC="0.96" CONTENT="sätt"/><SP WIDTH="18" VPOS="480" HPOS="674"/>
							<String ID="string_85" HPOS="692" VPOS="480" WIDTH="54" HEIGHT="27" WC="0.93" CONTENT="göra"/><SP WIDTH="14" VPOS="480" HPOS="746"/>
							<String ID="string_86" HPOS="760" VPOS="478" WIDTH="112" HEIGHT="28" WC="0.89" CONTENT="äskädligt,"/><SP WIDTH="20" VPOS="478" HPOS="872"/>
							<String ID="string_87" HPOS="892" VPOS="486" WIDTH="35" HEIGHT="14" WC="0.96" CONTENT="om"/><SP WIDTH="15" VPOS="486" HPOS="927"/>
							<String ID="string_88" HPOS="942" VPOS="479" WIDTH="40" HEIGHT="21" WC="0.95" CONTENT="och"/>
						</TextLine>
						<TextLine ID="line_10" HPOS="232" VPOS="512" WIDTH="750" HEIGHT="30">
							<String ID="string_89" HPOS="232" VPOS="514" WIDTH="7" HEIGHT="21" WC="0.93" CONTENT="i"/><SP WIDTH="15" VPOS="514" HPOS="239"/>
							<String ID="string_90" HPOS="254" VPOS="514" WIDTH="56" HEIGHT="22" WC="0.93" CONTENT="hvad"/><SP WIDTH="19" VPOS="514" HPOS="310"/>
							<String ID="string_91" HPOS="329" VPOS="513" WIDTH="49" HEIGHT="23" WC="0.93" CONTENT="män"/><SP WIDTH="17" VPOS="513" HPOS="378"/>
							<String ID="string_92" HPOS="395" VPOS="514" WIDTH="85" HEIGHT="22" WC="0.92" CONTENT="landets"/><SP WIDTH="18" VPOS="514" HPOS="480"/>
							<String ID="string_93" HPOS="498" VPOS="514" WIDTH="229" HEIGHT="28" WC="0.92" CONTENT="förmögenhetsvilkor"/><SP WIDTH="15" VPOS="514" HPOS="727"/>
							<String ID="string_94" HPOS="742" VPOS="512" WIDTH="70" HEIGHT="23" WC="0.92" CONTENT="förmä"/><SP WIDTH="13" VPOS="512" HPOS="812"/>
							<String ID="string_95" HPOS="825" VPOS="514" WIDTH="101" HEIGHT="26" WC="0.91" CONTENT="uppbära"/><SP WIDTH="14" VPOS="514" HPOS="926"/>
							<String ID="string_96" HPOS="940" VPOS="520" WIDTH="42" HEIGHT="21" WC="0.96" CONTENT="nya"/>
						</TextLine>
						<TextLine ID="line_11" HPOS="228" VPOS="548" WIDTH="754" HEIGHT="29">
							<String ID="string_97" HPOS="228" VPOS="549" WIDTH="192" HEIGHT="28" WC="0.73" CONTENT="jernvägsföretag,"/><SP WIDTH="20" VPOS="549" HPOS="420"/>
							<String ID="string_98" HPOS="440" VPOS="549" WIDTH="40" HEIGHT="21" WC="0.92" CONTENT="har"/><SP WIDTH="23" VPOS="549" HPOS="480"/>
							<String ID="string_99" HPOS="503" VPOS="549" WIDTH="111" HEIGHT="22" WC="0.95" CONTENT="Utskottet"/><SP WIDTH="20" VPOS="549" HPOS="614"/>
							<String ID="string_100" HPOS="634" VPOS="549" WIDTH="32" HEIGHT="20" WC="0.96" CONTENT="uti"/><SP WIDTH="18" VPOS="549" HPOS="666"/>
							<String ID="string_101" HPOS="684" VPOS="548" WIDTH="94" HEIGHT="22" WC="0.96" CONTENT="tabellen"/><SP WIDTH="18" VPOS="548" HPOS="778"/>
							<String ID="string_102" HPOS="796" VPOS="548" WIDTH="62" HEIGHT="22" WC="0.93" CONTENT="äfven"/><SP WIDTH="18" VPOS="548" HPOS="858"/>
							<String ID="string_103" HPOS="876" VPOS="548" WIDTH="106" HEIGHT="28" WC="0.70" CONTENT="uppgifvit"/>
						</TextLine>
						<TextLine ID="line_12" HPOS="232" VPOS="583" WIDTH="750" HEIGHT="28">
							<String ID="string_104" HPOS="232" VPOS="584" WIDTH="55" HEIGHT="21" WC="0.96" CONTENT="huru"/><SP WIDTH="18" VPOS="584" HPOS="287"/>
							<String ID="string_105" HPOS="305" VPOS="583" WIDTH="78" HEIGHT="28" WC="0.96" CONTENT="många"/><SP WIDTH="18" VPOS="583" HPOS="383"/>
							<String ID="string_106" HPOS="401" VPOS="591" WIDTH="103" HEIGHT="20" WC="0.96" CONTENT="personer"/><SP WIDTH="15" VPOS="591" HPOS="504"/>
							<String ID="string_107" HPOS="519" VPOS="583" WIDTH="24" HEIGHT="22" WC="0.96" CONTENT="af"/><SP WIDTH="13" VPOS="583" HPOS="543"/>
							<String ID="string_108" HPOS="556" VPOS="583" WIDTH="48" HEIGHT="22" WC="0.96" CONTENT="hela"/><SP WIDTH="14" VPOS="583" HPOS="604"/>
							<String ID="string_109" HPOS="618" VPOS="583" WIDTH="154" HEIGHT="28" WC="0.96" CONTENT="folkmängden"/><SP WIDTH="15" VPOS="583" HPOS="772"/>
							<String ID="string_110" HPOS="787" VPOS="583" WIDTH="34" HEIGHT="22" WC="0.96" CONTENT="för"/><SP WIDTH="15" VPOS="583" HPOS="821"/>
							<String ID="string_111" HPOS="836" VPOS="583" WIDTH="74" HEIGHT="27" WC="0.96" CONTENT="hvarje"/><SP WIDTH="14" VPOS="583" HPOS="910"/>
							<String ID="string_112" HPOS="924" VPOS="583" WIDTH="58" HEIGHT="22" WC="0.95" CONTENT="bana"/>
						</TextLine>
						<TextLine ID="line_13" HPOS="233" VPOS="615" WIDTH="749" HEIGHT="31">
							<String ID="string_113" HPOS="233" VPOS="618" WIDTH="24" HEIGHT="22" WC="0.95" CONTENT="år"/><SP WIDTH="20" VPOS="618" HPOS="257"/>
							<String ID="string_114" HPOS="277" VPOS="620" WIDTH="54" HEIGHT="20" WC="0.95" CONTENT="1870"/><SP WIDTH="19" VPOS="620" HPOS="331"/>
							<String ID="string_115" HPOS="350" VPOS="619" WIDTH="69" HEIGHT="27" WC="0.93" CONTENT="erlagt"/><SP WIDTH="18" VPOS="619" HPOS="419"/>
							<String ID="string_116" HPOS="437" VPOS="619" WIDTH="121" HEIGHT="27" WC="0.90" CONTENT="bevillning."/><SP WIDTH="32" VPOS="619" HPOS="558"/>
							<String ID="string_117" HPOS="590" VPOS="619" WIDTH="42" HEIGHT="20" WC="0.95" CONTENT="Det"/><SP WIDTH="18" VPOS="619" HPOS="632"/>
							<String ID="string_118" HPOS="650" VPOS="618" WIDTH="62" HEIGHT="21" WC="0.96" CONTENT="torde"/><SP WIDTH="18" VPOS="618" HPOS="712"/>
							<String ID="string_119" HPOS="730" VPOS="625" WIDTH="53" HEIGHT="14" WC="0.93" CONTENT="vara"/><SP WIDTH="18" VPOS="625" HPOS="783"/>
							<String ID="string_120" HPOS="801" VPOS="615" WIDTH="135" HEIGHT="30" WC="0.92" CONTENT="obestridligt"/><SP WIDTH="14" VPOS="615" HPOS="936"/>
							<String ID="string_121" HPOS="950" VPOS="620" WIDTH="32" HEIGHT="19" WC="0.96" CONTENT="att"/>
						</TextLine>
						<TextLine ID="line_14" HPOS="232" VPOS="652" WIDTH="750" HEIGHT="29">
							<String ID="string_122" HPOS="232" VPOS="653" WIDTH="153" HEIGHT="28" WC="0.91" CONTENT="bevillningens"/><SP WIDTH="17" VPOS="653" HPOS="385"/>
							<String ID="string_123" HPOS="402" VPOS="653" WIDTH="116" HEIGHT="21" WC="0.92" CONTENT="resultater"/><SP WIDTH="14" VPOS="653" HPOS="518"/>
							<String ID="string_124" HPOS="532" VPOS="653" WIDTH="46" HEIGHT="21" WC="0.96" CONTENT="icke"/><SP WIDTH="19" VPOS="653" HPOS="578"/>
							<String ID="string_125" HPOS="597" VPOS="654" WIDTH="108" HEIGHT="20" WC="0.96" CONTENT="motsvara"/><SP WIDTH="19" VPOS="654" HPOS="705"/>
							<String ID="string_126" HPOS="724" VPOS="652" WIDTH="83" HEIGHT="21" WC="0.96" CONTENT="landets"/><SP WIDTH="19" VPOS="652" HPOS="807"/>
							<String ID="string_127" HPOS="826" VPOS="652" WIDTH="95" HEIGHT="28" WC="0.92" CONTENT="verkliga"/><SP WIDTH="19" VPOS="652" HPOS="921"/>
							<String ID="string_128" HPOS="940" VPOS="652" WIDTH="42" HEIGHT="21" WC="0.91" CONTENT="till-"/>
						</TextLine>
						<TextLine ID="line_15" HPOS="233" VPOS="686" WIDTH="749" HEIGHT="29">
							<String ID="string_129" HPOS="233" VPOS="687" WIDTH="87" HEIGHT="28" WC="0.88" CONTENT="gångar."/><SP WIDTH="30" VPOS="687" HPOS="320"/>
							<String ID="string_130" HPOS="350" VPOS="686" WIDTH="196" HEIGHT="23" WC="0.88" CONTENT="Missförhållandet"/><SP WIDTH="22" VPOS="686" HPOS="546"/>
							<String ID="string_131" HPOS="568" VPOS="694" WIDTH="62" HEIGHT="21" WC="0.95" CONTENT="synes"/><SP WIDTH="21" VPOS="694" HPOS="630"/>
							<String ID="string_132" HPOS="651" VPOS="687" WIDTH="65" HEIGHT="21" WC="0.95" CONTENT="hafva"/><SP WIDTH="18" VPOS="687" HPOS="716"/>
							<String ID="string_133" HPOS="734" VPOS="687" WIDTH="72" HEIGHT="21" WC="0.96" CONTENT="berott"/><SP WIDTH="18" VPOS="687" HPOS="806"/>
							<String ID="string_134" HPOS="824" VPOS="687" WIDTH="64" HEIGHT="21" WC="0.96" CONTENT="deraf"/><SP WIDTH="16" VPOS="687" HPOS="888"/>
							<String ID="string_135" HPOS="904" VPOS="688" WIDTH="33" HEIGHT="20" WC="0.96" CONTENT="att"/><SP WIDTH="19" VPOS="688" HPOS="937"/>
							<String ID="string_136" HPOS="956" VPOS="686" WIDTH="26" HEIGHT="21" WC="0.96" CONTENT="de"/>
						</TextLine>
						<TextLine ID="line_16" HPOS="232" VPOS="721" WIDTH="750" HEIGHT="28">
							<String ID="string_137" HPOS="232" VPOS="722" WIDTH="137" HEIGHT="27" WC="0.91" CONTENT="förmögnare"/><SP WIDTH="13" VPOS="722" HPOS="369"/>
							<String ID="string_138" HPOS="382" VPOS="721" WIDTH="70" HEIGHT="22" WC="0.96" CONTENT="blifvit"/><SP WIDTH="14" VPOS="721" HPOS="452"/>
							<String ID="string_139" HPOS="466" VPOS="722" WIDTH="35" HEIGHT="21" WC="0.96" CONTENT="för"/><SP WIDTH="15" VPOS="722" HPOS="501"/>
							<String ID="string_140" HPOS="516" VPOS="721" WIDTH="45" HEIGHT="28" WC="0.93" CONTENT="lågt"/><SP WIDTH="15" VPOS="721" HPOS="561"/>
							<String ID="string_141" HPOS="576" VPOS="721" WIDTH="126" HEIGHT="22" WC="0.92" CONTENT="beskattade"/><SP WIDTH="15" VPOS="721" HPOS="702"/>
							<String ID="string_142" HPOS="717" VPOS="721" WIDTH="40" HEIGHT="22" WC="0.95" CONTENT="och"/><SP WIDTH="16" VPOS="721" HPOS="757"/>
							<String ID="string_143" HPOS="773" VPOS="723" WIDTH="33" HEIGHT="20" WC="0.96" CONTENT="att"/><SP WIDTH="14" VPOS="723" HPOS="806"/>
							<String ID="string_144" HPOS="820" VPOS="721" WIDTH="68" HEIGHT="22" WC="0.95" CONTENT="andra"/><SP WIDTH="10" VPOS="721" HPOS="888"/>
							<String ID="string_145" HPOS="898" VPOS="721" WIDTH="84" HEIGHT="22" WC="0.95" CONTENT="mindre"/>
						</TextLine>
						<TextLine ID="line_17" HPOS="232" VPOS="755" WIDTH="751" HEIGHT="29">
							<String ID="string_146" HPOS="232" VPOS="756" WIDTH="132" HEIGHT="26" WC="0.96" CONTENT="bemedlade,"/><SP WIDTH="19" VPOS="756" HPOS="364"/>
							<String ID="string_147" HPOS="383" VPOS="763" WIDTH="45" HEIGHT="14" WC="0.96" CONTENT="som"/><SP WIDTH="20" VPOS="763" HPOS="428"/>
							<String ID="string_148" HPOS="448" VPOS="757" WIDTH="54" HEIGHT="21" WC="0.93" CONTENT="dock"/><SP WIDTH="18" VPOS="757" HPOS="502"/>
							<String ID="string_149" HPOS="520" VPOS="756" WIDTH="64" HEIGHT="22" WC="0.92" CONTENT="bordt"/><SP WIDTH="15" VPOS="756" HPOS="584"/>
							<String ID="string_150" HPOS="599" VPOS="756" WIDTH="40" HEIGHT="21" WC="0.96" CONTENT="och"/><SP WIDTH="15" VPOS="756" HPOS="639"/>
							<String ID="string_151" HPOS="654" VPOS="756" WIDTH="82" HEIGHT="21" WC="0.96" CONTENT="kunnat"/><SP WIDTH="15" VPOS="756" HPOS="736"/>
							<String ID="string_152" HPOS="751" VPOS="755" WIDTH="88" HEIGHT="29" WC="0.96" CONTENT="erlägga"/><SP WIDTH="15" VPOS="755" HPOS="839"/>
							<String ID="string_153" HPOS="854" VPOS="755" WIDTH="35" HEIGHT="22" WC="0.96" CONTENT="det"/><SP WIDTH="15" VPOS="755" HPOS="889"/>
							<String ID="string_154" HPOS="904" VPOS="756" WIDTH="79" HEIGHT="21" WC="0.96" CONTENT="minsta"/>
						</TextLine>
						<TextLine ID="line_18" HPOS="232" VPOS="790" WIDTH="750" HEIGHT="29">
							<String ID="string_155" HPOS="232" VPOS="791" WIDTH="101" HEIGHT="28" WC="0.96" CONTENT="beloppet"/><SP WIDTH="19" VPOS="791" HPOS="333"/>
							<String ID="string_156" HPOS="352" VPOS="791" WIDTH="50" HEIGHT="21" WC="0.96" CONTENT="eller"/><SP WIDTH="20" VPOS="791" HPOS="402"/>
							<String ID="string_157" HPOS="422" VPOS="792" WIDTH="26" HEIGHT="20" WC="0.96" CONTENT="80"/><SP WIDTH="19" VPOS="792" HPOS="448"/>
							<String ID="string_158" HPOS="467" VPOS="791" WIDTH="71" HEIGHT="28" WC="0.93" CONTENT="penni,"/><SP WIDTH="19" VPOS="791" HPOS="538"/>
							<String ID="string_159" HPOS="557" VPOS="791" WIDTH="70" HEIGHT="21" WC="0.96" CONTENT="blifvit"/><SP WIDTH="18" VPOS="791" HPOS="627"/>
							<String ID="string_160" HPOS="645" VPOS="790" WIDTH="48" HEIGHT="21" WC="0.85" CONTENT="från"/><SP WIDTH="19" VPOS="790" HPOS="693"/>
							<String ID="string_161" HPOS="712" VPOS="790" WIDTH="270" HEIGHT="28" WC="0.85" CONTENT="betalningsskyldigheten"/>
						</TextLine>
						<TextLine ID="line_19" HPOS="232" VPOS="824" WIDTH="750" HEIGHT="29">
							<String ID="string_162" HPOS="232" VPOS="826" WIDTH="99" HEIGHT="27" WC="0.90" CONTENT="fritagna."/><SP WIDTH="31" VPOS="826" HPOS="331"/>
							<String ID="string_163" HPOS="362" VPOS="825" WIDTH="28" HEIGHT="21" WC="0.95" CONTENT="Af"/><SP WIDTH="21" VPOS="825" HPOS="390"/>
							<String ID="string_164" HPOS="411" VPOS="825" WIDTH="26" HEIGHT="22" WC="0.95" CONTENT="de"/><SP WIDTH="21" VPOS="825" HPOS="437"/>
							<String ID="string_165" HPOS="458" VPOS="826" WIDTH="32" HEIGHT="21" WC="0.95" CONTENT="uti"/><SP WIDTH="24" VPOS="826" HPOS="490"/>
							<String ID="string_166" HPOS="514" VPOS="825" WIDTH="93" HEIGHT="22" WC="0.95" CONTENT="tabellen"/><SP WIDTH="27" VPOS="825" HPOS="607"/>
							<String ID="string_167" HPOS="634" VPOS="825" WIDTH="34" HEIGHT="22" WC="0.93" CONTENT="för"/><SP WIDTH="22" VPOS="825" HPOS="668"/>
							<String ID="string_168" HPOS="690" VPOS="825" WIDTH="66" HEIGHT="28" WC="0.91" CONTENT="sagde"/><SP WIDTH="19" VPOS="825" HPOS="756"/>
							<String ID="string_169" HPOS="775" VPOS="824" WIDTH="101" HEIGHT="23" WC="0.94" CONTENT="ändamål"/><SP WIDTH="18" VPOS="824" HPOS="876"/>
							<String ID="string_170" HPOS="894" VPOS="825" WIDTH="88" HEIGHT="28" WC="0.96" CONTENT="intagna"/>
						</TextLine>
						<TextLine ID="line_20" HPOS="233" VPOS="859" WIDTH="751" HEIGHT="28">
							<String ID="string_171" HPOS="233" VPOS="860" WIDTH="71" HEIGHT="21" WC="0.96" CONTENT="siffror"/><SP WIDTH="17" VPOS="860" HPOS="304"/>
							<String ID="string_172" HPOS="321" VPOS="859" WIDTH="96" HEIGHT="28" WC="0.96" CONTENT="framgår"/><SP WIDTH="19" VPOS="859" HPOS="417"/>
							<String ID="string_173" HPOS="436" VPOS="862" WIDTH="32" HEIGHT="19" WC="0.96" CONTENT="att"/><SP WIDTH="15" VPOS="862" HPOS="468"/>
							<String ID="string_174" HPOS="483" VPOS="862" WIDTH="117" HEIGHT="25" WC="0.96" CONTENT="procenten"/><SP WIDTH="14" VPOS="862" HPOS="600"/>
							<String ID="string_175" HPOS="614" VPOS="859" WIDTH="24" HEIGHT="22" WC="0.96" CONTENT="af"/><SP WIDTH="14" VPOS="859" HPOS="638"/>
							<String ID="string_176" HPOS="652" VPOS="860" WIDTH="40" HEIGHT="21" WC="0.96" CONTENT="den"/><SP WIDTH="15" VPOS="860" HPOS="692"/>
							<String ID="string_177" HPOS="707" VPOS="859" WIDTH="131" HEIGHT="28" WC="0.96" CONTENT="befolkning,"/><SP WIDTH="14" VPOS="859" HPOS="838"/>
							<String ID="string_178" HPOS="852" VPOS="866" WIDTH="47" HEIGHT="15" WC="0.96" CONTENT="som"/><SP WIDTH="16" VPOS="866" HPOS="899"/>
							<String ID="string_179" HPOS="915" VPOS="859" WIDTH="69" HEIGHT="28" WC="0.96" CONTENT="erlagt"/>
						</TextLine>
						<TextLine ID="line_21" HPOS="233" VPOS="895" WIDTH="207" HEIGHT="27">
							<String ID="string_180" HPOS="233" VPOS="895" WIDTH="120" HEIGHT="27" WC="0.89" CONTENT="bevillning."/><SP WIDTH="16" VPOS="895" HPOS="353"/>
							<String ID="string_181" HPOS="369" VPOS="895" WIDTH="71" HEIGHT="27" WC="0.96" CONTENT="utgör:"/>
						</TextLine>
					</TextBlock>
				</ComposedBlock>
				<ComposedBlock ID="cblock_2" HPOS="260" VPOS="963" WIDTH="694" HEIGHT="338">
					<TextBlock ID="block_3" HPOS="260" VPOS="963" WIDTH="694" HEIGHT="336">
						<TextLine ID="line_22" HPOS="260" VPOS="963" WIDTH="694" HEIGHT="27">
							<String ID="string_182" HPOS="260" VPOS="964" WIDTH="34" HEIGHT="21" WC="0.93" CONTENT="för"/><SP WIDTH="14" VPOS="964" HPOS="294"/>
							<String ID="string_183" HPOS="308" VPOS="963" WIDTH="74" HEIGHT="22" WC="0.91" CONTENT="linien:"/><SP WIDTH="15" VPOS="963" HPOS="382"/>
							<String ID="string_184" HPOS="397" VPOS="963" WIDTH="266" HEIGHT="22" WC="0.87" CONTENT="Davidstad-Nikolaistad"/><SP WIDTH="44" VPOS="963" HPOS="663"/>
							<String ID="string_185" HPOS="707" VPOS="980" WIDTH="5" HEIGHT="4" WC="0.83" CONTENT="."/><SP WIDTH="32" VPOS="980" HPOS="712"/>
							<String ID="string_186" HPOS="744" VPOS="980" WIDTH="4" HEIGHT="4" WC="0.88" CONTENT="."/><SP WIDTH="32" VPOS="980" HPOS="748"/>
							<String ID="string_187" HPOS="780" VPOS="979" WIDTH="4" HEIGHT="5" WC="0.87" CONTENT="."/><SP WIDTH="31" VPOS="979" HPOS="784"/>
							<String ID="string_188" HPOS="815" VPOS="979" WIDTH="4" HEIGHT="5" WC="0.91" CONTENT="."/><SP WIDTH="30" VPOS="979" HPOS="819"/>
							<String ID="string_189" HPOS="849" VPOS="965" WIDTH="32" HEIGHT="24" WC="0.93" CONTENT="4,9"/><SP WIDTH="15" VPOS="965" HPOS="881"/>
							<String ID="string_190" HPOS="896" VPOS="970" WIDTH="58" HEIGHT="20" WC="0.95" CONTENT="proc."/>
						</TextLine>
						<TextLine ID="line_23" HPOS="269" VPOS="998" WIDTH="661" HEIGHT="26">
							<String ID="string_191" HPOS="269" VPOS="1007" WIDTH="11" HEIGHT="11" WC="0.70" CONTENT="”"/><SP WIDTH="57" VPOS="1007" HPOS="280"/>
							<String ID="string_192" HPOS="337" VPOS="1007" WIDTH="10" HEIGHT="11" WC="0.78" CONTENT="»"/><SP WIDTH="47" VPOS="1007" HPOS="347"/>
							<String ID="string_193" HPOS="394" VPOS="998" WIDTH="178" HEIGHT="22" WC="0.57" CONTENT="—T:fors-Välimaa"/><SP WIDTH="26" VPOS="998" HPOS="572"/>
							<String ID="string_194" HPOS="598" VPOS="1014" WIDTH="4" HEIGHT="5" WC="0.86" CONTENT="."/><SP WIDTH="32" VPOS="1014" HPOS="602"/>
							<String ID="string_195" HPOS="634" VPOS="1014" WIDTH="4" HEIGHT="5" WC="0.76" CONTENT="."/><SP WIDTH="32" VPOS="1014" HPOS="638"/>
							<String ID="string_196" HPOS="670" VPOS="1014" WIDTH="4" HEIGHT="4" WC="0.24" CONTENT="so"/><SP WIDTH="32" VPOS="1014" HPOS="674"/>
							<String ID="string_197" HPOS="706" VPOS="1014" WIDTH="4" HEIGHT="4" WC="0.46" CONTENT="."/><SP WIDTH="32" VPOS="1014" HPOS="710"/>
							<String ID="string_198" HPOS="742" VPOS="1014" WIDTH="4" HEIGHT="4" WC="0.51" CONTENT="."/><SP WIDTH="31" VPOS="1014" HPOS="746"/>
							<String ID="string_199" HPOS="777" VPOS="1014" WIDTH="4" HEIGHT="5" WC="0.37" CONTENT="."/><SP WIDTH="32" VPOS="1014" HPOS="781"/>
							<String ID="string_200" HPOS="813" VPOS="1014" WIDTH="4" HEIGHT="4" WC="0.70" CONTENT="."/><SP WIDTH="30" VPOS="1014" HPOS="817"/>
							<String ID="string_201" HPOS="847" VPOS="999" WIDTH="33" HEIGHT="25" WC="0.94" CONTENT="42"/><SP WIDTH="38" VPOS="999" HPOS="880"/>
							<String ID="string_202" HPOS="918" VPOS="1007" WIDTH="12" HEIGHT="10" WC="0.85" CONTENT="»"/>
						</TextLine>
						<TextLine ID="line_24" HPOS="268" VPOS="1032" WIDTH="662" HEIGHT="28">
							<String ID="string_203" HPOS="268" VPOS="1041" WIDTH="11" HEIGHT="11" WC="0.62" CONTENT="”"/><SP WIDTH="56" VPOS="1041" HPOS="279"/>
							<String ID="string_204" HPOS="335" VPOS="1041" WIDTH="11" HEIGHT="11" WC="0.50" CONTENT="oo»"/><SP WIDTH="47" VPOS="1041" HPOS="346"/>
							<String ID="string_205" HPOS="393" VPOS="1032" WIDTH="218" HEIGHT="28" WC="0.26" CONTENT="—Välimaa-Uleäborg"/><SP WIDTH="26" VPOS="1032" HPOS="611"/>
							<String ID="string_206" HPOS="637" VPOS="1048" WIDTH="1" HEIGHT="5" WC="0.88" CONTENT="."/><SP WIDTH="34" VPOS="1048" HPOS="638"/>
							<String ID="string_207" HPOS="672" VPOS="1049" WIDTH="4" HEIGHT="4" WC="0.87" CONTENT="."/><SP WIDTH="32" VPOS="1049" HPOS="676"/>
							<String ID="string_208" HPOS="708" VPOS="1048" WIDTH="4" HEIGHT="5" WC="0.77" CONTENT="."/><SP WIDTH="32" VPOS="1048" HPOS="712"/>
							<String ID="string_209" HPOS="744" VPOS="1048" WIDTH="4" HEIGHT="5" WC="0.66" CONTENT="."/><SP WIDTH="31" VPOS="1048" HPOS="748"/>
							<String ID="string_210" HPOS="779" VPOS="1049" WIDTH="4" HEIGHT="4" WC="0.81" CONTENT="."/><SP WIDTH="32" VPOS="1049" HPOS="783"/>
							<String ID="string_211" HPOS="815" VPOS="1049" WIDTH="3" HEIGHT="4" WC="0.88" CONTENT="."/><SP WIDTH="31" VPOS="1049" HPOS="818"/>
							<String ID="string_212" HPOS="849" VPOS="1034" WIDTH="31" HEIGHT="24" WC="0.87" CONTENT="41"/><SP WIDTH="39" VPOS="1034" HPOS="880"/>
							<String ID="string_213" HPOS="919" VPOS="1040" WIDTH="11" HEIGHT="10" WC="0.91" CONTENT="»"/>
						</TextLine>
						<TextLine ID="line_25" HPOS="270" VPOS="1066" WIDTH="659" HEIGHT="26">
							<String ID="string_214" HPOS="270" VPOS="1076" WIDTH="10" HEIGHT="10" WC="0.76" CONTENT="”"/><SP WIDTH="55" VPOS="1076" HPOS="280"/>
							<String ID="string_215" HPOS="335" VPOS="1075" WIDTH="10" HEIGHT="11" WC="0.66" CONTENT="»"/><SP WIDTH="23" VPOS="1075" HPOS="345"/>
							<String ID="string_216" HPOS="368" VPOS="1062" WIDTH="13" HEIGHT="35" WC="0.76" CONTENT="—"/><SP WIDTH="13" VPOS="1062" HPOS="381"/>
							<String ID="string_217" HPOS="394" VPOS="1066" WIDTH="217" HEIGHT="22" WC="0.87" CONTENT="T:fors-Kuivasmäki"/><SP WIDTH="24" VPOS="1066" HPOS="611"/>
							<String ID="string_218" HPOS="635" VPOS="1083" WIDTH="5" HEIGHT="4" WC="0.87" CONTENT="."/><SP WIDTH="31" VPOS="1083" HPOS="640"/>
							<String ID="string_219" HPOS="671" VPOS="1083" WIDTH="4" HEIGHT="4" WC="0.89" CONTENT="."/><SP WIDTH="32" VPOS="1083" HPOS="675"/>
							<String ID="string_220" HPOS="707" VPOS="1083" WIDTH="4" HEIGHT="4" WC="0.89" CONTENT="."/><SP WIDTH="32" VPOS="1083" HPOS="711"/>
							<String ID="string_221" HPOS="743" VPOS="1083" WIDTH="3" HEIGHT="4" WC="0.71" CONTENT="."/><SP WIDTH="32" VPOS="1083" HPOS="746"/>
							<String ID="string_222" HPOS="778" VPOS="1083" WIDTH="4" HEIGHT="5" WC="0.83" CONTENT="."/><SP WIDTH="31" VPOS="1083" HPOS="782"/>
							<String ID="string_223" HPOS="813" VPOS="1083" WIDTH="4" HEIGHT="4" WC="0.84" CONTENT="."/><SP WIDTH="31" VPOS="1083" HPOS="817"/>
							<String ID="string_224" HPOS="848" VPOS="1068" WIDTH="32" HEIGHT="24" WC="0.79" CONTENT="47"/><SP WIDTH="38" VPOS="1068" HPOS="880"/>
							<String ID="string_225" HPOS="918" VPOS="1075" WIDTH="11" HEIGHT="11" WC="0.92" CONTENT="»"/>
						</TextLine>
						<TextLine ID="line_26" HPOS="268" VPOS="1100" WIDTH="661" HEIGHT="29">
							<String ID="string_226" HPOS="268" VPOS="1110" WIDTH="11" HEIGHT="10" WC="0.62" CONTENT="”"/><SP WIDTH="56" VPOS="1110" HPOS="279"/>
							<String ID="string_227" HPOS="335" VPOS="1109" WIDTH="11" HEIGHT="11" WC="0.82" CONTENT="»"/><SP WIDTH="25" VPOS="1109" HPOS="346"/>
							<String ID="string_228" HPOS="371" VPOS="1096" WIDTH="16" HEIGHT="37" WC="0.72" CONTENT="—"/><SP WIDTH="5" VPOS="1096" HPOS="387"/>
							<String ID="string_229" HPOS="392" VPOS="1100" WIDTH="314" HEIGHT="29" WC="0.47" CONTENT="Wiborg-Joensuu-Uleäborg"/><SP WIDTH="37" VPOS="1100" HPOS="706"/>
							<String ID="string_230" HPOS="743" VPOS="1117" WIDTH="4" HEIGHT="5" WC="0.78" CONTENT="."/><SP WIDTH="31" VPOS="1117" HPOS="747"/>
							<String ID="string_231" HPOS="778" VPOS="1117" WIDTH="4" HEIGHT="5" WC="0.90" CONTENT="."/><SP WIDTH="32" VPOS="1117" HPOS="782"/>
							<String ID="string_232" HPOS="814" VPOS="1117" WIDTH="4" HEIGHT="5" WC="0.90" CONTENT="."/><SP WIDTH="30" VPOS="1117" HPOS="818"/>
							<String ID="string_233" HPOS="848" VPOS="1103" WIDTH="32" HEIGHT="23" WC="0.91" CONTENT="4,9"/><SP WIDTH="38" VPOS="1103" HPOS="880"/>
							<String ID="string_234" HPOS="918" VPOS="1109" WIDTH="11" HEIGHT="11" WC="0.91" CONTENT="»"/>
						</TextLine>
						<TextLine ID="line_27" HPOS="269" VPOS="1135" WIDTH="660" HEIGHT="28">
							<String ID="string_235" HPOS="269" VPOS="1145" WIDTH="10" HEIGHT="9" WC="0.70" CONTENT="”"/><SP WIDTH="57" VPOS="1145" HPOS="279"/>
							<String ID="string_236" HPOS="336" VPOS="1144" WIDTH="11" HEIGHT="11" WC="0.42" CONTENT="»"/><SP WIDTH="22" VPOS="1144" HPOS="347"/>
							<String ID="string_237" HPOS="369" VPOS="1131" WIDTH="13" HEIGHT="37" WC="0.77" CONTENT="—"/><SP WIDTH="10" VPOS="1131" HPOS="382"/>
							<String ID="string_238" HPOS="392" VPOS="1135" WIDTH="217" HEIGHT="28" WC="0.90" CONTENT="Jalassyrjä-Kuopio"/><SP WIDTH="25" VPOS="1135" HPOS="609"/>
							<String ID="string_239" HPOS="634" VPOS="1152" WIDTH="6" HEIGHT="4" WC="0.90" CONTENT="."/><SP WIDTH="31" VPOS="1152" HPOS="640"/>
							<String ID="string_240" HPOS="671" VPOS="1152" WIDTH="4" HEIGHT="4" WC="0.91" CONTENT="."/><SP WIDTH="31" VPOS="1152" HPOS="675"/>
							<String ID="string_241" HPOS="706" VPOS="1152" WIDTH="5" HEIGHT="4" WC="0.83" CONTENT="."/><SP WIDTH="31" VPOS="1152" HPOS="711"/>
							<String ID="string_242" HPOS="742" VPOS="1152" WIDTH="5" HEIGHT="4" WC="0.72" CONTENT="."/><SP WIDTH="32" VPOS="1152" HPOS="747"/>
							<String ID="string_243" HPOS="779" VPOS="1152" WIDTH="4" HEIGHT="4" WC="0.84" CONTENT="."/><SP WIDTH="31" VPOS="1152" HPOS="783"/>
							<String ID="string_244" HPOS="814" VPOS="1152" WIDTH="4" HEIGHT="4" WC="0.83" CONTENT="."/><SP WIDTH="30" VPOS="1152" HPOS="818"/>
							<String ID="string_245" HPOS="848" VPOS="1137" WIDTH="32" HEIGHT="24" WC="0.90" CONTENT="42"/><SP WIDTH="38" VPOS="1137" HPOS="880"/>
							<String ID="string_246" HPOS="918" VPOS="1144" WIDTH="11" HEIGHT="10" WC="0.90" CONTENT="»"/>
						</TextLine>
						<TextLine ID="line_28" HPOS="269" VPOS="1170" WIDTH="661" HEIGHT="25">
							<String ID="string_247" HPOS="269" VPOS="1178" WIDTH="11" HEIGHT="11" WC="0.69" CONTENT="”"/><SP WIDTH="56" VPOS="1178" HPOS="280"/>
							<String ID="string_248" HPOS="336" VPOS="1178" WIDTH="11" HEIGHT="11" WC="0.70" CONTENT="»"/><SP WIDTH="24" VPOS="1178" HPOS="347"/>
							<String ID="string_249" HPOS="371" VPOS="1166" WIDTH="12" HEIGHT="34" WC="0.46" CONTENT="="/><SP WIDTH="11" VPOS="1166" HPOS="383"/>
							<String ID="string_250" HPOS="394" VPOS="1170" WIDTH="178" HEIGHT="21" WC="0.77" CONTENT="Alavo-Pulkkila"/><SP WIDTH="28" VPOS="1170" HPOS="572"/>
							<String ID="string_251" HPOS="600" VPOS="1186" WIDTH="5" HEIGHT="5" WC="0.82" CONTENT="."/><SP WIDTH="31" VPOS="1186" HPOS="605"/>
							<String ID="string_252" HPOS="636" VPOS="1186" WIDTH="4" HEIGHT="4" WC="0.79" CONTENT="."/><SP WIDTH="32" VPOS="1186" HPOS="640"/>
							<String ID="string_253" HPOS="672" VPOS="1186" WIDTH="4" HEIGHT="4" WC="0.81" CONTENT="."/><SP WIDTH="32" VPOS="1186" HPOS="676"/>
							<String ID="string_254" HPOS="708" VPOS="1186" WIDTH="4" HEIGHT="4" WC="0.63" CONTENT="."/><SP WIDTH="32" VPOS="1186" HPOS="712"/>
							<String ID="string_255" HPOS="744" VPOS="1186" WIDTH="4" HEIGHT="5" WC="0.80" CONTENT="."/><SP WIDTH="32" VPOS="1186" HPOS="748"/>
							<String ID="string_256" HPOS="780" VPOS="1186" WIDTH="4" HEIGHT="4" WC="0.81" CONTENT="."/><SP WIDTH="31" VPOS="1186" HPOS="784"/>
							<String ID="string_257" HPOS="815" VPOS="1186" WIDTH="4" HEIGHT="4" WC="0.83" CONTENT="."/><SP WIDTH="31" VPOS="1186" HPOS="819"/>
							<String ID="string_258" HPOS="850" VPOS="1171" WIDTH="31" HEIGHT="24" WC="0.88" CONTENT="35"/><SP WIDTH="39" VPOS="1171" HPOS="881"/>
							<String ID="string_259" HPOS="920" VPOS="1178" WIDTH="10" HEIGHT="10" WC="0.88" CONTENT="»"/>
						</TextLine>
						<TextLine ID="line_29" HPOS="268" VPOS="1204" WIDTH="660" HEIGHT="28">
							<String ID="string_260" HPOS="268" VPOS="1212" WIDTH="11" HEIGHT="11" WC="0.61" CONTENT="n”"/><SP WIDTH="55" VPOS="1212" HPOS="279"/>
							<String ID="string_261" HPOS="334" VPOS="1213" WIDTH="11" HEIGHT="11" WC="0.73" CONTENT="»"/><SP WIDTH="47" VPOS="1213" HPOS="345"/>
							<String ID="string_262" HPOS="392" VPOS="1204" WIDTH="286" HEIGHT="28" WC="0.33" CONTENT="—T:fors-Viljakkala-Alavo"/><SP WIDTH="28" VPOS="1204" HPOS="678"/>
							<String ID="string_263" HPOS="706" VPOS="1221" WIDTH="4" HEIGHT="4" WC="0.81" CONTENT="."/><SP WIDTH="32" VPOS="1221" HPOS="710"/>
							<String ID="string_264" HPOS="742" VPOS="1221" WIDTH="4" HEIGHT="4" WC="0.84" CONTENT="."/><SP WIDTH="32" VPOS="1221" HPOS="746"/>
							<String ID="string_265" HPOS="778" VPOS="1220" WIDTH="4" HEIGHT="5" WC="0.84" CONTENT="."/><SP WIDTH="31" VPOS="1220" HPOS="782"/>
							<String ID="string_266" HPOS="813" VPOS="1220" WIDTH="4" HEIGHT="5" WC="0.87" CONTENT="."/><SP WIDTH="31" VPOS="1220" HPOS="817"/>
							<String ID="string_267" HPOS="848" VPOS="1206" WIDTH="31" HEIGHT="24" WC="0.88" CONTENT="42"/><SP WIDTH="39" VPOS="1206" HPOS="879"/>
							<String ID="string_268" HPOS="918" VPOS="1213" WIDTH="10" HEIGHT="10" WC="0.87" CONTENT="»"/>
						</TextLine>
						<TextLine ID="line_30" HPOS="269" VPOS="1232" WIDTH="659" HEIGHT="32">
							<String ID="string_269" HPOS="269" VPOS="1247" WIDTH="11" HEIGHT="11" WC="0.66" CONTENT="”"/><SP WIDTH="55" VPOS="1247" HPOS="280"/>
							<String ID="string_270" HPOS="335" VPOS="1247" WIDTH="11" HEIGHT="10" WC="0.63" CONTENT="»"/><SP WIDTH="47" VPOS="1247" HPOS="346"/>
							<String ID="string_271" HPOS="393" VPOS="1232" WIDTH="202" HEIGHT="28" WC="0.28" CONTENT="—Abo-T:hus-T:fors"/><SP WIDTH="40" VPOS="1232" HPOS="595"/>
							<String ID="string_272" HPOS="635" VPOS="1255" WIDTH="4" HEIGHT="4" WC="0.76" CONTENT="."/><SP WIDTH="32" VPOS="1255" HPOS="639"/>
							<String ID="string_273" HPOS="671" VPOS="1255" WIDTH="4" HEIGHT="4" WC="0.76" CONTENT="."/><SP WIDTH="31" VPOS="1255" HPOS="675"/>
							<String ID="string_274" HPOS="706" VPOS="1255" WIDTH="4" HEIGHT="4" WC="0.82" CONTENT="."/><SP WIDTH="32" VPOS="1255" HPOS="710"/>
							<String ID="string_275" HPOS="742" VPOS="1255" WIDTH="4" HEIGHT="4" WC="0.76" CONTENT="."/><SP WIDTH="32" VPOS="1255" HPOS="746"/>
							<String ID="string_276" HPOS="778" VPOS="1255" WIDTH="4" HEIGHT="5" WC="0.78" CONTENT="."/><SP WIDTH="31" VPOS="1255" HPOS="782"/>
							<String ID="string_277" HPOS="813" VPOS="1254" WIDTH="4" HEIGHT="5" WC="0.78" CONTENT="."/><SP WIDTH="31" VPOS="1254" HPOS="817"/>
							<String ID="string_278" HPOS="848" VPOS="1240" WIDTH="32" HEIGHT="24" WC="0.88" CONTENT="46"/><SP WIDTH="38" VPOS="1240" HPOS="880"/>
							<String ID="string_279" HPOS="918" VPOS="1247" WIDTH="10" HEIGHT="9" WC="0.85" CONTENT="»"/>
						</TextLine>
						<TextLine ID="line_31" HPOS="263" VPOS="1266" WIDTH="665" HEIGHT="35">
							<String ID="string_280" HPOS="263" VPOS="1266" WIDTH="15" HEIGHT="35" WC="0.56" CONTENT="»”"/><SP WIDTH="57" VPOS="1266" HPOS="278"/>
							<String ID="string_281" HPOS="335" VPOS="1280" WIDTH="11" HEIGHT="10" WC="0.87" CONTENT="»"/><SP WIDTH="25" VPOS="1280" HPOS="346"/>
							<String ID="string_282" HPOS="371" VPOS="1267" WIDTH="13" HEIGHT="37" WC="0.73" CONTENT="—"/><SP WIDTH="8" VPOS="1267" HPOS="384"/>
							<String ID="string_283" HPOS="392" VPOS="1271" WIDTH="184" HEIGHT="28" WC="0.73" CONTENT="Hangö-Hyvinge"/><SP WIDTH="22" VPOS="1271" HPOS="576"/>
							<String ID="string_284" HPOS="598" VPOS="1288" WIDTH="4" HEIGHT="4" WC="0.86" CONTENT="."/><SP WIDTH="32" VPOS="1288" HPOS="602"/>
							<String ID="string_285" HPOS="634" VPOS="1288" WIDTH="4" HEIGHT="4" WC="0.89" CONTENT="."/><SP WIDTH="31" VPOS="1288" HPOS="638"/>
							<String ID="string_286" HPOS="669" VPOS="1288" WIDTH="4" HEIGHT="4" WC="0.48" CONTENT="."/><SP WIDTH="34" VPOS="1288" HPOS="673"/>
							<String ID="string_287" HPOS="707" VPOS="1288" WIDTH="2" HEIGHT="4" WC="0.39" CONTENT="&lt;"/><SP WIDTH="33" VPOS="1288" HPOS="709"/>
							<String ID="string_288" HPOS="742" VPOS="1288" WIDTH="4" HEIGHT="4" WC="0.3" CONTENT="."/><SP WIDTH="32" VPOS="1288" HPOS="746"/>
							<String ID="string_289" HPOS="778" VPOS="1288" WIDTH="3" HEIGHT="4" WC="0.34" CONTENT="&lt;"/><SP WIDTH="32" VPOS="1288" HPOS="781"/>
							<String ID="string_290" HPOS="813" VPOS="1287" WIDTH="4" HEIGHT="5" WC="0.0" CONTENT="0."/><SP WIDTH="31" VPOS="1287" HPOS="817"/>
							<String ID="string_291" HPOS="848" VPOS="1272" WIDTH="32" HEIGHT="25" WC="0.85" CONTENT="3,6"/><SP WIDTH="38" VPOS="1272" HPOS="880"/>
							<String ID="string_292" HPOS="918" VPOS="1280" WIDTH="10" HEIGHT="10" WC="0.87" CONTENT="»"/>
						</TextLine>
					</TextBlock>
				</ComposedBlock>
				<ComposedBlock ID="cblock_3" HPOS="230" VPOS="1339" WIDTH="754" HEIGHT="167">
					<TextBlock ID="block_4" HPOS="230" VPOS="1339" WIDTH="754" HEIGHT="133">
						<TextLine ID="line_32" HPOS="300" VPOS="1339" WIDTH="682" HEIGHT="28">
							<String ID="string_293" HPOS="300" VPOS="1339" WIDTH="40" HEIGHT="21" WC="0.95" CONTENT="Om"/><SP WIDTH="22" VPOS="1339" HPOS="340"/>
							<String ID="string_294" HPOS="362" VPOS="1346" WIDTH="49" HEIGHT="15" WC="0.93" CONTENT="man"/><SP WIDTH="19" VPOS="1346" HPOS="411"/>
							<String ID="string_295" HPOS="430" VPOS="1339" WIDTH="58" HEIGHT="28" WC="0.92" CONTENT="finge"/><SP WIDTH="18" VPOS="1339" HPOS="488"/>
							<String ID="string_296" HPOS="506" VPOS="1346" WIDTH="50" HEIGHT="15" WC="0.92" CONTENT="anse"/><SP WIDTH="20" VPOS="1346" HPOS="556"/>
							<String ID="string_297" HPOS="576" VPOS="1341" WIDTH="33" HEIGHT="20" WC="0.96" CONTENT="att"/><SP WIDTH="19" VPOS="1341" HPOS="609"/>
							<String ID="string_298" HPOS="628" VPOS="1339" WIDTH="60" HEIGHT="22" WC="0.96" CONTENT="detta"/><SP WIDTH="18" VPOS="1339" HPOS="688"/>
							<String ID="string_299" HPOS="706" VPOS="1339" WIDTH="91" HEIGHT="22" WC="0.96" CONTENT="resultat"/><SP WIDTH="15" VPOS="1339" HPOS="797"/>
							<String ID="string_300" HPOS="812" VPOS="1341" WIDTH="119" HEIGHT="20" WC="0.97" CONTENT="motsvarar"/><SP WIDTH="15" VPOS="1341" HPOS="931"/>
							<String ID="string_301" HPOS="946" VPOS="1340" WIDTH="36" HEIGHT="22" WC="0.96" CONTENT="det"/>
						</TextLine>
						<TextLine ID="line_33" HPOS="231" VPOS="1373" WIDTH="753" HEIGHT="29">
							<String ID="string_302" HPOS="231" VPOS="1374" WIDTH="94" HEIGHT="28" WC="0.92" CONTENT="verkliga"/><SP WIDTH="18" VPOS="1374" HPOS="325"/>
							<String ID="string_303" HPOS="343" VPOS="1373" WIDTH="152" HEIGHT="27" WC="0.93" CONTENT="förhällandet,"/><SP WIDTH="21" VPOS="1373" HPOS="495"/>
							<String ID="string_304" HPOS="516" VPOS="1374" WIDTH="67" HEIGHT="22" WC="0.96" CONTENT="skulle"/><SP WIDTH="18" VPOS="1374" HPOS="583"/>
							<String ID="string_305" HPOS="601" VPOS="1374" WIDTH="77" HEIGHT="22" WC="0.96" CONTENT="endast"/><SP WIDTH="18" VPOS="1374" HPOS="678"/>
							<String ID="string_306" HPOS="696" VPOS="1377" WIDTH="33" HEIGHT="19" WC="0.96" CONTENT="tre"/><SP WIDTH="18" VPOS="1377" HPOS="729"/>
							<String ID="string_307" HPOS="747" VPOS="1374" WIDTH="33" HEIGHT="22" WC="0.95" CONTENT="till"/><SP WIDTH="19" VPOS="1374" HPOS="780"/>
							<String ID="string_308" HPOS="799" VPOS="1375" WIDTH="42" HEIGHT="21" WC="0.94" CONTENT="fem"/><SP WIDTH="15" VPOS="1375" HPOS="841"/>
							<String ID="string_309" HPOS="856" VPOS="1377" WIDTH="89" HEIGHT="25" WC="0.97" CONTENT="procent"/><SP WIDTH="15" VPOS="1377" HPOS="945"/>
							<String ID="string_310" HPOS="960" VPOS="1375" WIDTH="24" HEIGHT="22" WC="0.96" CONTENT="af"/>
						</TextLine>
						<TextLine ID="line_34" HPOS="230" VPOS="1409" WIDTH="752" HEIGHT="29">
							<String ID="string_311" HPOS="230" VPOS="1409" WIDTH="151" HEIGHT="28" WC="0.93" CONTENT="befolkningen"/><SP WIDTH="14" VPOS="1409" HPOS="381"/>
							<String ID="string_312" HPOS="395" VPOS="1409" WIDTH="32" HEIGHT="21" WC="0.92" CONTENT="uti"/><SP WIDTH="15" VPOS="1409" HPOS="427"/>
							<String ID="string_313" HPOS="442" VPOS="1409" WIDTH="26" HEIGHT="21" WC="0.93" CONTENT="de"/><SP WIDTH="15" VPOS="1409" HPOS="468"/>
							<String ID="string_314" HPOS="483" VPOS="1409" WIDTH="89" HEIGHT="27" WC="0.92" CONTENT="trakter,"/><SP WIDTH="16" VPOS="1409" HPOS="572"/>
							<String ID="string_315" HPOS="588" VPOS="1416" WIDTH="45" HEIGHT="15" WC="0.93" CONTENT="som"/><SP WIDTH="15" VPOS="1416" HPOS="633"/>
							<String ID="string_316" HPOS="648" VPOS="1409" WIDTH="96" HEIGHT="23" WC="0.92" CONTENT="banorne"/><SP WIDTH="15" VPOS="1409" HPOS="744"/>
							<String ID="string_317" HPOS="759" VPOS="1410" WIDTH="148" HEIGHT="28" WC="0.92" CONTENT="genomskära,"/><SP WIDTH="11" VPOS="1410" HPOS="907"/>
							<String ID="string_318" HPOS="918" VPOS="1410" WIDTH="64" HEIGHT="22" WC="0.92" CONTENT="hafva"/>
						</TextLine>
						<TextLine ID="line_35" HPOS="231" VPOS="1444" WIDTH="677" HEIGHT="28">
							<String ID="string_319" HPOS="231" VPOS="1451" WIDTH="25" HEIGHT="15" WC="0.93" CONTENT="en"/><SP WIDTH="16" VPOS="1451" HPOS="256"/>
							<String ID="string_320" HPOS="272" VPOS="1444" WIDTH="54" HEIGHT="28" WC="0.91" CONTENT="ärlig"/><SP WIDTH="15" VPOS="1444" HPOS="326"/>
							<String ID="string_321" HPOS="341" VPOS="1444" WIDTH="93" HEIGHT="22" WC="0.91" CONTENT="inkomst"/><SP WIDTH="14" VPOS="1444" HPOS="434"/>
							<String ID="string_322" HPOS="448" VPOS="1444" WIDTH="25" HEIGHT="22" WC="0.96" CONTENT="af"/><SP WIDTH="13" VPOS="1444" HPOS="473"/>
							<String ID="string_323" HPOS="486" VPOS="1451" WIDTH="37" HEIGHT="15" WC="0.93" CONTENT="sex"/><SP WIDTH="14" VPOS="1451" HPOS="523"/>
							<String ID="string_324" HPOS="537" VPOS="1444" WIDTH="85" HEIGHT="22" WC="0.92" CONTENT="hundra"/><SP WIDTH="15" VPOS="1444" HPOS="622"/>
							<String ID="string_325" HPOS="637" VPOS="1445" WIDTH="61" HEIGHT="21" WC="0.96" CONTENT="mark"/><SP WIDTH="16" VPOS="1445" HPOS="698"/>
							<String ID="string_326" HPOS="714" VPOS="1444" WIDTH="51" HEIGHT="22" WC="0.93" CONTENT="eller"/><SP WIDTH="16" VPOS="1444" HPOS="765"/>
							<String ID="string_327" HPOS="781" VPOS="1445" WIDTH="127" HEIGHT="22" WC="0.92" CONTENT="derutöfver."/>
						</TextLine>
					</TextBlock>
					<TextBlock ID="block_5" HPOS="297" VPOS="1485" WIDTH="302" HEIGHT="21">
						<TextLine ID="line_36" HPOS="297" VPOS="1485" WIDTH="302" HEIGHT="21">
							<String ID="string_328" HPOS="297" VPOS="1486" WIDTH="90" HEIGHT="20" WC="0.90" CONTENT="Jernvägs-"/><SP WIDTH="5" VPOS="1486" HPOS="387"/>
							<String ID="string_329" HPOS="392" VPOS="1485" WIDTH="87" HEIGHT="17" WC="0.95" CONTENT="Utskottets"/><SP WIDTH="12" VPOS="1485" HPOS="479"/>
							<String ID="string_330" HPOS="491" VPOS="1486" WIDTH="108" HEIGHT="17" WC="0.96" CONTENT="betänkande."/>
						</TextLine>
					</TextBlock>
				</ComposedBlock>
			</PrintSpace>
		</Page>
	</Layout>
</alto>
