<?xml version="1.0" encoding="UTF-8"?>
<alto xmlns="http://www.loc.gov/standards/alto/ns-v3#" xmlns:xlink="http://www.w3.org/1999/xlink" xmlns:xsi="http://www.w3.org/2001/XMLSchema-instance" xsi:schemaLocation="http://www.loc.gov/standards/alto/ns-v3# http://www.loc.gov/alto/v3/alto-3-0.xsd">
	<Description>
		<MeasurementUnit>pixel</MeasurementUnit>
		<sourceImageInformation>
			<fileName>/tmp/tess_8mspjrun_input.PNG</fileName>
		</sourceImageInformation>
		<OCRProcessing ID="OCR_0">
			<ocrProcessingStep>
				<processingSoftware>
					<softwareName>tesseract 5.3.4</softwareName>
				</processingSoftware>
			</ocrProcessingStep>
		</OCRProcessing>
	</Description>
	<Layout>
		<Page WIDTH="1061" HEIGHT="1711" PHYSICAL_IMG_NR="0" ID="page_0">
			<PrintSpace HPOS="0" VPOS="0" WIDTH="1061" HEIGHT="1711">
				<ComposedBlock ID="cblock_0" HPOS="234" VPOS="128" WIDTH="550" HEIGHT="25">
					<TextBlock ID="block_0" HPOS="234" VPOS="128" WIDTH="550" HEIGHT="25">
						<TextLine ID="line_0" HPOS="234" VPOS="128" WIDTH="550" HEIGHT="25">
							<String ID="string_0" HPOS="234" VPOS="128" WIDTH="26" HEIGHT="20" WC="0.96" CONTENT="42"/><SP WIDTH="119" VPOS="128" HPOS="260"/>
							<String ID="string_1" HPOS="379" VPOS="130" WIDTH="25" HEIGHT="18" WC="0.92" CONTENT="U."/><SP WIDTH="15" VPOS="130" HPOS="404"/>
							<String ID="string_2" HPOS="419" VPOS="131" WIDTH="31" HEIGHT="17" WC="0.92" CONTENT="B."/><SP WIDTH="16" VPOS="131" HPOS="450"/>
							<String ID="string_3" HPOS="466" VPOS="140" WIDTH="27" HEIGHT="4" WC="0.92" CONTENT="—"/><SP WIDTH="16" VPOS="140" HPOS="493"/>
							<String ID="string_4" HPOS="509" VPOS="131" WIDTH="80" HEIGHT="22" WC="0.95" CONTENT="Prop."/><SP WIDTH="16" VPOS="131" HPOS="589"/>
							<String ID="string_5" HPOS="605" VPOS="131" WIDTH="46" HEIGHT="18" WC="0.95" CONTENT="N:o"/><SP WIDTH="15" VPOS="131" HPOS="651"/>
							<String ID="string_6" HPOS="666" VPOS="131" WIDTH="28" HEIGHT="16" WC="0.95" CONTENT="30"/><SP WIDTH="15" VPOS="131" HPOS="694"/>
							<String ID="string_7" HPOS="709" VPOS="134" WIDTH="34" HEIGHT="15" WC="0.95" CONTENT="m."/><SP WIDTH="15" VPOS="134" HPOS="743"/>
							<String ID="string_8" HPOS="758" VPOS="128" WIDTH="26" HEIGHT="19" WC="0.90" CONTENT="fl."/>
						</TextLine>
					</TextBlock>
				</ComposedBlock>
				<ComposedBlock ID="cblock_1" HPOS="421" VPOS="401" WIDTH="301" HEIGHT="27">
					<TextBlock ID="block_1" HPOS="421" VPOS="401" WIDTH="301" HEIGHT="27">
						<TextLine ID="line_1" HPOS="421" VPOS="401" WIDTH="301" HEIGHT="27">
							<String ID="string_9" HPOS="421" VPOS="401" WIDTH="301" HEIGHT="27" WC="0.76" CONTENT="Reservation."/>
						</TextLine>
					</TextBlock>
				</ComposedBlock>
				<ComposedBlock ID="cblock_2" HPOS="207" VPOS="468" WIDTH="746" HEIGHT="1019">
					<TextBlock ID="block_2" HPOS="207" VPOS="468" WIDTH="746" HEIGHT="1019">
						<TextLine ID="line_2" HPOS="275" VPOS="468" WIDTH="673" HEIGHT="30">
							<String ID="string_10" HPOS="275" VPOS="469" WIDTH="118" HEIGHT="28" WC="0.91" CONTENT="Likmätigt"/><SP WIDTH="28" VPOS="469" HPOS="393"/>
							<String ID="string_11" HPOS="421" VPOS="471" WIDTH="26" HEIGHT="20" WC="0.93" CONTENT="36"/><SP WIDTH="27" VPOS="471" HPOS="447"/>
							<String ID="string_12" HPOS="474" VPOS="471" WIDTH="12" HEIGHT="27" WC="0.90" CONTENT="8"/><SP WIDTH="22" VPOS="471" HPOS="486"/>
							<String ID="string_13" HPOS="508" VPOS="471" WIDTH="8" HEIGHT="20" WC="0.93" CONTENT="i"/><SP WIDTH="25" VPOS="471" HPOS="516"/>
							<String ID="string_14" HPOS="541" VPOS="469" WIDTH="244" HEIGHT="26" WC="0.91" CONTENT="Landtdagsordningen"/><SP WIDTH="22" VPOS="469" HPOS="785"/>
							<String ID="string_15" HPOS="807" VPOS="468" WIDTH="81" HEIGHT="27" WC="0.95" CONTENT="åligger"/><SP WIDTH="23" VPOS="468" HPOS="888"/>
							<String ID="string_16" HPOS="911" VPOS="468" WIDTH="37" HEIGHT="21" WC="0.95" CONTENT="det"/>
						</TextLine>
						<TextLine ID="line_3" HPOS="209" VPOS="502" WIDTH="739" HEIGHT="24">
							<String ID="string_17" HPOS="209" VPOS="504" WIDTH="167" HEIGHT="21" WC="0.95" CONTENT="Statsutskottet"/><SP WIDTH="19" VPOS="504" HPOS="376"/>
							<String ID="string_18" HPOS="395" VPOS="506" WIDTH="31" HEIGHT="19" WC="0.96" CONTENT="att"/><SP WIDTH="15" VPOS="506" HPOS="426"/>
							<String ID="string_19" HPOS="441" VPOS="504" WIDTH="34" HEIGHT="21" WC="0.93" CONTENT="till"/><SP WIDTH="19" VPOS="504" HPOS="475"/>
							<String ID="string_20" HPOS="494" VPOS="504" WIDTH="118" HEIGHT="22" WC="0.82" CONTENT="Ständerne"/><SP WIDTH="16" VPOS="504" HPOS="612"/>
							<String ID="string_21" HPOS="628" VPOS="503" WIDTH="107" HEIGHT="22" WC="0.96" CONTENT="inkomma"/><SP WIDTH="13" VPOS="503" HPOS="735"/>
							<String ID="string_22" HPOS="748" VPOS="503" WIDTH="49" HEIGHT="21" WC="0.93" CONTENT="med"/><SP WIDTH="15" VPOS="503" HPOS="797"/>
							<String ID="string_23" HPOS="812" VPOS="502" WIDTH="136" HEIGHT="21" WC="0.94" CONTENT="betänkande"/>
						</TextLine>
						<TextLine ID="line_4" HPOS="208" VPOS="537" WIDTH="740" HEIGHT="29">
							<String ID="string_24" HPOS="208" VPOS="539" WIDTH="111" HEIGHT="26" WC="0.96" CONTENT="angående"/><SP WIDTH="20" VPOS="539" HPOS="319"/>
							<String ID="string_25" HPOS="339" VPOS="539" WIDTH="75" HEIGHT="27" WC="0.95" CONTENT="anslag"/><SP WIDTH="22" VPOS="539" HPOS="414"/>
							<String ID="string_26" HPOS="436" VPOS="539" WIDTH="39" HEIGHT="22" WC="0.96" CONTENT="och"/><SP WIDTH="23" VPOS="539" HPOS="475"/>
							<String ID="string_27" HPOS="498" VPOS="539" WIDTH="68" HEIGHT="26" WC="0.95" CONTENT="öfriga"/><SP WIDTH="22" VPOS="539" HPOS="566"/>
							<String ID="string_28" HPOS="588" VPOS="538" WIDTH="78" HEIGHT="27" WC="0.96" CONTENT="frågor,"/><SP WIDTH="16" VPOS="538" HPOS="666"/>
							<String ID="string_29" HPOS="682" VPOS="544" WIDTH="44" HEIGHT="15" WC="0.95" CONTENT="som"/><SP WIDTH="15" VPOS="544" HPOS="726"/>
							<String ID="string_30" HPOS="741" VPOS="538" WIDTH="50" HEIGHT="21" WC="0.91" CONTENT="med"/><SP WIDTH="15" VPOS="538" HPOS="791"/>
							<String ID="string_31" HPOS="806" VPOS="537" WIDTH="142" HEIGHT="22" WC="0.91" CONTENT="statsverkets"/>
						</TextLine>
						<TextLine ID="line_5" HPOS="207" VPOS="571" WIDTH="740" HEIGHT="29">
							<String ID="string_32" HPOS="207" VPOS="572" WIDTH="120" HEIGHT="22" WC="0.96" CONTENT="inkomster"/><SP WIDTH="23" VPOS="572" HPOS="327"/>
							<String ID="string_33" HPOS="350" VPOS="573" WIDTH="52" HEIGHT="21" WC="0.91" CONTENT="eller"/><SP WIDTH="14" VPOS="573" HPOS="402"/>
							<String ID="string_34" HPOS="416" VPOS="574" WIDTH="91" HEIGHT="26" WC="0.93" CONTENT="utgifter"/><SP WIDTH="18" VPOS="574" HPOS="507"/>
							<String ID="string_35" HPOS="525" VPOS="572" WIDTH="165" HEIGHT="27" WC="0.90" CONTENT="sammanhänga"/><SP WIDTH="14" VPOS="572" HPOS="690"/>
							<String ID="string_36" HPOS="704" VPOS="572" WIDTH="53" HEIGHT="21" WC="0.93" CONTENT="eller"/><SP WIDTH="15" VPOS="572" HPOS="757"/>
							<String ID="string_37" HPOS="772" VPOS="571" WIDTH="66" HEIGHT="27" WC="0.91" CONTENT="derpå"/><SP WIDTH="14" VPOS="571" HPOS="838"/>
							<String ID="string_38" HPOS="852" VPOS="571" WIDTH="95" HEIGHT="21" WC="0.95" CONTENT="inverka."/>
						</TextLine>
						<TextLine ID="line_6" HPOS="209" VPOS="606" WIDTH="739" HEIGHT="27">
							<String ID="string_39" HPOS="209" VPOS="606" WIDTH="83" HEIGHT="22" WC="0.93" CONTENT="Sådant"/><SP WIDTH="22" VPOS="606" HPOS="292"/>
							<String ID="string_40" HPOS="314" VPOS="607" WIDTH="90" HEIGHT="22" WC="0.91" CONTENT="oaktadt"/><SP WIDTH="22" VPOS="607" HPOS="404"/>
							<String ID="string_41" HPOS="426" VPOS="608" WIDTH="39" HEIGHT="21" WC="0.96" CONTENT="har"/><SP WIDTH="16" VPOS="608" HPOS="465"/>
							<String ID="string_42" HPOS="481" VPOS="607" WIDTH="112" HEIGHT="22" WC="0.95" CONTENT="Utskottet"/><SP WIDTH="14" VPOS="607" HPOS="593"/>
							<String ID="string_43" HPOS="607" VPOS="606" WIDTH="33" HEIGHT="22" WC="0.96" CONTENT="uti"/><SP WIDTH="14" VPOS="606" HPOS="640"/>
							<String ID="string_44" HPOS="654" VPOS="606" WIDTH="136" HEIGHT="22" WC="0.96" CONTENT="förestående"/><SP WIDTH="15" VPOS="606" HPOS="790"/>
							<String ID="string_45" HPOS="805" VPOS="606" WIDTH="143" HEIGHT="27" WC="0.96" CONTENT="betänkande,"/>
						</TextLine>
						<TextLine ID="line_7" HPOS="208" VPOS="640" WIDTH="741" HEIGHT="29">
							<String ID="string_46" HPOS="208" VPOS="641" WIDTH="83" HEIGHT="22" WC="0.96" CONTENT="hvilket"/><SP WIDTH="15" VPOS="641" HPOS="291"/>
							<String ID="string_47" HPOS="306" VPOS="641" WIDTH="68" HEIGHT="28" WC="0.96" CONTENT="enligt"/><SP WIDTH="15" VPOS="641" HPOS="374"/>
							<String ID="string_48" HPOS="389" VPOS="642" WIDTH="56" HEIGHT="21" WC="0.96" CONTENT="hvad"/><SP WIDTH="15" VPOS="642" HPOS="445"/>
							<String ID="string_49" HPOS="460" VPOS="642" WIDTH="48" HEIGHT="22" WC="0.92" CONTENT="dess"/><SP WIDTH="16" VPOS="642" HPOS="508"/>
							<String ID="string_50" HPOS="524" VPOS="641" WIDTH="128" HEIGHT="22" WC="0.92" CONTENT="ofvanskrift"/><SP WIDTH="16" VPOS="641" HPOS="652"/>
							<String ID="string_51" HPOS="668" VPOS="641" WIDTH="88" HEIGHT="26" WC="0.96" CONTENT="utvisar,"/><SP WIDTH="16" VPOS="641" HPOS="756"/>
							<String ID="string_52" HPOS="772" VPOS="640" WIDTH="67" HEIGHT="22" WC="0.96" CONTENT="borde"/><SP WIDTH="20" VPOS="640" HPOS="839"/>
							<String ID="string_53" HPOS="859" VPOS="640" WIDTH="90" HEIGHT="22" WC="0.96" CONTENT="omfatta"/>
						</TextLine>
						<TextLine ID="line_8" HPOS="209" VPOS="674" WIDTH="739" HEIGHT="29">
							<String ID="string_54" HPOS="209" VPOS="676" WIDTH="112" HEIGHT="27" WC="0.92" CONTENT="samteliga"/><SP WIDTH="15" VPOS="676" HPOS="321"/>
							<String ID="string_55" HPOS="336" VPOS="676" WIDTH="35" HEIGHT="22" WC="0.96" CONTENT="vid"/><SP WIDTH="15" VPOS="676" HPOS="371"/>
							<String ID="string_56" HPOS="386" VPOS="683" WIDTH="29" HEIGHT="14" WC="0.96" CONTENT="nu"/><SP WIDTH="15" VPOS="683" HPOS="415"/>
							<String ID="string_57" HPOS="430" VPOS="676" WIDTH="117" HEIGHT="27" WC="0.93" CONTENT="påstående"/><SP WIDTH="14" VPOS="676" HPOS="547"/>
							<String ID="string_58" HPOS="561" VPOS="676" WIDTH="104" HEIGHT="26" WC="0.91" CONTENT="landtdag"/><SP WIDTH="11" VPOS="676" HPOS="665"/>
							<String ID="string_59" HPOS="676" VPOS="675" WIDTH="128" HEIGHT="27" WC="0.96" CONTENT="ifrågasatta"/><SP WIDTH="8" VPOS="675" HPOS="804"/>
							<String ID="string_60" HPOS="812" VPOS="674" WIDTH="80" HEIGHT="28" WC="0.81" CONTENT="anslag,"/><SP WIDTH="9" VPOS="674" HPOS="892"/>
							<String ID="string_61" HPOS="901" VPOS="674" WIDTH="47" HEIGHT="22" WC="0.81" CONTENT="icke"/>
						</TextLine>
						<TextLine ID="line_9" HPOS="209" VPOS="709" WIDTH="739" HEIGHT="29">
							<String ID="string_62" HPOS="209" VPOS="710" WIDTH="85" HEIGHT="27" WC="0.92" CONTENT="afgifvit"/><SP WIDTH="21" VPOS="710" HPOS="294"/>
							<String ID="string_63" HPOS="315" VPOS="710" WIDTH="66" HEIGHT="28" WC="0.96" CONTENT="något"/><SP WIDTH="14" VPOS="710" HPOS="381"/>
							<String ID="string_64" HPOS="395" VPOS="711" WIDTH="101" HEIGHT="27" WC="0.96" CONTENT="yttrande"/><SP WIDTH="14" VPOS="711" HPOS="496"/>
							<String ID="string_65" HPOS="510" VPOS="711" WIDTH="92" HEIGHT="21" WC="0.96" CONTENT="rörande"/><SP WIDTH="16" VPOS="711" HPOS="602"/>
							<String ID="string_66" HPOS="618" VPOS="710" WIDTH="26" HEIGHT="22" WC="0.96" CONTENT="de"/><SP WIDTH="15" VPOS="710" HPOS="644"/>
							<String ID="string_67" HPOS="659" VPOS="710" WIDTH="75" HEIGHT="26" WC="0.95" CONTENT="anslag"/><SP WIDTH="15" VPOS="710" HPOS="734"/>
							<String ID="string_68" HPOS="749" VPOS="709" WIDTH="33" HEIGHT="22" WC="0.93" CONTENT="för"/><SP WIDTH="13" VPOS="709" HPOS="782"/>
							<String ID="string_69" HPOS="795" VPOS="709" WIDTH="153" HEIGHT="27" WC="0.90" CONTENT="jervägsbygg-"/>
						</TextLine>
						<TextLine ID="line_10" HPOS="208" VPOS="743" WIDTH="742" HEIGHT="29">
							<String ID="string_70" HPOS="208" VPOS="746" WIDTH="68" HEIGHT="21" WC="0.93" CONTENT="nader"/><SP WIDTH="15" VPOS="746" HPOS="276"/>
							<String ID="string_71" HPOS="291" VPOS="751" WIDTH="26" HEIGHT="15" WC="0.92" CONTENT="m."/><SP WIDTH="16" VPOS="751" HPOS="317"/>
							<String ID="string_72" HPOS="333" VPOS="751" WIDTH="33" HEIGHT="20" WC="0.89" CONTENT="m.,"/><SP WIDTH="16" VPOS="751" HPOS="366"/>
							<String ID="string_73" HPOS="382" VPOS="745" WIDTH="88" HEIGHT="21" WC="0.91" CONTENT="hvarom"/><SP WIDTH="15" VPOS="745" HPOS="470"/>
							<String ID="string_74" HPOS="485" VPOS="745" WIDTH="60" HEIGHT="27" WC="0.96" CONTENT="fråga"/><SP WIDTH="15" VPOS="745" HPOS="545"/>
							<String ID="string_75" HPOS="560" VPOS="747" WIDTH="24" HEIGHT="19" WC="0.96" CONTENT="är"/><SP WIDTH="15" VPOS="747" HPOS="584"/>
							<String ID="string_76" HPOS="599" VPOS="744" WIDTH="65" HEIGHT="21" WC="0.96" CONTENT="väckt"/><SP WIDTH="14" VPOS="744" HPOS="664"/>
							<String ID="string_77" HPOS="678" VPOS="744" WIDTH="32" HEIGHT="21" WC="0.96" CONTENT="uti"/><SP WIDTH="15" VPOS="744" HPOS="710"/>
							<String ID="string_78" HPOS="725" VPOS="744" WIDTH="49" HEIGHT="21" WC="0.96" CONTENT="nåd."/><SP WIDTH="11" VPOS="744" HPOS="774"/>
							<String ID="string_79" HPOS="785" VPOS="743" WIDTH="165" HEIGHT="28" WC="0.96" CONTENT="Propositionen"/>
						</TextLine>
						<TextLine ID="line_11" HPOS="209" VPOS="777" WIDTH="741" HEIGHT="29">
							<String ID="string_80" HPOS="209" VPOS="785" WIDTH="34" HEIGHT="15" WC="0.96" CONTENT="n:o"/><SP WIDTH="22" VPOS="785" HPOS="243"/>
							<String ID="string_81" HPOS="265" VPOS="779" WIDTH="34" HEIGHT="21" WC="0.93" CONTENT="26."/><SP WIDTH="24" VPOS="779" HPOS="299"/>
							<String ID="string_82" HPOS="323" VPOS="779" WIDTH="41" HEIGHT="22" WC="0.95" CONTENT="Vid"/><SP WIDTH="23" VPOS="779" HPOS="364"/>
							<String ID="string_83" HPOS="387" VPOS="779" WIDTH="70" HEIGHT="21" WC="0.93" CONTENT="denna"/><SP WIDTH="23" VPOS="779" HPOS="457"/>
							<String ID="string_84" HPOS="480" VPOS="779" WIDTH="147" HEIGHT="27" WC="0.90" CONTENT="Propositions"/><SP WIDTH="14" VPOS="779" HPOS="627"/>
							<String ID="string_85" HPOS="641" VPOS="778" WIDTH="154" HEIGHT="22" WC="0.96" CONTENT="remitterande"/><SP WIDTH="18" VPOS="778" HPOS="795"/>
							<String ID="string_86" HPOS="813" VPOS="778" WIDTH="34" HEIGHT="21" WC="0.96" CONTENT="till"/><SP WIDTH="19" VPOS="778" HPOS="847"/>
							<String ID="string_87" HPOS="866" VPOS="777" WIDTH="84" HEIGHT="22" WC="0.96" CONTENT="utskott"/>
						</TextLine>
						<TextLine ID="line_12" HPOS="208" VPOS="812" WIDTH="742" HEIGHT="28">
							<String ID="string_88" HPOS="208" VPOS="813" WIDTH="84" HEIGHT="22" WC="0.91" CONTENT="beslöto"/><SP WIDTH="22" VPOS="813" HPOS="292"/>
							<String ID="string_89" HPOS="314" VPOS="813" WIDTH="158" HEIGHT="27" WC="0.91" CONTENT="Ridderskapet"/><SP WIDTH="22" VPOS="813" HPOS="472"/>
							<String ID="string_90" HPOS="494" VPOS="814" WIDTH="39" HEIGHT="21" WC="0.91" CONTENT="och"/><SP WIDTH="22" VPOS="814" HPOS="533"/>
							<String ID="string_91" HPOS="555" VPOS="813" WIDTH="69" HEIGHT="21" WC="0.91" CONTENT="Adeln"/><SP WIDTH="16" VPOS="813" HPOS="624"/>
							<String ID="string_92" HPOS="640" VPOS="814" WIDTH="55" HEIGHT="20" WC="0.93" CONTENT="samt"/><SP WIDTH="14" VPOS="814" HPOS="695"/>
							<String ID="string_93" HPOS="709" VPOS="812" WIDTH="165" HEIGHT="21" WC="0.91" CONTENT="Prestaståndet"/><SP WIDTH="14" VPOS="812" HPOS="874"/>
							<String ID="string_94" HPOS="888" VPOS="812" WIDTH="62" HEIGHT="27" WC="0.96" CONTENT="dock,"/>
						</TextLine>
						<TextLine ID="line_13" HPOS="208" VPOS="846" WIDTH="742" HEIGHT="27">
							<String ID="string_95" HPOS="208" VPOS="848" WIDTH="29" HEIGHT="25" WC="0.96" CONTENT="på"/><SP WIDTH="21" VPOS="848" HPOS="237"/>
							<String ID="string_96" HPOS="258" VPOS="849" WIDTH="43" HEIGHT="19" WC="0.96" CONTENT="sätt"/><SP WIDTH="23" VPOS="849" HPOS="301"/>
							<String ID="string_97" HPOS="324" VPOS="847" WIDTH="27" HEIGHT="21" WC="0.89" CONTENT="de"/><SP WIDTH="21" VPOS="847" HPOS="351"/>
							<String ID="string_98" HPOS="372" VPOS="847" WIDTH="99" HEIGHT="21" WC="0.89" CONTENT="häröfver"/><SP WIDTH="21" VPOS="847" HPOS="471"/>
							<String ID="string_99" HPOS="492" VPOS="847" WIDTH="114" HEIGHT="21" WC="0.96" CONTENT="utfärdade"/><SP WIDTH="22" VPOS="847" HPOS="606"/>
							<String ID="string_100" HPOS="628" VPOS="847" WIDTH="40" HEIGHT="21" WC="0.96" CONTENT="och"/><SP WIDTH="18" VPOS="847" HPOS="668"/>
							<String ID="string_101" HPOS="686" VPOS="846" WIDTH="168" HEIGHT="22" WC="0.90" CONTENT="Statsutskottet"/><SP WIDTH="16" VPOS="846" HPOS="854"/>
							<String ID="string_102" HPOS="870" VPOS="846" WIDTH="80" HEIGHT="27" WC="0.91" CONTENT="jemväl"/>
						</TextLine>
						<TextLine ID="line_14" HPOS="209" VPOS="880" WIDTH="740" HEIGHT="28">
							<String ID="string_103" HPOS="209" VPOS="881" WIDTH="126" HEIGHT="21" WC="0.90" CONTENT="meddelade"/><SP WIDTH="21" VPOS="881" HPOS="335"/>
							<String ID="string_104" HPOS="356" VPOS="881" WIDTH="119" HEIGHT="27" WC="0.91" CONTENT="protokolls"/><SP WIDTH="23" VPOS="881" HPOS="475"/>
							<String ID="string_105" HPOS="498" VPOS="882" WIDTH="105" HEIGHT="26" WC="0.96" CONTENT="utdragen"/><SP WIDTH="18" VPOS="882" HPOS="603"/>
							<String ID="string_106" HPOS="621" VPOS="880" WIDTH="77" HEIGHT="26" WC="0.96" CONTENT="utvisa,"/><SP WIDTH="16" VPOS="880" HPOS="698"/>
							<String ID="string_107" HPOS="714" VPOS="882" WIDTH="32" HEIGHT="20" WC="0.93" CONTENT="att"/><SP WIDTH="15" VPOS="882" HPOS="746"/>
							<String ID="string_108" HPOS="761" VPOS="880" WIDTH="131" HEIGHT="22" WC="0.92" CONTENT="öfverlemna"/><SP WIDTH="16" VPOS="880" HPOS="892"/>
							<String ID="string_109" HPOS="908" VPOS="880" WIDTH="41" HEIGHT="22" WC="0.96" CONTENT="den"/>
						</TextLine>
						<TextLine ID="line_15" HPOS="209" VPOS="914" WIDTH="740" HEIGHT="28">
							<String ID="string_110" HPOS="209" VPOS="915" WIDTH="122" HEIGHT="21" WC="0.95" CONTENT="finansiella"/><SP WIDTH="22" VPOS="915" HPOS="331"/>
							<String ID="string_111" HPOS="353" VPOS="915" WIDTH="61" HEIGHT="21" WC="0.96" CONTENT="delen"/><SP WIDTH="23" VPOS="915" HPOS="414"/>
							<String ID="string_112" HPOS="437" VPOS="915" WIDTH="23" HEIGHT="21" WC="0.96" CONTENT="af"/><SP WIDTH="20" VPOS="915" HPOS="460"/>
							<String ID="string_113" HPOS="480" VPOS="922" WIDTH="80" HEIGHT="15" WC="0.95" CONTENT="samma"/><SP WIDTH="15" VPOS="922" HPOS="560"/>
							<String ID="string_114" HPOS="575" VPOS="914" WIDTH="136" HEIGHT="28" WC="0.96" CONTENT="Proposition"/><SP WIDTH="15" VPOS="914" HPOS="711"/>
							<String ID="string_115" HPOS="726" VPOS="914" WIDTH="34" HEIGHT="22" WC="0.96" CONTENT="till"/><SP WIDTH="16" VPOS="914" HPOS="760"/>
							<String ID="string_116" HPOS="776" VPOS="914" WIDTH="173" HEIGHT="26" WC="0.96" CONTENT="Statsutskottet,"/>
						</TextLine>
						<TextLine ID="line_16" HPOS="209" VPOS="949" WIDTH="741" HEIGHT="27">
							<String ID="string_117" HPOS="209" VPOS="956" WIDTH="45" HEIGHT="14" WC="0.93" CONTENT="som"/><SP WIDTH="16" VPOS="956" HPOS="254"/>
							<String ID="string_118" HPOS="270" VPOS="949" WIDTH="57" HEIGHT="27" WC="0.92" CONTENT="förty"/><SP WIDTH="14" VPOS="949" HPOS="327"/>
							<String ID="string_119" HPOS="341" VPOS="949" WIDTH="50" HEIGHT="22" WC="0.96" CONTENT="bort"/><SP WIDTH="14" VPOS="949" HPOS="391"/>
							<String ID="string_120" HPOS="405" VPOS="949" WIDTH="45" HEIGHT="21" WC="0.96" CONTENT="låta"/><SP WIDTH="15" VPOS="949" HPOS="450"/>
							<String ID="string_121" HPOS="465" VPOS="950" WIDTH="33" HEIGHT="26" WC="0.96" CONTENT="sig"/><SP WIDTH="15" VPOS="950" HPOS="498"/>
							<String ID="string_122" HPOS="513" VPOS="950" WIDTH="112" HEIGHT="26" WC="0.96" CONTENT="angeläget"/><SP WIDTH="15" VPOS="950" HPOS="625"/>
							<String ID="string_123" HPOS="640" VPOS="955" WIDTH="51" HEIGHT="15" WC="0.96" CONTENT="vara"/><SP WIDTH="9" VPOS="955" HPOS="691"/>
							<String ID="string_124" HPOS="700" VPOS="950" WIDTH="31" HEIGHT="20" WC="0.96" CONTENT="att"/><SP WIDTH="8" VPOS="950" HPOS="731"/>
							<String ID="string_125" HPOS="739" VPOS="949" WIDTH="211" HEIGHT="26" WC="0.88" CONTENT="härom,"/><SP WIDTH="-121" VPOS="949" HPOS="950"/>
							<String ID="string_126" HPOS="829" VPOS="945" WIDTH="12" HEIGHT="36" WC="0.93" CONTENT="i"/><SP WIDTH="12" VPOS="945" HPOS="841"/>
							<String ID="string_127" HPOS="853" VPOS="949" WIDTH="97" HEIGHT="26" WC="0.89" CONTENT="samman-"/>
						</TextLine>
						<TextLine ID="line_17" HPOS="210" VPOS="982" WIDTH="740" HEIGHT="28">
							<String ID="string_128" HPOS="210" VPOS="984" WIDTH="57" HEIGHT="26" WC="0.96" CONTENT="hang"/><SP WIDTH="22" VPOS="984" HPOS="267"/>
							<String ID="string_129" HPOS="289" VPOS="983" WIDTH="49" HEIGHT="21" WC="0.96" CONTENT="med"/><SP WIDTH="23" VPOS="983" HPOS="338"/>
							<String ID="string_130" HPOS="361" VPOS="982" WIDTH="76" HEIGHT="28" WC="0.96" CONTENT="frågan"/><SP WIDTH="16" VPOS="982" HPOS="437"/>
							<String ID="string_131" HPOS="453" VPOS="989" WIDTH="33" HEIGHT="15" WC="0.96" CONTENT="om"/><SP WIDTH="17" VPOS="989" HPOS="486"/>
							<String ID="string_132" HPOS="503" VPOS="984" WIDTH="69" HEIGHT="26" WC="0.96" CONTENT="öfriga"/><SP WIDTH="15" VPOS="984" HPOS="572"/>
							<String ID="string_133" HPOS="587" VPOS="984" WIDTH="81" HEIGHT="26" WC="0.96" CONTENT="anslag,"/><SP WIDTH="15" VPOS="984" HPOS="668"/>
							<String ID="string_134" HPOS="683" VPOS="983" WIDTH="34" HEIGHT="21" WC="0.93" CONTENT="till"/><SP WIDTH="16" VPOS="983" HPOS="717"/>
							<String ID="string_135" HPOS="733" VPOS="982" WIDTH="120" HEIGHT="22" WC="0.91" CONTENT="Ständerne"/><SP WIDTH="16" VPOS="982" HPOS="853"/>
							<String ID="string_136" HPOS="869" VPOS="983" WIDTH="81" HEIGHT="27" WC="0.91" CONTENT="afgifva"/>
						</TextLine>
						<TextLine ID="line_18" HPOS="211" VPOS="1017" WIDTH="740" HEIGHT="27">
							<String ID="string_137" HPOS="211" VPOS="1018" WIDTH="108" HEIGHT="26" WC="0.95" CONTENT="yttrande."/><SP WIDTH="30" VPOS="1018" HPOS="319"/>
							<String ID="string_138" HPOS="349" VPOS="1017" WIDTH="33" HEIGHT="21" WC="0.95" CONTENT="Då"/><SP WIDTH="22" VPOS="1017" HPOS="382"/>
							<String ID="string_139" HPOS="404" VPOS="1018" WIDTH="110" HEIGHT="21" WC="0.96" CONTENT="dessutom"/><SP WIDTH="21" VPOS="1018" HPOS="514"/>
							<String ID="string_140" HPOS="535" VPOS="1019" WIDTH="32" HEIGHT="20" WC="0.96" CONTENT="ett"/><SP WIDTH="22" VPOS="1019" HPOS="567"/>
							<String ID="string_141" HPOS="589" VPOS="1017" WIDTH="110" HEIGHT="21" WC="0.96" CONTENT="bestämdt"/><SP WIDTH="22" VPOS="1017" HPOS="699"/>
							<String ID="string_142" HPOS="721" VPOS="1017" WIDTH="82" HEIGHT="27" WC="0.96" CONTENT="förslag"/><SP WIDTH="14" VPOS="1017" HPOS="803"/>
							<String ID="string_143" HPOS="817" VPOS="1018" WIDTH="92" HEIGHT="20" WC="0.96" CONTENT="rörande"/><SP WIDTH="15" VPOS="1018" HPOS="909"/>
							<String ID="string_144" HPOS="924" VPOS="1018" WIDTH="27" HEIGHT="20" WC="0.96" CONTENT="de"/>
						</TextLine>
						<TextLine ID="line_19" HPOS="213" VPOS="1051" WIDTH="740" HEIGHT="27">
							<String ID="string_145" HPOS="213" VPOS="1057" WIDTH="100" HEIGHT="21" WC="0.96" CONTENT="summor,"/><SP WIDTH="30" VPOS="1057" HPOS="313"/>
							<String ID="string_146" HPOS="343" VPOS="1051" WIDTH="73" HEIGHT="22" WC="0.95" CONTENT="hvilka"/><SP WIDTH="16" VPOS="1051" HPOS="416"/>
							<String ID="string_147" HPOS="432" VPOS="1052" WIDTH="165" HEIGHT="21" WC="0.96" CONTENT="Statsutskottet"/><SP WIDTH="15" VPOS="1052" HPOS="597"/>
							<String ID="string_148" HPOS="612" VPOS="1052" WIDTH="33" HEIGHT="20" WC="0.96" CONTENT="för"/><SP WIDTH="15" VPOS="1052" HPOS="645"/>
							<String ID="string_149" HPOS="660" VPOS="1051" WIDTH="48" HEIGHT="22" WC="0.96" CONTENT="dess"/><SP WIDTH="16" VPOS="1051" HPOS="708"/>
							<String ID="string_150" HPOS="724" VPOS="1051" WIDTH="34" HEIGHT="21" WC="0.93" CONTENT="del"/><SP WIDTH="15" VPOS="1051" HPOS="758"/>
							<String ID="string_151" HPOS="773" VPOS="1052" WIDTH="79" HEIGHT="26" WC="0.91" CONTENT="ansåge"/><SP WIDTH="15" VPOS="1052" HPOS="852"/>
							<String ID="string_152" HPOS="867" VPOS="1053" WIDTH="32" HEIGHT="20" WC="0.93" CONTENT="att"/><SP WIDTH="15" VPOS="1053" HPOS="899"/>
							<String ID="string_153" HPOS="914" VPOS="1058" WIDTH="39" HEIGHT="15" WC="0.91" CONTENT="un-"/>
						</TextLine>
						<TextLine ID="line_20" HPOS="211" VPOS="1086" WIDTH="740" HEIGHT="26">
							<String ID="string_154" HPOS="211" VPOS="1086" WIDTH="38" HEIGHT="20" WC="0.96" CONTENT="der"/><SP WIDTH="14" VPOS="1086" HPOS="249"/>
							<String ID="string_155" HPOS="263" VPOS="1087" WIDTH="109" HEIGHT="19" WC="0.96" CONTENT="närmaste"/><SP WIDTH="15" VPOS="1087" HPOS="372"/>
							<String ID="string_156" HPOS="387" VPOS="1086" WIDTH="155" HEIGHT="26" WC="0.96" CONTENT="femårsperiod"/><SP WIDTH="15" VPOS="1086" HPOS="542"/>
							<String ID="string_157" HPOS="557" VPOS="1086" WIDTH="72" HEIGHT="21" WC="0.96" CONTENT="kunde"/><SP WIDTH="15" VPOS="1086" HPOS="629"/>
							<String ID="string_158" HPOS="644" VPOS="1087" WIDTH="53" HEIGHT="19" WC="0.96" CONTENT="utan"/><SP WIDTH="14" VPOS="1087" HPOS="697"/>
							<String ID="string_159" HPOS="711" VPOS="1086" WIDTH="138" HEIGHT="26" WC="0.95" CONTENT="upptagande"/><SP WIDTH="9" VPOS="1086" HPOS="849"/>
							<String ID="string_160" HPOS="858" VPOS="1086" WIDTH="23" HEIGHT="21" WC="0.93" CONTENT="af"/><SP WIDTH="6" VPOS="1086" HPOS="881"/>
							<String ID="string_161" HPOS="887" VPOS="1087" WIDTH="64" HEIGHT="20" WC="0.93" CONTENT="stats-"/>
						</TextLine>
						<TextLine ID="line_21" HPOS="210" VPOS="1118" WIDTH="742" HEIGHT="28">
							<String ID="string_162" HPOS="210" VPOS="1119" WIDTH="37" HEIGHT="21" WC="0.96" CONTENT="lån"/><SP WIDTH="14" VPOS="1119" HPOS="247"/>
							<String ID="string_163" HPOS="261" VPOS="1119" WIDTH="72" HEIGHT="21" WC="0.96" CONTENT="anslås"/><SP WIDTH="14" VPOS="1119" HPOS="333"/>
							<String ID="string_164" HPOS="347" VPOS="1119" WIDTH="34" HEIGHT="21" WC="0.92" CONTENT="till"/><SP WIDTH="12" VPOS="1119" HPOS="381"/>
							<String ID="string_165" HPOS="393" VPOS="1120" WIDTH="232" HEIGHT="26" WC="0.90" CONTENT="jernvägsbyggnader,"/><SP WIDTH="23" VPOS="1120" HPOS="625"/>
							<String ID="string_166" HPOS="648" VPOS="1118" WIDTH="159" HEIGHT="27" WC="0.91" CONTENT="otvifvelaktigt"/><SP WIDTH="15" VPOS="1118" HPOS="807"/>
							<String ID="string_167" HPOS="822" VPOS="1119" WIDTH="84" HEIGHT="21" WC="0.96" CONTENT="komme"/><SP WIDTH="14" VPOS="1119" HPOS="906"/>
							<String ID="string_168" HPOS="920" VPOS="1120" WIDTH="32" HEIGHT="20" WC="0.96" CONTENT="att"/>
						</TextLine>
						<TextLine ID="line_22" HPOS="209" VPOS="1153" WIDTH="743" HEIGHT="27">
							<String ID="string_169" HPOS="209" VPOS="1153" WIDTH="8" HEIGHT="20" WC="0.93" CONTENT="i"/><SP WIDTH="22" VPOS="1153" HPOS="217"/>
							<String ID="string_170" HPOS="239" VPOS="1153" WIDTH="121" HEIGHT="26" WC="0.92" CONTENT="väsendtlig"/><SP WIDTH="21" VPOS="1153" HPOS="360"/>
							<String ID="string_171" HPOS="381" VPOS="1153" WIDTH="49" HEIGHT="21" WC="0.95" CONTENT="mån"/><SP WIDTH="21" VPOS="1153" HPOS="430"/>
							<String ID="string_172" HPOS="451" VPOS="1153" WIDTH="89" HEIGHT="27" WC="0.95" CONTENT="bidraga"/><SP WIDTH="14" VPOS="1153" HPOS="540"/>
							<String ID="string_173" HPOS="554" VPOS="1153" WIDTH="34" HEIGHT="22" WC="0.96" CONTENT="till"/><SP WIDTH="15" VPOS="1153" HPOS="588"/>
							<String ID="string_174" HPOS="603" VPOS="1154" WIDTH="31" HEIGHT="20" WC="0.93" CONTENT="ett"/><SP WIDTH="18" VPOS="1154" HPOS="634"/>
							<String ID="string_175" HPOS="652" VPOS="1153" WIDTH="174" HEIGHT="27" WC="0.90" CONTENT="skyndsammare"/><SP WIDTH="19" VPOS="1153" HPOS="826"/>
							<String ID="string_176" HPOS="845" VPOS="1153" WIDTH="107" HEIGHT="22" WC="0.87" CONTENT="ernående"/>
						</TextLine>
						<TextLine ID="line_23" HPOS="211" VPOS="1186" WIDTH="741" HEIGHT="27">
							<String ID="string_177" HPOS="211" VPOS="1186" WIDTH="23" HEIGHT="21" WC="0.96" CONTENT="af"/><SP WIDTH="21" VPOS="1186" HPOS="234"/>
							<String ID="string_178" HPOS="255" VPOS="1187" WIDTH="183" HEIGHT="26" WC="0.95" CONTENT="samstämmighet"/><SP WIDTH="22" VPOS="1187" HPOS="438"/>
							<String ID="string_179" HPOS="460" VPOS="1187" WIDTH="32" HEIGHT="21" WC="0.92" CONTENT="uti"/><SP WIDTH="15" VPOS="1187" HPOS="492"/>
							<String ID="string_180" HPOS="507" VPOS="1187" WIDTH="130" HEIGHT="22" WC="0.90" CONTENT="Ständernes"/><SP WIDTH="17" VPOS="1187" HPOS="637"/>
							<String ID="string_181" HPOS="654" VPOS="1187" WIDTH="70" HEIGHT="22" WC="0.96" CONTENT="beslut"/><SP WIDTH="15" VPOS="1187" HPOS="724"/>
							<String ID="string_182" HPOS="739" VPOS="1186" WIDTH="134" HEIGHT="23" WC="0.93" CONTENT="beträffande"/><SP WIDTH="15" VPOS="1186" HPOS="873"/>
							<String ID="string_183" HPOS="888" VPOS="1187" WIDTH="64" HEIGHT="22" WC="0.92" CONTENT="änbe-"/>
						</TextLine>
						<TextLine ID="line_24" HPOS="212" VPOS="1220" WIDTH="740" HEIGHT="27">
							<String ID="string_184" HPOS="212" VPOS="1220" WIDTH="63" HEIGHT="22" WC="0.96" CONTENT="rörde"/><SP WIDTH="15" VPOS="1220" HPOS="275"/>
							<String ID="string_185" HPOS="290" VPOS="1221" WIDTH="49" HEIGHT="20" WC="0.95" CONTENT="nåd."/><SP WIDTH="15" VPOS="1221" HPOS="339"/>
							<String ID="string_186" HPOS="354" VPOS="1220" WIDTH="143" HEIGHT="27" WC="0.96" CONTENT="Proposition,"/><SP WIDTH="16" VPOS="1220" HPOS="497"/>
							<String ID="string_187" HPOS="513" VPOS="1221" WIDTH="23" HEIGHT="21" WC="0.96" CONTENT="så"/><SP WIDTH="14" VPOS="1221" HPOS="536"/>
							<String ID="string_188" HPOS="550" VPOS="1221" WIDTH="56" HEIGHT="22" WC="0.96" CONTENT="hade"/><SP WIDTH="15" VPOS="1221" HPOS="606"/>
							<String ID="string_189" HPOS="621" VPOS="1221" WIDTH="112" HEIGHT="22" WC="0.96" CONTENT="Utskottet"/><SP WIDTH="15" VPOS="1221" HPOS="733"/>
							<String ID="string_190" HPOS="748" VPOS="1221" WIDTH="69" HEIGHT="26" WC="0.96" CONTENT="enligt"/><SP WIDTH="15" VPOS="1221" HPOS="817"/>
							<String ID="string_191" HPOS="832" VPOS="1221" WIDTH="43" HEIGHT="21" WC="0.96" CONTENT="min"/><SP WIDTH="11" VPOS="1221" HPOS="875"/>
							<String ID="string_192" HPOS="886" VPOS="1221" WIDTH="66" HEIGHT="22" WC="0.96" CONTENT="tanke"/>
						</TextLine>
						<TextLine ID="line_25" HPOS="211" VPOS="1254" WIDTH="741" HEIGHT="27">
							<String ID="string_193" HPOS="211" VPOS="1254" WIDTH="48" HEIGHT="21" WC="0.96" CONTENT="icke"/><SP WIDTH="20" VPOS="1254" HPOS="259"/>
							<String ID="string_194" HPOS="279" VPOS="1255" WIDTH="50" HEIGHT="20" WC="0.96" CONTENT="bort"/><SP WIDTH="21" VPOS="1255" HPOS="329"/>
							<String ID="string_195" HPOS="350" VPOS="1254" WIDTH="45" HEIGHT="21" WC="0.96" CONTENT="låta"/><SP WIDTH="13" VPOS="1254" HPOS="395"/>
							<String ID="string_196" HPOS="408" VPOS="1255" WIDTH="68" HEIGHT="25" WC="0.96" CONTENT="några"/><SP WIDTH="14" VPOS="1255" HPOS="476"/>
							<String ID="string_197" HPOS="490" VPOS="1255" WIDTH="97" HEIGHT="21" WC="0.96" CONTENT="formella"/><SP WIDTH="13" VPOS="1255" HPOS="587"/>
							<String ID="string_198" HPOS="600" VPOS="1255" WIDTH="173" HEIGHT="26" WC="0.96" CONTENT="betänkligheter"/><SP WIDTH="16" VPOS="1255" HPOS="773"/>
							<String ID="string_199" HPOS="789" VPOS="1255" WIDTH="68" HEIGHT="20" WC="0.96" CONTENT="förmå"/><SP WIDTH="15" VPOS="1255" HPOS="857"/>
							<String ID="string_200" HPOS="872" VPOS="1255" WIDTH="32" HEIGHT="26" WC="0.95" CONTENT="sig"/><SP WIDTH="16" VPOS="1255" HPOS="904"/>
							<String ID="string_201" HPOS="920" VPOS="1257" WIDTH="32" HEIGHT="19" WC="0.96" CONTENT="att"/>
						</TextLine>
						<TextLine ID="line_26" HPOS="211" VPOS="1287" WIDTH="740" HEIGHT="27">
							<String ID="string_202" HPOS="211" VPOS="1287" WIDTH="117" HEIGHT="27" WC="0.92" CONTENT="uppskjuta"/><SP WIDTH="22" VPOS="1287" HPOS="328"/>
							<String ID="string_203" HPOS="350" VPOS="1287" WIDTH="59" HEIGHT="22" WC="0.93" CONTENT="detta"/><SP WIDTH="15" VPOS="1287" HPOS="409"/>
							<String ID="string_204" HPOS="424" VPOS="1288" WIDTH="90" HEIGHT="21" WC="0.92" CONTENT="ärendes"/><SP WIDTH="15" VPOS="1288" HPOS="514"/>
							<String ID="string_205" HPOS="529" VPOS="1288" WIDTH="155" HEIGHT="21" WC="0.96" CONTENT="förberedande"/><SP WIDTH="15" VPOS="1288" HPOS="684"/>
							<String ID="string_206" HPOS="699" VPOS="1288" WIDTH="138" HEIGHT="26" WC="0.96" CONTENT="behandling,"/><SP WIDTH="16" VPOS="1288" HPOS="837"/>
							<String ID="string_207" HPOS="853" VPOS="1288" WIDTH="57" HEIGHT="21" WC="0.96" CONTENT="helst"/><SP WIDTH="15" VPOS="1288" HPOS="910"/>
							<String ID="string_208" HPOS="925" VPOS="1289" WIDTH="26" HEIGHT="21" WC="0.96" CONTENT="de"/>
						</TextLine>
						<TextLine ID="line_27" HPOS="212" VPOS="1321" WIDTH="739" HEIGHT="28">
							<String ID="string_209" HPOS="212" VPOS="1321" WIDTH="117" HEIGHT="28" WC="0.91" CONTENT="vigtigaste"/><SP WIDTH="22" VPOS="1321" HPOS="329"/>
							<String ID="string_210" HPOS="351" VPOS="1321" WIDTH="22" HEIGHT="22" WC="0.96" CONTENT="af"/><SP WIDTH="21" VPOS="1321" HPOS="373"/>
							<String ID="string_211" HPOS="394" VPOS="1321" WIDTH="26" HEIGHT="22" WC="0.96" CONTENT="de"/><SP WIDTH="22" VPOS="1321" HPOS="420"/>
							<String ID="string_212" HPOS="442" VPOS="1322" WIDTH="37" HEIGHT="21" WC="0.96" CONTENT="vid"/><SP WIDTH="15" VPOS="1322" HPOS="479"/>
							<String ID="string_213" HPOS="494" VPOS="1322" WIDTH="69" HEIGHT="21" WC="0.93" CONTENT="denna"/><SP WIDTH="14" VPOS="1322" HPOS="563"/>
							<String ID="string_214" HPOS="577" VPOS="1322" WIDTH="103" HEIGHT="27" WC="0.92" CONTENT="landtdag"/><SP WIDTH="15" VPOS="1322" HPOS="680"/>
							<String ID="string_215" HPOS="695" VPOS="1321" WIDTH="34" HEIGHT="22" WC="0.93" CONTENT="till"/><SP WIDTH="18" VPOS="1321" HPOS="729"/>
							<String ID="string_216" HPOS="747" VPOS="1321" WIDTH="131" HEIGHT="22" WC="0.91" CONTENT="Ständernas"/><SP WIDTH="15" VPOS="1321" HPOS="878"/>
							<String ID="string_217" HPOS="893" VPOS="1321" WIDTH="58" HEIGHT="28" WC="0.91" CONTENT="afgö-"/>
						</TextLine>
						<TextLine ID="line_28" HPOS="212" VPOS="1356" WIDTH="740" HEIGHT="28">
							<String ID="string_218" HPOS="212" VPOS="1356" WIDTH="67" HEIGHT="21" WC="0.93" CONTENT="rande"/><SP WIDTH="15" VPOS="1356" HPOS="279"/>
							<String ID="string_219" HPOS="294" VPOS="1356" WIDTH="130" HEIGHT="27" WC="0.92" CONTENT="hänskjutna"/><SP WIDTH="14" VPOS="1356" HPOS="424"/>
							<String ID="string_220" HPOS="438" VPOS="1356" WIDTH="73" HEIGHT="28" WC="0.96" CONTENT="frågor"/><SP WIDTH="15" VPOS="1356" HPOS="511"/>
							<String ID="string_221" HPOS="526" VPOS="1358" WIDTH="55" HEIGHT="20" WC="0.97" CONTENT="ännu"/><SP WIDTH="14" VPOS="1358" HPOS="581"/>
							<String ID="string_222" HPOS="595" VPOS="1358" WIDTH="65" HEIGHT="20" WC="0.96" CONTENT="vänta"/><SP WIDTH="14" VPOS="1358" HPOS="660"/>
							<String ID="string_223" HPOS="674" VPOS="1357" WIDTH="28" HEIGHT="27" WC="0.97" CONTENT="på"/><SP WIDTH="13" VPOS="1357" HPOS="702"/>
							<String ID="string_224" HPOS="715" VPOS="1357" WIDTH="34" HEIGHT="21" WC="0.96" CONTENT="sin"/><SP WIDTH="14" VPOS="1357" HPOS="749"/>
							<String ID="string_225" HPOS="763" VPOS="1357" WIDTH="90" HEIGHT="27" WC="0.93" CONTENT="lösning,"/><SP WIDTH="10" VPOS="1357" HPOS="853"/>
							<String ID="string_226" HPOS="863" VPOS="1357" WIDTH="89" HEIGHT="22" WC="0.90" CONTENT="oaktadt"/>
						</TextLine>
						<TextLine ID="line_29" HPOS="213" VPOS="1390" WIDTH="738" HEIGHT="28">
							<String ID="string_227" HPOS="213" VPOS="1390" WIDTH="115" HEIGHT="27" WC="0.92" CONTENT="landtdags"/><SP WIDTH="23" VPOS="1390" HPOS="328"/>
							<String ID="string_228" HPOS="351" VPOS="1390" WIDTH="83" HEIGHT="22" WC="0.96" CONTENT="arbetet"/><SP WIDTH="22" VPOS="1390" HPOS="434"/>
							<String ID="string_229" HPOS="456" VPOS="1391" WIDTH="68" HEIGHT="21" WC="0.92" CONTENT="redan"/><SP WIDTH="14" VPOS="1391" HPOS="524"/>
							<String ID="string_230" HPOS="538" VPOS="1390" WIDTH="91" HEIGHT="28" WC="0.92" CONTENT="fortgått"/><SP WIDTH="14" VPOS="1390" HPOS="629"/>
							<String ID="string_231" HPOS="643" VPOS="1391" WIDTH="32" HEIGHT="21" WC="0.93" CONTENT="uti"/><SP WIDTH="14" VPOS="1391" HPOS="675"/>
							<String ID="string_232" HPOS="689" VPOS="1391" WIDTH="80" HEIGHT="22" WC="0.92" CONTENT="inemot"/><SP WIDTH="15" VPOS="1391" HPOS="769"/>
							<String ID="string_233" HPOS="784" VPOS="1397" WIDTH="37" HEIGHT="15" WC="0.96" CONTENT="sex"/><SP WIDTH="18" VPOS="1397" HPOS="821"/>
							<String ID="string_234" HPOS="839" VPOS="1391" WIDTH="112" HEIGHT="22" WC="0.96" CONTENT="månaders"/>
						</TextLine>
						<TextLine ID="line_30" HPOS="213" VPOS="1424" WIDTH="739" HEIGHT="29">
							<String ID="string_235" HPOS="213" VPOS="1424" WIDTH="40" HEIGHT="22" WC="0.95" CONTENT="tid."/><SP WIDTH="29" VPOS="1424" HPOS="253"/>
							<String ID="string_236" HPOS="282" VPOS="1424" WIDTH="41" HEIGHT="22" WC="0.95" CONTENT="Väl"/><SP WIDTH="22" VPOS="1424" HPOS="323"/>
							<String ID="string_237" HPOS="345" VPOS="1425" WIDTH="39" HEIGHT="21" WC="0.95" CONTENT="har"/><SP WIDTH="19" VPOS="1425" HPOS="384"/>
							<String ID="string_238" HPOS="403" VPOS="1425" WIDTH="113" HEIGHT="22" WC="0.96" CONTENT="Utskottet"/><SP WIDTH="18" VPOS="1425" HPOS="516"/>
							<String ID="string_239" HPOS="534" VPOS="1431" WIDTH="76" HEIGHT="22" WC="0.93" CONTENT="genom"/><SP WIDTH="15" VPOS="1431" HPOS="610"/>
							<String ID="string_240" HPOS="625" VPOS="1425" WIDTH="161" HEIGHT="28" WC="0.92" CONTENT="framläggande"/><SP WIDTH="15" VPOS="1425" HPOS="786"/>
							<String ID="string_241" HPOS="801" VPOS="1426" WIDTH="23" HEIGHT="21" WC="0.96" CONTENT="af"/><SP WIDTH="13" VPOS="1426" HPOS="824"/>
							<String ID="string_242" HPOS="837" VPOS="1432" WIDTH="26" HEIGHT="15" WC="0.96" CONTENT="en"/><SP WIDTH="16" VPOS="1432" HPOS="863"/>
							<String ID="string_243" HPOS="879" VPOS="1426" WIDTH="73" HEIGHT="27" WC="0.94" CONTENT="kalkyl"/>
						</TextLine>
						<TextLine ID="line_31" HPOS="213" VPOS="1459" WIDTH="738" HEIGHT="28">
							<String ID="string_244" HPOS="213" VPOS="1459" WIDTH="60" HEIGHT="22" WC="0.93" CONTENT="öfver"/><SP WIDTH="23" VPOS="1459" HPOS="273"/>
							<String ID="string_245" HPOS="296" VPOS="1459" WIDTH="292" HEIGHT="22" WC="0.90" CONTENT="Kommunikationsfondens"/><SP WIDTH="22" VPOS="1459" HPOS="588"/>
							<String ID="string_246" HPOS="610" VPOS="1460" WIDTH="115" HEIGHT="27" WC="0.96" CONTENT="tillgångar"/><SP WIDTH="16" VPOS="1460" HPOS="725"/>
							<String ID="string_247" HPOS="741" VPOS="1460" WIDTH="39" HEIGHT="22" WC="0.96" CONTENT="och"/><SP WIDTH="22" VPOS="1460" HPOS="780"/>
							<String ID="string_248" HPOS="802" VPOS="1460" WIDTH="70" HEIGHT="27" WC="0.91" CONTENT="årliga"/><SP WIDTH="20" VPOS="1460" HPOS="872"/>
							<String ID="string_249" HPOS="892" VPOS="1459" WIDTH="59" HEIGHT="23" WC="0.91" CONTENT="ställ-"/>
						</TextLine>
					</TextBlock>
				</ComposedBlock>
				<ComposedBlock ID="cblock_3" HPOS="282" VPOS="1505" WIDTH="339" HEIGHT="20">
					<TextBlock ID="block_3" HPOS="282" VPOS="1505" WIDTH="339" HEIGHT="20">
						<TextLine ID="line_32" HPOS="282" VPOS="1505" WIDTH="339" HEIGHT="20">
							<String ID="string_250" HPOS="282" VPOS="1505" WIDTH="136" HEIGHT="18" WC="0.90" CONTENT="Statsutskottets"/><SP WIDTH="14" VPOS="1505" HPOS="418"/>
							<String ID="string_251" HPOS="432" VPOS="1506" WIDTH="103" HEIGHT="17" WC="0.96" CONTENT="betänkande"/><SP WIDTH="11" VPOS="1506" HPOS="535"/>
							<String ID="string_252" HPOS="546" VPOS="1505" WIDTH="35" HEIGHT="19" WC="0.96" CONTENT="N:o"/><SP WIDTH="13" VPOS="1505" HPOS="581"/>
							<String ID="string_253" HPOS="594" VPOS="1506" WIDTH="27" HEIGHT="19" WC="0.95" CONTENT="12."/>
						</TextLine>
					</TextBlock>
				</ComposedBlock>
			</PrintSpace>
		</Page>
	</Layout>
</alto>
