1064 1709
322 136 26 18 U.
364 136 28 18 B.
410 146 24 3 —
450 137 82 21 Prop.
548 136 45 18 N:o
609 136 39 18 23.

333 405 304 22 Reservationer:

179 474 71 21 Bland
272 474 56 29 dem,
350 474 75 21 hvilka
443 474 69 27 enligt
527 475 11 26 $
554 475 13 20 3
582 474 7 21 i
605 475 41 20 den
662 474 85 27 Nådiga
761 469 98 32 proposi-

112 509 75 21 tionen
208 510 37 19 äro
260 508 49 21 från
325 508 121 26 utgörande
461 508 23 21 af
497 508 163 27 tingsgästning
674 508 46 21 helt
735 507 40 22 och
790 507 68 22 hållet

112 542 122 27 frikallade,
259 543 125 20 omnämnas
406 542 8 21 i
436 548 63 15 mom.
521 541 11 21 &
554 542 63 21 äfven
639 542 54 27 ,alla
708 541 27 22 de
749 547 110 21 personer,

111 576 81 26 hvilka,
212 577 32 26 pä
265 583 70 14 annan
349 576 71 27 grund
435 577 27 19 än
478 576 66 27 älder,
558 575 86 28 jemlikt
658 575 101 28 gällande
773 575 87 22 författ-

111 611 79 26 ningar
205 611 36 20 äro
256 609 49 22 från
320 610 130 27 erläggande
466 609 23 22 af
502 610 213 27 mantalspenningar
723 609 61 21 frie.*
799 609 60 21 Ifrån

115 644 60 21 detta
189 649 63 16 mom.
276 644 40 21 har
331 644 108 21 utskottet
453 644 35 21 till
504 644 138 21 uteslutande
657 643 114 27 föreslagit
785 644 75 27 orden,

113 678 44 28 ypä
179 685 69 13 annan
262 677 72 28 grund
349 679 27 19 än
392 677 73 21 ålder"
481 679 7 20 i
504 678 57 27 syfte
576 679 34 20 att
624 677 48 22 från
686 677 174 28 tingsgästnings

112 713 122 26 utgörande
248 712 71 21 befria
334 712 83 27 äldrige
432 711 102 28 fattigare
550 717 104 22 personer
668 711 23 21 af
705 711 27 22 de
747 712 7 21 i
765 712 33 27 $1
808 718 53 21 upp-

113 745 94 22 nämnde
221 746 230 28 betalningsskyldige.
482 747 34 20 Då
531 746 122 21 emellertid
667 745 79 27 fattige
756 746 8 21 i
772 746 89 21 allmän-

111 780 39 21 het
169 781 38 19 äro
223 780 48 20 från
285 780 125 27 utskylders
425 780 131 27 erläggande
571 780 47 26 frie,
634 780 24 21 så
672 780 45 26 har,
734 780 68 27 enligt
816 780 45 21 min

112 814 146 27 uppfattning,
280 813 117 28 fullgiltigt
416 814 48 22 skäl
479 814 34 21 till
528 814 67 26 sagde
610 814 135 27 uteslutuing
759 814 48 21 icke
823 820 38 15 ens

113 848 35 21 för
163 848 37 22 det
215 848 96 27 antydda
326 848 66 28 syftet
407 848 144 22 förekommit.
582 848 50 21 Men
648 848 27 21 då
690 848 71 22 denna
769 848 92 22 uteslut-

115 883 60 27 ning,
199 889 33 14 om
254 883 42 20 den
314 883 132 26 godkändes,
462 883 72 21 tillika
550 883 86 20 komme
652 883 32 20 att
699 882 82 22 bereda
795 883 67 22 frihet

112 916 49 21 från
176 917 173 26 tingsgästnings
364 917 122 26 utgörande
498 917 79 26 jemväl
592 916 34 21 för
637 916 43 21 alla
694 916 112 27 förmögne
821 917 40 21 och

113 950 48 22 rike
184 957 109 20 personer,
316 950 75 21 hvilka
406 950 34 21 för
448 951 60 20 ålder
523 952 37 19 äro
576 951 95 26 fritagne
686 950 49 21 från
749 950 113 27 betalning

113 984 24 21 af
149 984 220 27 mantalspenningar,
385 987 56 19 samt
456 985 92 21 sålunda
556 986 52 19 utan
617 984 47 21 skäl
672 985 84 20 minska
766 985 96 21 Härads-

116 1018 154 27 höfdingarnes
286 1019 53 27 eljes
354 1019 8 20 i
378 1019 118 21 allmänhet
510 1018 86 28 knappa
611 1017 101 28 aflöning,
723 1019 40 21 har
769 1019 38 26 jag
814 1019 48 21 icke

114 1052 85 22 kunnat
220 1053 76 21 förena
318 1053 44 26 mig
377 1059 34 15 om
426 1053 119 21 utskottets
561 1052 141 22 omförmälda
716 1052 89 27 förslag,
821 1053 40 21 och

115 1086 34 22 får
169 1086 85 22 derföre
269 1088 112 20 vördsamt
395 1087 115 21 hemställa
525 1093 34 15 om
574 1087 48 20 icke
637 1086 165 27 ifrågavarande
817 1093 43 14 mo-

113 1122 60 20 ment
195 1121 8 20 i
225 1121 41 21 den
288 1121 86 26 Nådiga
393 1121 162 27 propositionen
570 1121 69 21 borde
654 1120 141 22 oförändradt
810 1121 52 27 god-

113 1155 90 21 kännas.

461 1190 70 27 Aug.
546 1189 98 22 Fredr.
659 1189 131 22 Jansson.

181 1241 39 22 Uti
234 1241 138 22 förestående
386 1241 134 22 reservation
535 1241 75 22 förena
625 1241 33 27 sig

143 1288 97 26 Alfred
255 1294 53 15 von
322 1288 157 26 Bonsdorff.
603 1288 30 21 G.
648 1288 25 22 J.
688 1288 144 27 Järnefelt.

142 1322 27 20 Z.
184 1322 26 21 J.
227 1322 83 21 Cleve.

184 1430 47 22 Den
253 1430 113 28 betydliga
386 1431 123 28 förhöjning
529 1431 7 21 i
560 1430 195 28 tingsgästningen,
771 1436 46 15 som
831 1435 30 15 nu

115 1464 98 28 föreslås,
228 1465 44 22 kan
288 1465 68 28 enligt
375 1466 43 21 min
434 1466 57 27 åsigt
506 1472 62 15 anses
583 1465 93 27 befogad
691 1464 77 22 endast
783 1469 34 17 om
833 1469 27 16 en

187 1512 125 18 Sammansatta
324 1512 37 23 Lag
373 1512 29 18 och
416 1512 84 18 Ekonomi
511 1512 89 18 utskottets
612 1510 105 19 betänkande
729 1510 34 19 N:o
776 1510 16 18 1.
