<?xml version="1.0" encoding="UTF-8"?>
<alto xmlns="http://www.loc.gov/standards/alto/ns-v3#" xmlns:xlink="http://www.w3.org/1999/xlink" xmlns:xsi="http://www.w3.org/2001/XMLSchema-instance" xsi:schemaLocation="http://www.loc.gov/standards/alto/ns-v3# http://www.loc.gov/alto/v3/alto-3-0.xsd">
	<Description>
		<MeasurementUnit>pixel</MeasurementUnit>
		<sourceImageInformation>
			<fileName>/tmp/tess_ewq1t4fw_input.PNG</fileName>
		</sourceImageInformation>
		<OCRProcessing ID="OCR_0">
			<ocrProcessingStep>
				<processingSoftware>
					<softwareName>tesseract 5.3.4</softwareName>
				</processingSoftware>
			</ocrProcessingStep>
		</OCRProcessing>
	</Description>
	<Layout>
		<Page WIDTH="1048" HEIGHT="1717" PHYSICAL_IMG_NR="0" ID="page_0">
			<PrintSpace HPOS="0" VPOS="0" WIDTH="1048" HEIGHT="1717">
				<ComposedBlock ID="cblock_0" HPOS="365" VPOS="162" WIDTH="233" HEIGHT="23">
					<TextBlock ID="block_0" HPOS="365" VPOS="162" WIDTH="233" HEIGHT="23">
						<TextLine ID="line_0" HPOS="365" VPOS="162" WIDTH="233" HEIGHT="23">
							<String ID="string_0" HPOS="365" VPOS="162" WIDTH="76" HEIGHT="22" WC="0.92" CONTENT="Ständ."/><SP WIDTH="18" VPOS="162" HPOS="441"/>
							<String ID="string_1" HPOS="459" VPOS="162" WIDTH="50" HEIGHT="22" WC="0.96" CONTENT="Skr."/><SP WIDTH="17" VPOS="162" HPOS="509"/>
							<String ID="string_2" HPOS="526" VPOS="163" WIDTH="40" HEIGHT="22" WC="0.96" CONTENT="N:o"/><SP WIDTH="11" VPOS="163" HPOS="566"/>
							<String ID="string_3" HPOS="577" VPOS="163" WIDTH="21" HEIGHT="21" WC="0.96" CONTENT="2."/>
						</TextLine>
					</TextBlock>
				</ComposedBlock>
				<ComposedBlock ID="cblock_1" HPOS="244" VPOS="464" WIDTH="610" HEIGHT="185">
					<TextBlock ID="block_1" HPOS="244" VPOS="464" WIDTH="610" HEIGHT="185">
						<TextLine ID="line_1" HPOS="328" VPOS="464" WIDTH="526" HEIGHT="32">
							<String ID="string_4" HPOS="328" VPOS="464" WIDTH="132" HEIGHT="25" WC="0.93" CONTENT="Finlands"/><SP WIDTH="32" VPOS="464" HPOS="460"/>
							<String ID="string_5" HPOS="492" VPOS="465" WIDTH="136" HEIGHT="25" WC="0.91" CONTENT="Ständers"/><SP WIDTH="27" VPOS="465" HPOS="628"/>
							<String ID="string_6" HPOS="655" VPOS="464" WIDTH="199" HEIGHT="32" WC="0.91" CONTENT="underdåniga"/>
						</TextLine>
						<TextLine ID="line_2" HPOS="244" VPOS="505" WIDTH="610" HEIGHT="32">
							<String ID="string_7" HPOS="244" VPOS="505" WIDTH="158" HEIGHT="25" WC="0.96" CONTENT="skrifvelse"/><SP WIDTH="23" VPOS="505" HPOS="402"/>
							<String ID="string_8" HPOS="425" VPOS="506" WIDTH="6" HEIGHT="23" WC="0.96" CONTENT="i"/><SP WIDTH="20" VPOS="506" HPOS="431"/>
							<String ID="string_9" HPOS="451" VPOS="505" WIDTH="117" HEIGHT="32" WC="0.95" CONTENT="anledning"/><SP WIDTH="25" VPOS="505" HPOS="568"/>
							<String ID="string_10" HPOS="593" VPOS="506" WIDTH="27" HEIGHT="24" WC="0.96" CONTENT="af"/><SP WIDTH="24" VPOS="506" HPOS="620"/>
							<String ID="string_11" HPOS="644" VPOS="506" WIDTH="68" HEIGHT="25" WC="0.93" CONTENT="Hans"/><SP WIDTH="27" VPOS="506" HPOS="712"/>
							<String ID="string_12" HPOS="739" VPOS="505" WIDTH="115" HEIGHT="32" WC="0.90" CONTENT="Kejser-"/>
						</TextLine>
						<TextLine ID="line_3" HPOS="244" VPOS="545" WIDTH="610" HEIGHT="32">
							<String ID="string_13" HPOS="244" VPOS="545" WIDTH="59" HEIGHT="31" WC="0.96" CONTENT="liga"/><SP WIDTH="18" VPOS="545" HPOS="303"/>
							<String ID="string_14" HPOS="321" VPOS="545" WIDTH="150" HEIGHT="31" WC="0.96" CONTENT="Majestäts"/><SP WIDTH="19" VPOS="545" HPOS="471"/>
							<String ID="string_15" HPOS="490" VPOS="545" WIDTH="80" HEIGHT="32" WC="0.96" CONTENT="nådiga"/><SP WIDTH="18" VPOS="545" HPOS="570"/>
							<String ID="string_16" HPOS="588" VPOS="547" WIDTH="135" HEIGHT="30" WC="0.86" CONTENT="proposition"/><SP WIDTH="19" VPOS="547" HPOS="723"/>
							<String ID="string_17" HPOS="742" VPOS="546" WIDTH="47" HEIGHT="24" WC="0.93" CONTENT="med"/><SP WIDTH="19" VPOS="546" HPOS="789"/>
							<String ID="string_18" HPOS="808" VPOS="546" WIDTH="46" HEIGHT="24" WC="0.92" CONTENT="för-"/>
						</TextLine>
						<TextLine ID="line_4" HPOS="244" VPOS="584" WIDTH="610" HEIGHT="33">
							<String ID="string_19" HPOS="244" VPOS="585" WIDTH="49" HEIGHT="30" WC="0.95" CONTENT="slag"/><SP WIDTH="29" VPOS="585" HPOS="293"/>
							<String ID="string_20" HPOS="322" VPOS="584" WIDTH="33" HEIGHT="25" WC="0.92" CONTENT="till"/><SP WIDTH="26" VPOS="584" HPOS="355"/>
							<String ID="string_21" HPOS="381" VPOS="585" WIDTH="147" HEIGHT="25" WC="0.91" CONTENT="stambansnät"/><SP WIDTH="23" VPOS="585" HPOS="528"/>
							<String ID="string_22" HPOS="551" VPOS="586" WIDTH="36" HEIGHT="24" WC="0.92" CONTENT="för"/><SP WIDTH="20" VPOS="586" HPOS="587"/>
							<String ID="string_23" HPOS="607" VPOS="587" WIDTH="154" HEIGHT="30" WC="0.92" CONTENT="jernvägarne"/><SP WIDTH="19" VPOS="587" HPOS="761"/>
							<String ID="string_24" HPOS="780" VPOS="586" WIDTH="6" HEIGHT="24" WC="0.93" CONTENT="i"/><SP WIDTH="21" VPOS="586" HPOS="786"/>
							<String ID="string_25" HPOS="807" VPOS="586" WIDTH="47" HEIGHT="24" WC="0.91" CONTENT="Fin-"/>
						</TextLine>
						<TextLine ID="line_5" HPOS="244" VPOS="625" WIDTH="57" HEIGHT="24">
							<String ID="string_26" HPOS="244" VPOS="625" WIDTH="57" HEIGHT="24" WC="0.90" CONTENT="land."/>
						</TextLine>
					</TextBlock>
				</ComposedBlock>
				<ComposedBlock ID="cblock_2" HPOS="182" VPOS="693" WIDTH="602" HEIGHT="62">
					<TextBlock ID="block_2" HPOS="182" VPOS="693" WIDTH="602" HEIGHT="62">
						<TextLine ID="line_6" HPOS="182" VPOS="693" WIDTH="602" HEIGHT="28">
							<String ID="string_27" HPOS="182" VPOS="693" WIDTH="206" HEIGHT="28" WC="0.91" CONTENT="Stormäktigste,"/><SP WIDTH="20" VPOS="693" HPOS="388"/>
							<String ID="string_28" HPOS="408" VPOS="693" WIDTH="191" HEIGHT="28" WC="0.92" CONTENT="Allernådigste"/><SP WIDTH="15" VPOS="693" HPOS="599"/>
							<String ID="string_29" HPOS="614" VPOS="693" WIDTH="108" HEIGHT="28" WC="0.96" CONTENT="Kejsare"/><SP WIDTH="16" VPOS="693" HPOS="722"/>
							<String ID="string_30" HPOS="738" VPOS="693" WIDTH="46" HEIGHT="22" WC="0.96" CONTENT="och"/>
						</TextLine>
						<TextLine ID="line_7" HPOS="403" VPOS="733" WIDTH="156" HEIGHT="22">
							<String ID="string_31" HPOS="403" VPOS="733" WIDTH="156" HEIGHT="22" WC="0.92" CONTENT="Storfurste!"/>
						</TextLine>
					</TextBlock>
				</ComposedBlock>
				<ComposedBlock ID="cblock_3" HPOS="106" VPOS="779" WIDTH="751" HEIGHT="751">
					<TextBlock ID="block_3" HPOS="106" VPOS="779" WIDTH="751" HEIGHT="441">
						<TextLine ID="line_8" HPOS="175" VPOS="779" WIDTH="679" HEIGHT="28">
							<String ID="string_32" HPOS="175" VPOS="779" WIDTH="70" HEIGHT="21" WC="0.93" CONTENT="Sedan"/><SP WIDTH="16" VPOS="779" HPOS="245"/>
							<String ID="string_33" HPOS="261" VPOS="779" WIDTH="80" HEIGHT="22" WC="0.90" CONTENT="Eders"/><SP WIDTH="14" VPOS="779" HPOS="341"/>
							<String ID="string_34" HPOS="355" VPOS="779" WIDTH="148" HEIGHT="28" WC="0.96" CONTENT="Kejserliga"/><SP WIDTH="14" VPOS="779" HPOS="503"/>
							<String ID="string_35" HPOS="517" VPOS="779" WIDTH="124" HEIGHT="28" WC="0.95" CONTENT="Majestät"/><SP WIDTH="15" VPOS="779" HPOS="641"/>
							<String ID="string_36" HPOS="656" VPOS="779" WIDTH="33" HEIGHT="21" WC="0.96" CONTENT="till"/><SP WIDTH="16" VPOS="779" HPOS="689"/>
							<String ID="string_37" HPOS="705" VPOS="779" WIDTH="104" HEIGHT="22" WC="0.96" CONTENT="Finlands"/><SP WIDTH="15" VPOS="779" HPOS="809"/>
							<String ID="string_38" HPOS="824" VPOS="786" WIDTH="30" HEIGHT="13" WC="0.96" CONTENT="nu"/>
						</TextLine>
						<TextLine ID="line_9" HPOS="107" VPOS="813" WIDTH="748" HEIGHT="29">
							<String ID="string_39" HPOS="107" VPOS="813" WIDTH="131" HEIGHT="22" WC="0.93" CONTENT="församlade"/><SP WIDTH="22" VPOS="813" HPOS="238"/>
							<String ID="string_40" HPOS="260" VPOS="813" WIDTH="92" HEIGHT="22" WC="0.92" CONTENT="Ständer"/><SP WIDTH="23" VPOS="813" HPOS="352"/>
							<String ID="string_41" HPOS="375" VPOS="813" WIDTH="69" HEIGHT="22" WC="0.92" CONTENT="aflätit"/><SP WIDTH="21" VPOS="813" HPOS="444"/>
							<String ID="string_42" HPOS="465" VPOS="814" WIDTH="65" HEIGHT="28" WC="0.95" CONTENT="nådig"/><SP WIDTH="22" VPOS="814" HPOS="530"/>
							<String ID="string_43" HPOS="552" VPOS="813" WIDTH="135" HEIGHT="28" WC="0.96" CONTENT="proposition"/><SP WIDTH="18" VPOS="813" HPOS="687"/>
							<String ID="string_44" HPOS="705" VPOS="814" WIDTH="49" HEIGHT="21" WC="0.96" CONTENT="med"/><SP WIDTH="19" VPOS="814" HPOS="754"/>
							<String ID="string_45" HPOS="773" VPOS="813" WIDTH="82" HEIGHT="28" WC="0.97" CONTENT="förslag"/>
						</TextLine>
						<TextLine ID="line_10" HPOS="106" VPOS="847" WIDTH="751" HEIGHT="29">
							<String ID="string_46" HPOS="106" VPOS="847" WIDTH="35" HEIGHT="22" WC="0.93" CONTENT="till"/><SP WIDTH="15" VPOS="847" HPOS="141"/>
							<String ID="string_47" HPOS="156" VPOS="847" WIDTH="150" HEIGHT="22" WC="0.92" CONTENT="stambansnät"/><SP WIDTH="16" VPOS="847" HPOS="306"/>
							<String ID="string_48" HPOS="322" VPOS="848" WIDTH="33" HEIGHT="21" WC="0.93" CONTENT="för"/><SP WIDTH="13" VPOS="848" HPOS="355"/>
							<String ID="string_49" HPOS="368" VPOS="849" WIDTH="145" HEIGHT="27" WC="0.92" CONTENT="jernvägarne"/><SP WIDTH="14" VPOS="849" HPOS="513"/>
							<String ID="string_50" HPOS="527" VPOS="849" WIDTH="7" HEIGHT="20" WC="0.96" CONTENT="i"/><SP WIDTH="16" VPOS="849" HPOS="534"/>
							<String ID="string_51" HPOS="550" VPOS="848" WIDTH="98" HEIGHT="27" WC="0.93" CONTENT="Finland,"/><SP WIDTH="11" VPOS="848" HPOS="648"/>
							<String ID="string_52" HPOS="659" VPOS="847" WIDTH="65" HEIGHT="22" WC="0.93" CONTENT="hafva"/><SP WIDTH="10" VPOS="847" HPOS="724"/>
							<String ID="string_53" HPOS="734" VPOS="847" WIDTH="123" HEIGHT="23" WC="0.92" CONTENT="Ständerna"/>
						</TextLine>
						<TextLine ID="line_11" HPOS="106" VPOS="882" WIDTH="749" HEIGHT="28">
							<String ID="string_54" HPOS="106" VPOS="882" WIDTH="8" HEIGHT="21" WC="0.92" CONTENT="i"/><SP WIDTH="15" VPOS="882" HPOS="114"/>
							<String ID="string_55" HPOS="129" VPOS="882" WIDTH="101" HEIGHT="21" WC="0.93" CONTENT="afseende"/><SP WIDTH="18" VPOS="882" HPOS="230"/>
							<String ID="string_56" HPOS="248" VPOS="883" WIDTH="14" HEIGHT="20" WC="0.90" CONTENT="å"/><SP WIDTH="18" VPOS="883" HPOS="262"/>
							<String ID="string_57" HPOS="280" VPOS="883" WIDTH="157" HEIGHT="21" WC="0.96" CONTENT="förberedande"/><SP WIDTH="17" VPOS="883" HPOS="437"/>
							<String ID="string_58" HPOS="454" VPOS="883" WIDTH="133" HEIGHT="27" WC="0.89" CONTENT="behandling"/><SP WIDTH="17" VPOS="883" HPOS="587"/>
							<String ID="string_59" HPOS="604" VPOS="882" WIDTH="142" HEIGHT="22" WC="0.89" CONTENT="öfverlemnat"/><SP WIDTH="14" VPOS="882" HPOS="746"/>
							<String ID="string_60" HPOS="760" VPOS="882" WIDTH="95" HEIGHT="22" WC="0.96" CONTENT="nämnda"/>
						</TextLine>
						<TextLine ID="line_12" HPOS="107" VPOS="917" WIDTH="748" HEIGHT="27">
							<String ID="string_61" HPOS="107" VPOS="917" WIDTH="80" HEIGHT="27" WC="0.93" CONTENT="nädiga"/><SP WIDTH="17" VPOS="917" HPOS="187"/>
							<String ID="string_62" HPOS="204" VPOS="917" WIDTH="135" HEIGHT="27" WC="0.96" CONTENT="proposition"/><SP WIDTH="18" VPOS="917" HPOS="339"/>
							<String ID="string_63" HPOS="357" VPOS="917" WIDTH="34" HEIGHT="21" WC="0.96" CONTENT="till"/><SP WIDTH="17" VPOS="917" HPOS="391"/>
							<String ID="string_64" HPOS="408" VPOS="919" WIDTH="31" HEIGHT="20" WC="0.96" CONTENT="ett"/><SP WIDTH="14" VPOS="919" HPOS="439"/>
							<String ID="string_65" HPOS="453" VPOS="917" WIDTH="7" HEIGHT="21" WC="0.93" CONTENT="i"/><SP WIDTH="15" VPOS="917" HPOS="460"/>
							<String ID="string_66" HPOS="475" VPOS="917" WIDTH="223" HEIGHT="22" WC="0.91" CONTENT="öfverensstämmelse"/><SP WIDTH="14" VPOS="917" HPOS="698"/>
							<String ID="string_67" HPOS="712" VPOS="917" WIDTH="49" HEIGHT="22" WC="0.93" CONTENT="med"/><SP WIDTH="15" VPOS="917" HPOS="761"/>
							<String ID="string_68" HPOS="776" VPOS="919" WIDTH="13" HEIGHT="24" WC="0.91" CONTENT="&amp;"/><SP WIDTH="17" VPOS="919" HPOS="789"/>
							<String ID="string_69" HPOS="806" VPOS="917" WIDTH="27" HEIGHT="21" WC="0.87" CONTENT="30"/><SP WIDTH="14" VPOS="917" HPOS="833"/>
							<String ID="string_70" HPOS="847" VPOS="917" WIDTH="8" HEIGHT="20" WC="0.87" CONTENT="i"/>
						</TextLine>
						<TextLine ID="line_13" HPOS="106" VPOS="949" WIDTH="750" HEIGHT="31">
							<String ID="string_71" HPOS="106" VPOS="951" WIDTH="246" HEIGHT="29" WC="0.92" CONTENT="Landtdagsordningen"/><SP WIDTH="19" VPOS="951" HPOS="352"/>
							<String ID="string_72" HPOS="371" VPOS="951" WIDTH="81" HEIGHT="22" WC="0.93" CONTENT="tillsatt"/><SP WIDTH="19" VPOS="951" HPOS="452"/>
							<String ID="string_73" HPOS="471" VPOS="949" WIDTH="104" HEIGHT="24" WC="0.96" CONTENT="särskildt"/><SP WIDTH="19" VPOS="949" HPOS="575"/>
							<String ID="string_74" HPOS="594" VPOS="951" WIDTH="89" HEIGHT="26" WC="0.94" CONTENT="utskott,"/><SP WIDTH="20" VPOS="951" HPOS="683"/>
							<String ID="string_75" HPOS="703" VPOS="958" WIDTH="45" HEIGHT="15" WC="0.92" CONTENT="som"/><SP WIDTH="18" VPOS="958" HPOS="748"/>
							<String ID="string_76" HPOS="766" VPOS="957" WIDTH="90" HEIGHT="15" WC="0.95" CONTENT="numera"/>
						</TextLine>
						<TextLine ID="line_14" HPOS="107" VPOS="985" WIDTH="749" HEIGHT="29">
							<String ID="string_77" HPOS="107" VPOS="985" WIDTH="85" HEIGHT="28" WC="0.83" CONTENT="afgitvit"/><SP WIDTH="21" VPOS="985" HPOS="192"/>
							<String ID="string_78" HPOS="213" VPOS="985" WIDTH="137" HEIGHT="22" WC="0.95" CONTENT="betänkande"/><SP WIDTH="17" VPOS="985" HPOS="350"/>
							<String ID="string_79" HPOS="367" VPOS="986" WIDTH="7" HEIGHT="21" WC="0.93" CONTENT="i"/><SP WIDTH="16" VPOS="986" HPOS="374"/>
							<String ID="string_80" HPOS="390" VPOS="986" WIDTH="89" HEIGHT="22" WC="0.96" CONTENT="ärendet"/><SP WIDTH="22" VPOS="986" HPOS="479"/>
							<String ID="string_81" HPOS="501" VPOS="987" WIDTH="40" HEIGHT="21" WC="0.90" CONTENT="och"/><SP WIDTH="23" VPOS="987" HPOS="541"/>
							<String ID="string_82" HPOS="564" VPOS="986" WIDTH="70" HEIGHT="21" WC="0.90" CONTENT="deruti"/><SP WIDTH="22" VPOS="986" HPOS="634"/>
							<String ID="string_83" HPOS="656" VPOS="985" WIDTH="111" HEIGHT="29" WC="0.96" CONTENT="tillstyrkt,"/><SP WIDTH="23" VPOS="985" HPOS="767"/>
							<String ID="string_84" HPOS="790" VPOS="985" WIDTH="66" HEIGHT="21" WC="0.96" CONTENT="bland"/>
						</TextLine>
						<TextLine ID="line_15" HPOS="106" VPOS="1020" WIDTH="749" HEIGHT="29">
							<String ID="string_85" HPOS="106" VPOS="1021" WIDTH="74" HEIGHT="25" WC="0.95" CONTENT="annat,"/><SP WIDTH="20" VPOS="1021" HPOS="180"/>
							<String ID="string_86" HPOS="200" VPOS="1022" WIDTH="32" HEIGHT="19" WC="0.93" CONTENT="att"/><SP WIDTH="20" VPOS="1022" HPOS="232"/>
							<String ID="string_87" HPOS="252" VPOS="1021" WIDTH="122" HEIGHT="21" WC="0.91" CONTENT="Ständerna"/><SP WIDTH="18" VPOS="1021" HPOS="374"/>
							<String ID="string_88" HPOS="392" VPOS="1021" WIDTH="51" HEIGHT="21" WC="0.93" CONTENT="ville"/><SP WIDTH="20" VPOS="1021" HPOS="443"/>
							<String ID="string_89" HPOS="463" VPOS="1021" WIDTH="115" HEIGHT="28" WC="0.96" CONTENT="godkänna"/><SP WIDTH="20" VPOS="1021" HPOS="578"/>
							<String ID="string_90" HPOS="598" VPOS="1028" WIDTH="26" HEIGHT="14" WC="0.93" CONTENT="en"/><SP WIDTH="23" VPOS="1028" HPOS="624"/>
							<String ID="string_91" HPOS="647" VPOS="1020" WIDTH="64" HEIGHT="27" WC="0.96" CONTENT="bana,"/><SP WIDTH="15" VPOS="1020" HPOS="711"/>
							<String ID="string_92" HPOS="726" VPOS="1020" WIDTH="129" HEIGHT="22" WC="0.94" CONTENT="sträckande"/>
						</TextLine>
						<TextLine ID="line_16" HPOS="107" VPOS="1055" WIDTH="749" HEIGHT="28">
							<String ID="string_93" HPOS="107" VPOS="1055" WIDTH="33" HEIGHT="26" WC="0.93" CONTENT="sig"/><SP WIDTH="15" VPOS="1055" HPOS="140"/>
							<String ID="string_94" HPOS="155" VPOS="1055" WIDTH="48" HEIGHT="20" WC="0.92" CONTENT="frän"/><SP WIDTH="15" VPOS="1055" HPOS="203"/>
							<String ID="string_95" HPOS="218" VPOS="1055" WIDTH="143" HEIGHT="22" WC="0.96" CONTENT="Tammerfors"/><SP WIDTH="16" VPOS="1055" HPOS="361"/>
							<String ID="string_96" HPOS="377" VPOS="1055" WIDTH="7" HEIGHT="21" WC="0.93" CONTENT="i"/><SP WIDTH="15" VPOS="1055" HPOS="384"/>
							<String ID="string_97" HPOS="399" VPOS="1055" WIDTH="86" HEIGHT="28" WC="0.92" CONTENT="nordlig"/><SP WIDTH="15" VPOS="1055" HPOS="485"/>
							<String ID="string_98" HPOS="500" VPOS="1055" WIDTH="96" HEIGHT="28" WC="0.92" CONTENT="rigtning"/><SP WIDTH="15" VPOS="1055" HPOS="596"/>
							<String ID="string_99" HPOS="611" VPOS="1056" WIDTH="93" HEIGHT="21" WC="0.93" CONTENT="österom"/><SP WIDTH="16" VPOS="1056" HPOS="704"/>
							<String ID="string_100" HPOS="720" VPOS="1055" WIDTH="59" HEIGHT="23" WC="0.93" CONTENT="eller,"/><SP WIDTH="15" VPOS="1055" HPOS="779"/>
							<String ID="string_101" HPOS="794" VPOS="1061" WIDTH="62" HEIGHT="15" WC="0.93" CONTENT="even-"/>
						</TextLine>
						<TextLine ID="line_17" HPOS="106" VPOS="1089" WIDTH="748" HEIGHT="29">
							<String ID="string_102" HPOS="106" VPOS="1089" WIDTH="62" HEIGHT="26" WC="0.92" CONTENT="tuelt,"/><SP WIDTH="8" VPOS="1089" HPOS="168"/>
							<String ID="string_103" HPOS="176" VPOS="1091" WIDTH="106" HEIGHT="20" WC="0.86" CONTENT="vesterom"/><SP WIDTH="15" VPOS="1091" HPOS="282"/>
							<String ID="string_104" HPOS="297" VPOS="1089" WIDTH="108" HEIGHT="28" WC="0.93" CONTENT="Näsijärvi"/><SP WIDTH="16" VPOS="1089" HPOS="405"/>
							<String ID="string_105" HPOS="421" VPOS="1090" WIDTH="31" HEIGHT="28" WC="0.96" CONTENT="sjö"/><SP WIDTH="16" VPOS="1090" HPOS="452"/>
							<String ID="string_106" HPOS="468" VPOS="1090" WIDTH="34" HEIGHT="21" WC="0.93" CONTENT="till"/><SP WIDTH="15" VPOS="1090" HPOS="502"/>
							<String ID="string_107" HPOS="517" VPOS="1091" WIDTH="71" HEIGHT="26" WC="0.96" CONTENT="någon"/><SP WIDTH="16" VPOS="1091" HPOS="588"/>
							<String ID="string_108" HPOS="604" VPOS="1089" WIDTH="90" HEIGHT="28" WC="0.93" CONTENT="lämplig"/><SP WIDTH="15" VPOS="1089" HPOS="694"/>
							<String ID="string_109" HPOS="709" VPOS="1089" WIDTH="75" HEIGHT="28" WC="0.96" CONTENT="punkt,"/><SP WIDTH="16" VPOS="1089" HPOS="784"/>
							<String ID="string_110" HPOS="800" VPOS="1089" WIDTH="8" HEIGHT="20" WC="0.93" CONTENT="i"/><SP WIDTH="10" VPOS="1089" HPOS="808"/>
							<String ID="string_111" HPOS="818" VPOS="1089" WIDTH="36" HEIGHT="20" WC="0.80" CONTENT="Et-"/>
						</TextLine>
						<TextLine ID="line_18" HPOS="107" VPOS="1123" WIDTH="749" HEIGHT="29">
							<String ID="string_112" HPOS="107" VPOS="1123" WIDTH="42" HEIGHT="22" WC="0.93" CONTENT="seri"/><SP WIDTH="15" VPOS="1123" HPOS="149"/>
							<String ID="string_113" HPOS="164" VPOS="1124" WIDTH="73" HEIGHT="27" WC="0.96" CONTENT="kapell"/><SP WIDTH="15" VPOS="1124" HPOS="237"/>
							<String ID="string_114" HPOS="252" VPOS="1124" WIDTH="54" HEIGHT="21" WC="0.93" CONTENT="eller"/><SP WIDTH="14" VPOS="1124" HPOS="306"/>
							<String ID="string_115" HPOS="320" VPOS="1124" WIDTH="73" HEIGHT="21" WC="0.92" CONTENT="dertill"/><SP WIDTH="15" VPOS="1124" HPOS="393"/>
							<String ID="string_116" HPOS="408" VPOS="1125" WIDTH="150" HEIGHT="27" WC="0.96" CONTENT="angränsande"/><SP WIDTH="10" VPOS="1125" HPOS="558"/>
							<String ID="string_117" HPOS="568" VPOS="1124" WIDTH="89" HEIGHT="26" WC="0.93" CONTENT="trakter,"/><SP WIDTH="11" VPOS="1124" HPOS="657"/>
							<String ID="string_118" HPOS="668" VPOS="1125" WIDTH="13" HEIGHT="20" WC="0.92" CONTENT="å"/><SP WIDTH="11" VPOS="1125" HPOS="681"/>
							<String ID="string_119" HPOS="692" VPOS="1124" WIDTH="40" HEIGHT="21" WC="0.97" CONTENT="den"/><SP WIDTH="12" VPOS="1124" HPOS="732"/>
							<String ID="string_120" HPOS="744" VPOS="1123" WIDTH="24" HEIGHT="22" WC="0.92" CONTENT="af"/><SP WIDTH="8" VPOS="1123" HPOS="768"/>
							<String ID="string_121" HPOS="776" VPOS="1123" WIDTH="80" HEIGHT="21" WC="0.92" CONTENT="Eders"/>
						</TextLine>
						<TextLine ID="line_19" HPOS="107" VPOS="1157" WIDTH="749" HEIGHT="29">
							<String ID="string_122" HPOS="107" VPOS="1158" WIDTH="148" HEIGHT="28" WC="0.91" CONTENT="Kejserliga"/><SP WIDTH="22" VPOS="1158" HPOS="255"/>
							<String ID="string_123" HPOS="277" VPOS="1159" WIDTH="122" HEIGHT="27" WC="0.92" CONTENT="Majestät"/><SP WIDTH="21" VPOS="1159" HPOS="399"/>
							<String ID="string_124" HPOS="420" VPOS="1159" WIDTH="7" HEIGHT="20" WC="0.96" CONTENT="i"/><SP WIDTH="24" VPOS="1159" HPOS="427"/>
							<String ID="string_125" HPOS="451" VPOS="1159" WIDTH="40" HEIGHT="21" WC="0.92" CONTENT="den"/><SP WIDTH="22" VPOS="1159" HPOS="491"/>
							<String ID="string_126" HPOS="513" VPOS="1159" WIDTH="80" HEIGHT="27" WC="0.91" CONTENT="nädiga"/><SP WIDTH="22" VPOS="1159" HPOS="593"/>
							<String ID="string_127" HPOS="615" VPOS="1158" WIDTH="162" HEIGHT="27" WC="0.93" CONTENT="propositionen"/><SP WIDTH="23" VPOS="1158" HPOS="777"/>
							<String ID="string_128" HPOS="800" VPOS="1157" WIDTH="56" HEIGHT="22" WC="0.93" CONTENT="före-"/>
						</TextLine>
						<TextLine ID="line_20" HPOS="107" VPOS="1192" WIDTH="491" HEIGHT="28">
							<String ID="string_129" HPOS="107" VPOS="1192" WIDTH="77" HEIGHT="28" WC="0.92" CONTENT="slagna"/><SP WIDTH="16" VPOS="1192" HPOS="184"/>
							<String ID="string_130" HPOS="200" VPOS="1193" WIDTH="24" HEIGHT="21" WC="0.96" CONTENT="sä"/><SP WIDTH="14" VPOS="1193" HPOS="224"/>
							<String ID="string_131" HPOS="238" VPOS="1193" WIDTH="86" HEIGHT="21" WC="0.93" CONTENT="kallade"/><SP WIDTH="15" VPOS="1193" HPOS="324"/>
							<String ID="string_132" HPOS="339" VPOS="1192" WIDTH="110" HEIGHT="23" WC="0.93" CONTENT="mellersta"/><SP WIDTH="14" VPOS="1192" HPOS="449"/>
							<String ID="string_133" HPOS="463" VPOS="1193" WIDTH="135" HEIGHT="22" WC="0.92" CONTENT="stambanan."/>
						</TextLine>
					</TextBlock>
					<TextBlock ID="block_4" HPOS="107" VPOS="1226" WIDTH="749" HEIGHT="304">
						<TextLine ID="line_21" HPOS="176" VPOS="1226" WIDTH="678" HEIGHT="29">
							<String ID="string_134" HPOS="176" VPOS="1227" WIDTH="34" HEIGHT="21" WC="0.92" CONTENT="Dä"/><SP WIDTH="19" VPOS="1227" HPOS="210"/>
							<String ID="string_135" HPOS="229" VPOS="1227" WIDTH="35" HEIGHT="22" WC="0.93" CONTENT="det"/><SP WIDTH="16" VPOS="1227" HPOS="264"/>
							<String ID="string_136" HPOS="280" VPOS="1227" WIDTH="125" HEIGHT="25" WC="0.90" CONTENT="emellertid,"/><SP WIDTH="15" VPOS="1227" HPOS="405"/>
							<String ID="string_137" HPOS="420" VPOS="1235" WIDTH="27" HEIGHT="14" WC="0.96" CONTENT="ur"/><SP WIDTH="15" VPOS="1235" HPOS="447"/>
							<String ID="string_138" HPOS="462" VPOS="1228" WIDTH="41" HEIGHT="21" WC="0.93" CONTENT="den"/><SP WIDTH="14" VPOS="1228" HPOS="503"/>
							<String ID="string_139" HPOS="517" VPOS="1227" WIDTH="80" HEIGHT="28" WC="0.93" CONTENT="nädiga"/><SP WIDTH="15" VPOS="1227" HPOS="597"/>
							<String ID="string_140" HPOS="612" VPOS="1227" WIDTH="164" HEIGHT="28" WC="0.93" CONTENT="propositionen"/><SP WIDTH="15" VPOS="1227" HPOS="776"/>
							<String ID="string_141" HPOS="791" VPOS="1226" WIDTH="63" HEIGHT="21" WC="0.91" CONTENT="fram-"/>
						</TextLine>
						<TextLine ID="line_22" HPOS="108" VPOS="1261" WIDTH="748" HEIGHT="29">
							<String ID="string_142" HPOS="108" VPOS="1262" WIDTH="45" HEIGHT="28" WC="0.93" CONTENT="gär,"/><SP WIDTH="16" VPOS="1262" HPOS="153"/>
							<String ID="string_143" HPOS="169" VPOS="1264" WIDTH="32" HEIGHT="19" WC="0.96" CONTENT="att"/><SP WIDTH="13" VPOS="1264" HPOS="201"/>
							<String ID="string_144" HPOS="214" VPOS="1261" WIDTH="26" HEIGHT="22" WC="0.96" CONTENT="de"/><SP WIDTH="15" VPOS="1261" HPOS="240"/>
							<String ID="string_145" HPOS="255" VPOS="1262" WIDTH="24" HEIGHT="21" WC="0.93" CONTENT="af"/><SP WIDTH="12" VPOS="1262" HPOS="279"/>
							<String ID="string_146" HPOS="291" VPOS="1262" WIDTH="106" HEIGHT="21" WC="0.93" CONTENT="utskottet"/><SP WIDTH="15" VPOS="1262" HPOS="397"/>
							<String ID="string_147" HPOS="412" VPOS="1263" WIDTH="125" HEIGHT="21" WC="0.93" CONTENT="alternativt"/><SP WIDTH="10" VPOS="1263" HPOS="537"/>
							<String ID="string_148" HPOS="547" VPOS="1262" WIDTH="115" HEIGHT="21" WC="0.93" CONTENT="förordade"/><SP WIDTH="8" VPOS="1262" HPOS="662"/>
							<String ID="string_149" HPOS="670" VPOS="1261" WIDTH="186" HEIGHT="28" WC="0.90" CONTENT="jernvägssträck-"/>
						</TextLine>
						<TextLine ID="line_23" HPOS="107" VPOS="1296" WIDTH="749" HEIGHT="29">
							<String ID="string_150" HPOS="107" VPOS="1297" WIDTH="78" HEIGHT="28" WC="0.96" CONTENT="ningar"/><SP WIDTH="20" VPOS="1297" HPOS="185"/>
							<String ID="string_151" HPOS="205" VPOS="1296" WIDTH="90" HEIGHT="22" WC="0.96" CONTENT="emellan"/><SP WIDTH="21" VPOS="1296" HPOS="295"/>
							<String ID="string_152" HPOS="316" VPOS="1296" WIDTH="144" HEIGHT="22" WC="0.96" CONTENT="Tammerfors"/><SP WIDTH="19" VPOS="1296" HPOS="460"/>
							<String ID="string_153" HPOS="479" VPOS="1297" WIDTH="49" HEIGHT="21" WC="0.96" CONTENT="stad"/><SP WIDTH="19" VPOS="1297" HPOS="528"/>
							<String ID="string_154" HPOS="547" VPOS="1297" WIDTH="40" HEIGHT="21" WC="0.93" CONTENT="och"/><SP WIDTH="18" VPOS="1297" HPOS="587"/>
							<String ID="string_155" HPOS="605" VPOS="1296" WIDTH="70" HEIGHT="22" WC="0.90" CONTENT="Etseri"/><SP WIDTH="15" VPOS="1296" HPOS="675"/>
							<String ID="string_156" HPOS="690" VPOS="1296" WIDTH="74" HEIGHT="27" WC="0.93" CONTENT="kapell"/><SP WIDTH="15" VPOS="1296" HPOS="764"/>
							<String ID="string_157" HPOS="779" VPOS="1296" WIDTH="77" HEIGHT="21" WC="0.92" CONTENT="ätmin-"/>
						</TextLine>
						<TextLine ID="line_24" HPOS="108" VPOS="1330" WIDTH="747" HEIGHT="23">
							<String ID="string_158" HPOS="108" VPOS="1334" WIDTH="61" HEIGHT="19" WC="0.96" CONTENT="stone"/><SP WIDTH="15" VPOS="1334" HPOS="169"/>
							<String ID="string_159" HPOS="184" VPOS="1332" WIDTH="66" HEIGHT="20" WC="0.96" CONTENT="delvis"/><SP WIDTH="17" VPOS="1332" HPOS="250"/>
							<String ID="string_160" HPOS="267" VPOS="1332" WIDTH="59" HEIGHT="20" WC="0.93" CONTENT="ännu"/><SP WIDTH="10" VPOS="1332" HPOS="326"/>
							<String ID="string_161" HPOS="336" VPOS="1331" WIDTH="47" HEIGHT="21" WC="0.92" CONTENT="icke"/><SP WIDTH="9" VPOS="1331" HPOS="383"/>
							<String ID="string_162" HPOS="392" VPOS="1331" WIDTH="72" HEIGHT="21" WC="0.92" CONTENT="blifvit"/><SP WIDTH="9" VPOS="1331" HPOS="464"/>
							<String ID="string_163" HPOS="473" VPOS="1333" WIDTH="101" HEIGHT="19" WC="0.92" CONTENT="närmare"/><SP WIDTH="10" VPOS="1333" HPOS="574"/>
							<String ID="string_164" HPOS="584" VPOS="1330" WIDTH="132" HEIGHT="22" WC="0.93" CONTENT="undersökta"/><SP WIDTH="11" VPOS="1330" HPOS="716"/>
							<String ID="string_165" HPOS="727" VPOS="1332" WIDTH="56" HEIGHT="18" WC="0.93" CONTENT="samt"/><SP WIDTH="11" VPOS="1332" HPOS="783"/>
							<String ID="string_166" HPOS="794" VPOS="1330" WIDTH="61" HEIGHT="21" WC="0.92" CONTENT="Stän-"/>
						</TextLine>
						<TextLine ID="line_25" HPOS="108" VPOS="1363" WIDTH="748" HEIGHT="29">
							<String ID="string_167" HPOS="108" VPOS="1364" WIDTH="67" HEIGHT="22" WC="0.93" CONTENT="derna"/><SP WIDTH="19" VPOS="1364" HPOS="175"/>
							<String ID="string_168" HPOS="194" VPOS="1364" WIDTH="80" HEIGHT="28" WC="0.85" CONTENT="jemväl"/><SP WIDTH="22" VPOS="1364" HPOS="274"/>
							<String ID="string_169" HPOS="296" VPOS="1364" WIDTH="73" HEIGHT="21" WC="0.93" CONTENT="funnit"/><SP WIDTH="22" VPOS="1364" HPOS="369"/>
							<String ID="string_170" HPOS="391" VPOS="1364" WIDTH="117" HEIGHT="22" WC="0.91" CONTENT="önskvärdt"/><SP WIDTH="19" VPOS="1364" HPOS="508"/>
							<String ID="string_171" HPOS="527" VPOS="1366" WIDTH="33" HEIGHT="19" WC="0.93" CONTENT="att"/><SP WIDTH="20" VPOS="1366" HPOS="560"/>
							<String ID="string_172" HPOS="580" VPOS="1371" WIDTH="40" HEIGHT="20" WC="0.92" CONTENT="ega"/><SP WIDTH="17" VPOS="1371" HPOS="620"/>
							<String ID="string_173" HPOS="637" VPOS="1363" WIDTH="127" HEIGHT="27" WC="0.92" CONTENT="tillförlitlig"/><SP WIDTH="20" VPOS="1363" HPOS="764"/>
							<String ID="string_174" HPOS="784" VPOS="1363" WIDTH="72" HEIGHT="21" WC="0.92" CONTENT="utred-"/>
						</TextLine>
						<TextLine ID="line_26" HPOS="107" VPOS="1396" WIDTH="749" HEIGHT="31">
							<String ID="string_175" HPOS="107" VPOS="1400" WIDTH="52" HEIGHT="27" WC="0.93" CONTENT="ning"/><SP WIDTH="16" VPOS="1400" HPOS="159"/>
							<String ID="string_176" HPOS="175" VPOS="1398" WIDTH="111" HEIGHT="28" WC="0.90" CONTENT="angäende"/><SP WIDTH="15" VPOS="1398" HPOS="286"/>
							<String ID="string_177" HPOS="301" VPOS="1398" WIDTH="36" HEIGHT="22" WC="0.96" CONTENT="det"/><SP WIDTH="14" VPOS="1398" HPOS="337"/>
							<String ID="string_178" HPOS="351" VPOS="1398" WIDTH="34" HEIGHT="22" WC="0.96" CONTENT="för"/><SP WIDTH="15" VPOS="1398" HPOS="385"/>
							<String ID="string_179" HPOS="400" VPOS="1398" WIDTH="25" HEIGHT="22" WC="0.93" CONTENT="de"/><SP WIDTH="16" VPOS="1398" HPOS="425"/>
							<String ID="string_180" HPOS="441" VPOS="1398" WIDTH="112" HEIGHT="22" WC="0.92" CONTENT="tilltänkta"/><SP WIDTH="10" VPOS="1398" HPOS="553"/>
							<String ID="string_181" HPOS="563" VPOS="1398" WIDTH="145" HEIGHT="28" WC="0.91" CONTENT="jernvägarne"/><SP WIDTH="10" VPOS="1398" HPOS="708"/>
							<String ID="string_182" HPOS="718" VPOS="1396" WIDTH="138" HEIGHT="28" WC="0.91" CONTENT="lämpligaste"/>
						</TextLine>
						<TextLine ID="line_27" HPOS="108" VPOS="1431" WIDTH="747" HEIGHT="31">
							<String ID="string_183" HPOS="108" VPOS="1434" WIDTH="40" HEIGHT="23" WC="0.91" CONTENT="och"/><SP WIDTH="18" VPOS="1434" HPOS="148"/>
							<String ID="string_184" HPOS="166" VPOS="1433" WIDTH="110" HEIGHT="28" WC="0.92" CONTENT="billigaste"/><SP WIDTH="19" VPOS="1433" HPOS="276"/>
							<String ID="string_185" HPOS="295" VPOS="1432" WIDTH="198" HEIGHT="30" WC="0.92" CONTENT="byggnadssystem,"/><SP WIDTH="20" VPOS="1432" HPOS="493"/>
							<String ID="string_186" HPOS="513" VPOS="1432" WIDTH="23" HEIGHT="22" WC="0.93" CONTENT="få"/><SP WIDTH="15" VPOS="1432" HPOS="536"/>
							<String ID="string_187" HPOS="551" VPOS="1432" WIDTH="128" HEIGHT="25" WC="0.89" CONTENT="Ständerna,"/><SP WIDTH="16" VPOS="1432" HPOS="679"/>
							<String ID="string_188" HPOS="695" VPOS="1431" WIDTH="66" HEIGHT="21" WC="0.97" CONTENT="sedan"/><SP WIDTH="15" VPOS="1431" HPOS="761"/>
							<String ID="string_189" HPOS="776" VPOS="1431" WIDTH="27" HEIGHT="21" WC="0.93" CONTENT="de"/><SP WIDTH="14" VPOS="1431" HPOS="803"/>
							<String ID="string_190" HPOS="817" VPOS="1438" WIDTH="38" HEIGHT="14" WC="0.92" CONTENT="nu-"/>
						</TextLine>
						<TextLine ID="line_28" HPOS="108" VPOS="1465" WIDTH="748" HEIGHT="30">
							<String ID="string_191" HPOS="108" VPOS="1476" WIDTH="58" HEIGHT="15" WC="0.92" CONTENT="mera"/><SP WIDTH="23" VPOS="1476" HPOS="166"/>
							<String ID="string_192" HPOS="189" VPOS="1468" WIDTH="75" HEIGHT="22" WC="0.92" CONTENT="erfarit"/><SP WIDTH="22" VPOS="1468" HPOS="264"/>
							<String ID="string_193" HPOS="286" VPOS="1468" WIDTH="37" HEIGHT="22" WC="0.93" CONTENT="det"/><SP WIDTH="18" VPOS="1468" HPOS="323"/>
							<String ID="string_194" HPOS="341" VPOS="1468" WIDTH="82" HEIGHT="21" WC="0.92" CONTENT="Eders"/><SP WIDTH="20" VPOS="1468" HPOS="423"/>
							<String ID="string_195" HPOS="443" VPOS="1468" WIDTH="155" HEIGHT="27" WC="0.92" CONTENT="Kejserliga"/><SP WIDTH="19" VPOS="1468" HPOS="598"/>
							<String ID="string_196" HPOS="617" VPOS="1466" WIDTH="129" HEIGHT="28" WC="0.92" CONTENT="Majestät"/><SP WIDTH="18" VPOS="1466" HPOS="746"/>
							<String ID="string_197" HPOS="764" VPOS="1466" WIDTH="7" HEIGHT="20" WC="0.93" CONTENT="i"/><SP WIDTH="18" VPOS="1466" HPOS="771"/>
							<String ID="string_198" HPOS="789" VPOS="1465" WIDTH="67" HEIGHT="22" WC="0.92" CONTENT="näder"/>
						</TextLine>
						<TextLine ID="line_29" HPOS="107" VPOS="1500" WIDTH="748" HEIGHT="30">
							<String ID="string_199" HPOS="107" VPOS="1504" WIDTH="81" HEIGHT="23" WC="0.49" CONTENT="bifallit"/><SP WIDTH="15" VPOS="1504" HPOS="188"/>
							<String ID="string_200" HPOS="203" VPOS="1503" WIDTH="132" HEIGHT="21" WC="0.92" CONTENT="Ständernas"/><SP WIDTH="14" VPOS="1503" HPOS="335"/>
							<String ID="string_201" HPOS="349" VPOS="1502" WIDTH="149" HEIGHT="28" WC="0.91" CONTENT="underdäniga"/><SP WIDTH="15" VPOS="1502" HPOS="498"/>
							<String ID="string_202" HPOS="513" VPOS="1503" WIDTH="82" HEIGHT="21" WC="0.96" CONTENT="önskan"/><SP WIDTH="16" VPOS="1503" HPOS="595"/>
							<String ID="string_203" HPOS="611" VPOS="1508" WIDTH="33" HEIGHT="15" WC="0.96" CONTENT="om"/><SP WIDTH="17" VPOS="1508" HPOS="644"/>
							<String ID="string_204" HPOS="661" VPOS="1502" WIDTH="30" HEIGHT="20" WC="0.93" CONTENT="ett"/><SP WIDTH="15" VPOS="1502" HPOS="691"/>
							<String ID="string_205" HPOS="706" VPOS="1500" WIDTH="84" HEIGHT="22" WC="0.93" CONTENT="afbrott"/><SP WIDTH="12" VPOS="1500" HPOS="790"/>
							<String ID="string_206" HPOS="802" VPOS="1500" WIDTH="7" HEIGHT="21" WC="0.93" CONTENT="i"/><SP WIDTH="11" VPOS="1500" HPOS="809"/>
							<String ID="string_207" HPOS="820" VPOS="1500" WIDTH="35" HEIGHT="22" WC="0.93" CONTENT="de-"/>
						</TextLine>
					</TextBlock>
				</ComposedBlock>
			</PrintSpace>
		</Page>
	</Layout>
</alto>
