1056 1706
239 140 27 21 14

400 140 80 22 Ständ.
495 140 37 23 Sv.
547 153 28 3 —
589 142 71 26 Prop.
675 141 40 22 N:o
729 141 37 22 30.

275 208 60 21 mark
354 208 45 21 icke
413 210 58 26 tages
485 208 8 20 i
507 208 120 28 beräkning,
642 216 48 13 men
704 208 72 22 femtio
792 208 50 21 eller
856 207 89 22 derutöf-

276 249 37 14 ver
327 244 83 26 antages
424 242 33 22 till
471 242 44 21 helt
529 242 112 22 hundrade.

582 306 13 26 8
611 305 32 21 21.

342 344 132 29 Upplysning
488 352 34 14 om
536 344 40 22 den
591 344 23 22 af
620 344 92 23 komitön
722 344 85 30 päförda
816 344 131 29 bevillnings-

275 378 60 29 afgift
349 379 37 21 bör
396 379 211 29 bevillningsskyldig,
620 386 43 14 som
674 379 70 21 derom
754 378 98 27 anhäller,
863 379 27 29 pä
899 379 47 22 stäl-

274 414 30 24 let
318 412 110 22 meddelas.
458 413 243 28 Bevillningslängderna
716 414 38 20 och
768 413 102 22 komitens
880 415 66 26 proto-

275 447 42 21 koll
336 447 57 22 skola
409 447 94 26 derefter,
519 447 145 22 underskrifne
678 447 24 22 af
714 447 136 22 ordföranden
865 448 37 21 och
918 447 28 22 åt-

275 481 102 23 minstone
397 489 26 14 en
442 482 95 26 ledamot,
557 484 69 19 senast
640 482 70 22 trettio
724 482 63 28 dagar
800 483 65 20 innan
880 483 66 21 länets

275 515 183 30 pröfningskomit6
473 516 166 25 sammanträder,
655 516 23 21 af
690 516 136 22 ordföranden
841 517 104 25 aflemnas,

275 550 14 21 i'
297 550 45 21 stad
356 550 32 30 tili
403 550 134 29 Magistraten
538 551 60 28 eller
610 550 170 28 Ordningsrätten
793 551 38 21 och
840 550 26 29 pä
876 551 71 21 landet

275 584 33 22 till
329 584 135 21 ordföranden
478 584 9 21 i
500 585 232 25 kommunalnämnden,
751 584 36 22 vid
807 585 43 21 vite
868 584 32 21 för
914 585 33 21 be-

276 618 200 29 villningskomitens
491 619 120 22 ordförande
626 619 24 22 af
662 621 30 20 tre
708 619 58 21 mark
778 619 32 21 för
819 618 71 29 hvarje
902 619 44 28 dag,

275 653 100 21 hvarmed
389 653 151 23 ofvannämnda
554 653 31 22 tid
600 652 143 23 öfverskrides.
773 653 29 22 Sä
816 655 56 20 snart
882 653 63 22 hand-

275 687 93 28 lingarne
383 687 116 27 inkommit,
515 687 40 22 låte
569 687 114 29 Magistrat,
698 687 146 28 Ordningsrätt
854 687 50 22 eller
914 695 33 13 ve-

276 721 125 22 derbörande
417 721 121 23 ordförande
552 722 8 21 i
575 722 204 25 kommunalnämnd,
794 721 22 22 sä
826 721 121 28 skyndsamt

276 755 37 22 ske
334 756 48 25 kan,
404 756 94 29 kungöra
516 759 30 19 att
565 757 25 20 de
605 755 219 29 bevillningsskyldige
839 755 27 29 pä
879 755 69 22 tillika

276 790 108 28 uppgifvet
398 791 59 21 ställe
471 791 71 21 kunna
557 791 93 21 inhemta
664 790 116 21 kännedom
796 798 34 13 om
844 790 59 21 deras
918 789 29 22 in-

276 824 74 21 nehäll.
381 824 37 21 Uti
437 832 79 14 samma
534 825 124 28 kungörelse
678 824 57 21 skola
749 824 39 21 ock
803 824 25 21 de
843 831 103 21 personer,

275 860 44 19 mot
340 858 175 29 uppskattningen
537 858 23 21 af
577 858 82 21 hvilkas
679 858 91 21 inkomst
784 857 164 22 kronoombudet

276 891 109 23 framställt
402 892 142 28 anmärkning,
559 893 36 20 vid
610 900 63 13 namn
688 892 124 29 uppräknas.
841 892 107 28 Magistra-

276 929 41 23 ten,
338 926 171 28 Ordningsrätten
525 927 50 21 eller
589 926 122 22 ordförande
726 926 7 21 i
748 925 199 23 kommunalnämnd

276 960 57 22 skola
348 960 89 22 derefter
451 960 86 22 insända
551 960 150 28 handlingarna
716 960 32 22 till
763 960 149 29 länestyrelsen
925 959 22 22 sä

276 994 61 29 tidigt
352 996 30 20 att
396 994 25 22 de
435 994 65 22 hinna
514 994 138 22 framkomma
666 994 43 22 före
724 994 40 21 den
780 994 44 28 dag,
840 994 26 22 dä
880 994 66 21 länets

276 1028 184 30 pröfoingskomit6
475 1029 166 21 sammanträder.

582 1092 14 26 g
611 1092 33 21 22.

343 1131 79 22 Finner
436 1131 89 22 kronans
540 1131 76 22 ombud
630 1130 216 28 bevillningskomiten
853 1126 11 37 i
860 1131 48 21 ett
922 1131 26 21 el-

276 1166 31 21 ler
325 1168 64 19 annat
408 1165 95 22 afseende
523 1166 46 21 icke
584 1164 62 22 hafva
661 1165 96 28 iakttagit
772 1165 176 28 bevillningsstad-

275 1208 51 20 gans
345 1199 134 26 föreskrifter,
498 1200 49 21 eller
562 1202 30 19 att
607 1200 40 21 den
661 1199 68 29 påfört
742 1199 207 28 inkomstbevillning

275 1234 8 21 i
298 1233 51 23 strid
371 1236 55 19 emot
448 1234 68 21 kända
534 1233 148 25 förhållanden,
698 1234 38 20 bör
750 1232 72 23 sådant
836 1233 23 21 af
871 1234 76 20 honom

275 1267 44 22 före
337 1266 160 29 förrättningens
512 1267 117 22 afslutande
644 1267 114 25 anmärkas,
774 1267 48 21 med
836 1266 111 22 anförande

276 1301 23 22 af
312 1301 25 22 de
352 1301 50 26 skäl,
418 1309 43 13 som
476 1300 33 23 till
523 1300 163 29 anmärkningen
702 1300 107 23 föranledt.
832 1301 68 29 Dylik
914 1309 34 14 an-

275 1336 111 28 märkning
405 1336 106 22 äfvensom
531 1336 34 21 det
579 1336 101 28 yttrande,
696 1335 102 23 komiténs
813 1335 113 23 ledamöter
940 1336 8 21 i

276 1370 111 29 anledning
402 1370 60 22 deraf
474 1371 49 21 böra
537 1370 82 29 afgifva,
635 1370 52 22 skall
702 1370 7 21 i
724 1370 123 28 protokollet
862 1370 84 30 intagas.

275 1404 220 30 Bevillningsskyldig,
517 1413 42 14 som
580 1405 98 28 antingen
698 1404 38 22 vill
750 1405 50 21 söka
814 1404 87 30 ändring
916 1405 30 22 uti

277 1441 40 20 den
331 1440 23 21 af
366 1439 201 30 bevillningskomite
581 1440 75 21 honom
672 1439 85 29 päförda
772 1439 60 28 afgift
846 1440 50 21 eller
909 1440 39 21 ock

277 1474 75 25 önskar
371 1473 122 30 vederlägga
508 1474 25 21 de
547 1473 23 22 af
582 1473 164 22 kronoombudet
760 1476 44 19 mot
818 1473 39 22 den
872 1475 76 20 honom
