1048 1711
321 93 22 24 U.
361 94 22 23 B.
399 106 28 3 —
443 93 64 30 Prop.
524 95 40 22 N:o
579 95 37 23 33.

297 299 152 21 Sammansatta
473 299 64 22 Stats-
561 299 39 22 och
621 300 221 22 Ekonomi-Utskottets

228 337 54 28 ånyo
305 338 82 27 afgifna
405 337 130 24 betänkande
552 340 36 22 N:o
606 339 39 22 3a.
665 340 7 21 i
690 340 113 26 anledning
820 340 25 22 af

229 378 56 23 Hans
307 377 114 29 Kejserliga
439 377 107 28 Majestäts
564 378 78 28 Nädiga
659 380 132 28 Proposition
809 380 32 22 till

227 418 98 24 Finlands
341 417 92 28 Ständer,
448 418 107 28 angående
571 420 112 27 hevillning
695 420 32 22 till
741 418 101 29 fängelse-

227 458 108 24 väsendets
354 460 112 22 ordnande.

159 508 46 21 Vid
225 508 37 22 det
281 508 88 22 landets
388 508 129 28 Höglofliga
537 508 97 22 Ständer
651 508 37 22 till
703 508 140 29 bebandling

90 542 97 23 förehaft
205 542 130 22 Utskottets
351 542 142 22 betänkande
512 543 42 21 N:o
572 543 19 25 3,
606 543 8 21 i
630 543 121 28 anledning
766 544 25 20 af
803 545 40 20 nä-

91 577 52 27 diga
157 577 168 27 propositionen
341 577 114 28 angäende
471 577 128 28 bevillning
613 577 38 21 till
661 577 181 28 fängelseväsen-

91 612 49 21 dets
155 611 119 25 ordnande,
289 611 42 22 har

282 673 203 28 Ridderskapet
500 675 47 21 och
562 674 86 21 Adeln

158 715 175 21 äterremitterat
353 714 153 22 betänkandet
524 714 38 22 till
580 714 118 22 Utskottet
722 715 35 21 för
771 721 72 15 omar-

92 749 95 28 betning
206 749 8 21 i
234 749 37 21 det
287 749 64 28 syfte,
367 751 34 19 att
416 749 43 21 den
474 749 24 21 af
512 750 54 21 1872
582 751 36 20 ärs
634 749 97 22 Ständer
745 749 35 22 för
794 749 49 22 fän-

92 783 174 28 gelsereformen
285 783 112 28 beviljade
417 791 87 14 summa
522 784 24 21 af
563 790 27 15 en
608 783 90 22 million
712 784 65 21 mark
792 783 51 22 icke

92 818 76 21 skulle
189 823 63 22 tagas
274 818 9 21 i
305 817 127 28 beräkning
455 820 73 19 säsom
543 817 126 28 disponibel
683 818 35 21 för
732 817 111 28 ingäende

92 851 217 29 bevillningsperiod
328 854 58 19 samt
405 854 33 18 att
457 859 81 20 genom
557 851 116 22 anlitande
687 851 25 21 af
725 852 118 22 bränvins-

93 886 91 22 skatten
206 886 42 22 den
271 886 25 21 af
315 885 118 23 Utskottet
455 886 126 28 föreslagna
599 886 244 28 bevillningssumman

88 921 35 21 för
145 922 54 20 åren
222 921 141 22 1878—1882
386 920 76 22 skulle
483 921 61 27 höjas
564 921 36 21 till
620 928 28 14 en
663 921 90 21 million
768 921 76 33 mark.

362 984 210 22 Presteständet

90 1024 24 22 af
130 1024 130 22 Utskottets
275 1026 14 20 &
308 1032 50 20 pag.
379 1026 12 20 5
407 1024 8 22 i
430 1025 153 21 betänkandet
598 1024 141 22 framställda
753 1024 85 22 resolu-

88 1060 146 27 tionsförslag
248 1059 102 28 godkänt
363 1066 66 15 mom.
446 1062 21 23 a)
484 1059 149 26 oförändradt,
644 1059 117 22 hvaremot
772 1066 67 15 mom.

88 1094 24 26 b)
133 1094 75 22 skulle
228 1094 94 22 sålunda
341 1094 87 27 ändras,
445 1097 34 18 att
493 1094 50 22 dess
558 1101 78 15 senare
652 1093 35 22 del
702 1094 75 22 blefve
790 1098 49 18 ute-

90 1129 75 21 sluten
188 1129 41 21 och
252 1131 124 19 momentet
398 1129 129 27 derigenom
549 1129 91 21 komme
663 1131 33 19 att
714 1128 62 28 lyda:
794 1131 46 23 ,att

88 1162 83 22 kosten
185 1163 9 21 i
208 1163 143 28 fängelserna
365 1163 50 22 icke
430 1164 71 20 mätte
517 1163 78 21 ställas
610 1163 73 21 bättre
693 1166 30 18 än
734 1162 105 22 behofvet

89 1197 183 28 oundgängligen
282 1197 105 21 kräfver*
399 1198 124 26 hvarjemte
534 1197 100 25 Ständet,
645 1204 47 14 som
702 1196 50 22 icke
762 1196 77 22 kunde

89 1232 119 28 godkänna
223 1232 131 22 Utskottets
369 1232 90 27 förslag,
475 1234 33 19 att
523 1232 38 21 det
576 1231 24 21 af
613 1232 125 20 Ständerna
753 1231 39 21 vid
807 1238 33 15 se-

90 1269 64 19 naste
168 1266 107 28 landtdag
290 1267 35 21 för
339 1266 209 28 fängelseväsendet
564 1266 111 27 beviljade
690 1266 82 27 belopp
783 1266 24 21 af
815 1273 28 14 en

89 1301 92 21 million
196 1301 65 21 mark
277 1301 75 21 skulle
366 1301 51 21 frän
432 1308 32 14 nu
477 1300 131 28 ifrägasatta
623 1300 220 28 bevillningsanslag

93 1335 110 27 afdragas,
225 1336 76 20 funnit
323 1335 54 27 godt
398 1338 33 18 att
453 1335 137 20 beträffande
606 1334 45 20 alla
665 1334 104 27 följande,
784 1335 9 19 i
807 1334 38 21 be-

94 1369 126 21 tänkandet
234 1372 115 24 upptagna
363 1369 150 21 resolutioner
528 1368 163 22 äterremittera
703 1368 93 21 ärendet
806 1368 38 20 till

92 1403 118 21 Utskottet
224 1403 51 21 med
290 1403 95 25 erinran,
401 1405 34 19 att
449 1402 43 22 den
507 1402 39 21 vid
562 1402 54 21 1872
632 1404 37 19 års
683 1401 108 28 landtdag
804 1402 39 21 be-

166 1444 131 17 Sammansatta
310 1444 54 17 Stats-
377 1445 28 16 och
418 1443 83 17 Ekonomi
515 1443 88 17 Utskottets
614 1443 106 16 betänkande
732 1443 37 17 N:o
781 1441 32 18 3a.
