1045 1714
310 140 26 18 U.
353 139 30 19 B.
398 150 28 3 —
441 140 81 22 Prop.
537 138 45 20 N:o
598 140 37 18 25.
786 138 27 20 21

101 212 62 15 renes
185 206 152 26 näringsafgift
351 206 57 21 varit
423 206 64 21 stadd
501 206 32 20 uti
549 208 32 19 ett
594 206 69 26 jemnt
679 206 105 26 stigande,
800 206 40 21 och

100 240 66 27 nägot
186 242 65 19 annat
265 240 90 21 innebär
369 240 7 21 i
392 240 76 26 sjelfva
483 240 75 21 verket
573 240 18 26 ej
607 240 69 21 heller
692 240 36 21 det
742 246 28 14 nu
786 239 55 22 före-

101 274 75 26 slagna
198 274 135 26 stadgandet.
371 274 46 21 Och
440 274 103 21 ehuruväl
559 274 36 21 det
610 274 47 21 icke
672 273 83 21 kunnat
769 273 72 27 undgä

101 308 117 21 utskottets
243 307 196 27 uppmärksamhet,
459 310 33 18 att
517 308 69 20 denna
610 308 139 25 beskattning
773 307 68 21 stäri

99 341 58 27 bjert
180 342 130 26 motsägelse
331 342 49 21 med
394 342 173 26 propositionens
583 342 55 20 anda
652 342 7 20 i
675 341 72 27 öfrigt,
762 341 32 27 ity
809 343 32 19 att

100 376 50 28 inga
175 376 67 22 andra
257 377 165 27 näringsidkare
436 376 83 22 komme
535 378 32 20 att
582 376 118 21 vidkännas
716 382 26 16 en
757 376 84 26 kapita-

100 410 31 22 let
156 411 124 21 drabbande
302 411 83 26 pälaga,
409 410 39 22 har
470 411 108 21 utskottet
600 410 61 26 dock,
676 410 50 21 med
741 410 101 20 afseende

101 444 57 27 derä,
174 446 33 20 att
216 444 60 22 Hans
292 445 122 27 Kejserliga
428 445 101 27 Majestät
546 445 7 20 i
568 445 162 27 propositionen
744 443 97 28 uttryck-

100 479 57 27 ligen
172 479 80 21 uttalat
271 479 33 27 sig
318 478 34 22 för
367 479 71 21 denna
452 478 74 28 afgifts
542 478 157 26 bibehällande,
715 478 68 21 ehuru
793 478 49 20 dess

100 514 133 21 afskaffande
248 513 23 21 af
284 514 92 20 berörda
390 513 81 21 komit6
486 513 115 25 förordats,
616 512 47 22 icke
678 512 58 21 velat
744 512 48 20 från
799 512 43 20 för-

101 548 69 26 slaget
185 548 46 21 helt
246 547 40 22 och
300 547 67 21 hället
382 549 121 19 utmönstra
518 547 129 26 densamma,
662 553 48 15 men
726 548 72 19 ansett
806 546 37 21 be-

100 582 74 26 loppet
196 581 62 22 deraf
278 582 53 21 böra
346 581 111 22 nedsättas
471 581 34 21 till
521 582 41 20 100
577 581 67 21 mark.
674 581 40 21 Om
729 580 113 27 nemligen,

101 615 70 22 säsom
186 616 161 26 propositionen
363 615 64 26 afser,
442 615 78 21 handel
535 615 34 21 till
585 615 178 26 sjelfförsörjning
778 614 64 21 älan-

101 650 37 21 det
161 650 120 26 medgifves
304 649 39 21 och
358 649 72 21 tillika
445 649 197 27 gärdfarihandeln,
657 649 28 26 pä
700 650 44 20 sätt
759 649 83 20 utskot-

101 685 32 20 tet
154 683 120 28 föreslagit,
298 683 96 21 kommer
410 685 32 19 att
457 683 104 27 frigifvas,
577 683 69 21 mäste
661 683 41 21 den
717 683 125 26 härigenom

101 717 171 28 uppkommande
287 717 163 22 konkurrensen
465 717 142 27 ovilkorligen
622 717 50 21 leda
686 717 34 21 till
728 723 26 15 en
762 716 81 21 minsk-

101 752 52 26 ning
167 752 33 21 uti
215 752 73 27 hvarje
309 751 85 22 enskild
410 751 176 22 landthandlares
602 751 130 26 omsättning
747 751 96 26 isynner-

101 786 38 21 het
154 786 22 21 af
189 786 79 21 lättare
284 792 68 20 varor,
368 785 99 22 hvarföre
483 792 26 15 en
524 786 67 27 högre
605 785 139 26 beskattning
759 787 28 18 än
802 785 42 20 den

102 821 144 20 nästnämnda
270 820 47 21 icke
339 826 64 21 synes
428 820 53 21 böra
505 821 62 20 dessa
589 819 122 22 handlande
726 819 117 21 ähvälfvas.

102 854 47 21 Den
164 854 124 27 minskning
303 854 52 26 åter,
371 861 46 14 som
433 861 76 20 genom
524 860 26 15 en
566 854 67 21 sådan
646 853 139 26 nedsättning
799 853 43 21 kan

102 888 79 27 uppstå
204 889 7 20 i
226 888 95 22 kronans
336 888 125 27 inkomster,
477 889 62 21 torde
553 888 86 21 komma
657 889 32 20 att
704 887 49 22 fullt
763 889 80 25 uppvä-

102 929 39 20 gas
155 922 49 21 utaf
218 923 26 21 de
260 922 93 27 afgifter,
369 922 74 22 hvilka
458 923 67 26 enligt
539 922 119 21 utskottets
669 922 81 26 förslag
760 921 84 22 komme

102 958 33 19 att
149 957 103 26 påläggas
268 957 26 21 de
309 957 117 20 utländska
441 957 233 26 gårdfarihandlarene.

168 991 39 21 Uti
222 991 196 21 landthandlandes
433 991 134 27 näringsrätt
582 992 62 26 göres
659 991 8 20 i
684 991 11 27 $
711 991 26 20 21
753 991 41 20 den
809 991 32 20 in-

103 1025 141 27 skränkning,
264 1027 32 19 att
311 1026 124 21 densamma
456 1026 47 20 icke
525 1025 33 21 får
573 1025 92 21 omfatta
680 1025 127 27 försäljning
823 1024 22 22 af

103 1060 61 21 viner
179 1060 52 21 eller
246 1060 154 26 spritdrycker.

169 1094 46 20 Hos
238 1093 94 22 flertalet
353 1094 23 20 af
393 1094 118 21 utskottets
526 1094 138 21 medlemmar
679 1094 39 20 har
734 1093 53 21 dock
803 1093 42 21 den

103 1128 57 27 åsigt
181 1128 58 27 gjort
254 1128 33 27 sig
302 1128 107 27 gällande,
425 1130 32 19 att
472 1128 19 27 ej
507 1128 68 21 heller
590 1128 128 26 försäljning
733 1127 23 22 af
769 1127 21 21 öl
805 1127 40 21 och

102 1163 74 25 porter
191 1162 67 21 borde
272 1162 28 27 på
315 1162 74 21 landet
403 1162 82 21 tillåtas
500 1163 52 19 utan
563 1161 161 22 vederbörande
732 1161 112 21 kommuns

102 1196 158 26 medgifvande,
275 1198 60 19 utom
349 1196 8 20 i
372 1196 38 21 det
424 1196 45 25 fall,
477 1198 33 18 att
524 1202 66 15 varan
605 1197 24 19 är
644 1196 22 20 af
680 1201 53 21 egen
748 1195 97 21 tillverk-

103 1229 58 27 ning.
198 1230 38 20 Ett
255 1231 90 20 motsatt
359 1229 136 21 förhållande
511 1229 70 21 skulle
595 1229 108 27 nemligen
718 1228 127 22 otvifvelak-

104 1263 42 27 tigt
168 1263 49 21 leda
240 1264 88 26 derhän,
353 1265 33 19 att
402 1270 25 15 en
443 1264 46 20 vidt
503 1263 107 27 utgrenad
624 1263 79 21 handel
718 1262 49 22 med
782 1262 64 22 dessa

105 1297 91 27 drycker
219 1297 84 21 komme
327 1299 33 19 att
384 1297 111 22 bedrifvas
517 1297 28 27 på
565 1297 69 27 grund
649 1297 23 21 af
686 1303 17 15 s.
718 1296 21 21 k.
756 1296 89 27 sjelfför-

104 1331 160 26 sörjningsrätt.

172 1365 38 20 Att
232 1364 108 22 utskottet
361 1365 34 21 till
410 1364 161 22 skärskådande
586 1364 99 26 upptagit
700 1364 70 20 denna
785 1363 61 26 fråga
859 1386 2 2 .

104 1398 40 21 har
152 1398 33 21 sin
201 1398 70 27 orsak,
287 1398 46 22 dels
352 1398 7 21 i
375 1398 63 22 ofvan
454 1398 95 27 antydda
563 1398 141 26 förhållande,
720 1398 46 21 dels
781 1397 64 21 äfven

105 1432 53 27 deri,
183 1434 39 24 att,
249 1432 68 28 enligt
338 1433 58 21 hvad
410 1432 107 22 utskottet
531 1432 40 22 har
587 1432 33 26 sig
634 1432 87 26 bekant,
737 1431 108 27 klagomål

104 1466 67 22 redan
185 1473 30 14 nu
229 1466 48 22 från
292 1473 27 15 en
333 1467 80 27 mängd
427 1467 122 21 landsorter
565 1466 82 21 anförts
662 1466 60 21 öfver
732 1466 27 21 de
767 1465 34 22 för
809 1466 37 21 det

174 1513 125 17 Sammansatta
311 1513 37 22 Lag
361 1513 29 17 och
402 1513 84 18 Ekonomi
497 1513 89 17 utskottets
600 1513 103 17 betänkande
715 1512 34 17 N:o
761 1512 17 16 3.
