1059 1709
224 125 26 20 26
392 124 30 21 U.
440 126 30 17 B.
497 136 8 1 —
528 124 86 24 Prop,
630 124 49 20 N:o
695 124 47 20 27.

263 190 35 22 det
312 197 76 14 senare
399 190 59 27 frän
480 190 39 20 och
533 190 47 20 med
597 189 121 28 September
733 190 36 20 till
784 190 37 20 och
836 190 47 20 med
897 190 44 20 No-

262 224 84 20 vember
354 224 88 24 månad,
454 224 57 24 eller,
524 230 32 14 om
572 223 104 28 helgedag
686 223 104 27 följande
805 224 43 27 dag
862 223 80 27 inträf-

262 257 44 26 far,
322 261 70 18 nästa.
400 257 121 28 söckendag
537 257 102 27 derefter.

331 287 47 26 Ävro
394 292 34 20 två
444 292 96 27 tingslag
556 291 35 22 till
606 299 26 13 en
647 292 103 27 domsaga
757 291 115 28 förenade,
884 291 58 21 hälle

262 326 155 21 häradsrätten
434 326 9 20 i
463 326 107 21 hvardera
590 326 116 29 tingslaget
724 326 90 21 vexelvis
829 326 113 21 allmänna

262 360 183 25 sammanträden,
460 360 70 21 under
544 360 108 27 vårtinget
668 360 35 21 två
717 360 84 27 gånger
815 360 47 21 med
876 361 66 20 minst

262 401 37 14 sex
317 394 87 21 veckors
424 394 32 21 tid
472 395 90 20 emellan
583 394 203 21 sammanträdenas
802 393 86 28 början,
903 394 39 21 och

262 428 70 21 under
347 428 116 27 hösttinget
478 436 26 13 en
518 429 65 27 gång.

329 462 47 21 Der
391 464 9 19 i
414 469 27 14 en
456 463 104 28 domsaga
570 463 77 27 finnas
663 465 31 18 tre
710 463 52 20 eller
767 463 60 26 flera
838 463 103 28 tingslag,

262 495 58 22 hålle
334 496 154 22 häradsrätten
504 499 28 19 ett
547 498 92 21 allmänt
654 497 160 21 sammanträde
827 497 36 21 vid
878 497 64 21 hvart

263 531 52 28 ting.

329 565 17 20 I
362 565 26 21 de
410 565 121 28 domsagor,
546 572 45 15 som
612 567 89 26 utgöras
721 565 30 27 af
762 565 60 27 flera
837 565 103 28 tingslag,

262 600 41 25 må,
320 606 33 14 om
368 600 34 21 det
417 600 77 27 nödigt
508 604 32 21 är,
556 600 109 27 vårtinget
683 599 47 22 med
745 599 121 28 hofrättens
882 599 59 22 tillå-

262 634 50 20 telse
322 633 54 28 före
390 634 108 21 Februari
512 635 82 20 månad
610 634 102 27 begynna.

329 667 17 22 I
358 669 102 26 tingslag,
476 668 39 21 der
529 669 35 20 två
580 669 46 27 ting
642 669 53 20 eller
710 669 67 26 ofvan
792 667 70 28 sagda
878 667 63 22 antal

262 702 113 21 allmänna
389 703 176 21 sammanträden
580 703 22 27 ej
617 702 92 27 tarfvas,
720 703 70 27 gånge
805 702 86 21 dermed
906 703 34 20 så-

261 742 45 15 som
320 736 106 21 särskildt
440 737 104 28 stadgadt
559 741 25 17 är
600 737 52 20 eller
663 737 108 27 påbjudet
785 737 85 21 varder.

261 805 189 29 Bestämningarne
465 806 8 21 i
487 808 14 20 4
516 808 14 26 $
545 808 27 21 26
587 807 47 28 kap.
650 806 26 22 B.
692 806 26 22 B.
734 814 50 14 anse
798 806 23 22 vi
834 807 52 21 böra
900 814 41 13 me-

192 848 29 18 ra,
237 845 26 17 än
278 840 119 23 Utskottets
416 840 76 29 förslag
511 842 94 25 innebär,
620 841 109 29 tillgodose
748 840 26 23 de
793 840 148 29 förbättringar

192 875 24 21 af
235 875 132 22 rättsvärden
388 875 28 29 pä
437 876 77 26 landet,
533 884 45 14 som
599 876 23 21 af
640 876 118 22 Ständerna
779 875 37 22 vid
831 876 54 21 1867
901 875 40 22 och

194 909 55 22 1872
264 909 60 22 &rens
344 909 122 29 landtdagar
485 910 93 29 äsyftats,
594 910 26 22 dä
635 910 25 21 de
675 911 77 21 uttalat
766 909 32 29 sig
812 909 32 22 för
858 909 83 22 härads-

192 945 102 20 rätternas
313 944 130 29 ombildning
460 945 34 21 till
508 946 137 27 permanenta
664 944 112 22 domstolar
791 945 39 20 och
844 944 8 21 i
867 943 74 22 sådant

192 977 99 22 afseende
306 977 121 27 framhållit,
443 978 63 21 bland
521 980 71 25 annat,
602 980 30 20 att
647 978 143 28 tingstäderna
805 978 33 21 uti
848 978 25 21 de
884 977 56 22 dom-

192 1019 65 20 sagor,
274 1019 44 14 som
333 1012 84 21 komme
432 1014 31 20 att
478 1014 73 27 utgöra
566 1014 30 21 ett
611 1013 54 20 enda
679 1012 96 29 tingslag,
790 1012 70 26 borde,
872 1011 68 22 sävidt

192 1045 82 29 möjligt
288 1053 56 19 vore,
360 1046 104 29 förläggas
478 1047 8 21 i
500 1047 81 22 midten
596 1046 22 22 af
632 1047 141 28 domsagorna,
789 1048 54 20 samt
857 1045 83 23 härads-

192 1080 152 22 rätts-arkifvet
362 1080 93 22 förvaras
470 1081 12 21 &
497 1081 125 28 tingstaden,
637 1080 27 29 pä
679 1080 87 22 hvilken
786 1080 50 21 eller
854 1080 8 21 i
876 1081 64 20 hvars

192 1114 76 22 närhet
282 1115 63 21 äfven
360 1115 190 28 häradshöfdingen
564 1115 64 22 borde
643 1123 50 13 vara
706 1115 75 26 bosatt,
797 1114 33 21 för
844 1117 31 19 att
889 1122 51 14 vara

191 1149 40 21 lätt
245 1149 117 28 tillgänglig
379 1149 33 22 för
426 1149 26 21 de
472 1149 133 22 rättsökande
626 1149 39 21 och
682 1148 92 29 ständigt
789 1149 72 21 kunna
875 1147 64 23 hafva

191 1183 88 28 tillgäng
297 1183 34 26 till
350 1184 61 27 sagde
430 1183 58 21 arkif
504 1184 39 21 och
563 1184 37 21 sitt
619 1185 47 26 eget
684 1183 122 22 bibliothek.
837 1183 43 21 Till
894 1182 46 22 vin-

191 1217 69 22 nande
275 1217 22 22 af
312 1217 60 22 dessa
386 1217 78 29 vigtiga
484 1217 105 22 förmäner
608 1225 50 14 anse
673 1217 22 22 vi
708 1217 164 28 häradshöfding
887 1217 7 21 i
909 1217 30 21 sä-

191 1251 41 20 dan
247 1251 98 28 domsaga
359 1252 51 20 böra
428 1252 87 20 beredas
534 1251 110 27 ovilkorlig
662 1251 100 28 rättighet
776 1252 40 19 och
830 1251 108 21 ähvälfvas

190 1283 121 29 skyldighet
321 1285 31 21 att
361 1285 26 21 bo
398 1284 105 29 ungefär
496 1279 13 38 i
517 1285 81 21 midten
612 1284 24 22 af
648 1284 118 28 domsagan,
782 1284 84 22 hvilket
879 1283 60 23 torde

190 1318 49 22 med
260 1318 60 29 ringa
341 1318 90 23 kostnad
453 1318 33 22 för
504 1319 178 29 tingslagsboerne
696 1319 73 21 kunna
784 1319 154 22 ästadkommas

190 1352 127 30 derigenom,
337 1355 31 20 att
390 1354 70 22 desses
482 1354 64 22 redan
565 1362 29 14 nu
614 1354 8 22 i
636 1354 14 21 4
666 1354 13 26 &
695 1355 27 21 26
737 1353 47 29 kap.
800 1354 26 22 B.
842 1354 26 22 B.
884 1354 54 22 stad-

189 1388 53 28 gade
256 1388 121 29 skyldighet
392 1390 30 20 att
436 1389 68 28 bygga
518 1389 96 28 tingshus
628 1391 58 26 toges
700 1389 8 21 i
724 1388 90 30 anspräk
828 1388 27 30 pä
865 1388 74 23 sädant

190 1425 46 25 sätt,
252 1424 31 21 att
297 1423 190 29 häradshöfdingen
502 1423 37 22 der
553 1423 73 22 kunde
640 1423 64 22 hafva
714 1424 36 22 sitt
760 1423 55 22 hem.
840 1424 97 22 Emedan

189 1458 108 28 domsagor
307 1458 23 22 af
338 1458 70 22 denna
416 1458 146 22 beskaffenhet
572 1458 84 22 komme
666 1459 31 21 att
706 1457 67 23 bildas
784 1458 24 22 af
815 1458 65 22 minst
894 1458 42 27 tvä,

255 1498 137 23 Lagutskottets
404 1498 112 18 betänkande
527 1498 35 19 N:o
574 1498 27 19 12.
