1042 1706
304 123 28 23 U.
348 124 27 22 B.
390 136 29 4 —
433 124 74 28 Prop.
522 125 46 22 N:o
585 124 36 22 26.
797 124 11 20 5

91 191 61 22 dessa
166 198 75 15 senare
256 191 60 23 skola
333 191 70 23 förmå
417 192 99 28 uppbära
532 193 32 21 sin
579 200 53 20 egen
646 192 87 26 rörelse,
741 199 48 15 men
803 194 34 20 ut-

90 226 102 27 gifternas
211 226 135 27 progressiva
364 226 88 26 tillvext,
467 226 46 22 ifall
529 227 26 21 de
569 227 47 21 icke
630 227 73 21 kunna
716 226 121 26 reduceras,

89 259 80 22 tillåter
184 260 95 21 deremot
293 260 47 22 icke
355 262 31 19 att
400 260 97 28 påräkna
511 260 71 28 någon
597 260 161 22 netto-inkomst
769 260 24 22 af
800 267 37 15 an-

88 294 177 27 märkningsvärd
283 294 137 28 betydenhet,
439 294 39 22 och
498 294 29 22 då
545 295 42 21 kan
604 302 51 14 man
673 294 46 22 icke
737 294 46 22 helt
797 295 40 21 och

89 327 67 22 hållet
168 328 60 27 jäfva
246 328 62 22 deras
327 327 61 29 åsigt,
404 328 71 22 hvilka
489 328 88 22 förorda
593 330 31 20 ett
637 328 96 28 uppskof
745 328 48 22 med
808 328 30 21 vi-

89 362 51 22 dare
152 362 192 28 jernvägsföretag.

156 396 64 22 Emot
238 396 70 22 denna
326 396 138 28 uppfattning
481 396 120 22 framställa
619 397 32 27 sig
670 396 117 22 emellertid
801 396 37 22 be-

88 430 143 28 tänkligheter
246 430 24 22 af
282 431 52 22 flere
348 431 53 28 slag.
423 431 80 28 Hvarje
517 430 200 29 kulturutveckling,
733 438 46 14 som
790 430 49 22 sker

88 465 83 28 ryckvis
186 465 40 22 och
244 465 82 22 utföres
344 466 48 21 med
407 465 111 22 forcerade
533 466 82 21 krafter
630 465 33 22 för
678 467 33 20 att
725 465 66 22 sedan
806 465 31 21 af-

87 499 74 28 brytas
176 499 40 22 och
231 499 81 22 lemnas
326 499 107 22 beroende
448 500 25 21 af
485 500 70 21 ovissa
569 500 161 27 konjunkturer,
745 499 42 22 kan
798 499 41 22 lätt

87 533 111 28 förslappa
216 541 26 14 en
261 534 140 26 verksamhet,
420 541 46 14 som
484 535 63 21 söker
565 536 33 20 att
616 535 53 27 göra
683 535 32 27 sig
731 533 106 28 gällande.

86 568 84 22 Landet
184 569 40 20 har
238 569 67 20 redan
320 569 110 27 uppfattat
441 569 153 28 jernvägarnes
608 569 108 28 betydelse
726 575 43 21 nog
779 568 58 27 högt,

87 603 34 21 för
135 605 33 19 att
183 605 31 19 ett
228 601 78 23 sådant
320 602 82 22 afbrott
417 603 18 28 ej
451 603 67 22 skulle
534 603 74 22 utöfva
622 605 31 19 ett
662 602 176 23 nedstämmande

87 637 117 28 inflytande
219 635 29 29 på
262 637 60 22 fliten
336 638 41 21 och
392 637 160 22 verksamheten
566 638 33 21 uti
615 638 26 21 de
655 637 60 22 delar
726 637 25 22 af
758 636 79 27 landet,

87 671 72 22 hvilka
177 673 57 20 ännu
252 671 47 22 icke
314 671 89 22 kommit
417 672 8 20 i
440 672 125 27 åtnjutande
580 672 24 21 af
617 672 59 21 detta
690 671 148 21 kommunika-

87 706 132 21 tionsmedel.
248 706 42 21 Det
308 705 36 22 må
362 706 116 27 medgifvas
497 708 32 19 att
540 707 144 27 jernvägarne
699 705 53 26 icke,
768 704 70 23 såsom

87 747 26 14 en'
128 741 53 21 eller
199 747 72 14 annan
289 740 100 28 möjligen
408 741 42 21 kan
468 741 110 21 föreställa
592 741 41 27 sig,
648 740 104 21 innebära
766 739 71 28 någon

86 774 176 26 trolldomskraft,
284 781 46 14 som
346 777 82 19 ensamt
444 775 40 22 och
498 775 7 20 i
520 775 41 22 och
576 775 34 21 för
625 775 32 27 sig
671 775 85 20 mäktar
773 773 65 22 fram-

86 809 59 22 kalla
159 811 60 20 stora
233 809 121 26 resultater,
369 816 49 14 men
433 809 134 28 obestridligt
581 810 26 21 är
622 809 35 22 det
673 808 118 23 emellertid
806 810 33 20 att

89 844 25 21 de
136 843 65 22 hafva
219 851 27 14 en
264 843 144 22 framstående
430 844 115 28 betydelse,
567 844 122 28 isynnerhet
708 843 28 22 då
755 843 26 21 de
799 843 39 21 äro

88 878 92 21 ämnade
201 880 32 19 att
254 878 86 28 betjena
358 880 31 19 ett
406 879 52 26 folk,
476 885 45 15 som
542 886 26 14 en
587 880 74 26 sträng
681 880 66 20 natur
761 877 76 28 uppfo-

88 915 55 19 strat
157 913 33 20 till
205 913 74 21 arbete
294 913 39 22 och
348 913 93 27 idoghet.
470 913 32 21 De
516 913 151 22 förkrossande
682 913 156 26 verkningarne

88 947 24 21 af
124 947 74 21 tidtals
216 947 116 22 inträffade
350 947 124 22 missvexter
491 947 104 22 innebära
610 947 40 22 ock
665 953 26 15 en
713 946 125 29 ytterligare

87 981 88 28 maning
186 983 37 20 att
236 981 108 22 förbättra
357 981 84 22 landets
455 981 214 26 kommunikationer,
680 988 76 21 genom
766 981 72 21 hvilka

88 1015 72 28 odling
175 1015 40 22 och
230 1015 167 28 företagsamhet
411 1016 91 28 mäktigt
508 1016 117 27 befrämjas
640 1018 56 19 samt
703 1014 84 23 tillfälle
802 1015 36 21 be-

87 1050 61 21 redes
164 1051 32 20 att
210 1050 33 21 till
258 1050 26 21 de
299 1052 65 24 orter,
379 1050 71 21 hvilka
468 1051 126 20 missvexten
610 1050 118 25 hemsöker,
742 1050 53 20 utan
806 1048 32 22 äf-

87 1083 105 29 ventyrlig
206 1084 120 22 tidsförlust
341 1084 125 21 framskaffa
475 1084 77 21 utsäde
563 1085 39 21 och
613 1084 79 28 nödiga
701 1083 136 22 födoämnen.

154 1118 35 22 En
208 1125 71 15 annan
297 1119 47 21 sida
362 1119 23 20 af
402 1118 82 28 frågan,
503 1126 46 14 som
568 1119 40 21 har
627 1125 25 15 en
667 1118 86 27 rättslig
766 1119 73 23 natur,

87 1153 105 27 förtjenar
209 1153 46 21 icke
273 1153 84 21 mindre
375 1153 106 22 afseende.
512 1153 70 22 Sedan
601 1153 26 21 de
641 1152 62 23 flesta
717 1151 24 22 af
754 1151 84 22 landets

86 1187 112 27 provinser
215 1194 45 14 mer
279 1187 51 21 eller
348 1187 83 21 mindre
448 1187 70 21 blifvit
538 1187 108 27 delaktiga
664 1187 24 21 af
704 1185 133 22 förbättrade

86 1221 214 26 kommunikationer,
316 1221 71 21 hvilka
394 1221 97 32 kommit
504 1221 34 21 till
553 1220 63 23 stånd
631 1227 76 21 genom
721 1219 117 28 tillgångar

86 1255 7 20 i
108 1255 133 21 statskassan
256 1255 86 21 hvartill
361 1255 43 22 alla
419 1255 101 28 bidragit,
536 1254 92 23 återstår
643 1261 26 15 en
684 1254 24 22 af
721 1254 55 26 dem,
791 1261 46 14 som

87 1290 57 20 ännu
166 1289 79 21 saknar
267 1289 70 22 denna
358 1288 90 22 förmån.
480 1290 40 21 Om
541 1296 51 15 man
614 1288 25 22 så
657 1289 42 25 vill,
717 1289 43 20 kan
779 1288 58 21 detta

86 1323 104 26 stämplas
205 1321 71 23 såsom
290 1330 26 14 en
332 1323 108 25 orättvisa,
455 1331 49 14 men
518 1323 8 20 i
541 1323 75 27 sjelfva
630 1323 73 21 verket
716 1322 41 21 bör
771 1322 66 21 saken

86 1356 110 21 betraktas
211 1355 48 22 från
278 1356 42 21 den
338 1356 114 28 synpunkt,
468 1358 31 19 att
514 1364 50 13 man
578 1357 8 20 i
601 1356 41 21 den
657 1355 80 22 sociala
751 1355 88 22 ordnin-

88 1397 40 21 gen
149 1389 69 22 måste
239 1389 57 22 afstå
314 1389 48 22 från
380 1389 43 22 alla
442 1389 93 28 anspråk
553 1392 33 19 att
604 1389 65 22 skifta
684 1391 81 20 statens
779 1388 59 29 hjelp

87 1424 54 23 efter
159 1424 146 22 aritmetikens
323 1425 40 21 och
381 1424 206 29 bolagsräkningens
605 1426 88 26 stränga
707 1423 130 28 fordringar.

155 1465 181 22 Jernvägs-Utskottets
347 1465 109 18 betänkande.
