1017 1717
315 96 29 24 U.
358 98 28 22 B.
401 111 27 3 —
443 98 75 30 Prop.
533 98 45 24 N:o
594 98 35 23 23.
808 98 12 21 3

100 156 65 24 lande
194 157 164 29 tingsgästning,
388 158 85 23 hvilken
498 160 7 20 i
534 158 115 30 anledning
673 159 25 21 af
719 158 131 23 Ständernas

100 191 73 23 beslut
194 192 35 22 vid
251 193 130 28 landtdagen
403 192 26 23 är
452 194 53 21 1867
520 194 47 22 icke
589 194 42 21 kan
651 193 50 22 med
722 193 42 22 den
785 192 66 29 ledig-

101 226 70 22 blifna
185 226 351 30 lagmanstingsgästningskappen
558 228 52 22 ökas
632 227 141 27 annorlunda,
795 228 28 20 än
844 228 8 20 i

101 264 156 28 sammanhang
278 265 49 22 med
348 264 72 29 nägon
441 264 77 30 ätgärd
537 265 33 21 till
587 265 119 23 förökande
723 264 24 22 af
763 264 89 22 härads-

101 298 108 22 rätternas
228 298 89 29 lagtima
339 299 173 23 sammanträden
528 300 40 22 och
583 300 63 21 deraf
657 298 114 29 päkallade
785 298 68 29 regle-

100 332 75 28 ringar
189 332 26 22 af
227 332 149 29 domsagorna.
404 333 11 22 I
429 333 141 23 betraktande
584 333 66 23 häraf
662 334 41 22 och
717 332 30 23 dä
756 332 19 28 ej
785 332 68 23 heller

103 366 41 22 den
165 366 8 22 i
192 366 81 30 nädiga
291 368 161 28 propositionen
469 368 40 22 N:o
528 370 27 21 27
573 368 36 22 vid
626 367 144 23 innevarande
783 367 70 22 landt-

104 400 42 30 dag
160 401 8 21 i
183 400 78 24 sädant
275 402 55 28 syfte
344 402 122 29 föreslagna
476 403 152 28 förordningen
637 401 111 29 angäende
758 402 96 22 ändrade

103 435 160 29 bestämningar
285 444 35 14 om
341 437 126 29 häradsting
486 438 40 21 och
543 438 187 21 häradsrätternas
748 443 107 15 samman-

103 470 78 23 träden
203 471 62 22 blivit
285 472 26 21 af
331 472 120 22 Ständerna
468 474 99 26 antagen,
586 470 93 24 äterstär
696 471 35 22 för
745 471 110 23 Utskottet

102 505 20 27 ej
140 507 73 25 annat,
228 507 28 21 än
271 508 33 20 att
318 506 85 22 ansluta
418 506 33 28 sig
464 507 34 21 till
512 506 171 23 Presteständets
698 506 157 22 ofvannämnda

102 540 78 26 beslut,
198 540 87 28 hvilket,
303 541 66 29 enligt
386 542 57 22 hvad
461 542 109 22 Utskottet
584 541 42 22 fätt
639 542 33 27 sig
686 541 129 27 meddeladt,
830 542 26 21 är

105 575 82 22 fattadt
209 576 54 21 efter
285 576 37 22 det
339 584 83 14 samma
439 576 68 22 Ständ
525 576 34 23 för
577 576 33 22 sin
628 576 35 22 del
680 576 56 22 hade
750 576 105 22 förkastat

104 610 162 28 propositionen
287 610 41 22 N:o
348 612 27 20 27
393 612 56 20 samt
467 611 33 22 för
515 612 66 28 öfrigt
594 611 200 22 öfverensstämmer
807 610 49 23 med

103 644 56 22 hvad
177 652 35 17 om
229 646 331 28 häradsrättstingsgästningens
577 646 120 28 fördelning
714 652 39 15 var
766 646 89 22 föresla-

105 681 35 25 get
159 679 35 22 vid
209 680 131 28 landtdagen
355 679 51 22 ären
422 681 117 21 1863—64.

172 713 109 23 Utskottet
295 713 34 23 får
345 713 63 23 alltså
422 715 108 22 vördsamt
544 715 115 28 tillstyrka:

343 751 30 19 att
386 749 98 27 samtliga
498 750 96 22 Stånden
608 750 63 21 måtte
686 749 84 27 besluta,
785 751 30 21 att
828 751 29 20 10

273 784 16 28 $
303 783 54 23 skall
370 783 80 23 erhålla
463 784 93 28 följande
570 784 85 28 lydelse:

344 818 43 22 Till
399 819 113 22 underhåll
524 819 37 22 vid
574 820 69 27 tingen
658 819 79 27 åtnjute
750 820 107 21 nämnden

274 860 26 14 en
325 854 98 27 tredjedel
447 854 25 27 af
492 854 40 22 den
558 854 149 22 häradsrätten
731 854 126 27 tillfallande

274 888 158 28 tingsgästning.

172 939 140 29 Helsingfors,
327 940 42 22 den
383 942 27 20 29
425 940 117 24 December
558 942 60 21 1877.

176 1436 71 22 Bihang
258 1436 27 17 till
296 1437 124 21 Lagutskottets
430 1436 104 18 betänkande
545 1437 34 17 N:o
592 1437 28 17 13.
