1078 1714
217 134 26 20 10
410 137 28 17 U.
454 136 33 19 B.
503 135 83 24 Prop.
602 135 48 20 N:o
666 135 47 20 32.

256 198 145 27 Nikolaistad,
417 188 53 41 Åbo,
490 199 85 27 Wiborg
590 199 37 20 och
641 199 31 20 S:t
681 199 84 25 Michel,
776 202 56 18 samt
840 199 25 20 de
876 198 56 21 kom-

257 233 100 21 binerade
373 233 147 20 anstalternas
534 233 9 20 i
558 232 102 21 närheten
675 232 29 26 af
714 232 88 28 Kuopio
818 232 37 21 och
869 232 65 21 Tam-

256 267 100 27 merfors,
372 266 108 28 befunnits
491 266 59 27 fullt
565 266 193 28 ändamålsenligt;

325 338 32 19 att
372 336 65 27 inköp
453 335 29 27 af
488 335 176 28 jordlägenheter
669 334 41 28 för
720 335 130 21 sistberörda
861 338 74 18 tvenne

257 371 112 25 anstalter,
386 370 109 26 befunnits
511 370 147 26 erforderligt,
671 370 31 26 på
717 372 43 18 sätt
775 370 9 20 i
798 370 40 20 den
852 370 83 27 nådiga

254 404 164 28 propositionen
429 404 141 27 föreslagits;

326 481 33 19 att
377 478 157 21 vederbörande
556 478 147 28 myndigheter
725 478 65 21 måtte
812 478 125 28 anbefallas

259 516 32 18 att
306 513 37 21 vid
358 512 262 28 byggnadsritningarnas
635 512 141 28 uppgörande
791 512 99 29 iakttaga
905 513 32 21 all

257 548 76 27 möjlig
348 546 144 29 sparsamhet;
506 549 55 18 samt

329 625 33 18 att
380 622 29 27 af
425 623 26 20 de
471 622 57 21 båda
547 621 150 22 kombinerade
715 622 53 21 kur-
786 622 38 21 och
841 623 96 21 vårdan-

259 657 107 22 stalterna
381 657 47 26 den,
444 663 44 14 som
503 656 56 21 skall
574 656 95 21 inrättas
686 657 36 20 vid
738 656 86 28 Kuopio
839 657 57 27 stad,
912 658 26 20 ti-

260 692 76 27 digare
352 691 63 21 borde
430 691 84 20 komma
530 691 34 20 till
579 690 118 27 utförande
712 693 28 19 än
757 691 41 21 den
813 692 78 21 andra.

259 778 74 29 Enligt
347 778 26 21 de
388 777 7 22 i
410 777 40 22 den
466 777 76 29 nådiga
556 777 154 29 propositionen
728 777 86 22 anförda
828 778 109 22 beräknin-

191 821 36 21 gar
242 813 67 22 skulle
324 812 140 22 kostnaderna
483 811 32 22 för
530 812 193 22 åstadkommandet
742 812 23 22 af
778 813 95 28 samtliga
887 821 51 21 upp-

191 847 226 29 tagningsanstalterna
431 847 39 21 och
485 847 40 21 den
541 855 39 13 ena
594 846 23 22 af
633 847 25 20 de
672 846 149 23 kombinerade
836 847 47 22 kur-
898 847 39 22 och

191 882 179 22 vårdanstalterna
385 881 52 28 stiga
452 881 32 22 till
499 882 92 25 845,000
605 881 65 22 mark.
694 882 58 21 Enär
767 881 59 22 dessa
840 881 97 30 kalkyler

192 917 52 21 dock
266 916 47 22 icke
328 921 35 16 äro
383 915 48 22 fullt
453 916 66 26 säkra,
535 916 60 21 äskas
616 915 32 22 för
662 915 158 30 ifrågavarande
842 916 95 22 ändamål

191 951 66 22 under
272 953 59 19 nästa
346 950 43 22 fem
403 950 33 21 års
450 950 73 28 period
538 952 30 20 ett
583 951 155 28 anslagsbelopp
754 950 24 22 af
785 951 152 28 sammanlagdt

193 985 90 26 900,000
298 985 67 26 mark,
389 985 51 20 eller
456 985 92 25 500,000
565 984 59 22 mark
639 984 83 22 utöfver
739 985 40 22 den
795 993 82 14 summa
891 985 47 28 9

193 1020 98 26 400,000,
309 1027 44 14 som
367 1019 24 21 af
403 1021 69 19 senast
486 1018 123 22 församlade
624 1018 90 23 Ständer
732 1019 32 22 för
782 1020 107 21 enahanda
905 1024 34 17 än-

193 1054 68 22 damäl
275 1054 97 28 beviljats
386 1061 49 14 men
450 1053 23 21 af
485 1054 62 22 ofvan
562 1054 86 21 berörda
662 1054 45 21 skäl
722 1055 57 21 ännu
793 1054 47 22 icke
850 1054 89 22 kommit

192 1089 8 21 i
215 1088 142 28 användning.

260 1122 70 22 Sedan
346 1122 165 25 Statsutskottet,
527 1122 27 28 pä
568 1123 41 20 sätt
623 1121 23 22 af
659 1122 46 21 dess
719 1122 102 22 särskilda
830 1122 108 22 utlätande

193 1157 106 28 angående
313 1156 96 28 samtliga
424 1156 150 28 anslagsfrägor
589 1156 53 22 skall
656 1156 85 29 framgå,
757 1156 71 23 funnit
838 1158 35 21 det
886 1165 52 15 vara

193 1190 23 22 af
228 1190 204 29 omständigheterna
447 1190 107 29 päkalladt
568 1192 30 20 att
618 1190 137 23 omförmälda
776 1192 163 28 anslagssumma

192 1224 97 29 uppföres
305 1224 27 30 pä
347 1224 40 22 den
397 1224 12 22 &
420 1224 117 22 Ständerna
556 1225 151 22 ankommande
726 1226 63 22 delen
808 1226 22 21 af
844 1228 95 26 statsreg-

192 1258 100 28 leringen,
309 1258 32 21 får
356 1259 154 20 Sammansatta
522 1259 64 21 Stats-
600 1260 39 19 och
648 1260 216 21 Ekonomi-utskottet
879 1260 60 21 alltså

192 1291 117 28 tillstyrka
299 1287 12 36 :

328 1374 33 19 att
381 1372 121 21 Ständerna
522 1373 50 21 ville
586 1372 42 28 för
646 1373 25 21 de
691 1374 35 20 till
746 1374 132 21 därvärdens
892 1374 45 26 för-

261 1406 114 21 bättrande
391 1408 8 19 i
414 1406 152 26 ofvanstäende
580 1408 66 20 måtto
658 1408 80 28 nödiga
750 1408 94 28 befunna
855 1409 84 21 anstal-

261 1443 32 19 ter
308 1440 38 22 och
361 1441 152 30 inrättningar
528 1442 76 20 anvisa
622 1442 19 28 ej
660 1442 83 21 mindre
758 1443 42 21 den
815 1450 83 14 summa
913 1443 30 28 af

259 1476 92 25 400,000
365 1475 68 27 mark,
448 1483 45 14 som
508 1478 27 19 är
546 1476 30 27 af
583 1476 99 21 behällna
693 1476 195 29 bevillningsmedel
898 1478 41 27 för

260 1515 139 19 Sammansatta
411 1516 57 18 Stats-
482 1517 31 17 och
524 1516 195 19 Ekonomieutskottets
732 1517 112 18 betänkande
856 1517 35 19 N:o
904 1519 15 17 1.
