1045 1714
315 128 63 21 Ständ.
394 128 30 21 Sv.
440 141 27 3 —
482 128 53 29 Prop.
550 129 32 21 N:o
597 129 33 22 23.

303 415 124 25 Finlands
446 415 127 25 Ständers
592 415 182 32 underdåniga
787 423 61 19 svar

234 456 5 24 i
265 455 112 31 anledning
400 456 25 24 af
441 456 66 25 Hans
525 456 160 32 Kejserliga
703 456 144 31 Majestäts

235 495 77 32 nådiga
331 496 138 32 proposition,
488 495 110 33 angående
617 496 125 32 förordning
760 504 31 17 om
810 498 37 24 nä-

233 536 111 30 ripgarne,
664 550 7 5 2

149 615 221 28 Stormäktigste,
394 615 200 28 Allernådigste
616 615 112 27 Kejsare
751 616 44 21 och

392 649 161 22 Storfurste!

164 706 51 22 Med
237 707 112 26 anledning
364 705 22 22 af
400 712 26 15 en
442 706 46 22 utaf
500 707 179 26 Borgareståndet
693 707 35 22 vid
744 708 54 21 1872
814 707 34 21 års

95 741 103 27 landtdag
220 740 77 22 aflåten
316 740 131 27 underdånig
464 741 89 27 petition
569 747 34 16 om
618 741 89 28 ändring
722 741 22 22 af
758 743 10 20 1'
785 747 62 16 mom.

95 777 28 21 29
147 775 11 28 $
180 775 7 21 i
208 775 77 27 nådiga
306 775 149 27 förordningen
473 776 108 26 angående
596 775 78 22 handel
689 775 40 22 och
744 775 104 28 näringar,

97 810 68 27 gifven
181 809 40 22 den
236 810 27 20 24
279 809 102 22 Februari
398 810 59 26 1868,
474 810 39 21 har
522 810 79 21 Eders
613 809 146 28 Kejserliga
769 811 81 26 Maje-

97 846 66 25 stät,
179 850 45 15 som
240 843 68 22 funnit
320 843 77 28 jemväl
413 844 106 27 åtskilliga
534 845 65 21 andra
610 844 7 21 i
627 844 90 22 berörda
727 844 123 28 förordning

96 878 103 28 ingående
214 878 131 27 stadganden
360 878 44 22 dels
419 885 87 15 numera
521 885 51 15 vara
586 879 81 21 mindre
677 879 117 26 tidsenliga,
806 879 43 22 dels

96 913 70 22 lemna
181 919 47 15 rum
242 912 33 21 för
290 912 57 21 olika
362 912 102 27 tolkning,
480 912 47 22 låtit
542 915 95 25 uppgöra
652 913 39 21 och
705 913 8 21 i
728 913 63 27 nådig
802 920 48 20 pro-

96 947 92 28 position
209 947 33 21 till
264 953 28 15 nu
314 946 126 23 församlade
463 947 101 22 Ständers
579 947 118 28 antagande
713 947 136 22 öfverlemnat

96 981 79 28 förslag
197 981 32 22 till
251 988 27 20 ny
293 981 122 28 författning
430 981 6 21 i
451 983 77 25 ämnet,
544 981 30 22 uti
589 981 84 22 hvilken
689 981 60 22 äfven
763 981 87 28 intagits

96 1016 108 21 föreskrift
227 1016 77 26 derom,
326 1017 32 20 att
380 1016 56 21 hvad
457 1015 8 21 i
488 1016 51 21 sista
561 1022 61 16 mom.
637 1016 31 22 uti
683 1016 12 28 $
710 1016 13 21 2
739 1016 21 22 af
774 1016 75 27 Kongl.

97 1050 110 27 Majestäts
225 1050 32 21 för
272 1050 65 21 rikets
352 1050 130 28 borgerskap
498 1050 38 22 och
552 1050 100 22 städerna
666 1050 7 22 i
689 1050 115 22 allmänhet
818 1053 32 19 ut-

95 1084 88 22 färdade
197 1084 110 22 försäkran
323 1084 21 21 af
359 1084 40 22 den
414 1084 27 22 23
457 1084 104 22 Februari
577 1085 54 21 1789
651 1084 84 28 stadgas
751 1091 34 15 om
802 1084 49 22 bur-

96 1118 60 28 skap,
179 1118 106 22 äfvensom
309 1119 12 20 5
344 1118 12 27 $
380 1118 21 22 af
415 1124 80 16 samma
509 1117 109 23 försäkran
633 1118 60 22 skola
707 1118 97 28 upphöra
819 1120 32 20 att

97 1159 50 16 vara
164 1152 103 28 gällande.

165 1186 42 22 Vid
229 1186 155 28 granskningen
406 1186 22 22 af
449 1187 69 21 denna
539 1186 76 28 nädiga
637 1186 131 28 proposition
789 1186 62 22 hafva

97 1220 124 27 Ständerna,
245 1227 46 15 som
312 1220 78 28 jemväl
404 1220 34 22 för
451 1221 33 21 sin
499 1220 34 23 del
548 1226 49 16 anse
613 1220 150 28 förordningen
778 1220 23 22 af
811 1220 40 22 den

97 1256 28 21 24
145 1255 103 22 Februari
267 1255 54 22 1868
336 1254 102 22 innefatta
453 1262 26 15 en
494 1255 77 27 mängd
585 1254 120 23 föräldrade
721 1256 39 22 och
775 1260 76 17 annars

98 1289 113 28 olämpliga
233 1288 135 28 föreskrifter,
392 1288 68 22 funnit
482 1290 41 21 den
544 1288 119 28 föreslagna
681 1289 171 27 förordningen
840 1284 16 37 i

97 1324 116 22 allmänhet
227 1324 82 26 grunda
323 1323 32 27 sig
369 1324 27 26 pä
411 1323 105 27 principer
531 1324 22 22 af
566 1330 58 15 mera
636 1323 101 22 frisinnad
751 1323 40 23 och
801 1323 50 21 tids-

97 1356 56 28 enlig
176 1359 39 24 art,
240 1360 55 18 samt
309 1357 57 27 förty
378 1356 8 21 i
401 1356 118 22 hufvudsak
533 1362 51 22 vara
598 1356 69 27 egnad
682 1358 32 20 att
729 1358 80 20 ersätta
822 1362 29 16 nu

97 1390 97 28 gällande
217 1391 131 27 stadganden
367 1392 6 18 i
389 1392 71 20 ämnet
474 1390 99 22 hvarföre
587 1389 61 23 äfven
663 1390 91 22 flertalet
768 1390 23 22 af
804 1390 25 22 de
844 1390 8 21 i

98 1425 42 22 den
161 1424 77 28 nådiga
253 1425 158 27 propositionen
425 1424 172 23 förekommande
611 1424 157 28 bestämningar
782 1424 70 22 blifvit

98 1458 47 24 utaf
166 1458 119 24 Ständerna
306 1458 118 29 godkända.
453 1459 61 22 Dock
531 1458 62 23 hafva
607 1458 119 23 Ständerna
739 1458 32 23 uti
786 1460 65 27 några
